4088 6462
139 3148 205 3245 λ

262 417 391 480 ΒΜ

257 549 415 609 auges
442 534 797 607 iniquitatem.
820 531 935 590 Erit
959 529 1103 590 illius
1124 529 1402 591 thesaurus
1417 534 1471 590 in
1492 535 1812 606 sempiterna
1831 538 1847 568 ι

257 626 629 685 misericordia
652 627 705 684 in
726 641 822 685 eos
836 627 924 699 qui
951 642 1058 683 non
1077 635 1516 699 contempserunt
1542 630 1848 685 misericor-

167 780 180 792 ο
256 717 435 787 diam;
492 726 619 775 tuus
647 728 827 776 autem
874 716 1157 775 thesaurus
1203 720 1259 775 in
1298 719 1377 775 ira
1428 720 1746 790 invenietur,
1799 730 1856 777 et

256 808 397 882 quod
445 811 605 883 ponis
634 808 874 882 quotidie
918 825 1019 882 per
1058 809 1346 879 modicum,
1396 822 1582 883 postea
1621 826 1853 868 massam

256 901 572 958 inventurus
595 916 656 959 es
684 918 699 957 :
741 900 1046 958 minutatim
1076 902 1250 973 ponis,
1280 902 1375 959 sed
1402 904 1675 959 cumulum
1706 904 1855 960 inve-

257 994 391 1051 nies.
434 993 560 1051 Noli
586 993 864 1052 attendere
887 991 1093 1051 minuta
1135 1003 1352 1065 peccata
1381 1004 1468 1051 tua
1508 995 1853 1068 quotidiana;

254 1084 322 1143 de
347 1086 730 1143 minutissimis
757 1086 921 1159 guttis
950 1086 1168 1143 ﬂumina
1196 1087 1501 1158 implentur.

325 1180 420 1237 {0.
452 1178 605 1254 [vers
632 1181 685 1247 5,
713 1178 792 1253 6.]
818 1178 956 1249 Quid
975 1188 1155 1237 autem
1183 1180 1255 1235 illi
1283 1179 1502 1249 faciunt,
1525 1180 1613 1252 qui
1634 1195 1861 1252 respon-

255 1272 388 1329 dent
413 1280 473 1328 et
500 1273 786 1344 loquentur
811 1271 1161 1343 iniquitatem,
1189 1272 1311 1343 quia
1330 1271 1527 1328 faciunt
1549 1279 1604 1328 et
1625 1272 1861 1344 parcitur

258 1364 382 1420 eis?
420 1362 689 1433 Populum
729 1373 889 1428 tuum,
932 1360 1169 1429 Domine,
1197 1362 1630 1419 humiliaverunt:
1664 1361 1718 1418 id
1755 1372 1858 1431 est,

261 1469 452 1512 omnes
496 1455 587 1528 qui
632 1454 776 1526 iuste
822 1455 1029 1521 vivunt,
1080 1455 1133 1511 in
1174 1470 1309 1526 quos
1353 1455 1540 1512 volunt
1575 1454 1859 1527 superbire

265 1562 453 1604 omnes
478 1548 626 1604 mali.
663 1546 925 1619 Populum
951 1557 1113 1615 tuum,
1168 1546 1405 1615 Domine,
1444 1548 1861 1618 humiliaverunt,

268 1650 312 1696 et
338 1642 682 1696 hereditatem
702 1650 841 1695 tuam
859 1650 1163 1697 vexaverant
1188 1656 1207 1696 :
1236 1640 1441 1695 uiduam
1462 1650 1513 1696 et
1532 1641 1760 1714 pupillos
1784 1642 1865 1696 in-

271 1735 593 1804 terfecerunt,
636 1743 684 1789 et
708 1733 1022 1805 proselytum
1049 1733 1338 1788 occiderunt
1363 1749 1382 1788 :
1406 1733 1458 1790 id
1481 1744 1587 1800 est,
1615 1735 1860 1807 peregri-

269 1841 417 1892 num,
443 1826 730 1895 advenam,
752 1827 1102 1883 adventitium
1128 1842 1142 1894 ;
1172 1827 1344 1899 ipsum
1365 1826 1495 1883 dicit
1517 1828 1865 1900 proselytum.

267 1915 544 1974 Manifesta
588 1926 713 1975 sunt
754 1919 853 1975 ista
884 1918 1111 1991 singula,
1165 1932 1264 1975 nec
1288 1932 1423 1991 opus
1453 1927 1535 1976 est
1560 1920 1614 1974 in
1658 1919 1741 1975 his
1768 1919 1870 1975 im-

266 2010 495 2065 morari.

342 2102 432 2158 ιι.
477 2100 630 2175 [nera
672 2099 751 2174 7.]
791 2100 860 2157 Et
905 2102 1160 2169 dixerunt,
1206 2101 1329 2159 Non
1365 2104 1548 2159 videbit
1597 2102 1870 2160 Dominus.

268 2192 388 2250 Non
429 2193 659 2250 attendit
699 2194 822 2262 ista,
866 2195 1083 2267 negligit
1114 2200 1235 2261 ista,
1278 2197 1412 2252 alias
1440 2212 1527 2252 res
1560 2205 1733 2265 curat,
1766 2212 1873 2253 non

270 2284 550 2357 intelligit.
600 2284 696 2341 Ila:
738 2287 882 2342 enim
912 2286 1032 2342 dua:
1078 2301 1241 2344 voces
1284 2295 1407 2343 sunt
1438 2288 1700 2343 malorum
1728 2306 1743 2344 :
1771 2303 1873 2343 una

266 2392 436 2449 quam
462 2378 573 2448 jam
594 2377 725 2443 dixi,
756 2377 883 2434 Haec
909 2378 1096 2449 fecisti,
1129 2389 1177 2434 et
1205 2380 1373 2434 tacui:
1401 2380 1685 2451 suspicatus
1710 2397 1760 2436 es
1778 2381 1880 2435 ini-

267 2471 538 2541 quitatem,
563 2470 699 2543 quod
734 2487 819 2526 ero
852 2471 940 2526 tibi
975 2471 1176 2527 similis.
1205 2470 1341 2539 Quid
1371 2480 1475 2539 est,
1501 2472 1637 2543 quod
1678 2487 1763 2527 ero
1789 2472 1879 2526 tibi

268 2562 500 2618 similis?
544 2561 706 2617 Putas
746 2562 870 2634 quia
900 2562 1056 2618 video
1085 2561 1221 2618 facta
1251 2570 1362 2629 tua,
1394 2571 1448 2618 et
1475 2562 1689 2633 placent
1719 2562 1872 2626 mihi,

270 2655 407 2726 quia
431 2669 539 2710 non
568 2654 797 2711 vindico.
844 2654 964 2710 Alia
991 2666 1074 2711 est
1111 2670 1215 2711 vox
1240 2655 1545 2726 iniquorum
1573 2673 1585 2709 :
1618 2654 1880 2722 Quianec

270 2747 512 2804 attendit
538 2748 639 2803 ista
682 2748 845 2814 Deus,
891 2764 990 2805 nec
1015 2746 1244 2804 advertit
1286 2757 1346 2803 ut
1374 2749 1508 2804 sciat
1535 2748 1883 2819 quemadmo-

272 2838 414 2894 dum
443 2838 638 2904 vivam,
685 2853 791 2894 non
839 2853 927 2895 me
955 2847 1107 2895 curat
1151 2839 1311 2895 Deus.
1350 2840 1490 2910 Ergo
1539 2840 1678 2895 inter
1707 2839 1882 2910 aliqua

273 2947 379 2990 me
402 2940 673 3003 computat
696 2933 835 2989 Deus
858 2933 882 2987 ?
906 2942 997 2989 aut
1021 2947 1147 2989 vere
1176 2946 1263 2988 me
1306 2941 1551 2988 numerat
1579 2932 1765 2988 Deus?
1794 2941 1886 2987 aut

277 3028 440 3096 ipsos
464 3024 709 3081 homines
730 3025 1016 3082 numerat?
1044 3025 1229 3082 Infelix
1258 3025 1450 3081 homo!
1481 3035 1538 3081 ut
1559 3040 1885 3096 essgcscura-

278 3118 404 3181 vit;
448 3125 505 3172 ut
530 3118 665 3177 bene
692 3118 838 3187 gius
860 3132 970 3184 non
1009 3119 1200 3187 curat?
1249 3117 1475 3173 Istorum
1499 3132 1627 3187 ergo
1655 3118 1755 3172 ista
1784 3132 1886 3172 vox

280 3217 400 3263 est.
424 3206 493 3261 Et
515 3208 773 3276 dixerunt,
805 3208 927 3264 Non
953 3208 1137 3263 videbit
1162 3207 1431 3278 Dominus,
1461 3225 1620 3281 neque
1644 3210 1889 3280 intelliget

283 3296 438 3352 Deus
464 3296 648 3353 Jacob.

372 3389 459 3444 η.
502 3388 653 3463 [vers.
680 3388 769 3463 8.]
801 3389 1078 3460 Intelligite
1104 3406 1239 3445 nunc
1267 3390 1353 3460 qui
1388 3390 1679 3461 insipientes
1701 3390 1818 3445 estis
1838 3391 1891 3445 in

287 3484 513 3554 papula,
540 3492 587 3537 et
612 3483 756 3538 stulti
786 3483 1062 3554 aliquando
1088 3483 1269 3553 sapite.
1299 3482 1558 3553 Populum
1584 3498 1737 3538 suum
1763 3499 1890 3538 eru-

288 3574 403 3639 dit,
441 3575 524 3629 eui
556 3583 777 3645 possunt
796 3573 1123 3630 commoveri
1151 3572 1335 3645 pedes,
1367 3571 1582 3644 quando
1613 3571 1893 3629 felicitates

292 3668 604 3739 iniquorum
644 3667 786 3723 videt
823 3666 1006 3735 homo,
1044 3666 1154 3737 jam
1194 3664 1332 3722 bene
1356 3665 1543 3721 vivens
1570 3666 1623 3721 in
1668 3681 1895 3722 numero

292 3769 613 3818 sanctorum
641 3759 757 3828 Dei,
808 3758 860 3815 id
887 3770 970 3816 est
998 3759 1051 3815 in
1077 3772 1304 3815 numero
1333 3756 1560 3813 llliorum
1596 3757 1848 3813 Ecclesia:
1877 3775 1890 3812 :

296 3850 455 3907 videt
496 3851 618 3922 quia
663 3849 856 3906 ﬂorent
900 3849 1047 3919 mali,
1091 3857 1147 3905 et
1194 3848 1395 3905 faciunt
1438 3848 1793 3918 iniquitatem,
1843 3857 1896 3903 et

298 3942 590 3999 :rmulatur
610 3956 722 4009 eos,
746 3949 800 3997 et
824 3930 1105 3997 adducitur
1124 3950 1180 3996 ut
1209 3940 1446 3995 imitetur
1472 3940 1604 3993 facta
1627 3938 1893 4009 ipsorum;

300 4033 440 4104 quia
470 4031 611 4088 videt
637 4029 791 4104 quasi
819 4030 949 4087 nihil
988 4032 1089 4087 sibi
1125 4029 1383 4103 prodesse
1418 4029 1559 4101 quod
1584 4029 1720 4085 bene
1755 4029 1900 4085 vivat

305 4124 546 4191 humilis,
578 4124 666 4181 hic
689 4138 913 4195 sperans
944 4122 1273 4179 mercedem.
1312 4119 1444 4176 Nam
1470 4119 1517 4175 si
1543 4119 1686 4176 illam
1721 4129 1901 4191 speret

303 4218 565 4284 futuram,
587 4233 694 4274 non
716 4216 861 4272 illam
891 4215 1095 4288 perdit;
1119 4214 1243 4286 quia
1265 4212 1502 4269 nondum
1525 4213 1668 4268 venit
1688 4220 1899 4283 tempus

302 4318 376 4366 ut
400 4310 621 4381 accipiat
649 4296 879 4380 eamlln
909 4306 1063 4364 vinea
1088 4306 1350 4377 operaris,
1376 4304 1462 4361 fac
1486 4319 1620 4377 opus
1647 4312 1817 4372 tuum,
1844 4312 1901 4360 et

303 4404 545 4475 accipies
570 4402 874 4461 mercedem
900 4411 1068 4457 tuam.
1096 4400 1141 4457 Α
1171 4398 1550 4473 patrefamilias
1580 4412 1686 4453 non
1712 4397 1902 4469 exige-

1461 3092 1863 3115 ﬂ

90 4453 203 4563 χῖ(
280 4453 1061 4568 Ws,
1107 4453 1230 4549 etra
1257 4492 1366 4548 Deo
1410 4491 1578 4563 exigis
1619 4453 1901 4562 antequam

306 4586 599 4657 opercris?
625 4585 693 4641 Et
720 4586 821 4641 ista
850 4583 1129 4641 tolerantia
1151 4583 1219 4639 ad
1246 4598 1379 4654 opus
1407 4592 1556 4639 tuum
1577 4584 1827 4653 pertinet,
1850 4591 1906 4639 et

310 4661 440 4735 Ιιοῖ
452 4678 515 4733 ad
543 4677 841 4740 mescedem
868 4677 1132 4749 pertinet:
1156 4676 1332 4733 minus
1352 4675 1431 4732 vis
1454 4674 1628 4732 facere
1653 4675 1706 4731 in
1730 4676 1903 4743 vinea,

310 4770 409 4840 qui
440 4783 544 4825 non
572 4770 651 4826 vis
673 4769 936 4836 tolerare;
966 4768 1089 4840 quia
1112 4775 1167 4824 et
1191 4767 1305 4839 ipsa
1333 4767 1614 4825 tolerantia
1645 4766 1711 4823 ad
1736 4767 1906 4838 ipsam

310 4862 682 4931 operationem
706 4860 954 4931 pertinet,
977 4869 1035 4916 ut
1053 4859 1292 4915 invenias
1319 4858 1641 4915 mercedem.
1688 4858 1838 4929 Quod
1862 4859 1909 4915 si

313 4953 539 5009 dolosus
559 4968 638 5019 es,
652 4952 774 5009 vide
796 4968 863 5009 ne
885 4966 989 5008 non
1009 4952 1181 5007 solum
1203 4966 1307 5007 non
1329 4950 1558 5021 accipias
1580 4950 1904 5017 mercedem,

317 5044 419 5101 scd
446 5053 502 5101 et
540 5060 753 5115 pinnam
793 5044 1068 5109 invenias;
1102 5042 1224 5115 quia
1246 5042 1459 5097 voluisti
1487 5057 1608 5099 esse
1632 5045 1911 5113 operarius

319 5134 564 5191 dolosas.
604 5136 672 5192 Et
696 5134 907 5208 quidem
934 5135 1208 5208 operarius
1234 5133 1451 5191 dolosas
1478 5143 1538 5189 ut
1567 5134 1783 5205 incipiat
1804 5150 1911 5191 non

322 5228 686 5296 benefacere,
732 5228 916 5283 oculos
937 5226 1331 5298 patrisfamilias
1371 5225 1616 5293 attendit,
1668 5224 1731 5280 ad
1763 5225 1910 5281 illum

324 5321 517 5391 aspicit
542 5320 633 5391 qui
670 5318 925 5375 conduxit
949 5317 1017 5373 ad
1054 5318 1285 5384 vineam,
1316 5326 1373 5373 ut
1398 5332 1518 5372 cum
1549 5317 1637 5372 ille
1664 5317 1915 5373 averterit

326 5412 530 5477 oculos,
584 5418 782 5477 cesset,
830 5418 887 5467 et
932 5422 1037 5465 non
1080 5409 1218 5465 bene
1259 5419 1545 5480 operetur;
1592 5423 1710 5465 cum
1736 5418 1913 5465 autem

298 5503 420 5559 .ille
460 5503 786 5558 converterit
821 5502 1025 5566 oculos,
1070 5502 1209 5557 bene
1240 5510 1513 5572 operetur.
1554 5500 1695 5558 Deus
1736 5511 1913 5557 autem

327 5597 420 5669 qui
459 5605 514 5652 te
540 5595 816 5663 conduxit,
865 5609 972 5650 non
1017 5594 1211 5650 avertit
1251 5593 1475 5658 oculos;
1521 5608 1626 5649 non
1670 5592 1763 5649 tibi
1790 5593 1917 5648 licet

328 5689 519 5746 dolose
544 5688 753 5760 operari
787 5704 800 5741 :
842 5702 1003 5757 super
1034 5694 1083 5741 te
1108 5699 1321 5755 semper
1364 5694 1489 5739 sunt
1510 5684 1648 5740 oculi
1676 5683 1918 5754 patrisfa-

328 5728 519 5746 ..νινσν
544 5728 753 5760 ..,........
787 5728 800 5741 .
843 5728 993 5757 ηυνν.
1034 5728 1083 5741 ,υ
1108 5728 1309 5755 ..ν...,,,.
1364 5728 1489 5739 ......-
1512 5728 1648 5740 νη...
1676 5728 1889 5754 ,,.....-..,

106 5728 749 5912 Μίνωι-ο
769 5764 1775 5849 mm
1777 5776 1917 5849 Ergo

401 5919 421 5956 ⁸
452 5920 524 5970 sic
547 5925 649 5970 Mss.
674 5916 787 5969 ΡΜ.
815 5928 947 5978 vero,
971 5914 1023 5966 in
1044 5912 1397 5979 sempiternam.

1357 410 1753 473 ENARRATIO
1790 412 1859 472 IN
1897 414 2219 475 PSALMUM
2259 412 2440 475 XCIII.

3411 420 3553 485 ηυξ

1963 538 2009 594 si
2037 538 2127 609 qui
2158 539 2297 595 forte
2318 538 2517 612 aliquid
2543 538 2874 613 cogitabatis,
2908 543 3125 617 quando
3150 545 3408 604 videbatis
3432 564 3554 604 ma-

1963 628 2043 685 los
2082 628 2294 696 ﬂorere,
2343 640 2397 687 et
2424 633 2777 704 cogitationes
2823 647 3015 697 vestrm
3054 639 3322 696 faciebant
3365 651 3561 696 nutare

1962 720 2127 793 pedes
2150 732 2358 780 vestros
2386 726 2438 783 in
2458 727 2539 783 via
2564 727 2658 786 Dei
2682 746 2697 796 ;
2720 730 2872 788 vobis
2892 731 3127 805 loquitur
3151 735 3388 806 psalmus
3416 736 3517 792 iste
3541 752 3559 793 :

1965 814 2010 871 si
2032 823 2209 871 autem
2232 818 2409 873 nullus
2435 827 2671 876 vestrum
2714 821 2836 878 talis
2863 832 2965 892 est,
2995 839 3093 895 per
3118 840 3215 882 vos
3238 826 3357 882 aliis
3386 826 3564 898 loqui-

1964 915 2074 974 tur,
2102 907 2306 977 dicens,
2347 908 2623 984 Intelligite
2648 929 2824 979 nunc;
2864 916 2988 986 quia
3014 916 3266 974 dixerunt
3289 917 3385 983 illi.
3434 918 3561 975 Non

1965 998 2148 1055 videbit
2171 999 2436 1071 Dominus,
2455 1018 2612 1075 neque
2630 1004 2875 1078 intelliget
2897 1006 3034 1064 Deus
3053 1008 3233 1066 Jacob.
3261 1009 3559 1083 Intelligite,

1966 1089 2164 1160 inquit,
2204 1109 2338 1148 nunc
2376 1095 2464 1164 qui
2506 1096 2797 1167 insipientes
2834 1099 2951 1156 estis
2984 1101 3039 1156 in
3076 1104 3288 1175 papula,
3327 1112 3373 1158 et
3414 1104 3564 1161 stulti

1967 1183 2246 1256 aliquando
2274 1188 2456 1259 sapite.

2042 1276 2128 1331 13.
2172 1276 2323 1349 [vers.
2368 1279 2422 1347 9,
2455 1279 2568 1354 10.]
2599 1282 2701 1348 Qui
2727 1283 2970 1354 plantavit
3000 1302 3194 1354 aurem,
3224 1304 3325 1342 non
3354 1287 3570 1345 audiet?

1969 1368 2086 1424 Non
2135 1369 2296 1426 habet
2340 1372 2481 1429 unde
2524 1373 2724 1442 audiat,
2756 1377 2844 1447 qui
2880 1377 2976 1432 tibi
3016 1378 3141 1435 iecit
3176 1380 3318 1437 unde
3345 1381 3569 1437 audias?

1973 1458 2075 1525 Qui
2098 1460 2346 1531 plantavit
2370 1479 2560 1530 aurem,
2590 1482 2691 1520 non
2720 1468 2932 1523 audiet?
2950 1480 3037 1524 aut
3059 1472 3144 1541 qui
3168 1472 3319 1541 ﬁnxit
3342 1475 3567 1541 oculum,

1978 1568 2081 1606 non
2111 1554 2434 1610 considerat?
2465 1556 2565 1621 Qui
2593 1559 2758 1613 erudit
2784 1569 2952 1630 gentes
2971 1602 2986 1626 ,
3015 1577 3116 1617 non
3142 1565 3353 1633 arguet?
3376 1565 3571 1621 Atten-

1973 1641 2086 1697 dite
2133 1642 2235 1698 hoc
2276 1661 2618 1717 magnopere,
2661 1647 2852 1705 fratres
2896 1651 3022 1719 mei,
3059 1651 3157 1717 Qui
3185 1655 3351 1708 erudit
3378 1665 3571 1726 gentes,

1979 1749 2081 1788 non
2108 1736 2457 1806 arguet?IIoc
2486 1738 2647 1794 modo
2678 1739 2803 1795 facit
2825 1740 2985 1807 Deus,
3014 1742 3190 1799 erudit
3209 1754 3427 1816 gentes:
3452 1746 3575 1803 ideo

1979 1825 2128 1882 misit
2155 1826 2373 1883 verbum
2412 1844 2565 1885 suum
2607 1845 2705 1900 per
2742 1830 2926 1889 orbem
2958 1841 3217 1890 terrarum
3246 1835 3575 1908 hominibus,

1975 1916 2123 1972 misit
2164 1932 2259 1988 per
2306 1919 2561 1990 Angelos,
2609 1936 2704 1991 per
2742 1921 3097 1992 Patriarchas,
3136 1941 3231 1997 per
3258 1925 3577 1999 Prophetas,

1976 2004 2074 2081 per
2101 2025 2311 2080 servos,
2339 2026 2435 2082 per
2473 2022 2551 2069 tot
2592 2028 2867 2085 praecones
2908 2017 3287 2075 antecedentes
3320 2019 3578 2090 judicem.

1982 2101 2126 2158 Misit
2155 2113 2208 2158 et
2236 2103 2407 2174 ipsum
2433 2104 2666 2161 Verbum
2695 2123 2872 2175 suum,
2900 2109 3047 2165 misit
3088 2121 3143 2166 et
3184 2111 3354 2182 ipsum
3384 2112 3583 2170 Filium

1982 2206 2172 2258 suum;
2200 2196 2345 2250 misit
2371 2209 2556 2252 servos
2584 2196 2700 2253 Filii
2728 2200 2832 2266 sui,
2861 2207 2915 2255 et
2946 2199 2999 2255 in
3031 2201 3160 2271 ipsis
3188 2202 3358 2258 servis
3384 2202 3583 2259 Filium

1983 2296 2162 2338 suum.
2195 2284 2299 2340 Per
2328 2294 2499 2341 totum
2530 2286 2714 2343 orbem
2749 2297 3008 2345 terrarum
3038 2291 3356 2361 praedicatur
3386 2292 3584 2366 ubique

1980 2375 2203 2431 verbum
2235 2376 2349 2433 Dei.
2382 2377 2483 2434 Ubi
2528 2393 2633 2434 non
2677 2378 2871 2436 dicitur
2912 2380 3253 2440 hominibus:
3280 2385 3585 2456 Relinquite

1983 2470 2294 2541 iniquitates
2333 2480 2538 2527 vestras
2574 2473 2801 2544 priores,
2830 2477 3124 2533 convertite
3152 2492 3249 2534 vos
3286 2477 3351 2534 ad
3392 2479 3584 2536 itinera

1984 2563 2167 2616 recta?
2208 2562 2337 2618 Ideo
2384 2565 2570 2632 parcit,
2617 2573 2674 2619 ut
2710 2580 2805 2620 vos
2841 2567 3153 2638 corrigatis;
3182 2569 3300 2624 ideo
3330 2568 3445 2624 heri
3474 2584 3585 2625 non

1985 2651 2296 2719 vindicavit,
2332 2662 2390 2708 ut
2428 2654 2587 2711 hodie
2614 2655 2751 2712 bene
2776 2657 2986 2713 vivatis.
3011 2658 3201 2715 Erudit
3228 2670 3444 2731 gentes;
3474 2677 3585 2718 non

1986 2758 2117 2813 ergo
2145 2745 2370 2814 arguet?
2397 2760 2502 2799 non
2531 2744 2811 2802 auditurus
2840 2757 2923 2805 est
2951 2764 3086 2820 quos
3123 2750 3336 2807 erudit?
3363 2767 3466 2807 non
3491 2752 3584 2823 ju-

1989 2834 2259 2890 dicaturus
2288 2845 2372 2893 est
2400 2837 2592 2908 quibus
2620 2854 2921 2897 sermonem
2955 2842 3211 2912 prrcmisit
3236 2852 3291 2899 et
3316 2846 3588 2915 prmsemi-

1995 2927 2181 2983 navit?
2206 2928 2261 2983 In
2289 2927 2471 2984 schola
2501 2930 2544 2985 si
2572 2945 2744 3001 esses,
2769 2932 3059 3002 acciperes,
3081 2943 3130 2988 et
3163 2948 3266 2989 non
3297 2934 3590 2991 redderes?

1994 3016 2194 3088 Utique
2224 3018 2437 3088 quando
2467 3020 2666 3091 accipis
2692 3036 2722 3075 a
2754 3023 3025 3092 magistro,
3057 3022 3285 3080 erudiris
3309 3043 3322 3080 :
3345 3026 3592 3083 commit-

1991 3109 2055 3163 tit
2099 3110 2192 3163 tibi
2229 3110 2481 3182 magister
2518 3113 2661 3183 quod
2690 3114 2925 3185 praebet;
2955 3125 3007 3171 et
3036 3132 3139 3171 non
3166 3117 3341 3188 exiget
3366 3119 3581 3189 quando

1992 3198 2210 3255 reddis?
2239 3210 2329 3256 aut
2357 3217 2477 3258 cum
2505 3206 2731 3274 cmperis
2756 3205 2999 3271 reddere,
3026 3208 3142 3264 sine
3172 3218 3313 3265 metu
3339 3211 3447 3266 eris
3468 3211 3582 3281 pla.-

1992 3292 2217 3361 garum?
2240 3291 2395 3348 Modo
2422 3309 2550 3365 ergo
2573 3296 2893 3365 accipimus;
2924 3307 3106 3366 postea
3138 3300 3422 3356 statuimur
3455 3311 3582 3359 ante

1997 3386 2327 3453 magistrum,
2358 3393 2414 3439 ut
2442 3384 2728 3442 reddamus
2756 3402 2945 3444 omnes
2974 3392 3272 3460 praeteritas
3309 3403 3519 3449 nostras
3545 3398 3587 3460 ³.

1998 3471 2053 3528 id
2081 3483 2186 3539 est,
2216 3483 2273 3528 ut
2298 3476 2559 3532 rationem
2584 3476 2869 3534 reddamus
2894 3479 2960 3536 de
2986 3480 3067 3535 his
3092 3483 3338 3539 omnibus
3356 3500 3475 3556 qum
3496 3502 3592 3542 no-

1998 3564 2080 3619 bis
2142 3564 2303 3621 modo
2352 3577 2657 3638 erogantur.
2709 3571 2846 3626 Audi
2890 3574 3201 3644 Apostolum
3256 3576 3521 3634 dicentem
3573 3600 3591 3637 ε

2007 3675 2024 3709 ι
2058 3656 2253 3713 Omnes
2278 3658 2572 3716 astabimus
2597 3670 2721 3717 ante
2747 3662 2975 3719 tribunal
2997 3664 3211 3734 Christi,
3238 3678 3293 3722 ut
3325 3668 3430 3725 illic
3458 3671 3593 3725 reci-

2000 3748 2109 3818 piat
2136 3752 2495 3822 unusquisque
2521 3753 2811 3809 secundum
2834 3771 2895 3811 ea
2916 3772 3036 3827 qua:
3062 3772 3158 3828 per
3181 3774 3375 3832 corpus
3402 3764 3588 3833 gessit,

2000 3841 2112 3897 sive
2152 3842 2371 3909 bonum,
2402 3845 2516 3901 sive
2559 3847 2755 3902 malum
2784 3847 2957 3921 (Rom.
2984 3867 3093 3917 xtv,
3122 3851 3219 3917 10;
3247 3862 3293 3906 et
3326 3853 3367 3907 II
3388 3853 3504 3908 Cor.
3536 3870 3591 3923 v,

2003 3933 2072 3989 iO
2097 3934 2137 4004 ).
2160 3934 2259 4003 Qui
2289 3936 2463 3990 erudit
2487 3948 2692 4007 gentes,
2730 3954 2835 3993 non
2870 3949 3088 4010 arguet;
3118 3942 3204 4011 qui
3230 3942 3387 3998 docet
3409 3942 3587 3999 homi-

2003 4042 2125 4082 nem
2170 4028 2535 4083 scientiam?»
2566 4030 2683 4101 Ipse
2725 4045 2829 4086 non
2876 4032 2978 4087 scit
3017 4033 3108 4104 qui
3155 4043 3206 4090 te
3249 4032 3375 4091 fecit
3416 4036 3583 4104 scire;

2011 4137 2029 4172 ι
2059 4121 2147 4191 qui
2177 4120 2334 4177 docet
2362 4122 2629 4178 hominem
2661 4124 2978 4181 scientiam?
3003 4145 3022 4179 ι

2077 4212 2166 4267 14.
2209 4211 2357 4284 [τετε.
2399 4212 2511 4286 11.]
2547 4212 2798 4270 Dominus
2825 4221 2917 4271 scit
2952 4219 3277 4290 cogitationes
3311 4220 3589 4290 hominum,

2005 4304 2244 4372 quoniam
2284 4319 2427 4359 caute
2463 4315 2598 4361 sunt.
2628 4305 2760 4363 Nam
2804 4309 2902 4364 etsi
2945 4318 3001 4365 tu
3044 4311 3219 4367 nescis
3248 4312 3600 4382 cogitationes

2009 4395 2132 4460 Dei,
2169 4395 2420 4465 quoniam
2460 4395 2619 4468 justas
2664 4408 2822 4465 sunt;
2850 4399 2938 4456 ille
2964 4402 3057 4457 scit
3085 4404 3407 4474 cogitationes
3432 4405 3600 4459 homi-

2009 4505 2153 4555 num,
2178 4489 2417 4559 quoniam
2441 4506 2583 4545 uana
2610 4502 2747 4547 sunt.
2779 4491 2846 4548 Et
2878 4492 3120 4551 homines
3143 4496 3378 4553 scierunt
3402 4497 3603 4568 cogita-

2012 4582 2185 4638 tiones
2215 4582 2310 4637 Dci
2336 4600 2348 4634 :
2373 4581 2465 4638 sed
2494 4583 2684 4655 quibus
2712 4587 2820 4656 jam
2862 4587 3063 4643 amicus
3103 4586 3272 4644 factus
3301 4598 3403 4655 est,
3427 4589 3605 4661 prodit

2012 4673 2290 4729 consilium
2324 4690 2498 4730 suum.
2524 4676 2587 4730 Et
2613 4691 2709 4732 vos
2728 4717 2742 4741 ,
2782 4675 2973 4733 fratres
3003 4678 3129 4745 mci,
3157 4680 3319 4735 nolite
3347 4696 3441 4736 vos
3468 4695 3603 4736 con-

2013 4773 2255 4823 temnere
2281 4784 2293 4819 :
2317 4766 2361 4823 si
2387 4780 2508 4821 cum
2541 4766 2645 4822 fide
2686 4767 2939 4824 acceditis
2975 4768 3040 4824 ad
3070 4769 3374 4834 Dominum,
3405 4769 3603 4825 auditis

2014 4856 2357 4927 cogitationes
2378 4856 2474 4912 Dei
2498 4873 2513 4923 ;
2536 4872 2630 4913 eas
2654 4858 2815 4914 modo
2834 4859 3060 4925 discitis,
3090 4858 3191 4915 hoc
3213 4859 3361 4914 vobis
3386 4858 3601 4924 dicitur,

2015 4958 2069 5003 ct
2094 4948 2159 5004 ad
2191 4948 2293 5004 hoc
2322 4948 2640 5005 instruimini
2672 4966 2837 5021 quare
2866 4960 3043 5021 parcat
3073 4950 3234 5005 modo
3258 4950 3395 5005 Deus
3421 4948 3600 5017 malis,

2015 5058 2083 5097 ne
2121 5042 2462 5097 murmuretis
2502 5041 2758 5098 advenas
2787 5043 2990 5109 Deum,
3031 5042 3114 5111 qui
3154 5042 3298 5095 docet
3347 5041 3601 5095 hominem

2016 5134 2292 5189 scientiam.
2313 5131 2564 5189 Dominui
2587 5135 2680 5189 scit
2705 5135 3029 5205 cogitationes
3055 5133 3335 5200 hominum,
3362 5134 3604 5205 quoniam

2016 5241 2160 5282 name
2202 5235 2337 5280 sunt.
2384 5226 2687 5296 Relinquite
2734 5240 2863 5296 ergo
2908 5225 3255 5294 cogitationes
3302 5224 3602 5289 hominum,

2016 5332 2136 5387 quae
2158 5331 2308 5371 vanae
2336 5326 2491 5382 sunt;
2526 5324 2581 5370 ut
2606 5315 3072 5387 comprehendatis
3099 5317 3447 5387 cogitationes
3475 5316 3565 5373 Dei
3585 5358 3604 5380 ,

2017 5424 2135 5479 qum
2165 5408 2432 5477 sapientes
2466 5415 2609 5461 sunt.
2638 5406 2742 5462 Sed
2781 5406 2900 5477 quis
2939 5417 3023 5463 est
3066 5409 3155 5479 qui
3199 5405 3608 5479 comprehendit

2019 5501 2363 5572 cogitationes
2394 5500 2523 5553 Dei?
2561 5500 2660 5567 Qui
2708 5501 2923 5571 ponitur
2965 5502 3016 5557 in
3070 5502 3406 5557 ﬁrmamento
3453 5501 3599 5557 cteli.

2019 5590 2135 5646 Jam
2184 5590 2283 5645 hoc
2327 5590 2674 5660 cantavitnus,
2700 5591 2811 5663 jam
2856 5592 2957 5649 hoc
2996 5593 3225 5649 diximus
3258 5603 3311 5648 et
3350 5592 3602 5664 exposui-

2020 5697 2160 5737 mus.

2092 5776 2179 5831 i5.
2202 5773 2352 5843 [vers.
2380 5775 2467 5846 12,
2498 5776 2611 5850 15.]
2641 5775 2824 5832 Beatus
2853 5780 2927 5833 vir
2953 5795 3093 5851 quem
3122 5787 3175 5833 tu
3204 5780 3467 5849 erudieris,
3494 5775 3607 5838 Do-

2088 5914 2105 5947 ι
2140 5918 2240 5964 Duo
2260 5917 2389 5977 Mss,
2411 5913 2658 5978 praeterita
2686 5920 2863 5963 nostra.
