4088 6456
583 369 728 428 1203

583 481 736 549 mine,
777 493 822 539 et
861 500 923 539 ea:
965 487 1072 557 lege
1110 495 1198 541 tua
1239 487 1470 543 docueris
1512 502 1742 547 eum:ut
1771 496 1968 567 mitiges
1989 515 2104 553 eum
2131 518 2164 554 a

581 573 756 631 diebus
793 577 1048 649 malignis,
1090 581 1247 635 donec
1285 581 1510 652 fodiatur
1547 588 1796 653 peccatori
1836 591 1998 660 fovea.
2029 593 2166 648 Ecce

575 662 744 722 habes
774 669 1054 724 consilium
1084 669 1199 737 Dei,
1229 687 1393 742 quare
1424 685 1604 744 parcat
1634 678 1788 734 malis
1814 698 1826 735 :
1857 679 2053 737 foditur
2080 683 2161 738 fo-

574 765 672 813 ve‘a
701 761 982 832 peccatori.
1012 761 1087 817 Tu
1110 762 1219 834 jam
1247 765 1326 821 vis
1349 766 1496 823 illum
1525 771 1751 840 sepelire
1775 791 1788 826 :
1813 775 1985 831 adhuc
2010 776 2160 833 fovea

570 845 654 902 illi
689 847 915 917 foditur;
951 855 1060 909 noli
1101 854 1354 914 festinare
1397 862 1645 932 sepelire.
1679 865 1814 934 Quid
1858 877 1959 936 est,
2000 870 2159 926 donec

567 940 796 1010 fodiatur
819 948 1068 1013 peccatori
1098 951 1278 1019 fovea?
1298 941 1402 1006 Aut
1427 970 1583 1024 quem
1614 960 1759 1026 ponit
1786 963 2156 1029 peccatorem?

565 1043 731 1088 unum
752 1033 1025 1094 hominem
1044 1039 1066 1094 ?
1087 1039 1221 1096 Non.
1246 1044 1382 1110 Quid
1411 1048 1573 1118 ergo?
1595 1048 1764 1106 Omne
1789 1068 1958 1123 genus
1984 1056 2155 1112 homio

562 1133 691 1181 num
723 1140 1084 1200 peccatorum,
1106 1133 1199 1189 sed
1227 1140 1610 1207 superborum;
1637 1143 1747 1213 jam
1773 1147 1912 1202 enim
1943 1151 2153 1218 praemi-

560 1219 651 1296 sit,
682 1216 860 1276 Redde
887 1225 1259 1282 retributionem
1289 1233 1534 1300 superbis.
1556 1234 1688 1290 Nam
1717 1249 1768 1293 et
1796 1241 1883 1296 ille
1905 1252 2152 1312 peccator

559 1291 659 1364 fuit
689 1310 1025 1384 Publicanus,
1052 1319 1140 1389 qui
1170 1291 1590 1382 oculos'eliserat
1617 1329 1670 1384 in
1701 1291 1934 1396 terram,r
1945 1343 2000 1390 et
2023 1352 2148 1406 per-

558 1399 794 1458 cutiebat
836 1417 1020 1475 pectus
1060 1425 1244 1476 suum,
1289 1414 1492 1483 dicens,
1532 1417 1694 1489 Deus,
1743 1427 1994 1494 propitius
2042 1438 2147 1485 esto

557 1492 687 1546 mihi
713 1500 964 1564 peccatori
983 1517 1003 1554 :
1023 1502 1116 1558 sed
1145 1506 1265 1575 quia
1295 1524 1401 1563 non
1429 1513 1688 1581 superbus
1715 1527 1848 1583 erat,
1879 1519 2020 1576 Deus
2046 1537 2144 1576 au-

557 1591 666 1638 tem
696 1585 883 1643 reddet
910 1593 1315 1653 retributionem
1342 1603 1620 1671 superbis;
1649 1623 1753 1662 non
1783 1608 1876 1677 illi,
1905 1612 2000 1668 sed
2024 1615 2142 1670 tali-

553 1669 656 1760 bus
685 1675 882 1734 foditur
908 1681 1078 1753 fovea,
1105 1681 1278 1743 donec
1306 1669 1493 1748 reddat
1521 1669 1923 1758 retributionem
1951 1719 2139 1774 super‘

550 1751 657 1821 bis.
684 1766 827 1839 Ergo
870 1773 1010 1844 quod
1059 1751 1151 1845 ait,
1179 1779 1368 1862 ‘Donec
1411 1785 1636 1854 fodiatur
1680 1751 1932 1860 peccatori
1974 1751 2138 1866 feroce,

548 1862 811 1930 superbos
839 1866 1094 1940 intellige.
1132 1859 1260 1942 Quis
1297 1886 1378 1932 est
1417 1859 1714 1951 superbus?
1739 1885 1837 1955 Qui
1866 1859 1984 1944 non'
2008 1859 2139 1946 oon;

549 1948 786 2011 fbssione
811 1955 1148 2027 peccatorum
1178 1967 1286 2037 agit
1315 1948 1703 2043 penitentiam,
1733 1988 1794 2034 ut
1831 1983 2007 2038 sanari
2046 2000 2142 2054 per

547 2039 903 2104 humilitatem
945 2055 1131 2123 possit.
1159 2056 1288 2126 Quis
1317 2072 1398 2118 est
1426 2039 1725 2136 superbus?
1752 2073 1852 2138 Qui
1891 2076 1978 2130 illa
2024 2039 2137 2147 ipsa

545 2147 714 2205 pauca
743 2155 861 2210 quae
883 2143 1089 2201 videtur
1116 2148 1313 2207 habere
1339 2153 1498 2223 bona,
1526 2160 1626 2216 sibi
1658 2163 1766 2218 vult
1791 2180 2059 2236 arrogare,
2084 2179 2136 2224 et

544 2221 767 2302 derogat
813 2235 1193 2296 misericordia:
1239 2244 1351 2300 Dei.
1394 2221 1524 2314 Quis
1573 2261 1657 2307 est
1705 2221 2004 2324 attperbds‘?
2033 2259 2133 2327 Qui

544 2319 757 2379 etiamsi
779 2325 890 2382 Deo
918 2330 1112 2388 tribuat
1138 2332 1274 2390 bona
1302 2355 1418 2408 quae
1443 2341 1587 2409 facit,
1613 2319 1830 2403 insultat
1855 2358 2031 2406 tamen
2055 2354 2132 2408 eis

540 2412 634 2482 qui
665 2413 752 2470 illa
777 2433 883 2474 non
915 2419 1131 2491 faciunt,
1164 2437 1216 2482 et
1245 2432 1455 2488 extollit
1483 2448 1540 2490 se
1566 2453 1729 2507 super
1754 2440 1892 2496 illos.
1917 2443 2047 2498 Nam
2077 2454 2133 2501 et

537 2501 631 2580 ille
651 2504 969 2580 Pharisaeus,
995 2514 1198 2572 Gratias
1226 2521 1314 2576 tibi
1338 2540 1455 2595 ago,
1482 2501 1651 2598 inquit
1675 2549 1688 2584 :
1712 2547 1818 2586 non
1839 2534 1990 2599 dixit,
2017 2535 2132 2607 Ego

534 2591 698 2650 facio.
722 2597 797 2654 De
823 2599 906 2658 his
935 2620 1054 2676 quae
1085 2607 1343 2680 faciebat,
1371 2591 1572 2686 gratias
1599 2619 1712 2676 Deo
1738 2625 1923 2694 agebat
1955 2647 1967 2680 :
2000 2591 2126 2684 sei;-

535 2681 702 2744 tl‘ebat
720 2706 846 2763 ergo
873 2704 926 2750 et
949 2696 1083 2755 bene
1103 2715 1160 2756 se
1184 2681 1456 2772 facere,vet
1479 2709 1547 2763 ab
1568 2712 1656 2766 illo
1677 2729 1735 2770 se
1754 2681 1947 2774 facere.
1973 2719 2127 2777 Unde

533 2772 664 2848 ergo
708 2781 1036 2852 improbatus
1065 2794 1182 2847 est?
1214 2795 1346 2863 Quia
1395 2799 1682 2860 insultabat
1716 2772 2019 2866 Publicano.
2057 2813 2124 2868 Ut

531 2863 882 2938 p'erficiamini
921 2881 1198 2939 attendite.
1242 2887 1425 2945 Primo
1463 2896 1770 2962 praecedere
1807 2901 1984 2970 debet,
2011 2905 2123 2960 sive

530 2956 726 3030 virum,
765 2965 877 3022 sive
918 2967 1166 3029 feminam
1203 2980 1466 3040 confessio
1492 2998 1830 3055 peccatorum
1851 3036 1866 3059 ,
1895 2996 2122 3054 salubris

529 3043 840 3122 paenitentia
869 3076 986 3131 qua:
1009 3066 1180 3122 valeat
1203 3071 1269 3126 ad
1294 3077 1668 3147 corrigendum
1697 3082 1986 3156 hominem,
2012 3106 2118 3146 non

525 3141 596 3197 ad
639 3143 966 3207 irridendum
1007 3154 1170 3214 Deum
1201 3179 1214 3214 :
1246 3177 1365 3220 cum
1396 3177 1572 3225 autem
1603 3183 1724 3242 post
1753 3180 2116 3245 paenitentiam

524 3234 664 3321 bene
704 3240 884 3301 vivere
926 3252 1170 3320 ceperit,
1199 3253 1359 3314 habet
1399 3261 1574 3320 adhuc
1602 3234 2118 3343 quod.cogitet,vnie

523 3326 625 3383 sibi
653 3331 850 3390 tribuat
870 3340 1011 3408 quod
1031 3341 1167 3399 bene
1193 3346 1336 3417 facit,
1359 3353 1454 3407 sed
1485 3356 1561 3412 illi
1585 3326 1705 3429 a-gat
1725 3326 1950 3431 gratias,

523 3419 690 3487 gratia
716 3422 912 3482 factum
943 3441 1023 3485 est
1053 3443 1106 3488 ut
1134 3435 1269 3494 bene
1292 3441 1528 3510 viveret;
1557 3419 1678 3518 quia
1710 3419 1800 3508 iile
1837 3456 1986 3513 illum
2014 3419 2114 3516 vo-

522 3505 684 3578 cavit,
722 3515 810 3572 ille
848 3519 998 3577 illum
1039 3524 1372 3588 illuminavit.
1400 3535 1543 3609 Ergo
1573 3505 1674 3598 iste
1708 3545 1818 3613 jam
1846 3550 2112 3618 perfectus

521 3605 644 3694 est?
667 3605 816 3675 Non;
845 3611 1019 3670 adhuc
1047 3616 1198 3674 deest
1221 3622 1292 3677 illi
1319 3605 1537 3698 aliquid.
1570 3605 1806 3701 Quid-illi
1834 3605 2112 3702 acescit];

519 3687 627 3750 non
658 3701 926 3768 superbiat
949 3722 1110 3778 super
1138 3728 1231 3770 eos
1254 3718 1346 3787 qui
1376 3723 1604 3780 necdum
1634 3730 1711 3785 sic
1741 3733 1941 3802 vivunt,
1973 3753 2106 3809 quo-

519 3787 675 3809 ...‘j-
707 3790 780 3809 9---
887 3795 898 3807 '
939 3798 970 3809 Ἀ
1027 3800 1056 3809 Α
1107 3803 1117 3809 ⁸
1215 3806 1226 3809 “

1975 3787 2073 3809 νη

516 3787 680 3843 medo
705 3790 819 3862 ipse
846 3795 995 3852 vivit.
1019 3800 1117 3870 Qui
1161 3806 1280 3863 talis
1309 3809 1487 3882 fuerit,
1514 3832 1734 3877 securus
1763 3824 1863 3892 sit;
1896 3844 2000 3884 non
2033 3833 2108 3888 illi

515 3876 757 3937 redditur
785 3888 1064 3948 retributio
1099 3893 1166 3950 de
1199 3913 1299 3969 qua
1328 3876 1526 3961 dictum
1555 3921 1656 3976 est,
1687 3876 1866 3972 Redde

515 3968 699 4026 tionem
726 3979 951 4048 superbis
972 3999 991 4036 :
1017 4000 1122 4040 non
1150 3968 1232 4046 est
1258 3991 1399 4048 inter
1424 3998 1543 4056 illos
1567 3968 1756 4073 quibus
1791 4008 1989 4068 foditur
2019 4015 2100 4070 fo-

512 4076 628 4117 vea.
658 4065 791 4123 Nam
818 4071 992 4130 videte
1035 4079 1182 4137 illum
1223 4087 1310 4153 qui
1351 4065 1597 4162 dicebat;
1625 4097 1830 4157 Gratias
1866 4105 1956 4160 tibi
1982 4125 2098 4179 ago,

1567 4155 1578 4162 '
1810 4155 1822 4157 ⁷
1868 4155 1950 4160 ⁷⁷⁷⁷
1983 4155 2096 4179 ’τυνι

509 4155 631 4238 quia
675 4167 775 4213 nan
819 4180 930 4218 sum
968 4168 1098 4224 sicut
1138 4179 1306 4230 cazteri
1347 4180 1591 4253 homines,
1622 4190 1817 4262 injusti,
1849 4209 2096 4269 raptores,

515 4245 729 4269 -thuu‘
804 4252 815 4264 ο
890 4265 898 4269 -
968 4268 974 4269 ,
1007 4260 1041 4269 .-
1092 4263 1102 4269 .
1125 4263 1152 4269 -.

1580 4245 1590 4253 .
1667 4245 1689 4262 ,ι
1739 4245 1817 4261 -ίη
1851 4245 1902 4250 σν*
1947 4245 2094 4269 "HV"!

465 4255 486 4273 ι’
509 4245 747 4316 adulteri,
771 4252 900 4308 sicut
929 4268 975 4311 et
996 4260 1310 4322 Publicaaus
1339 4271 1433 4328 iste
1454 4292 1472 4328 :
1500 4290 1752 4343 quantum
1794 4301 1854 4342 se
1888 4245 2094 4358 crxtulit,

1517 4334 1526 4343 _
1794 4334 1851 4342 η

507 4334 628 4393 cum
656 4339 803 4412 dicit,
836 4348 967 4415 Quia
997 4370 1095 4408 non
1123 4374 1236 4414 sum
1263 4362 1392 4416 sicut
1425 4377 1472 4420 et
1500 4369 1808 4432 Publicamts
1848 4382 1982 4438 iste?
2006 4384 2097 4442 Ille

1848 4421 1966 4438 μην.
2006 4421 2090 4442 ...υ

507 4421 687 4523 autem
716 4435 845 4492 elisa
875 4439 1028 4511 facie,
1071 4452 1403 4517 percutiebat
1432 4471 1613 4527 peetus
1654 4481 1805 4523 suum
1825 4513 1840 4536 ,
1872 4473 2090 4532 dicens:

1071 4512 1088 4517 _
1432 4512 1444 4527 ,
1475 4512 1610 4518 η---
1654 4512 1804 4523 -.......
1825 4513 1840 4536 ,
1872 4512 2053 4532 ...ωηο
2077 4520 2090 4532 .

503 4512 664 4586 Dius,
695 4531 943 4598 propitius
970 4547 1073 4590 esto
1100 4542 1223 4595 mihi
1252 4552 1523 4615 peccaturi.
1551 4537 1663 4610 ille;
1693 4563 1950 4629 superbus
1980 4581 2095 4629 erat

501 4610 571 4702 in,
609 4615 768 4674 bonis
807 4622 978 4694 factis,
1026 4631 1115 4688 ille
1160 4635 1373 4695 humilis
1409 4643 1461 4697 in
1499 4649 1651 4704 malis
1683 4654 1848 4710 factis.
1877 4659 2086 4732 Videte,

502 4701 692 4732 θυι-ιυ-
747 4712 797 4732 -γι
845 4730 856 4732 -
907 4717 937 4732 ἰ
972 4719 1004 4732 "
1238 4727 1249 4732 ‘
1323 4729 1334 4732 “

1500 4697 1651 4704 me-.-
1683 4697 1848 4710 ...πω
1892 4697 2085 4732 κνοω,

500 4697 714 4800 fratres,
746 4712 942 4782 placuit
969 4719 1080 4777 Deo
1113 4727 1280 4797 magis
1319 4729 1590 4794 humilitas
1633 4741 1684 4796 in
1725 4748 1875 4803 malis
1917 4751 2085 4819 factis,

1203 4789 1230 4797 ν
1515 4789 1586 4794 -..ν
1633 4789 1684 4796 -.υ
1725 4789 1875 4803 ..ιιι-...1
1917 4789 2085 4819 ιαιιιδς

499 4789 661 4869 quam
693 4809 936 4875 superbia
980 4813 1029 4869 in
1073 4817 1226 4874 bonis
1262 4823 1416 4880 factis
1444 4847 1457 4882 :
1485 4832 1562 4886 sic
1591 4835 1701 4891 odit
1728 4838 1867 4896 Deus
1897 4861 2088 4916 super-

499 4887 594 4916 lu".
648 4892 709 4916 Π.
742 4897 815 4916 3,),
919 4903 929 4915 α
1110 4899 1136 4916 ’-
1213 4914 1222 4916 -

1631 4887 1700 4891 __-
1728 4887 1867 4896 ηπ
1897 4887 2087 4916 πνυ-

493 4887 614 4947 1›οέ.
645 4892 713 4950 Ει
740 4897 860 4956 ideo
887 4903 962 4959 sic
988 4899 1248 4969 conelusit
1279 4934 1292 4970 :
1321 4919 1480 4976 Amen
1511 4927 1624 4981 dico
1652 4932 1806 4999 vobis,
1834 4939 2088 4997 descendit

485 4980 802 5055 juitiﬁcatus
827 4994 1140 5059 Publicanus
1162 5011 1322 5080 magis
1348 5029 1500 5084 quam
1530 5018 1838 5081 Pltaristeus.
1866 5031 1931 5086 Et
1960 5033 2086 5092 dicit

491 5073 661 5145 quare
687 5099 700 5132 :
730 5083 861 5147 Quia
907 5094 1069 5149 omnis
1118 5099 1204 5167 qui
1250 5119 1302 5157 se
1346 5109 1568 5189 excitat,
1609 5115 2000 5194 'Itumiliabitur;
2037 5141 2087 5186 et

489 5167 657 5291 :‘mnis
689 5173 773 5238 qui
814 5193 867 5230 se
895 5179 1144 5251 ltumiliat,
1170 5193 1472 5251 multabitur
1502 5187 1650 5272 (Luc.
1683 5224 1830 5276 xvtn,
1863 5173 2052 5291 JO-id)

540 5268 707 5291 Pol-Ino
737 5266 836 5291 "$1-:
886 5272 964 5291 -._i
988 5273 1002 5291 ι
1028 5276 1038 5286 η
1195 5281 1205 5291 .

1504 5253 1517 5272 \
1550 5253 1650 5258 κν--
1683 5253 1830 5276 .-τι-ι’
1867 5253 2031 5274 IV‘I‘U
2064 5262 2076 5275 ι

489 5253 708 5316 Fratres
736 5266 856 5332 mei,
886 5272 965 5325 vel
988 5273 1111 5331 hinc
1131 5281 1299 5339 solum
1326 5302 1423 5344 nos
1448 5291 1704 5353 discimus
1727 5304 1742 5333 ³
1764 5306 1882 5373 quia
1908 5253 2078 5366 humi-

489 5348 631 5373 lia-.-
649 5371 684 5373 »ς
905 5361 918 5373 “
1028 5367 1039 5373 ‘
1122 5370 1166 5373 Ai

483 5348 690 5434 litatem
743 5374 840 5414 nos
887 5361 1066 5422 docuit
1108 5370 1384 5447 Christus,
1428 5385 1549 5454 quia
1597 5389 1736 5447 Deus
1780 5348 1951 5456 lfactus
1995 5417 2080 5461 est

484 5435 636 5461 I.-i.e,
700 5445 719 5461 Ι
951 5453 963 5461 ·
1083 5459 1088 5461 “

1371 5435 1384 5447 1
1433 5435 1549 5454 Ἰάρ.
1597 5435 1736 5447 -.η-υ
1785 5435 1951 5456 ιυιυιιιῠ
1995 5435 2074 5461 cat

481 5435 667 5498 hoino.
700 5445 812 5516 Ipsa
842 5460 922 5506 est
949 5453 1217 5517 humilitas
1242 5485 1359 5535 qua:
1383 5471 1624 5544 displicet
1651 5482 1905 5556 Paganis;
1937 5496 2074 5550 unde

483 5531 638 5556 _-t-2-
681 5537 692 5556 ε
741 5554 750 5556 μ
801 5540 834 5556 ι-
919 5555 923 5556 ν
1012 5547 1041 5556 Α
1123 5551 1132 5556 Α

1259 5531 1270 5535 _
1469 5531 1482 5544 _
1651 5531 1670 5535 _
1693 5531 1717 5535 --
1759 5531 1905 5556 -..,.υ,
1938 5531 2073 5550 uuae

482 5531 640 5590 nobis
679 5537 933 5599 insultant
963 5565 974 5598 :
1003 5547 1221 5616 Qualem
1255 5558 1417 5615 Deum
1447 5568 1620 5626 colitis
1655 5531 1752 5642 qui
1776 5591 1926 5634 natus
1955 5589 2074 5641 est?

480 5627 690 5694 qualem
735 5632 900 5689 Deum
949 5641 1121 5696 colitis
1169 5647 1257 5716 qui
1307 5656 1589 5714 crucifixus
1635 5669 1753 5720 est?
1794 5671 2072 5732 llumilitas

480 5715 676 5775 Christi
718 5729 963 5796 superbis
1008 5733 1298 5804 displicet:
1334 5746 1424 5801 tibi
1469 5763 1645 5809 autem
1691 5759 1981 5823 christiano
2025 5772 2070 5828 si

547 5831 566 5864 ι
601 5832 823 5902 tuerique
839 5849 966 5910 Mss,
986 5860 1079 5902 non
1104 5851 1348 5911 discimus.
1367 5865 1577 5934 Quidam,
1602 5883 1695 5925 non
1719 5873 1940 5934 dicimus.

1832 383 1888 440 s.
1931 385 2298 447 AUGUSTle
2337 393 2638 452 EPISCOPI
3712 396 3834 484 ista

2273 503 2467 574 placet,
2515 508 2741 564 imitare.
2789 510 2844 566 Si
2894 508 3128 571 imitatus
3169 506 3353 587 fueris,
3396 539 3503 581 non
3532 509 3827 606 ilaborabis';

2272 596 2392 665 quia
2436 597 2550 667 ipse
2589 600 2740 668 dixit,
2779 602 2954 660 Venite
2979 607 3169 676 (td-nte,
3202 617 3374 668 omnes
3405 617 3494 689 qui
3531 619 3753 682 laboratis
3788 596 3838 685 ei:

2271 693 2464 744 onerati
2492 694 2626 756 estis,
2655 705 2704 748 et
2725 697 2900 770 discite
2929 717 2960 753 a
2985 718 3082 767 me,
3106 705 3346 774 quoniam
3372 711 3507 767 mitis
3536 727 3640 770 sunt
3670 731 3713 773 et
3743 721 3825 777 [ηις

2271 781 2403 836 milis
2430 787 2582 840 corde
2597 787 2808 858 (Matth.
2831 803 2903 858 XI,
2931 791 3017 860 28,
3044 794 3157 864 29).
3180 797 3302 854 llaec
3329 812 3408 857 est
3430 819 3556 875 ergo
3577 807 3825 881 disciplina

2267 873 2555 931 christiana
2578 898 2590 932 ε
2613 895 2769 934 nemo
2798 883 3142 957 facit'aliquid
3173 890 3326 955 bene.
3351 895 3452 949 nisi
3475 901 3635 966 gratia
3661 903 3822 972 ipsius.

2266 963 2416 1030 Quod
2447 966 2570 1024 facit
2595 969 2756 1027 homo
2784 976 2942 1040 male,
2973 978 3135 1045 ipsius
3161 992 3241 1036 est
3268 963 3499 1042 hominis
3523 1008 3535 1064 _:
3562 994 3693 1060 quod
3717 995 3825 1053 facit

2263 1053 2422 1119 bene,
2446 1057 2512 1111 de
2537 1059 2796 1118 beneficio
2817 1066 2907 1120 Dei
2932 1066 3075 1123 facit.
3097 1070 3228 1127 Cum
3250 1078 3472 1145 coeperit
3495 1053 3662 1137 facere
3685 1086 3819 1157 bene“,

2262 1161 2370 1202 non
2402 1150 2501 1205 sibi
2533 1154 2766 1211 tribuat:
2799 1173 2919 1214 cum
2948 1175 3052 1217 non
3084 1165 3182 1220 sibi
3217 1169 3478 1236 tribuerit,
3508 1171 3694 1245 gratias
3719 1195 3823 1252 agat

2261 1238 2311 1294 ei
2340 1255 2368 1293 a
2400 1257 2506 1310 quo
2534 1250 2816 1316 acceperit.
2845 1247 2978 1307 Cum
3003 1265 3179 1311 autem
3213 1259 3346 1316 bene
3374 1261 3516 1332 facit,
3549 1283 3647 1322 non
3677 1271 3820 1328 insul-

2260 1338 2340 1383 tet
2369 1332 2442 1387 illi
2471 1336 2558 1404 qui
2591 1337 2717 1393 illud
2747 1355 2850 1394 non
2880 1342 3022 1412 facit,
3050 1358 3140 1402 aut
3167 1352 3387 1408 extollat
3415 1370 3473 1410 se
3501 1371 3654 1429 super
3681 1377 3815 1420 eunt:

2257 1437 2362 1477 non
2387 1426 2527 1480 enim
2559 1429 2612 1483 in
2643 1431 2732 1486 illo
2759 1433 2900 1490 finita
2933 1447 3014 1493 est
3037 1445 3202 1510 gratia
3234 1444 3346 1514 Dei,
3372 1457 3430 1502 ut
3460 1447 3524 1504 ad
3553 1453 3705 1510 alium
3727 1472 3817 1513 non

2255 1519 2552 1584 perveniat.

2327 1608 2416 1663 16.
2444 1609 2512 1665 Ut
2529 1614 2736 1686 mitiges
2764 1635 2876 1672 eum
2902 1637 2932 1673 a
2958 1621 3131 1679 diebus
3157 1629 3411 1700 malignis,
3442 1631 3595 1688 donec
3619 1635 3818 1706 fodiatur

2255 1703 2508 1768 peccatori
2546 1707 2710 1774 fovea.
2744 1708 2886 1766 Mitis
2912 1725 3040 1784 ergo
3069 1723 3204 1785 esto,
3243 1721 3482 1792 quisquis
3523 1727 3814 1787 christianus

2251 1804 2330 1853 es,
2355 1807 2384 1844 a
2415 1792 2603 1851 diebus
2634 1799 2898 1870 malignis.
2928 1803 3134 1876 Maligni
3165 1811 3314 1864 enlm‘
3344 1822 3469 1868 sunt
3505 1816 3616 1872 dies
3649 1821 3814 1890 quibus

2249 1881 2496 1938 videntur
2531 1886 2721 1945 florere
2755 1905 3064 1961 peccatores
3091 1908 3144 1954 ct
3173 1901 3417 1960 laborare
3442 1907 3606 1977 justi;
3636 1913 3719 1967 sed
3747 1916 3811 1968 la-

2247 1973 2347 2028 bor
2368 1976 2632 2045 justornm
2663 1982 2926 2055 flagellum
2955 2001 3035 2045 est
3060 1992 3251 2061 Patris,
3292 2007 3347 2053 et
3387 1973 3610 2059 felicitas
3645 2021 3810 2075 pecca-

2247 2072 2418 2119 torum
2451 2067 2600 2124 fovea
2629 2073 2862 2142 ipsorum
2891 2090 2992 2134 est.
3019 2081 3149 2149 Quia
3177 2087 3318 2140 enim
3346 2089 3552 2160 mitigat
3579 2110 3668 2151 vos
3690 2098 3810 2153 Deus

2244 2169 2272 2206 a
2319 2155 2506 2212 diebus
2550 2163 2813 2234 malignis,
2855 2167 3024 2226 donec
3072 2171 3303 2231 fodiatur
3338 2186 3601 2248 peccatori
3643 2187 3807 2253 fovea;

2245 2262 2350 2300 non
2382 2251 2624 2319 cogitetis
2663 2258 2784 2324 quia
2827 2261 2986 2316 modo
3024 2264 3077 2318 in
3120 2268 3295 2337 aliquo
3325 2271 3444 2327 loco
3487 2286 3623 2332 stant
3646 2281 3808 2350 Angeli

2241 2352 2362 2392 cum
2393 2341 2715 2414 bidentibus,
2736 2358 2790 2403 et
2811 2350 3020 2410 fodiunt
3041 2357 3192 2414 istam
3219 2362 3434 2419 foveam
3451 2384 3685 2439 magnam
3709 2389 3806 2443 qua:

2240 2433 2411 2499 possit
2435 2449 2628 2506 capere
2665 2456 2824 2498 omne
2853 2461 3018 2515 genus
3057 2451 3390 2524 iniquorum;
3415 2471 3467 2516 et
3493 2465 3609 2532 quia
3640 2469 3805 2523 videtis

2237 2523 2433 2580 multos
2474 2542 2593 2585 esse
2638 2532 2865 2603 iniquos,
2893 2549 2946 2594 et
2971 2542 3156 2599 dicatis
3186 2548 3334 2604 vobis
3369 2555 3686 2614 carnaliter:
3715 2561 3801 2615 [lc-

2236 2627 2361 2669 vera
2383 2624 2592 2675 tantam
2619 2625 3008 2684 multitudinem
3039 2635 3358 2706 iniquorum,
3393 2641 3588 2701 tantam
3619 2651 3800 2705 turbam

2239 2710 2573 2775 peccantium
2605 2729 2725 2784 quae
2755 2716 2902 2773 fovea
2931 2732 3106 2790 potest
3129 2733 3362 2799 capere?
3382 2737 3593 2804 quando
3631 2740 3802 2813 foditur

2234 2797 2354 2852 talis
2381 2815 2498 2870 quae
2520 2818 2707 2862 omnes
2733 2812 2922 2879 capiat,
2951 2818 3161 2885 quando
3183 2823 3533 2884 exhauritur?
3560 2831 3673 2887 ideo
3698 2851 3799 2903 par-

2232 2888 2304 2945 cit
2328 2893 2484 2950 Deus.
2509 2897 2625 2952 Non
2656 2910 2738 2956 est
2766 2903 2902 2975 hoc:
2929 2907 3070 2964 fossa
3098 2923 3472 2988 peccatorum,
3507 2923 3614 2993 ipsa
3658 2926 3799 2982 felici-

2231 2991 2314 3037 tas
2336 2997 2673 3054 peccatorum
2704 3005 2819 3062 est;
2847 2999 2897 3052 in
2928 3001 3068 3056 illam
3101 3007 3242 3062 enim
3269 3012 3464 3068 cadent
3491 3024 3722 3088 tanquam
3750 3021 3793 3073 in

2230 3074 2462 3134 foveam.
2488 3081 2770 3153 lntendite,
2794 3089 3006 3160 fratres,
3031 3098 3152 3164 quia
3182 3115 3370 3173 magna
3401 3123 3488 3162 res
3515 3118 3569 3164 ut
3595 3074 3795 3166 felicitas

2228 3165 2382 3224 fovea
2420 3171 2629 3230 dicatur
2655 3196 2668 3232 :
2694 3177 2865 3234 Donec
2905 3187 3134 3255 fodiatur
3170 3198 3424 3263 ρει-ταιονὲ
3452 3203 3610 3270 fovea.
3642 3202 3794 3257 Parcit

2225 3259 2367 3312 enim
2411 3263 2487 3317 illi
2529 3266 2689 3336 Deus,
2735 3287 2892 3341 quem
2937 3279 3082 3334 novit
3123 3295 3458 3351 peccatorem
3490 3301 3542 3347 et
3571 3294 3788 3365 impium,

2224 3352 2431 3408 occulta
2479 3357 2686 3424 justitia
2739 3379 2866 3433 sua;
2912 3379 2966 3423 et
3014 3372 3115 3426 hoc.
3161 3375 3331 3445 ipsum
3376 3385 3518 3453 quod
3559 3386 3605 3441 ei
3641 3352 3790 3456 parcit

2222 3441 2386 3509 Deus,
2408 3462 2506 3515 per
2532 3450 2900 3523 impunitatem
2931 3459 3059 3519 facit
3075 3441 3196 3521 eum
3219 3441 3435 3529 elatum.
3463 3471 3552 3532 Ille
3571 3495 3625 3532 se
3644 3481 3787 3534 altum

2220 3545 2391 3605 putat,
2425 3550 2478 3596 et
2504 3545 2642 3600 cadit
2675 3566 2688 3602 :
2716 3549 2768 3604 in
2798 3566 2862 3606 eo
2890 3554 3005 3623 ipso
3033 3560 3195 3627 cadit,
3230 3580 3334 3632 quo
3363 3583 3423 3623 se
3451 3570 3610 3625 altum
3637 3581 3784 3642 putat.

2217 3625 2334 3683 Hoc
2359 3645 2418 3686 se
2444 3633 2534 3688 ille
2567 3645 2712 3706 putat
2741 3643 3039 3702 sublimiter
3065 3650 3164 3718 ire,
3205 3662 3258 3709 et
3295 3657 3436 3714 Deus
3473 3660 3573 3717 hoc
3609 3662 3785 3718 fossam

2217 3729 2394 3774 vocat.
2424 3722 2588 3780 Fossa
2618 3729 2683 3783 ad
2712 3730 2814 3786 ima
2846 3737 3032 3802 tendit,
3064 3756 3169 3795 non
3197 3745 3262 3799 ad
3293 3749 3486 3804 coelum
3515 3769 3528 3805 :
3556 3763 3782 3823 peccato-

2217 3824 2306 3865 res
2335 3822 2512 3870 autem
2543 3822 2758 3889 superbi
2791 3829 2939 3894 quasi
2972 3831 3022 3884 in
3052 3835 3246 3890 cmlum
3276 3851 3422 3909 euut,
3454 3854 3505 3899 et
3536 3847 3582 3900 in
3608 3855 3780 3902 terram

2215 3915 2545 3972 merguntur.
2575 3907 2791 3978 Contra,
2820 3915 3224 3994 humilesqnasi
3270 3929 3321 3983 in
3368 3942 3560 3989 terram
3605 3952 3658 3992 se
3695 3937 3778 3992 de-

2214 3991 2470 4060 primunt,
2498 4007 2550 4052 et
2594 4001 2643 4055 in
2674 4005 2868 4061 cadum
2894 3991 3207 4070 ascendunt.
3232 4019 3450 4079 Mitesce
3476 4041 3618 4098 ergo,
3645 4027 3776 4099 quis-

2212 4085 2333 4153 quis
2362 4104 2421 4142 es
2449 4090 2637 4159 ﬁdelis,
2669 4097 2713 4150 si
2744 4101 2980 4157 eruditus
3011 4121 3068 4160 es
3097 4122 3170 4163 cx-
3203 4111 3317 4183 lege"
3347 4114 3470 4181 Dei,
3501 4129 3557 4174 ut
3598 4120 3661 4174 sit
3695 4135 3777 4175 cor

2210 4183 2358 4230 tuum
2389 4178 2442 4233 in
2475 4181 2807 4242 ﬁrmamento
2834 4194 2953 4248 eos”
2980 4214 2992 4248 :
3020 4199 3140 4266 quia
3173 4178 3314 4260 Deus
3352 4207 3474 4264 fecit
3514 4211 3769 4266 luminaria

2208 4280 2402 4337 quarto
2434 4273 2542 4343 die,
2572 4280 2660 4348 qui
2702 4280 2898 4339 dicitur
2935 4303 3118 4360 quarm
3154 4297 3363 4368 sabbati,
3407 4301 3554 4361 unde
3583 4306 3771 4361 titulum

2206 4364 2444 4430 psalmus
2471 4367 2572 4424 iste
2597 4376 2852 4445 percepit.
2878 4379 3154 4446 Quemod'o
3182 4387 3328 4446 vides
3352 4364 3628 4454 luminaria
3658 4413 3763 4453 cum

2205 4459 2315 4508 tota
2346 4458 2598 4526 patientia
2616 4464 2843 4537 dirigere
2863 4477 3052 4531 cursus
3083 4493 3226 4547 suos,
3251 4495 3302 4539 et
3333 4502 3436 4542 non
3467 4505 3645 4546 curare
3665 4505 3767 4562 qua:

2202 4544 2344 4602 inse
2372 4548 2551 4607 dicant
2577 4553 2862 4627 homines;
2891 4565 2968 4619 sic
3006 4577 3060 4623 et
3102 4579 3154 4625 tu
3196 4591 3298 4629 non
3340 4593 3494 4636 cures
3533 4579 3774 4652 quidquid‘

2193 5021 2351 5066 suum
2381 5023 2464 5068 est
2488 5017 2843 5086 perducturus
2862 5039 3084 5082 examen
3116 5032 3131 5062 ί
3159 5049 3172 5084 :
3199 5041 3252 5087 et
3278 5036 3318 5089 si
3347 5047 3484 5094 tanta
3517 5053 3757 5110 praeroga-

2192 5099 2288 5166 vit,
2319 5118 2440 5158 eum
2473 5119 2620 5165 esSes
2655 5109 2869 5181 impius,
2894 5118 3018 5185 quid
3050 5132 3227 5177 servat
3255 5124 3439 5182 fideli?
3464 5130 3590 5184 llinc
3611 5129 3751 5183 mite-

2189 5204 2300 5248 sce.
2325 5195 2782 5260 Quemadmodum
2812 5207 3090 5264 miteseis?
3114 5213 3247 5269 Cum
3276 5216 3406 5275 dicis
3431 5237 3443 5273 :
3471 5221 3595 5287 Quia
3628 5220 3750 5272 Deus

2188 5282 2291 5339 hoc
2325 5288 2456 5355 vult,
2491 5291 2610 5346 ideo
2641 5294 2828 5352 florent
2875 5301 2997 5356 mali
3026 5305 3079 5368 ²;
3107 5321 3325 5375 parcere
3354 5314 3461 5368 vult
3500 5313 3661 5375 malis,
3690 5307 3748 5364 ad

2186 5378 2554 5444 paenitentiam
2599 5385 2820 5442 adducit
2861 5406 2954 5448 eos
2994 5396 3184 5464 quibus
3216 5403 3410 5469 parcit,
3443 5403 3532 5458 sed
3561 5403 3627 5458 illi
3653 5413 3745 5454 non

2183 5470 2525 5538 corriguntur
2551 5492 2564 5529 :
2591 5479 2735 5532 novit
2771 5480 2862 5536 ille
2896 5489 3164 5554 quomodo
3193 5492 3258 5546 de
3285 5493 3621 5565 illisjudicet.
3652 5493 3742 5547 hn-

2182 5560 2328 5616 mitis
2354 5573 2438 5618 est
2465 5575 2643 5622 autem
2673 5571 2853 5640 homo,
2883 5591 3000 5631 cum
3032 5582 3142 5635 vult
3168 5588 3527 5643 contradicere
3551 5596 3631 5641 aut
3657 5585 3716 5639 bo

2180 5654 2332 5710 nitati
2358 5659 2590 5728 Domini,
2617 5673 2709 5719 aut
2732 5669 3020 5739 patientitc,
3042 5685 3132 5729 aut
3155 5683 3416 5748 potestati,
3436 5691 3521 5735 aut
3541 5677 3736 5751 Ῑυειῑιῐπ

2243 5769 2259 5798 ³
2295 5776 2400 5859 ΑΠ’ιέ
2418 5779 2469 5822 et
2492 5778 2764 5859 npstriMss.
2791 5792 2958 5833 carent
2981 5784 3055 5836 his
3082 5790 3259 5853 verbis,
3289 5793 3372 5859 qui
3391 5800 3435 5845 te
3469 5801 3511 5844 et
3533 5792 3655 5844 illum
3674 5787 3733 5840 ad

2175 5842 2316 5898 suum
2333 5840 2400 5882 est
2424 5835 2746 5898 perducturus
2773 5856 2994 5896 examen.

2241 5896 2261 5925 ³
2293 5896 2440 5960 Istud,
2458 5896 2570 5950 ideo
2583 5898 2754 5964 florent
2775 5905 2893 5957 mali
2907 5943 2919 5970 ,
2947 5911 3087 5965 abest
3108 5927 3137 5966 a
3158 5921 3264 5967 Mss.
3293 5920 3424 5971 etab
3441 5927 3536 5970 Am.

4011 1937 4016 2018 ἒ

4005 2019 4018 2380 i

4007 2463 4017 2596 Ξ

4005 3465 4011 3494 l

4021 3955 4024 3974 l
