2044 3229
101 212 169 245 MOI

95 276 193 312 judicis.
219 274 338 311 Erigitur
360 273 493 309 Superbus
517 273 542 300 in
566 273 663 305 Deum,
688 271 783 307 mergit
808 270 882 298 illum

96 322 176 354 Deus;
193 325 223 349 et
240 321 268 349 iu
285 327 317 348 eo
336 320 394 356 ipso
408 319 546 355 mergitur,
561 325 613 354 quo
626 318 735 354 erigitur
748 318 774 345 in
787 317 881 344 Deum.

96 369 154 397 Mm
170 368 197 395 in
213 368 269 395 alio
279 367 381 403 psalmo
393 367 431 394 sic
445 366 480 393 ait
493 375 498 392 :
513 358 632 400 Dejecisti'
642 373 693 398 eos,
707 365 765 390 dum
781 363 883 391 extolle-

94 419 176 441 rentur
187 412 275 446 (Paul.
290 415 373 445 Lxxu,
390 412 445 447 18).
458 411 515 439 Non
526 411 603 444 dixit,
616 410 739 445 Dejecisti
753 416 809 443 eos,
821 409 882 445 quia

94 460 150 487 t'IuII
166 463 247 491 sunt;
263 463 316 492 aut,
331 458 452 493 Dejecisli
469 465 525 490 θος,
541 460 713 493 posteaquam
727 457 788 484 elati
803 460 880 488 sunt;

94 511 117 532 ut
132 505 201 532 aliud
213 505 250 532 sit
263 509 366 539 tempus
378 504 501 531 elationis
514 511 617 535 eorum,
630 502 699 529 aliud
718 506 824 537 tempus
836 501 883 529 de-

91 551 210 586 jectionis
223 560 229 578 :
243 550 291 578 sed
311 550 336 577 in
358 557 390 577 eo
412 550 469 584 ipso
483 556 536 585 quo
549 548 753 580 attollebantur,
766 548 801 575 ibi
815 547 882 583 deji-

92 597 239 624 ciebantur.
261 595 399 628 Quantum'
420 595 491 622 enim
519 594 665 629 Superbum
687 601 735 621 cor
757 593 881 627 hominis,

94 647 189 669 tantum
205 641 308 669 recedit
322 649 336 668 a
351 642 423 674 Deo;
436 644 462 668 et
477 641 498 668 si
515 640 616 667 recedit
628 647 641 666 a
658 640 721 673 Deo,
736 640 761 666 in
777 639 883 674 profun-

93 689 150 716 dum
167 689 195 716 it.
207 688 317 720 contra,
331 693 378 715 co‘r
391 687 490 715 humile
500 687 534 715 de
548 687 615 715 caelo
629 686 736 713 adducit
748 686 840 717 Deum,
855 688 884 712 ut

95 736 224 771 proximus
237 736 293 762 fiat.
304 733 384 762 Certe
400 734 469 761 allus
482 737 525 761 est"
535 734 615 766 Deus,
627 735 707 767 Super
722 739 815 759 omnes
828 738 883 759 ca)-

95 782 139 809 los'
152 786 190 809 est
210 781 294 813 Deus,
311 780 475 808 transcendit
492 786 586 807 omnes
607 779 721 812 Angelos
736 787 742 804 :
756 782 882 813 quantum

96 827 170 854 habes
191 827 271 862 erigi,
292 831 321 854 ut
342 827 455 861 attingas
470 825 502 853 ad
521 825 595 852 illum
610 824 764 852 excelsum?
777 823 843 851 Nolo
859 828 884 850 te

96 876 199 908 rumpas
209 872 382 900 extendendo
397 877 422 899 te
435 880 442 904 ;
457 870 528 898 aliud
540 870 679 898 censilium
695 870 741 897 tibi
755 869 799 903 do,
813 877 845 896 uc
858 869 883 895 in

97 920 141 946 ista
164 920 322 947 extensione
346 919 414 946 forte
439 925 533 953 crepes
555 925 602 952 per
625 917 774 951 superbiam
790 925 796 943 :
811 921 884 944 certe

98 967 159 994 altus
173 970 213 994 est
228 966 318 998 Deus;
334 970 361 992 tu
376 964 484 992 ltumilia
499 970 539 997 te,
553 968 580 992 et
592 963 736 991 descendet
748 962 783 990 ad
795 967 829 990 te.

97 1019 100 1034 1
129 1014 168 1041 Π.
185 1012 262 1051 [νει-ε.
280 1013 336 1049 IL]
351 1004 506 1040 Audivimus
520 1019 601 1046 quare
622 1015 713 1046 parcat
727 1010 819 1042 malis;
835 1009 885 1037 hoc

99 1061 175 1096 ipsum
191 1060 269 1087 fossa
290 1059 408 1094 ipsorum
430 1062 480 1086 est.
495 1057 564 1085 Dicit
579 1055 623 1084 tibi
638 1057 708 1084 Deus
724 1064 730 1082 :
746 1055 885 1090 Quomodo

98 1106 147 1133 illis
157 1106 267 1139 foditur,
281 1110 307 1133 ct
321 1112 403 1140 quare
418 1104 468 1132 illis
483 1103 580 1131 foditur
593 1102 678 1135 fovea,
690 1109 744 1129 non
757 1104 798 1129 est
811 1102 884 1128 tuum

98 1157 250 1188 cogitescere
263 1161 271 1185 ;
288 1151 334 1179 sed
349 1159 381 1179 ex
396 1151 452 1186 lege
466 1158 523 1177 mea
543 1149 616 1177 disce
629 1148 772 1184 patientem
788 1152 812 1175 te
826 1154 886 1175 esse

98 1199 195 1233 debere,
211 1199 295 1226 donec
308 1198 419 1235 fodiatur
433 1196 556 1233 peccaturi
568 1196 648 1231 fovea.
665 1195 698 1222 Et
711 1194 772 1230 quid
785 1194 819 1222 de
831 1202 883 1227 me,

99 1247 187 1282 inquis,
208 1246 256 1281 qui
273 1245 377 1278 laboro,
392 1248 419 1271 ct
432 1244 523 1271 laboro
539 1243 608 1270 inter
626 1243 698 1277 ipsos
713 1240 886 1277 peccatores?

99 1291 279 1327 Respondetur
302 1286 359 1318 tibi.
371 1290 440 1326 quod
463 1289 602 1325 sequitur:
627 1287 693 1321 Quia
712 1296 762 1314 non
784 1287 885 1322 repellet

98 1337 210 1365 Dominus
219 1338 318 1373 plebem
327 1345 408 1364 suam.
421 1336 546 1369 Exercet,
558 1343 611 1362 non
621 1333 734 1368 repellit.
747 1333 885 1367 Quomodo

98 1386 158 1412 enim
171 1385 233 1412 dicit
259 1384 313 1411 alio
326 1384 384 1411 loco
397 1383 532 1417 Scriptura
544 1382 555 1408 ?
572 1380 699 1414 Quoniam
716 1387 789 1415 quem
803 1379 886 1414 diligit

99 1431 168 1465 Dens,
184 1432 307 1466 corripit;
322 1430 435 1466 ﬂagellat
449 1434 532 1456 autent
547 1436 645 1455 omnem
659 1426 739 1461 ﬁlium
759 1433 831 1458 quem
844 1433 885 1452 re-

97 1478 149 1512 cipit
162 1477 255 1514 (Hebr.
271 1485 318 1510 xu,
326 1475 364 1512 6).
378 1475 423 1503 llle
431 1474 591 1510 ﬂagellatum
601 1472 704 1507 recipit,
718 1475 744 1499 tu
753 1471 885 1506 dicisquia

97 1524 209 1559 repellit?
223 1521 357 1551 Videmus
373 1522 494 1549 homines
515 1521 541 1548 in
555 1519 617 1547 ﬁliis
632 1519 686 1546 suis
700 1518 787 1546 facere
800 1517 863 1545 illud
876 1526 883 1544 ε

97 1569 228 1605 aliquando
244 1569 302 1604 jam
317 1568 474 1603 chperatos
490 1566 559 1593 filios
571 1573 634 1593 suos
646 1564 783 1592 dimittunt
796 1564 885 1592 vivere

97 1616 219 1650 quomodo
243 1614 357 1646 volunt;
372 1621 418 1641 eos
439 1613 483 1649 qui
504 1619 578 1647 spem
602 1611 718 1644 habent,
734 1609 883 1645 ﬂagellant;

97 1662 148 1689 illos
158 1669 221 1697 quos
237 1661 351 1689 omnino
362 1660 477 1687 viderint
491 1659 549 1687 sine
560 1665 607 1694 spe
619 1662 646 1685 et
658 1658 800 1685 indomitos
813 1664 883 1690 esse,

97 1707 223 1735 dimittunt
238 1711 269 1734 ut
285 1706 382 1734 faciant
397 1705 467 1740 quod
483 1704 585 1732 volunt.
608 1703 666 1731 Jam
679 1710 757 1738 quem
777 1702 886 1729 dimittit

97 1753 176 1781 facere
189 1753 264 1789 quod
278 1752 344 1785 vult,
361 1759 414 1779 non
436 1751 491 1778 vult
502 1749 644 1778 admittere
657 1748 690 1776 ad
703 1747 884 1775 hmreditatcm

96 1799 162 1826 suam
176 1809 182 1826 :
196 1806 261 1827 eum
276 1801 365 1825 autem
380 1796 496 1832 ﬂagellat
516 1795 598 1822 filium
614 1794 655 1822 cui
673 1794 756 1829 ipsam
769 1792 885 1820 Incredi-

97 1849 168 1872 tatem
180 1848 281 1872 servat.
301 1843 367 1870 Cum
383 1847 472 1869 autem
495 1840 611 1875 ﬂagellat
628 1840 698 1867 Deus
713 1839 808 1872 IIIium,
822 1845 884 1865 cur-

99 1894 136 1917 rat
146 1890 193 1918 sub
207 1896 296 1917 manu
308 1890 316 1905 ¹
332 1889 416 1916 Patris
431 1886 608 1922 ﬂagellantis;
627 1885 687 1921 quia
703 1885 747 1920 qui
759 1883 883 1919 ﬂagellat,

97 1936 125 1963 ad
144 1935 330 1963 haereditatcr'n
346 1933 434 1962 erudit
457 1942 464 1960 :
485 1933 519 1960 ab
534 1931 689 1960 hmreditate
705 1938 757 1958 non
781 1929 886 1965 repellit

96 1980 173 2009 lilium
199 1988 278 2009 suum
316 1983 394 2016 quem
433 1979 558 2013 castigat;
596 1977 642 2005 sed
671 1976 731 2004 ideo
759 1976 884 2011 ﬂagellat,

96 2032 123 2054 ut
136 2027 253 2062 recipiat.
268 2025 325 2053 Non
341 2024 375 2053 sit
391 2029 443 2052 tam
458 2031 528 2052 vano
542 2030 622 2050 sensu
638 2027 663 2050 et
680 2022 784 2056 puerili,
801 2027 829 2048 ut
843 2021 884 2048 di-

96 2078 135 2101 cat
150 2083 157 2100 ε
170 2073 231 2101 Plus
250 2076 321 2099 amat
341 2073 415 2106 pater
428 2077 504 2097 meus
526 2069 633 2096 fratrem
649 2075 736 2095 mcum
748 2088 755 2099 ,
770 2067 813 2094 cui
827 2074 886 2101 per-

96 2119 171 2146 mittit
187 2118 276 2146 lbcere
291 2116 419 2153 quidquid
430 2116 505 2148 vult;
521 2122 570 2150 ego
585 2114 606 2142 si
620 2121 661 2141 me
674 2120 782 2140 movero
795 2117 886 2140 contra

96 2164 236 2200 iussionem
258 2164 342 2199 patris
359 2163 423 2196 mei,
438 2161 540 2197 ﬂagella
556 2161 671 2188 invenio.
686 2159 724 2186 'I'u
738 2158 824 2194 gaude
838 2159 887 2187 sub

97 2211 217 2246 ﬂagellis;
233 2211 297 2246 quia
313 2209 360 2237 tibi
384 2213 504 2236 servatur
518 2206 659 2234 Iucreditas
671 2227 677 2238 ,
703 2205 769 2239 Quia
782 2213 832 2232 non
846 2213 887 2231 re-

98 2257 166 2291 pellet
179 2257 305 2284 Dominus
315 2255 412 2291 plebem
424 2251 887 2291 suam._édiWn

98 2306 261 2333 iumternum
274 2302 382 2330 damnat
398 2311 404 2328 :
420 2301 473 2328 illis
483 2298 570 2327 au'tcm
584 2299 616 2326 ad
633 2304 737 2333 tempus
751 2298 843 2333 parcit,
860 2298 888 2324 in

133 2322 261 2331 “mnu...
274 2322 382 2330 ............
398 2323 404 2328 .
421 2322 472 2328 ...Ν
483 2322 570 2327 πη...
585 2322 615 2326 ..μ
634 2322 735 2333 αυτ--
752 2322 791 2333 ,._

27 2322 66 2392 ’1⁷
100 2331 461 2376 ammt.
478 2345 552 2380 Elige
568 2345 614 2372 tibi
629 2353 635 2372 :
651 2343 823 2378 temporalem
848 2343 888 2370 vis

101 2387 481 2429 Hiems'e'rﬁpite—iﬁlm
499 2390 623 2427 poenam?
636 2390 808 2425 temporalem
829 2389 887 2417 feli-

101 2442 209 2475 citatem,
227 2448 261 2469 an
274 2440 463 2474 sempiternam
479 2437 581 2464 vitam?
592 2436 660 2470 Quid
676 2436 791 2463 minatur
807 2435 889 2462 Deus?

100 2486 289 2522 Sempiternam
309 2490 425 2521 pariam.
449 2483 517 2518 Quid
540 2483 670 2518 promittlt
684 2482 773 2510 Deus?
786 2481 890 2516 Sempi-

102 2523 198 2560 lernam
221 2532 353 2568 requiem.
369 2531 398 2558 In
421 2537 473 2566 quo
488 2529 602 2564 ﬂagellat
616 2528 700 2555 bonos
712 2550 719 2561 ,
744 2527 890 2562 temporale

101 2583 138 2606 est
151 2588 157 2606 :
170 2579 196 2606 in
209 2585 262 2614 quo
275 2577 360 2614 parcit
372 2576 458 2609 malis,
475 2575 620 2610 temporale
635 2577 683 2602 est.
704 2573 771 2607 Quia
784 2581 835 2600 non
847 2580 889 2600 re-

102 2624 171 2657 pellet
183 2623 308 2651 Domina;
320 2622 415 2658 plebem
433 2629 514 2654 suam,
529 2625 552 2648 ct
566 2620 736 2647 Iucreditatem
751 2626 823 2646 suam
839 2625 889 2645 non

102 2670 258 2706 derelinquet.

134 2717 177 2745 18.
193 2717 267 2754 [υεη.
283 2716 340 2753 I5.]
357 2716 492 2750 Quousque
501 2715 611 2750 justitia,
623 2713 718 2748 inquit,
734 2716 891 2740 convertatur

104 2764 127 2790 "n
136 2764 257 2799 judicium
272 2768 296 2791 et
311 2763 353 2800 qui
368 2762 459 2789 [tabent
475 2769 530 2788 eam
542 2768 627 2787 omnes
646 2764 713 2786 recto
728 2764 786 2786 sunt
805 2760 889 2787 corde.

105 2810 214 2838 Attende
227 2810 316 2842 modo,
331 2814 358 2837 et
371 2808 439 2836 habe
449 2807 577 2842 justitiam
589 2814 596 2838 ;
611 2806 671 2840 quia
682 2805 810 2840 judicium
826 2813 893 2833 non-

107 2856 164 2884 dum
178 2861 251 2892 potes
265 2857 375 2884 habere.
390 2855 467 2882 Prius
476 2858 517 2881 est
531 2858 559 2880 ut
574 2853 673 2880 habeas
684 2852 830 2886 justitiam;
846 2852 893 2880 sed

108 2905 160 2941 ipSa
173 2894 270 2941 justitia
285 2911 329 2933 tua
350 2907 520 2932 convcrtelur
535 2902 561 2930 in
582 2900 722 2937 judicium.
739 2900 894 2929 Habuerunt

139 2964 148 2980 ³
158 2962 247 2998 Aliquot
256 2967 320 2996 uss,
328 2962 372 2989 sub
383 2967 488 2988 omnum.

666 210 862 241 ENARRATIU
882 210 914 239 IN
934 209 1095 240 PSALMUM
1115 211 1203 240 XCIII.

1663 214 1734 243 1200

938 269 983 297 hic
1002 270 1130 304 justitiam
1150 270 1287 305 Apostoli,
1314 275 1341 298 et
1362 271 1529 306 pertulerunt
1550 272 1665 308 iniquos.
1680 273 1734 301 Sed

936 317 999 352 quid
1014 317 1066 344 illis
1077 317 1193 345 dicitur?
1206 318 1330 345 Sedebitis
1341 326 1417 355 super
1428 320 1558 348 duodecim
1570 322 1651 353 sedes,
1661 322 1736 356 judi~

937 367 1021 389 cantes
1041 363 1173 390 duodecim
1193 364 1271 391 tribus
1285 363 1368 392 Israel
1386 365 1499 401 (Matth.
1515 375 1571 401 nx,
1587 367 1645 401 28).
1662 367 1734 402 Ergo

934 409 1037 444 justitia
1058 409 1176 444 ipsorum
1189 416 1360 439 convertetur
1372 412 1397 439 in
1408 413 1548 447 judicium.
1564 414 1643 442 Modo
1662 415 1734 442 enim

934 455 1022 490 justus
1035 455 1155 491 quisquis
1171 456 1214 483 hic
1228 455 1315 490 fuerit,
1328 457 1360 485 ad
1377 458 1428 485 hoc
1440 464 1480 486 est
1494 464 1523 486 ut
1538 460 1652 494 patiatur
1664 461 1733 487 mala

937 505 964 528 et
979 501 1072 528 toleret
1093 509 1099 528 :
1121 501 1237 537 patiatur
1258 507 1365 538 tempus
1387 505 1527 539 passionis,
1550 510 1577 533 et
1591 506 1662 533 venit
1677 506 1734 533 dies

935 547 1116 582 judicatiouis.
1132 548 1184 576 Sed
1198 548 1261 584 quid
1274 549 1334 577 dico
1348 550 1382 578 de
1392 551 1477 578 servis
1490 551 1557 579 Dei?
1569 551 1627 586 Ipse
1642 552 1734 579 Domi-

936 601 986 621 nus
1007 594 1052 628 qui
1071 593 1153 629 judex
1174 599 1216 622 est
1237 596 1355 623 omnium
1377 596 1499 623 vivorum
1516 602 1542 623 et
1556 602 1733 629 monuorum,

937 640 1023 675 primo
1036 640 1150 675 judicari
1168 641 1263 674 voluit,
1279 646 1306 669 et
1318 642 1356 669 sic
1368 642 1500 677 judicare.
1513 643 1646 678 Quousque
1654 643 1735 678 justi-

937 685 972 711 tia
986 690 1144 712 convertatur
1166 686 1193 713 in
1206 687 1335 722 judicium
1351 695 1360 714 .'
1375 693 1398 714 et
1416 688 1458 723 qui
1472 689 1563 715 habent
1578 697 1633 716 eam
1648 697 1734 716 omnes

938 736 1006 757 recto
1019 735 1077 758 sunt
1088 732 1173 759 corde.
1189 732 1238 766 Qui
1255 732 1354 760 habent
1367 734 1447 760 modo
1460 734 1600 769 justitiam,
1617 734 1736 762 nondum

935 776 1065 811 judicant.
1080 777 1169 805 Primo
1190 782 1231 805 est
1250 778 1321 805 enim
1337 778 1435 806 habere
1447 779 1588 814 justitiam,
1605 785 1631 807 et
1644 785 1736 815 postea

935 823 1055 858 judicare
1070 832 1076 850 :
1092 824 1179 859 primo
1195 825 1292 859 patitur
1307 826 1401 859 malos,
1416 830 1443 853 et
1456 831 1547 861 postea
1559 826 1662 861 judieat
1678 834 1737 854 ma-

937 869 989 896 los.
1002 869 1077 897 Modo
1089 869 1191 904 justitia
1206 871 1255 902 sit;
1271 875 1364 905 postea
1376 876 1544 899 convertetur
1559 872 1584 899 in
1596 872 1735 907 judicium.

937 915 972 942 Et
983 915 1082 943 tamdiu
1095 917 1193 952 patitur
1206 917 1329 945 homines
1339 918 1434 951 malos,
1448 919 1573 954 quamdiu
1587 920 1642 947 vult
1655 921 1735 953 Deus,

938 962 1063 997 quamdiu
1080 963 1138 990 illus
1146 964 1268 998 perferet
1283 963 1402 992 Ecclesia
1418 964 1476 998 Dei,
1492 969 1521 992 ut
1536 965 1675 993 erudiatur
1687 974 1734 1000 per

938 1009 1067 1036 malitiam
1092 1010 1221 1045 ipsorum.
1239 1010 1297 1037 Non
1312 1015 1401 1038 tamen
1417 1011 1529 1046 repellet
1543 1012 1613 1039 Deus
1633 1012 1738 1046 plebem

939 1062 1024 1088 suam,
1036 1063 1164 1091 quousque
1171 1055 1274 1092 justitia
1286 1062 1446 1084 convertatur
1459 1058 1484 1084 in
1493 1057 1620 1093 judicium
1635 1065 1644 1084 :
1659 1062 1681 1084 ct
1693 1058 1739 1094 qui

939 1100 1030 1127 habent
1051 1108 1127 1133 eam,
1150 1108 1237 1128 omnes
1248 1106 1316 1129 recto
1339 1106 1397 1129 sunt
1411 1102 1496 1129 corde.
1517 1102 1566 1136 Qui
1588 1108 1650 1130 sunt
1672 1108 1738 1130 recto

939 1147 1035 1175 corde?
1049 1148 1099 1181 Qui
1114 1148 1164 1174 h‘oc
1178 1148 1269 1175 volunt
1283 1148 1353 1183 quod
1366 1149 1435 1176 Deus
1451 1149 1516 1176 vult.
1536 1149 1624 1176 Parcit
1640 1157 1737 1184 pecca-

940 1194 1041 1222 toribus
1050 1215 1057 1227 ,
1070 1199 1098 1221 tu
1111 1194 1151 1222 vis
1166 1199 1194 1222 ut
1203 1195 1258 1230 jatn
1271 1195 1365 1230 perdat
1377 1200 1541 1231 peccatores.
1555 1196 1664 1224 Distorti
1675 1204 1735 1224 cor—

939 1241 980 1269 dis
993 1249 1022 1269 es
1038 1246 1064 1270 et
1079 1250 1167 1277 pravae
1184 1243 1328 1270 voiuntatis
1340 1264 1347 1276 ,
1370 1243 1476 1278 quando
1489 1243 1559 1270 aliud
1579 1244 1618 1270 vis
1630 1264 1636 1276 ,
1660 1243 1732 1271 aliud

939 1288 996 1315 vult
1011 1288 1089 1315 Deus.
1106 1288 1169 1315 Vult
1180 1292 1268 1316 autem
1280 1289 1349 1316 Deus
1365 1296 1473 1323 parcere
1484 1289 1570 1321 malis,
1589 1294 1615 1316 tu
1630 1297 1682 1316 non
1699 1289 1738 1316 vis

939 1334 1011 1368 parci
1026 1343 1033 1361 :
1056 1334 1159 1369 patiens
1172 1339 1215 1362 est
1227 1334 1299 1362 Deus
1312 1334 1495 1369 peccatoribus
1507 1356 1514 1367 ,
1530 1339 1557 1361 tu
1571 1342 1624 1362 non
1640 1335 1678 1361 vis
1699 1339 1739 1362 to-

939 1379 1025 1407 lerare
1037 1384 1205 1415 peccatores.
1227 1380 1280 1408 Sed
1297 1385 1325 1408 ut
1339 1380 1429 1409 dicere
1442 1388 1576 1416 emperam
1590 1403 1597 1414 ,
1613 1381 1683 1408 aliud
1700 1381 1739 1408 vis

939 1429 977 1457 tu,
990 1425 1060 1453 aliud
1074 1426 1142 1453 Deus
1156 1435 1162 1452 :
1175 1431 1302 1454 converte
1312 1433 1359 1454 cor
1372 1431 1456 1461 tuum,
1468 1431 1493 1454 et
1503 1426 1587 1462 dirige
1599 1427 1630 1454 ad
1644 1427 1738 1459 Deum;

939 1473 1000 1508 quia
1014 1477 1043 1500 et
1056 1473 1184 1500 Dominus
1198 1473 1312 1501 intlrmis
1324 1481 1480 1509 compassus
1491 1478 1542 1501 est.
1556 1473 1626 1501 Vidit
1641 1474 1666 1500 in
1680 1481 1740 1501 cor-

939 1528 1005 1556 pore
1019 1527 1068 1547 suo
1078 1541 1085 1553 ,
1108 1520 1134 1547 id
1146 1520 1226 1547 estin
1243 1519 1362 1547 Ecclesia
1378 1526 1425 1546 sua
1441 1519 1560 1546 inﬁrmos
1573 1539 1581 1552 ,
1596 1520 1638 1554 qui
1653 1519 1739 1553 primo

939 1567 1101 1594 voluntatem
1115 1572 1189 1593 suam
1206 1565 1280 1600 sequi
1296 1569 1445 1598 tentarent;
1461 1565 1507 1593 sed
1523 1573 1584 1593 cum
1598 1564 1719 1592 viderent
1729 1565 1739 1581 ι

939 1613 1103 1640 voluntatem
1121 1612 1168 1640 Dei
1182 1612 1260 1640 aliam
1274 1619 1344 1645 esse,
1359 1612 1504 1647 dirigerent
1519 1619 1548 1639 se
1560 1616 1587 1639 et
1601 1618 1647 1638 cor
1661 1619 1737 1639 suum

939 1659 972 1686 ad
991 1658 1187 1693 suscipiendam
1202 1663 1229 1686 et
1250 1657 1414 1693 sequendam
1438 1657 1600 1685 voluntatem
1621 1657 1677 1685 Dei.
1699 1657 1740 1685 Ne

939 1705 1104 1732 voluntatem
1121 1704 1168 1731 Dei
1188 1703 1255 1732 velis
1270 1707 1397 1738 torquere
1416 1703 1448 1730 ad
1469 1703 1632 1731 voluntatem
1649 1707 1719 1730 tuam
1730 1724 1738 1737 ,

939 1750 985 1778 sed
1009 1755 1080 1777 tuam
1101 1750 1205 1785 corrige
1230 1749 1262 1776 ad
1286 1749 1447 1776 voluntatem
1472 1748 1529 1776 Dei.
1546 1748 1674 1776 Voluntas
1688 1748 1737 1776 Dei

939 1796 978 1823 sic
993 1798 1032 1823 est
1047 1795 1182 1831 quomodo
1197 1795 1305 1830 regula‘:
1318 1802 1390 1829 cccc,
1407 1799 1480 1830 puta,
1496 1795 1595 1822 torsisti
1610 1795 1739 1830 regulam;

939 1841 1012 1869 unde
1024 1841 1106 1868 habes
1121 1841 1236 1876 corrigi?
1250 1841 1294 1869 Illa
1306 1845 1394 1868 autem
1411 1841 1512 1875 integra
1526 1845 1615 1868 manet
1627 1849 1633 1867 ε
1649 1840 1740 1875 regula

940 1893 982 1916 est
993 1889 1064 1916 enim
1079 1887 1314 1915 incommutabilis.
1329 1887 1461 1920 Quamdiu
1474 1887 1575 1921 integra
1587 1889 1628 1913 est
1637 1885 1739 1921 regula,

940 1933 1024 1962 habes
1037 1942 1089 1969 quo
1104 1938 1129 1961 te
1143 1936 1285 1961 convertas
1298 1937 1324 1959 ct
1343 1932 1461 1967 corrigas
1477 1932 1631 1966 pravitatem
1656 1936 1738 1962 tuam.

940 1979 1023 2008 habes
1038 1979 1109 2007 unde
1129 1979 1246 2014 corrigas
1259 1978 1330 2013 quod
1348 1979 1373 2005 in
1388 1983 1413 2005 te
1432 1982 1530 2004 tortum
1546 1981 1596 2004 est.
1611 1976 1679 2010 Quid
1690 1983 1739 2003 au-

941 2030 993 2053 tem
1004 2025 1223 2052 volunthomines
1231 2025 1242 2049 ?
1251 2024 1347 2051 Parum
1359 2029 1410 2056 est,
1422 2023 1482 2058 quia
1490 2023 1651 2050 voluntatem
1663 2030 1739 2049 suam

940 2075 1087 2098 tortuosum
1102 2070 1218 2102 habent;
1233 2069 1312 2097 etiam
1328 2069 1420 2096 volunt
1433 2069 1597 2096 voluntatem
1614 2068 1660 2096 Dei
1680 2073 1738 2096 tor-

940 2121 994 2144 tam
1009 2116 1097 2144 facere
1116 2115 1262 2143 secundum
1284 2122 1331 2143 cor
1350 2122 1444 2147 suum,
1462 2118 1490 2141 ut
1509 2114 1560 2141 hoc
1574 2113 1654 2141 faciat
1667 2113 1738 2141 Deus

941 2162 1013 2198 quod
1037 2162 1087 2197 ipsi
1102 2161 1204 2196 volunt,
1219 2168 1281 2189 cum
1303 2160 1354 2196 ipsi
1370 2160 1420 2188 hoc
1434 2159 1548 2188 debeant
1570 2160 1656 2188 facere
1669 2160 1741 2195 quod

941 2208 1013 2237 Deus
1024 2208 1092 2236 vult.

978 2255 1022 2283 I9.
1042 2254 1182 2289 Quomodo
1205 2258 1294 2282 autem
1319 2254 1474 2289 complexus
1494 2258 1534 2281 est
1558 2254 1686 2282 Dominus
1709 2262 1741 2282 ex

943 2301 1046 2329 duabus
1066 2300 1248 2328 voluntatibus
1270 2308 1350 2328 unam
1367 2300 1461 2328 factam
1485 2301 1511 2327 in
1534 2301 1642 2328 homine
1662 2309 1741 2336 quem

942 2347 1083 2382 portabat?
1098 2346 1276 2382 Prtetigurans
1295 2346 1321 2373 in
1342 2354 1454 2382 corpore
1468 2354 1516 2374 suo
1526 2367 1533 2379 ,
1555 2346 1580 2373 id
1595 2351 1635 2374 est
1650 2347 1675 2373 in
1691 2347 1743 2374 Ec-

942 2392 1025 2420 clesia
1038 2400 1098 2426 sua,
1110 2392 1213 2419 futuros
1224 2392 1352 2427 quosdam
1367 2392 1411 2427 qui
1425 2392 1587 2419 voluntatem
1601 2399 1676 2419 suam
1688 2392 1742 2419 vcl-

944 2438 1000 2467 Ient
1015 2438 1112 2471 facere,
1123 2438 1169 2466 sed
1181 2443 1358 2473 sequerentur
1368 2443 1460 2473 postea
1475 2439 1537 2471 Dei;
1550 2438 1609 2473 quia
1624 2438 1743 2465 infirmos

944 2486 1075 2521 quosdam
1096 2486 1213 2513 ostendit
1226 2487 1297 2521 quod
1317 2486 1349 2513 ad
1367 2486 1454 2520 ipsum
1477 2485 1639 2520 pertineant,
1656 2489 1683 2512 et
1696 2492 1743 2512 eos

944 2533 1124 2569 prtefiguravit
1137 2533 1162 2560 in
1177 2540 1217 2560 se.
1233 2532 1298 2559 Nam
1314 2532 1375 2559 ideo
1390 2535 1418 2559 et
1431 2536 1487 2559 toto
1501 2539 1615 2566 corpore
1636 2532 1743 2567 sangui-

944 2587 1006 2608 nem
1021 2579 1126 2607 sudavit
1141 2579 1150 2615 (
1159 2578 1222 2606 Luc.
1237 2587 1306 2611 xxu,
1322 2578 1379 2613 M),
1395 2577 1455 2613 quia
1477 2578 1503 2604 in
1518 2585 1630 2613 corpore
1642 2585 1701 2610 suo,
1716 2577 1744 2605 id

945 2626 1027 2654 estin
1047 2625 1168 2653 Ecciesia
1183 2633 1248 2658 sua,
1272 2629 1418 2660 martyrum
1441 2624 1597 2660 sanguinem
1618 2625 1743 2652 ostendit.

945 2672 1014 2700 'I‘oto
1026 2679 1138 2707 corpore
1160 2671 1266 2706 sanguis
1279 2670 1368 2697 exibat
1383 2679 1389 2696 :
1406 2670 1441 2697 ita
1461 2670 1581 2698 Ecclesia
1595 2670 1652 2705 ejus
1667 2671 1746 2697 habet

945 2723 1093 2754 martyres;
1119 2725 1165 2753 per
1187 2721 1271 2744 totum
1287 2723 1384 2751 corpus
1397 2716 1455 2752 ejus
1477 2716 1551 2744 fusus
1571 2723 1612 2745 εει
1625 2717 1743 2752 sanguis.

946 2764 1081 2798 Quosdam
1118 2771 1181 2798 ergo
1204 2762 1324 2790 infirmos
1353 2763 1379 2790 in
1408 2770 1437 2791 se
1471 2763 1651 2799 prmflgurans,
1683 2763 1745 2790 νει*

947 2811 974 2838 1η
990 2817 1103 2846 corpore
1123 2816 1188 2843 suo;
1204 2817 1238 2837 ex
1258 2816 1372 2844 persona
1387 2809 1565 2843 inﬁmorum,
1581 2809 1747 2843 compatiens

949 2858 1014 2892 illis,
1028 2857 1066 2885 ait
1079 2865 1086 2884 :
1101 2856 1190 2891 Pater,
1204 2856 1227 2883 si
1237 2856 1293 2891 ﬁeri
1303 2860 1393 2892 potest,
1409 2861 1519 2884 transeat
1529 2864 1545 2882 a
1555 2863 1594 2882 me
1606 2855 1674 2882 calix
1688 2855 1747 2882 iste.

983 2928 991 2942 ι
1008 2929 1045 2951 Er.
1056 2929 1117 2951 Ven.
1129 2929 1155 2951 et
1165 2929 1232 2955 μοι,
1242 2924 1333 2956 vident,
1345 2927 1372 2949 et
1382 2923 1455 2956 paulo
1463 2926 1527 2955 post,
1539 2921 1656 2956 dirigunt.
1689 2926 1719 2947 II.

984 2959 994 2974 ¹
1011 2961 1049 2983 Er.
1061 2961 1121 2982 Ven.
1136 2961 1162 2982 et
1183 2954 1249 2986 Lor},
1259 2955 1285 2980 id
1297 2959 1342 2985 est,
1351 2954 1403 2986 pro,
1416 2954 1471 2980 vel.’
1493 2957 1523 2979 Il.
