4088 6438
66 407 148 455 rt‘
282 387 425 447 ως
1379 377 1680 437 ENARRA'.

1950 380 2239 440 'SALMUM
2270 380 2447 441 XCIII.
3424 384 3564 449 1210

65 525 121 575 ιε
231 492 247 575 Ι
280 514 344 559 et
371 512 422 556 tu
448 499 629 571 signes
652 504 704 553 te
723 538 738 565 ,
767 503 822 552 et
846 494 1002 564 dicis,
1034 492 1364 550 Christianus
1388 509 1527 562 sum,
1559 505 1617 551 ιιι
1642 495 1870 567 repellas
1978 506 2057 551 tus
2081 508 2152 553 εει
2181 515 2266 568 pes
2301 516 2461 554 meus.
2507 497 2683 567 Quare
2704 497 2814 571 jam
2846 502 3076 558 moveris
3102 544 3116 572 ,
3146 511 3198 560 et
3222 502 3358 561 dicis
3380 546 3395 572 ,
3425 505 3562 563 Sto?

79 604 143 684 μγ
224 587 243 684 ί
282 596 417 653 istos
451 593 634 649 nescio
670 605 845 663 quos:
873 590 970 646 sed
1013 588 1349 645 adversarius
1398 591 1628 660 premit,
1674 598 1863 661 urget;
1976 587 2039 643 Si
2071 590 2326 655 dicebam,
2373 590 2544 646 Motus
2590 602 2662 647 est
2701 609 2787 664 pes
2824 610 3000 662 meus;
3044 596 3389 653 misericordia
3430 607 3553 655 tua.

68 679 137 731 /
223 679 237 729 ⁵
278 686 423 760 quod
452 686 605 757 pejus
628 694 744 751 est,
765 682 1009 768 exemplo
1036 682 1447 738 Christianorum
1472 683 1697 739 suﬁ'ocat
1717 683 1866 739 chri-
1973 679 2211 749 Domine,
2233 684 2506 754 adjuvabat
2534 703 2629 741 me.
2655 686 2932 756 Quomodo
2958 692 3292 764 praesumpsit
3344 692 3555 759 Petrus,

277 786 501 836 stianos.
556 773 846 841 δυάδιιῖῑῖ
870 785 1157 841 aestuatur;
1216 775 1498 832 tribulatur
1523 777 1697 831 anima
1727 776 1866 831 chri-
1971 787 2078 827 non
2128 773 2179 828 in
2225 774 2425 832 viribus
2467 778 2598 832 suis.
2652 778 2941 837 Videbatur
2983 783 3238 839 Dominus
3279 783 3557 841 ambulare

249 845 449 929 ’ἓῖαἷιῖι
479 887 493 925 :
522 870 746 927 vincere
784 868 943 927 habet
983 880 1201 935 tamen;
1248 869 1344 926 sed
1386 870 1641 939 numquid
1665 869 1732 925 de
1767 870 1865 925 se?
1970 879 2133 936 Super
2169 882 2345 933 mare,
2393 869 2603 925 calcans
2636 872 2807 942 capita
2834 876 3070 931 omnium
3111 877 3460 947 superborum
3490 874 3543 931 in

278 962 407 1021 Ideo
444 962 567 1020 vide
608 960 739 1034 quid
775 960 936 1017 dicat.
986 960 1294 1031 Respondet
1331 962 1471 1016 enim
1498 1002 1515 1029 ,
1555 960 1691 1029 Quid
1736 960 1865 1015 mihi
1970 956 2074 1013 isto
2111 960 2327 1015 sacculo.
2376 961 2550 1039 Ipsum
2579 963 2680 1019 iter
2706 979 2860 1019 suum
2886 967 3142 1024 calcantis
3161 969 3335 1039 capita
3360 982 3552 1037 super-

277 1056 497 1128 prodest
516 1057 641 1128 quia
672 1055 832 1112 modo
858 1055 989 1111 mihi
1021 1055 1157 1111 facio
1183 1054 1438 1119 remedia,
1461 1065 1515 1111 et
1540 1055 1716 1111 lucror
1735 1070 1866 1126 pitu-
1969 1050 2188 1117 borum,
2236 1056 2551 1132 signiﬁcavit
2579 1050 3051 1132 ambulamer
3078 1062 3307 1117 tumidos
3339 1060 3551 1118 ﬂuctus.

278 1099 497 1128 νην...
517 1099 641 1128 .,.....
672 1099 832 1112 ...νυν
859 1099 989 1111 .......
1021 1099 1155 1111 ...νη
1183 1099 1438 1119 .-...ν.....,
1463 1099 1515 1111 ν.
1540 1099 1703 1111 ...-.ν.
1737 1099 1838 1126 ,,....
2236 1099 2278 1110 υ.
2319 1099 2551 1113 .....-.....
2579 1099 2861 1115 ......,........
2888 1099 2949 1116 ο..
2991 1099 3040 1116 υ.
3078 1099 3307 1117 ...ηυνυσ
3341 1099 3551 1118 μων..

277 1164 374 1205 eos
398 1148 550 1205 dies?
600 1162 739 1209 exeo
766 1148 890 1205 hinc
914 1147 981 1204 de
1010 1148 1114 1203 isto
1126 1148 1349 1203 °saeculo
1374 1188 1391 1215 ,
1422 1156 1477 1204 et
1503 1147 1638 1202 vado
1663 1146 1728 1201 ad
1753 1147 1862 1202 Do-
1968 1144 2151 1201 Calcat
2175 1099 3194 1225 mm.
3231 1154 3347 1217 Non
3374 1166 3553 1212 tamen

277 1240 483 1296 minum
507 1254 690 1296 meum
718 1241 736 1272 ¹
759 1280 777 1306 ,
800 1248 854 1296 et
879 1240 1052 1295 mittet
1071 1254 1159 1295 me
1180 1240 1231 1293 in
1261 1239 1471 1309 ignem;
1502 1239 1623 1309 quia
1656 1251 1863 1309 praepo-
1957 1228 2455 1297 maius
2479 1257 2574 1313 per
2575 1246 2833 1320 seipsum
2861 1247 3133 1303 ambulare
3161 1262 3324 1320 super
3343 1263 3509 1320 aquas
3538 1266 3551 1304 :

274 1336 357 1387 sui
385 1345 585 1403 paucos
610 1330 727 1388 dies
752 1332 872 1387 vita:
902 1329 1092 1387 futura:
1114 1373 1127 1399 ,
1161 1331 1337 1386 mittet
1363 1346 1449 1385 me
1484 1330 1539 1385 in
1567 1328 1858 1400 gehennas.
1967 1330 2060 1386 sed
2088 1328 2622 1410 qMTDoWne
2645 1380 2658 1401 ,
2689 1340 2734 1393 si
2759 1350 2811 1393 tu
2843 1356 2896 1394 es
2914 1379 2931 1407 ,
2971 1340 3095 1411 jube
3119 1356 3197 1396 me
3226 1342 3394 1396 venire
3417 1340 3484 1393 ad
3505 1350 3554 1397 te

277 1422 417 1490 Quas
437 1422 751 1493 gehennas?
795 1421 1005 1479 [Eterni
1027 1422 1213 1494 judicii
1242 1423 1356 1478 Dei.
1390 1423 1546 1486 Vere,
1577 1422 1675 1477 nisi
1708 1430 1861 1492 putas
1965 1437 2117 1491 super
2158 1441 2332 1494 aquas.
2377 1426 2468 1483 Ille
2498 1429 2550 1482 in
2594 1438 2853 1499 potestate
2892 1446 2986 1485 sua
3009 1471 3027 1499 ,
3072 1430 3262 1487 Petrus
3301 1431 3358 1487 in
3394 1430 3550 1502 jussu

275 1516 393 1585 quia
420 1516 565 1572 Deus
605 1524 757 1573 curat
799 1515 1069 1587 quomodo
1105 1516 1286 1570 vivant
1328 1514 1613 1570 homines?
1663 1515 1730 1569 Et
1759 1514 1861 1570 hoc
1966 1506 2319 1581 illiusT'JIt'be,
2356 1518 2555 1589 inquit,
2584 1523 2752 1577 uenire
2771 1538 2850 1577 me
2877 1523 2944 1577 ad
2981 1533 3048 1579 te.
3096 1523 3392 1595 Respondit
3417 1523 3547 1581 ille:

275 1606 407 1663 forte
457 1624 564 1663 non
610 1608 661 1663 in
694 1609 863 1678 platea
908 1607 1002 1663 tibi
1028 1607 1155 1663 dicit
1181 1608 1415 1672 amicus,
1468 1606 1561 1663 sed
1602 1606 1655 1661 in
1698 1606 1860 1661 domo
1975 1604 2120 1661 Veni.
2166 1607 2348 1665 Calcat
2386 1612 2528 1666 enim
2568 1623 2623 1668 et
2663 1612 2899 1670 Ecclesia
2940 1614 3112 1685 capita
3155 1614 3547 1687 superborum;

274 1713 441 1766 uxor,
486 1710 581 1755 aut
607 1699 748 1756 forte
775 1700 998 1756 maritus
1024 1699 1174 1755 uxori
1205 1698 1345 1754 ﬁdeli
1375 1699 1528 1754 bona:
1554 1708 1607 1755 et
1635 1707 1857 1765 sanctie,
1963 1699 2060 1754 sed
2084 1701 2203 1771 quia
2231 1702 2463 1759 Ecclesia
2493 1714 2574 1759 est
2593 1713 2649 1760 et
2669 1705 2827 1762 habet
2853 1707 3211 1763 inﬁrmitatem
3235 1708 3543 1776 humanam,

272 1789 527 1861 deceptor
552 1791 737 1862 ipsius.
763 1791 818 1847 Si
845 1791 1037 1847 mulier
1066 1791 1290 1857 marito,
1323 1791 1430 1846 Eva
1456 1799 1539 1846 est
1561 1791 1667 1856 illi;
1706 1791 1751 1845 si
1780 1791 1860 1845 vir
1964 1801 2023 1847 ut
2062 1794 2451 1865 compleretur,
2506 1797 2568 1853 Si
2615 1798 2839 1853 dicebam
2864 1842 2878 1864 ,
2928 1799 3102 1856 Motus
3148 1810 3222 1856 est
3261 1814 3347 1871 pes
3385 1817 3549 1868 meus,

269 1882 446 1949 uxori,
477 1882 725 1939 diabolus
752 1891 835 1939 est
863 1883 936 1938 illi
960 1902 982 1963 ε
1014 1893 1107 1938 aut
1132 1884 1244 1955 ipsa
1272 1884 1364 1939 tibi
1397 1884 1502 1938 Eva
1532 1895 1643 1951 est,
1679 1892 1771 1939 aut
1800 1894 1857 1939 tu
1964 1883 2209 1939 titubavit
2233 1885 2422 1941 Petrus
2450 1888 2502 1943 in
2535 1888 2689 1954 mari,
2719 1898 2773 1944 et
2798 1890 3152 1946 exclamavit:
3175 1889 3406 1957 Domine,
3430 1908 3550 1963 per-

265 1972 344 2029 illi
385 1988 615 2045 serpens
650 1990 731 2030 es.
788 1975 1087 2046 Aliquando
1110 1974 1220 2029 vult
1246 1984 1557 2031 convertere
1586 1984 1734 2045 pater
1759 1990 1855 2030 co-
1963 1990 2042 2030 co.
2075 1975 2223 2043 Quod
2252 1992 2380 2048 ergo
2412 1978 2497 2034 hic
2551 1979 2782 2049 positum
2810 1990 2925 2046 est,
2971 1980 3034 2037 Si
3076 1981 3335 2048 dicebam,
3373 1979 3547 2036 Motus

262 2064 583 2136 gitationem
611 2080 762 2121 suam
792 2064 877 2121 vel
898 2065 963 2120 ad
989 2064 1154 2120 ﬁlium
1190 2084 1203 2121 :
1236 2066 1435 2121 invenit
1459 2075 1512 2121 et
1541 2066 1710 2136 ipsum
1738 2080 1856 2121 ma-
1961 2077 2034 2120 est
2052 2083 2141 2136 pes
2169 2084 2307 2122 meus
2330 2087 2348 2133 ;
2379 2069 2480 2126 hoc
2500 2071 2570 2126 ibi
2599 2071 2827 2140 positum
2858 2080 2975 2140 est,
3004 2071 3235 2137 Domine,
3271 2088 3438 2144 pereo.
3471 2071 3541 2128 Et

257 2157 395 2221 lum,
424 2158 840 2229 nequissimum;
869 2166 1077 2225 aestuat,
1106 2157 1345 2221 ﬂuctuat,
1375 2156 1565 2228 quierit
1589 2156 1858 2227 quomodo
1960 2157 2103 2227 quod
2126 2157 2211 2214 hic
2237 2159 2464 2230 positum
2492 2170 2606 2229 est,
2639 2161 2991 2217 Misericordia
3013 2173 3099 2217 tua
3119 2206 3135 2231 ,
3174 2164 3420 2230 Domine,
3445 2164 3545 2218 ad-

256 2249 482 2315 vincat,
536 2262 703 2319 prope
730 2248 1011 2315 sorbetur,
1057 2263 1223 2319 prope
1259 2249 1556 2314 consentit,
1600 2247 1691 2303 sed
1718 2247 1857 2303 adsit
1952 2242 2163 2313 juvabat
2184 2259 2296 2309 me;
2333 2242 2433 2301 hoc
2462 2245 2530 2300 ibi
2564 2245 2793 2317 positum
2814 2256 2933 2314 est,
2968 2246 3203 2303 Porrexit
3222 2265 3427 2304 manum
3450 2246 3545 2303 Je-

256 2340 431 2397 Deus.
463 2340 655 2397 Audite
678 2356 806 2411 ergo
836 2340 1105 2397 Psalmum
1141 2358 1154 2396 :
1188 2339 1313 2406 Quis
1339 2348 1573 2411 exsurget
1594 2338 1737 2403 mihi,
1767 2339 1854 2394 in-
1959 2352 2045 2391 sus
2065 2337 2250 2402 dicens,
2287 2337 2506 2394 Modica:
2531 2340 2681 2409 ﬁdei,
2710 2341 2887 2412 utquid
2911 2341 3150 2397 dubitasti
3174 2341 3386 2415 (blattis.
3424 2357 3543 2410 xw,

253 2434 401 2505 quit,
429 2434 666 2487 adversus
689 2432 1062 2504 malignantes?
1091 2431 1220 2487 Tam
1246 2431 1397 2487 multi
1416 2441 1572 2497 sunt;
1602 2447 1857 2503 quacum-
1958 2427 2192 2502 25-51)?
2232 2430 2422 2487 Mirum
2450 2440 2533 2487 est
2560 2431 2829 2503 quomodo
2853 2433 3043 2507 probat
3073 2434 3211 2489 Dens
3255 2433 3538 2489 homines:

253 2541 373 2597 que
400 2525 663 2596 respicio,
713 2525 812 2596 ipsi
852 2535 1160 2581 occurrunt.
1208 2524 1337 2593 Quis
1364 2533 1608 2581 occurret
1631 2524 1853 2596 principi
1957 2519 2072 2592 ipsa
2103 2523 2337 2593 pericula
2376 2533 2555 2579 nostra
2586 2525 2603 2557 ⁸
2633 2523 2927 2580 dulciorem
2968 2524 3120 2580 nobis
3164 2523 3364 2580 faciunt
3405 2524 3540 2580 libec

252 2618 564 2689 iniquitatis
590 2616 803 2674 diabolo
823 2658 839 2684 ,
881 2626 935 2675 et
959 2617 1163 2690 angelis
1185 2617 1323 2689 ejus,
1350 2626 1405 2673 et
1438 2616 1740 2673 hominibus
1764 2632 1853 2674 se-
1957 2621 2185 2668 rantem.
2216 2613 2345 2669 Nam
2375 2614 2550 2671 videte
2572 2614 2713 2687 quod
2739 2616 2997 2686 sequitur.
3031 2615 3163 2682 Quia
3186 2615 3347 2683 dixit,
3372 2614 3433 2672 Si
3457 2615 3542 2669 di-

251 2708 442 2767 ductis
467 2708 533 2764 ab
555 2708 663 2764 eo?
1957 2706 2149 2774 cebam,
2183 2706 2353 2762 Motus
2381 2716 2452 2762 est
2479 2724 2564 2776 pes
2585 2724 2758 2774 meus;
2796 2708 3139 2763 misericordia
3156 2716 3263 2776 tua,
3296 2705 3537 2773 Domine,

332 2801 427 2856 2|.
470 2799 618 2873 [uers.
653 2798 763 2872 17.]
803 2798 921 2855 Nisi
946 2801 1065 2871 quia
1090 2798 1374 2867 Dominus,
1417 2799 1618 2870 inquit,
1659 2799 1853 2872 adjuvit
1956 2800 2227 2871 adjuuabat
2256 2817 2333 2855 me
2361 2800 2573 2857 :dulcis
2600 2801 2675 2857 illi
2719 2801 2900 2872 utique
2941 2800 3110 2857 factus
3138 2808 3221 2856 est
3261 2798 3538 2864 Dominus,

251 2910 384 2959 sine,
433 2892 586 2962 paulo
628 2878 793 2946 minus
839 2891 1148 2947 habitaverat
1185 2891 1239 2945 in
1283 2891 1481 2963 inferno
1518 2891 1690 2945 anima
1717 2907 1847 2945 mea.
1955 2892 2188 2964 eripiens
2231 2892 2377 2948 illum
2421 2908 2449 2947 a
2477 2892 2764 2963 periculis;
2817 2902 2872 2949 et
2913 2892 3033 2949 ideo
3068 2904 3340 2963 exponens
3369 2891 3538 2961 ipsam

250 2986 445 3055 Prope
478 2998 689 3041 rueram
718 2984 771 3039 in
814 2983 956 3039 illam
986 2982 1181 3038 fossam
1208 2998 1327 3054 quae
1361 2992 1571 3053 paratur
1604 2990 1850 3053 peccato-
1956 2983 2291 3040 dulcedinem
2329 2983 2539 3039 Domini
2566 3026 2582 3051 ,
2624 2983 2889 3041 exclamat
2914 2983 3099 3039 dicens
3119 3026 3135 3048 ,
3181 2981 3432 3049 Domine,
3462 2996 3543 3036 se-

248 3079 416 3133 ribus
447 3094 461 3130 :
490 3076 588 3131 hoc
615 3085 718 3142 est,
751 3076 906 3146 paulo
922 3075 1088 3129 minus
1113 3074 1165 3128 in
1188 3077 1387 3146 inferno
1407 3074 1713 3129 habitaverat
1733 3074 1850 3129 ani-
1953 3081 2179 3135 cundum
2209 3078 2577 3133 multitudinem
2603 3079 2835 3133 dolorum
2873 3094 3098 3132 meorum
3127 3077 3179 3130 in
3222 3072 3373 3130 corde
3404 3089 3537 3137 meo,

247 3186 355 3225 sua
381 3185 509 3223 mea.
552 3168 683 3236 Quia
710 3167 818 3236 iam
846 3166 1065 3223 nutabat
1086 3206 1101 3232 ν
1131 3165 1237 3236 iam
1267 3180 1433 3237 prope
1460 3164 1847 3233 consenliebal,
1955 3173 2324 3228 exhortationes
2359 3180 2459 3226 tua:
2473 3171 2883 3243 jucundauerunt
2917 3170 3138 3225 animam
3164 3182 3344 3222 meum.
3390 3164 3539 3221 Multi
3538 3180 3600 3287 [κ

250 3262 499 3287 _,......._:.
533 3261 596 3287 ..Α
629 3260 908 3287 n....:.......
968 3258 1031 3287 ιι.
1065 3266 1185 3287 nn...
1258 3257 1404 3287 ..η-,ιιι
1434 3258 1599 3287 ηυξ..
1681 3258 1814 3287 :......t
1958 3264 2164 3287 μμ---
2246 3262 2338 3287 --Α
2382 3263 2557 3287 ...ηιμη
2596 3262 2986 3287 -....-..i...:....--
3018 3280 3031 3287 -
3067 3241 3507 3287 -m-..."T..t.m...

250 3262 506 3333 respexit
532 3261 597 3315 ad
627 3260 931 3317 Dominum.
968 3258 1036 3315 Ut
1064 3266 1187 3329 puta
1213 3299 1228 3323 ,
1258 3257 1405 3313 verbi
1434 3258 1600 3329 gratia
1621 3300 1636 3324 ,
1681 3258 1849 3314 insul-
1954 3264 2202 3328 dolores,
2244 3262 2339 3319 sed
2382 3241 2560 3318 multa:
2594 3262 2989 3317 consolationes
3018 3280 3031 3317 :
3065 3241 3532 3325 amara‘T'ulnera,

248 3352 479 3409 tabatur
515 3351 629 3417 illi,
675 3359 733 3406 ut
760 3349 957 3407 taceret
984 3350 1334 3420 iniquitatem.
1384 3348 1683 3419 Aliquando
1705 3351 1848 3405 enim
1953 3357 2048 3413 sed
2075 3349 2686 3426 suavia—ammenta,

248 3452 593 3516 congregant
620 3459 679 3500 se
709 3444 868 3510 mali,
914 3452 971 3500 et
1008 3441 1263 3498 insultant
1300 3442 1493 3509 bonis;
1543 3442 1777 3499 maxime
1804 3441 1849 3497 si

2024 3450 2114 3507 25.
2147 3448 2297 3524 [vers.
2328 3445 2447 3522 20.]
2480 3446 2741 3518 Numquid
2762 3447 2985 3501 adha'ret
3013 3444 3100 3499 tibi
3125 3443 3265 3499 sedes
3293 3440 3537 3510 iniquita-

247 3538 464 3593 l'ucrint
489 3536 564 3592 illi
590 3535 771 3607 plures
789 3575 807 3603 ,
832 3544 890 3591 et
925 3533 1163 3606 ceperint
1195 3533 1343 3590 illum
1368 3548 1554 3599 unum,
1580 3533 1849 3604 quomodo

1954 3545 2039 3611 tis,
2071 3544 2155 3613 qui
2197 3543 2351 3615 [iugis
2384 3541 2610 3597 dolorem
2636 3542 2686 3595 in
2711 3538 2997 3612 prcccepto?
3031 3538 3143 3593 Hoc
3167 3536 3339 3604 dixit,
3370 3533 3540 3590 Nemo

247 3628 548 3701 aliquando
581 3629 744 3684 multa
769 3627 919 3699 palea
952 3635 1035 3682 est
1071 3626 1212 3681 circa
1252 3640 1416 3680 unum
1442 3639 1663 3697 granum
1701 3625 1849 3697 (tunc

1956 3636 2108 3691 sedet
2134 3646 2307 3691 tecum
2338 3634 2551 3705 iniquus
2571 3675 2585 3699 ,
2632 3647 2732 3688 nec
2762 3641 2818 3687 tu
2847 3630 3029 3687 sedem
3056 3628 3349 3700 iniquitatis
3370 3625 3536 3683 habe-

248 3738 378 3779 sion
405 3729 559 3776 erunt
583 3719 743 3774 simul
772 3734 895 3774 cum
940 3716 1099 3773 fuerit
1136 3731 1308 3773 massa
1354 3714 1624 3787 ventilata)
1655 3734 1667 3769 :
1701 3716 1851 3786 capi-

1954 3728 2056 3783 bis.
2101 3728 2168 3781 Et
2209 3726 2348 3782 unde
2392 3728 2493 3782 hoc
2537 3723 2825 3795 intelligat,
2874 3720 3047 3778 reddit
3083 3721 3396 3777 rationem:
3439 3716 3540 3789 Qui

251 3825 357 3871 tur
385 3815 521 3869 inter
553 3813 751 3869 multos
776 3811 986 3881 iniquos
1012 3808 1133 3876 ille,
1164 3808 1447 3864 insultatur
1477 3807 1587 3874 illi,
1619 3806 1851 3863 circum-
1955 3821 2127 3893 ﬁngis,
2157 3820 2346 3891 inquit,
2377 3818 2601 3873 άοιονρηι
2622 3818 2675 3871 in
2701 3823 2969 3887 ρνανεεριο,
2998 3812 3078 3867 Ex
3096 3811 3197 3867 hoc
3219 3810 3365 3866 enim
3385 3807 3543 3864 inge].

249 3907 514 3973 νεηίιυΐὶ
557 3917 919 3976 superponere
959 3916 1018 3958 se
1049 3901 1233 3957 νοιυηῑ
1265 3900 1337 3956 mi
1362 3941 1377 3966 ν
1404 3900 1672 3972 ειίιιςίιωιι
1699 3900 1849 3972 φλεβί
1954 3913 2061 3983 ligo
2090 3910 2231 3982 quod
2263 3925 2369 3965 non
2421 3909 2511 3965 tibi
2556 3907 2799 3963 adhaeret
2836 3904 2993 3960 sedes
3032 3900 3324 3972 iniquitatis
3347 3939 3364 3966 ,
3415 3898 3538 3968 quia

248 4002 499 4073 justum,
542 4008 597 4055 et
626 3998 882 4054 insultant
917 3995 1070 4067 quasi
1098 3994 1165 4051 de
1193 3995 1307 4065 ipsa
1336 3994 1533 4063 iustitia
1564 4011 1577 4049 :
1608 3994 1844 4064 Magnus,

1953 4021 2055 4062 nec
2085 4003 2241 4059 nobis
2275 4000 2580 4073 pepercisti.
2612 3999 2792 4054 Habes
2816 3995 2924 4053 hoc
2964 3995 3015 4050 in
3044 3992 3281 4065 Epistula
3310 3987 3539 4061 apostoli

248 4091 530 4162 inquiunt,
545 4089 816 4160 apostolus
835 4104 851 4154 ;
882 4088 937 4143 in
956 4087 1152 4143 coelum
1169 4084 1378 4150 volasti,
1398 4083 1667 4155 quomodo
1684 4084 1846 4139 Elias.

1954 4094 2138 4160 Petri,
2166 4101 2221 4150 et
2259 4092 2327 4148 ad
2368 4092 2468 4146 hoc
2506 4088 2869 4146 testimonium
2899 4084 3077 4157 posuit
3116 4083 3185 4139 de
3214 4081 3488 4153 Scriptura
3517 4096 3533 4135 :

249 4184 491 4243 F1":in
518 4182 760 4238 homines
791 4180 911 4246 ίεῑθι
955 4180 1026 4234 Ῐι³
1054 4188 1111 4234 ul
1136 4175 1425 4248 aliquando
1450 4174 1734 4232 attendens
1779 4174 1847 4232 ad
1952 4187 2172 4257 Tempus
2188 4194 2280 4251 est,
2305 4184 2398 4248 ait,
2420 4178 2947 4251 inchoationisjudicii
2971 4193 3035 4232 ea:
3054 4176 3203 4231 domo
3221 4172 3462 4238 Domini;
3488 4172 3542 4229 id

249 4280 501 4348 linguam
528 4275 836 4340 humanm.
859 4272 1140 4331 θτυιιθθεθῑ
1158 4285 1279 4328 esse
1300 4270 1471 4327 bonus
1497 4270 1636 4326 ίηιθΐ
1656 4270 1845 4324 111³108·
1953 4289 2039 4338 est
2056 4321 2072 4347 ,
2115 4288 2324 4349 tempus
2354 4284 2438 4332 est
2465 4284 2521 4330 ut
2548 4271 2707 4329 modo
2727 4271 3034 4343 judicentur
3060 4270 3148 4341 qui
3178 4267 3447 4339 pertinent
3470 4264 3540 4321 ad

249 4371 500 4427 Resistet
525 4384 655 4442 ergo
695 4369 881 4435 malis;
929 4367 1023 4423 sed
1064 4380 1170 4422 non
1197 4364 1264 4420 de
1289 4364 1490 4420 viribus
1514 4364 1646 4431 suis.
1666 4374 1746 4419 ‘ne
1773 4362 1851 4418 εἴ·
1954 4375 2169 4430 domum
2200 4369 2433 4427 Domini.
2455 4366 2511 4423 Si
2536 4364 2869 4436 ﬂagellantur
2896 4362 3024 4429 ﬁlii,
3052 4359 3179 4433 qttid
3200 4358 3396 4416 debent
3419 4371 3545 4429 spe-

251 4464 477 4522 ﬁciatur
497 4462 761 4535 superbus
780 4504 797 4531 ,
823 4477 946 4517 cum
976 4461 1088 4516 vult
1107 4458 1334 4516 evadere
1363 4458 1642 4530 superbos,
1679 4467 1733 4513 et
1757 4472 1852 4511 au-

1954 4485 2076 4525 rare
2119 4466 2257 4522 servi
2307 4459 2660 4534 nequissimi?
2711 4458 2943 4528 Ideoque
2986 4454 3231 4511 addidit:
3265 4452 3327 4509 Si
3369 4460 3539 4506 autem

248 4569 390 4632 gent
430 4572 707 4614 numerum
749 4554 1121 4627 superborum.
1165 4552 1273 4609 Sed
1300 4552 1424 4624 quid
1451 4551 1623 4606 dicat?
1668 4569 1686 4602 ι
1721 4549 1849 4617 Quis

2032 4563 2155 4616 tium
2178 4576 2209 4613 a
2236 4558 2377 4614 nobis
2399 4598 2413 4623 ,
2456 4554 2567 4628 quis
2600 4553 2717 4623 ﬁnis
2753 4568 2928 4606 eorum
2961 4550 3050 4620 qui
3079 4565 3179 4603 non
3213 4546 3423 4603 credunt
3446 4543 3546 4598 Dei

252 4660 516 4723 exsurget
539 4651 667 4705 mihi
695 4650 950 4705 adversus
975 4647 1373 4717 malignantes?
1402 4654 1492 4700 aut
1521 4645 1642 4716 quis
1670 4643 1849 4700 consi-
1957 4652 2278 4725 Evangelia?
2325 4648 2526 4705 Deinde
2567 4645 2806 4716 adjungit
2845 4641 2976 4698 illud
3024 4640 3385 4697 testimonium
3423 4655 3437 4691 ε
3470 4636 3539 4691 Et

253 4754 372 4802 stet
398 4743 528 4798 mihi
566 4742 825 4797 adversus
855 4748 1141 4811 operantes
1178 4737 1552 4808 iniquitatem?
1580 4735 1701 4817 .Nisi
1727 4734 1851 4806 quia

1955 4752 1998 4805 si
2010 4751 2182 4820 justus
2205 4746 2288 4801 uia:
2316 4741 2609 4807 satvabitur,
2644 4748 2887 4810 peccator.
2903 4745 2949 4791 et
2974 4735 3161 4805 impius
3186 4734 3271 4787 ubi
3298 4730 3541 4802 parebunt

258 4836 526 4891 Dominus
553 4834 753 4904 adjuvit
782 4848 885 4898 me,
918 4832 1079 4903 paulo
1104 4830 1281 4885 minus
1308 4827 1643 4884 habitaverat
1672 4826 1722 4881 in
1760 4826 1847 4881 in-
1958 4842 2001 4916 (ι
2030 4841 2171 4896 pe”,
2200 4854 2273 4903 ιγ’
2305 4837 2392 4903 17,
2421 4834 2556 4906 ίεγῖ
2593 4831 2874 4899 Quomodo
2901 4844 3029 4901 ergo
3054 4836 3214 4884 erum
3242 4836 3416 4881 ιεουηι
3438 4823 3539 4878 ini-

258 4926 420 4983 ferno
447 4927 623 4982 anima
652 4940 792 4980 mca-
829 4944 849 4977 ι
1956 4933 2082 5005 qui,
2109 4927 2322 5001 quando
2346 4941 2443 4983 nec
2470 4926 2574 4980 tuis
2601 4923 2846 4981 ﬁdelibus
2886 4921 3059 4992 parcis
3083 4962 3098 4988 ,
3127 4927 3183 4974 ut
3207 4930 3458 4973 exerceas
3487 4924 3546 4971 et

336 5017 425 5072 22.
462 5015 613 5090 [vers.
646 5016 734 5082 18,
769 5014 879 5087 19.]
906 5013 965 5069 Si
993 5014 1238 5081 dicebam,
1266 5010 1438 5067 Motus
1466 5020 1538 5065 est
1561 5027 1647 5080 pes
1674 5025 1852 5074 meus;

1957 5028 2171 5085 erudias
2217 5025 2353 5081 eos?
2400 5020 2505 5078 Sed
2533 5020 2654 5092 quia
2698 5025 2916 5089 pr0pter
2961 5015 3061 5069 hoc
3087 5026 3191 5068 non
3237 5011 3435 5083 parcit,
3485 5019 3542 5065 ut

258 5111 615 5167 misericordia
656 5119 741 5164 tua
766 5151 782 5175 ,
820 5107 1037 5162 Domine
1059 5149 1075 5173 ,
1105 5106 1375 5177 ndjuvabat
1401 5120 1498 5158 me.
1546 5102 1678 5157 Vide
1715 5116 1851 5171 quo—

1958 5118 2199 5184 erudiat;
2241 5114 2361 5171 ideo
2385 5113 2559 5179 dixit,
2610 5111 2707 5179 Qui
2733 5109 2884 5179 ﬁngis
2910 5105 3136 5161 dolorem
3177 5104 3230 5158 in
3267 5110 3539 5174 praecepto.

259 5204 426 5260 modo
451 5203 838 5259 confessionem
864 5210 1007 5257 amat
1036 5200 1198 5256 Deus.
1242 5199 1480 5255 Movetur
1508 5212 1601 5268 pes
1629 5204 1770 5263 tuus,
1798 5204 1853 5250 et
1960 5210 2141 5282 pingi,
2171 5209 2311 5264 enim
2339 5214 2423 5262 est
2446 5249 2460 5273 ,
2512 5204 2665 5259 Facis
2706 5201 2903 5255 formas
2925 5240 2941 5267 ,
2987 5197 3221 5269 plasmas
3249 5213 3264 5263 ;
3322 5193 3463 5250 unde
3491 5204 3546 5250 et

258 5312 369 5351 rion
400 5295 555 5362 dicis,
589 5293 827 5349 Muvetur
853 5308 946 5363 pes
970 5306 1122 5347 meus
1146 5309 1159 5357 ;
1189 5290 1284 5347 sed
1305 5302 1447 5346 stare
1470 5298 1521 5345 te
1546 5288 1700 5354 dicis,
1729 5303 1851 5344 cum

1960 5304 2103 5376 ﬁguli
2130 5301 2395 5363 dicuntur,
2426 5307 2480 5354 et
2504 5311 2599 5351 vas
2621 5294 2780 5349 ﬁctile
2803 5292 2999 5347 dicitur
3031 5308 3045 5345 :
3078 5304 3186 5345 non
3214 5291 3393 5345 ﬁctum
3418 5288 3544 5344 illud

254 5392 369 5459 jam
399 5401 545 5443 ruas.
579 5385 689 5441 lmo
712 5386 758 5441 si
788 5386 894 5456 jam
929 5384 1137 5455 ccepisti
1166 5383 1402 5449 moveri,
1432 5382 1475 5436 si
1501 5382 1609 5451 jam
1642 5379 1851 5451 cmpisti

1959 5395 2101 5468 quod
2131 5384 2463 5449 mendacium
2492 5398 2602 5453 est;
2651 5384 2745 5441 sed
2770 5384 2910 5456 quod
2950 5382 3212 5439 formatur
3239 5392 3297 5436 ut
3335 5379 3438 5447 sit,
3492 5388 3548 5434 et

258 5484 557 5549 ﬂuctuare,
586 5481 841 5536 conﬁtere
870 5488 1070 5534 motum
1094 5518 1108 5541 ,
1152 5492 1219 5532 ne
1262 5477 1480 5547 plangas
1510 5475 1748 5539 ruinam;
1798 5484 1855 5530 ut

1960 5490 2152 5544 habeat
2178 5486 2406 5555 aliquam
2437 5481 2693 5546 formam,
2731 5478 2869 5535 sicut
2897 5476 3211 5549 jamdudum
3238 5475 3408 5539 dixit,
3446 5472 3546 5540 Qui

260 5576 481 5643 adjuvet
512 5584 562 5629 te
592 5574 709 5637 ille,
753 5588 820 5627 ne
850 5572 902 5625 in
941 5569 1147 5624 inferno
1173 5569 1241 5624 sit
1278 5568 1453 5623 anima
1489 5577 1595 5622 tua.
1626 5566 1851 5622 Confes-
1962 5584 2109 5653 Ῑῖηπξε
2139 5578 2358 5643 cadum,
2385 5593 2485 5630 ηοη
2521 5574 2743 5629 videbit?
2784 5572 3047 5644 Numquid
3070 5614 3086 5639 ,
3133 5571 3283 5640 ﬁnxi;
3323 5568 3549 5635 oculum,

259 5669 473 5724 sionem
512 5667 627 5721 vult
671 5664 843 5727 Deus,
890 5662 1243 5717 humilitatem
1287 5661 1418 5714 vult.
1465 5660 1636 5714 Motus
1666 5675 1763 5723 es,
1799 5666 1854 5711 ut
1962 5671 2298 5731 mendacium
2343 5668 2460 5724 es]?
2507 5666 2611 5722 sed
2637 5665 2978 5736 ίηιειιίείιωι,
3005 5661 3546 5728 Ριδδηιςιγηοςυιυηι.

266 5760 433 5818 homo
460 5778 475 5826 ;
502 5759 715 5830 adjuvat
737 5768 788 5813 te
818 5758 927 5823 ille,
962 5764 1016 5808 ut
1047 5755 1189 5809 Deus
1222 5771 1234 5805 :
1268 5756 1360 5808 sed
1391 5754 1474 5809 dic
1501 5762 1703 5819 tamen,
1744 5751 1857 5805 Mo-
2026 5796 2043 5825 ι
2079 5799 2212 5841 “$5.:
2231 5788 2405 5841 mrum
2429 5792 2516 5849 est,
2542 5787 2668 5851 quod
2696 5794 2822 5836 Deus
2844 5783 3012 5849 probm
3036 5781 3320 5847 hominim’
3341 5782 3448 5851 ipsa
3464 5795 3552 5849 pe.

328 5871 349 5908 ⁸
384 5877 511 5922 £85.:
540 5878 670 5922 Exeo
688 5865 805 5921 illnc
828 5866 893 5917 ad
930 5863 1197 5924 Dominum,
1224 5872 1317 5915 rte.
1966 5855 2140 5916 ricula,
2167 5861 2261 5905 etc.
2284 5854 2355 5904 sic
2375 5848 2517 5904 etiam
2542 5848 2688 5901 editio
2710 5857 2811 5913 Ain.
