4088 6444
512 354 644 436 tati

508 465 634 524 fecit
661 467 895 524 oculum.
934 467 1120 524 Nonne
1146 468 1336 539 ﬁgulus
1360 476 1478 536 est,
1518 481 1640 522 cum
1665 465 1901 539 fragiles,
1933 467 2082 522 inﬁr-

511 572 650 626 mos,
681 568 735 615 et
761 567 1000 616 terrenos
1028 561 1046 592 ³
1073 558 1232 615 facit?
1272 557 1408 613 Audi
1435 557 1749 629 Apostolum
1779 558 2042 614 dicentem
2074 576 2087 612 :

511 650 771 710 Habemus
809 657 1092 710 thesaurum
1128 653 1278 708 istum
1320 654 1374 707 in
1413 653 1545 708 vasis
1590 653 1828 724 ﬁctilibus
1862 652 1930 726 (ll
1973 653 2090 706 (.‘or.

521 760 572 799 IV
591 787 609 813 ,
637 742 715 816 7).
765 744 869 801 Sed
904 745 1040 801 forte
1063 745 1198 800 alius
1229 745 1382 800 nobis
1409 741 1534 799 fecit
1561 744 1676 801 haec
1700 746 1869 800 vasa?
1915 745 2092 814 Ipsum

513 834 636 889 audi
666 834 930 890 dicentem
960 853 972 890 :
1003 854 1021 887 ι
1056 834 1101 890 0
1122 835 1305 903 homo,
1340 845 1394 891 tu
1415 835 1533 906 quis
1563 851 1620 890 es
1648 835 1738 906 qui
1766 834 2092 906 reSpoudeas

511 925 667 980 Deo?
691 925 957 998 Numquid
977 926 1103 983 dicit
1126 927 1432 1000 ﬁgmentum
1459 927 1506 982 ei
1531 929 1620 1000 qui
1648 943 1706 983 se
1727 928 1899 994 ﬁnxit,
1919 928 2094 995 Quare

512 1015 590 1070 sic
618 1031 703 1072 me
732 1015 939 1072 fecisti?
992 1019 1182 1074 Annon
1213 1019 1375 1075 habet
1402 1026 1718 1089 potestatem
1766 1017 1956 1089 ﬁgulus
1999 1015 2094 1072 luti

510 1123 574 1162 ex
607 1107 793 1164 eadem
825 1123 998 1165 massa
1026 1099 1204 1166 facere
1231 1110 1372 1166 aliud
1409 1126 1502 1166 vas
1529 1111 1579 1165 in
1617 1110 1875 1166 honorem
1895 1151 1911 1176 ,
1950 1107 2097 1164 aliud

515 1198 569 1253 in
600 1193 976 1256 contameliam
1003 1221 1021 1254 ι
1058 1193 1234 1272 (Rom.
1266 1218 1322 1257 ix
1343 1245 1359 1270 ,
1389 1201 1489 1270 20,
1516 1201 1654 1272 ειη
1686 1201 1814 1257 Vide
1839 1210 1894 1257 et
1922 1201 2094 1272 ipsum

512 1289 798 1346 Dominum
829 1291 1133 1360 Christum,
1179 1294 1302 1365 quia
1333 1294 1562 1350 ostendit
1596 1309 1655 1350 se
1684 1294 1918 1365 ﬁgulum.
1961 1293 2096 1348 Nam

512 1380 636 1451 quia
664 1381 730 1437 de
769 1381 893 1438 limo
943 1379 1214 1439 hominem
1247 1385 1442 1441 fecerat
1480 1382 1630 1458 (Gen.
1659 1402 1727 1453 ιι,
1752 1387 1844 1457 7),
1876 1384 1943 1441 de
1968 1385 2096 1440 limo

512 1473 731 1530 inunxit'
747 1478 831 1532 cui
863 1478 1036 1533 minus
1075 1479 1126 1533 in
1168 1489 1320 1535 utero
1358 1481 1543 1535 oculos
1572 1479 1771 1535 fecerat
1796 1476 1976 1552 (Ioan.
2009 1495 2091 1550 ιι,

515 1561 648 1639 1-6).
682 1565 822 1640 Ergo
848 1569 988 1640 quod
1015 1569 1163 1637 dixit,
1192 1570 1457 1644 Numquid
1477 1573 1702 1626 adliceret
1722 1572 1810 1626 tibi
1834 1571 1975 1628 sedes
1998 1572 2096 1625 ini-

513 1654 750 1729 quitatis,
785 1663 874 1733 qui
904 1663 1054 1734 ﬁngis
1077 1664 1295 1719 dolorem
1324 1665 1377 1719 in
1408 1666 1698 1737 prwcepto?
1729 1666 1808 1722 sic
1832 1665 2092 1732 dicamus,

511 1749 774 1823 Numquid
805 1753 1040 1811 adhaeret
1085 1755 1177 1810 tibi
1215 1755 1369 1812 sedes
1402 1756 1731 1828 iniquitatis,
1771 1756 1858 1827 qui
1899 1755 2097 1811 formas

511 1840 750 1898 dolorem
797 1844 848 1900 in
891 1848 1194 1917 praecepto?
1243 1845 1467 1904 Formas
1493 1890 1508 1913 ,
1541 1848 1746 1918 inquit,
1773 1847 2011 1903 dolorem
2041 1848 2095 1903 in

513 1941 814 2004 praecepto,
849 1934 900 1991 id
937 1946 1049 2005 εει,
1097 1936 1163 1993 de
1191 1937 1376 1993 dolore
1401 1947 1727 2008 praeceptum
1757 1939 1912 1993 nobis
1938 1937 2088 2004 facis,

513 2033 572 2078 ut
615 2024 728 2096 ipse
755 2026 908 2082 dolor
936 2039 1274 2108 praeceptum
1301 2031 1371 2086 sit
1412 2031 1589 2086 nobis.
1636 2032 1915 2100 Quomodo
1941 2032 2095 2088 nobis

512 2114 666 2170 dolor
688 2126 771 2173 est
811 2121 1177 2190 praeceptum?
1219 2120 1443 2188 Quando
1470 2132 1520 2178 te
1549 2123 1778 2192 ﬂagellat
1805 2124 1894 2195 qui
1920 2139 2016 2195 pro
2043 2133 2096 2181 te

513 2218 758 2267 mortuus
782 2221 894 2278 est,
941 2223 995 2282 et
1029 2230 1136 2270 non
1165 2215 1256 2270 tibi
1282 2217 1542 2288 promittit
1568 2220 1588 2249 ⁸
1619 2218 2002 2275 beatitudinem
2035 2220 2088 2275 in

511 2300 612 2355 ista
641 2303 744 2357 vita
769 2344 785 2372 ,
826 2311 880 2359 et
920 2303 1102 2361 fallere
1132 2322 1235 2362 non
1263 2316 1465 2377 potest,
1507 2299 1567 2364 et
1588 2309 1674 2364 hic
1698 2325 1805 2364 non
1832 2309 1923 2365 dat
1949 2310 2091 2381 quod

513 2387 729 2474 quieris.
774 2395 911 2464 Quid
941 2397 1122 2454 dabit?
1165 2399 1255 2455 ubi
1281 2399 1466 2456 dabit?
1509 2412 1763 2472 quantum
1791 2402 1956 2470 dabit,
2000 2404 2092 2474 qui

519 2471 609 2540 bic-
644 2502 748 2542 non
792 2488 918 2555 dat,
956 2490 1045 2560 qui
1090 2490 1176 2549 hic
1217 2492 1418 2559 erudit,
1451 2471 1541 2565 qui
1585 2492 1734 2565 ﬁngit
1772 2471 2092 2551 doloremin

508 2580 814 2651 prtecepto?
841 2580 1018 2637 Labor
1041 2589 1124 2638 est
1153 2581 1238 2637 hic
1261 2591 1398 2650 tuus,
1429 2592 1483 2639 et
1513 2585 1723 2655 requies
1755 2585 1846 2641 tibi
1879 2586 2092 2656 promit-

508 2666 656 2724 titur.
715 2671 963 2746 Attendis
1004 2681 1057 2728 te
1099 2671 1295 2730 habere
1325 2674 1410 2730 hic
1436 2674 1705 2743 laborem;
1747 2677 1841 2732 sed
1877 2679 2091 2735 attende

507 2759 719 2828 qualem
769 2762 855 2818 ille
903 2764 1140 2834 requiem
1181 2765 1476 2836 pollicetur.
1524 2767 1786 2840 Numquid
1827 2770 2084 2841 cogitare,

505 2851 693 2920 potes?
720 2850 775 2907 Si
806 2852 947 2908 illam
969 2869 1153 2924 posses
1180 2859 1436 2927 cogitare,
1468 2858 1676 2917 videres
1707 2870 1757 2915 te
1787 2861 1916 2915 nihil
1942 2862 2090 2918 labo-

506 2955 628 2996 rare
653 2942 720 2997 ad
736 2947 1245 3016 compensationem.
1275 2947 1409 3004 Audi
1434 2965 1553 3004 cum
1580 2953 1667 3022 qui
1691 2951 1818 3007 illud
1846 2968 1910 3006 ex
1937 2963 2088 3023 parte

505 3033 787 3101 cernebat,
837 3037 926 3107 qui
962 3036 1122 3104 dixit,
1159 3037 1313 3094 Nunc
1347 3041 1450 3096 scio
1483 3058 1547 3096 ex
1583 3051 1725 3112 parte
1755 3041 1797 3116 (Ι
1821 3041 1938 3100 Cor.
1971 3061 2085 3114 xm,

507 3122 598 3196 12)
631 3141 643 3178 :
672 3125 797 3196 quid
818 3127 892 3182 ait
916 3128 1244 3198 Apostolus?
1292 3149 1310 3183 ‹
1346 3131 1554 3188 Etenim
1592 3131 1735 3204 quod
1759 3143 1840 3190 est
1864 3134 1930 3190 ad
1960 3151 2090 3206 pra:-

505 3231 632 3272 sens
653 3220 942 3290 temporale
965 3229 1019 3277 et
1047 3221 1164 3278 leve
1193 3223 1545 3280 tribulationis
1571 3235 1802 3296 nostrai,
1833 3227 1985 3297 juxta
2008 3229 2087 3283 in-

504 3303 811 3366 credibilem
833 3311 1048 3367 modum
1074 3355 1089 3378 ,
1116 3315 1244 3370 etin
1274 3316 1638 3372 incredibilem
1668 3318 1904 3388 modum,
1932 3331 2087 3376 teter-

507 3414 634 3454 num
684 3401 866 3473 gloriae
927 3404 1135 3475 pondus
1182 3417 1434 3477 operatur
1480 3409 1658 3464 nobis.
1707 3429 1727 3464 ι
1786 3409 1923 3480 Quid
1972 3421 2082 3479 est,

510 3510 529 3544 ι
562 3501 818 3548 aeternum
859 3495 1042 3566 gloria:
1088 3497 1297 3568 pondus
1321 3507 1572 3570 operatur
1603 3499 1793 3558 nobis?
1825 3520 1844 3554 ι
1895 3503 2086 3573 quibus

503 3575 812 3653 operatur?
848 3603 867 3638 ‹
900 3586 1015 3642 Non
1060 3590 1467 3660 respicientibus
1509 3609 1628 3664 qua:
1670 3593 1949 3662 videntur,
1991 3595 2086 3652 sed

501 3693 622 3748 quae
651 3693 759 3734 non
783 3679 1031 3736 videntur
1059 3699 1072 3737 :
1105 3699 1223 3755 quae
1249 3685 1390 3740 enim
1433 3685 1681 3742 videntur
1707 3730 1720 3756 ,
1771 3689 2084 3759 temporalia

500 3778 653 3840 sunt;
686 3787 804 3846 qua:
845 3782 1019 3830 autem
1041 3791 1146 3830 non
1169 3777 1446 3846 videntur,
1472 3789 1669 3835 aeterna
1698 3799 1715 3832 ι
1767 3778 1831 3852 (ll
1857 3779 1976 3836 Cor.
2005 3797 2079 3847 tv,

502 3861 590 3930 17,
626 3863 734 3933 l8).
791 3865 906 3921 Noli
928 3881 1047 3924 esse
1075 3869 1222 3941 piger
1247 3871 1298 3926 in
1329 3871 1512 3927 labore
1543 3871 1809 3939 breviter,
1854 3877 1908 3928 ct
1947 3888 2082 3944 gau-

503 3954 656 4011 debis
684 3956 1090 4017 incessabiliter.
1143 3962 1422 4020 Eternam
1447 3965 1610 4019 vitam
1640 3964 1733 4019 tibi
1765 3963 1983 4021 daturus
2003 3975 2086 4020 est

501 4046 643 4103 Deus
676 4066 688 4102 :
720 4050 891 4120 cogita
919 4063 1120 4123 quanto
1141 4054 1324 4111 labore
1349 4056 1576 4112 emenda
1606 4057 1702 4128 sit.

567 4139 658 4194 24.
690 4140 971 4211 lntendite,
1000 4143 1220 4211 fratres;
1250 4147 1434 4202 venale
1462 4157 1564 4203 est.
1606 4147 1808 4205 Venale
1834 4157 1917 4204 est
1941 4149 2083 4217 quod

499 4236 855 4306 habeo,-dicit
884 4240 977 4296 tibi
1007 4243 1175 4309 Deus;
1204 4259 1324 4300 eme
1345 4241 1492 4299 illud.
1517 4244 1651 4312 Quid
1674 4244 1832 4301 habet
1863 4246 2083 4301 venale?

497 4329 754 4402 Requiem
782 4333 1018 4389 venalem
1051 4334 1250 4402 habeo;
1282 4329 1408 4390 eme
1427 4337 1568 4391 illam
1591 4335 1657 4390 de
1679 4337 1875 4392 labore.
1907 4337 2085 4393 lnten-

495 4421 627 4491 dite,
660 4433 716 4480 ut
744 4425 910 4480 simus
939 4427 990 4481 in
1022 4427 1235 4484 nomine
1277 4427 1473 4484 Christi
1521 4428 1684 4483 fortes
1719 4428 1989 4484 christiani
2013 4432 2032 4462 ³
2063 4447 2080 4487 :

491 4512 600 4583 jam
644 4515 908 4571 modicum
939 4526 1022 4573 est
1048 4517 1188 4588 quod
1213 4528 1375 4573 restat
1401 4518 1454 4573 in
1485 4519 1724 4586 Psalmo,
1756 4537 1859 4576 non
1891 4519 2079 4593 fatige-

493 4621 632 4661 mur.
665 4606 942 4676 Quomodo
966 4609 1108 4668 enim
1148 4609 1298 4682 fortis
1336 4612 1530 4681 poterit
1572 4627 1692 4668 esse
1730 4613 1780 4667 in
1815 4614 2074 4681 faciendo,

492 4698 582 4768 qui
605 4698 783 4755 deﬁcit
807 4700 860 4756 in
878 4700 1178 4757 audiendo?
1205 4701 1388 4758 Aderit
1415 4703 1667 4758 Dominus
1689 4713 1746 4758 ut
1762 4705 1912 4761 vobis
1937 4697 2090 4777 quod.

420 4809 429 4868 ε
491 4791 753 4862 reliquum
795 4801 899 4864 est,
949 4780 1296 4865 explicemus.
1343 4795 1611 4852 Attendite
1640 4815 1652 4850 :
1683 4797 2076 4868 quodammodo

491 4880 633 4940 Deus
671 4886 945 4956 proposuit
985 4886 1170 4943 venale
1207 4902 1428 4957 regnum
1470 4889 1748 4944 caelorum.
1784 4889 1925 4945 Dicis
1951 4893 2022 4946 illi
2057 4909 2072 4947 :

424 4950 434 4965 ’
489 4950 955 5040 Quantum-valet?
985 4977 1220 5034 Pretium
1259 4950 1422 5048 ipsius
1456 4978 1606 5035 labor
1655 4990 1738 5035 est
1766 4999 1779 5036 :
1807 4983 2074 5051 quomodo

488 5065 533 5119 si
574 5067 792 5136 diceret,
831 5071 1068 5127 Pretium
1099 5071 1264 5144 ipsius
1305 5088 1492 5128 aurum
1533 5082 1636 5140 est,
1665 5089 1770 5128 non
1806 5076 2074 5133 sufﬁceret

488 5154 592 5210 hoc
637 5158 809 5215 solum
844 5160 1052 5230 dicere,
1105 5163 1199 5220 sed
1238 5179 1508 5236 qumreres
1559 5174 1812 5235 quantum
1859 5183 2068 5223 aurum.

489 5249 621 5304 Nam
651 5260 704 5305 et
733 5251 934 5308 solidus
970 5269 1157 5310 aurum
1191 5263 1292 5320 est,
1326 5265 1381 5312 et
1415 5255 1724 5324 semiuncia,
1755 5267 1809 5314 et
1838 5259 1987 5324 libra,
2019 5269 2073 5316 et

486 5341 591 5397 tale
617 5342 835 5412 aliquid.
869 5343 992 5400 Ideo
1018 5345 1150 5402 dixit
1176 5339 1422 5418 pretium,
1446 5365 1513 5405 ne
1535 5350 1806 5407 laborares
1831 5367 2069 5424 qumrere

484 5434 736 5508 quamdiu
780 5435 1107 5494 invenires‘.
1144 5438 1312 5510 Hujus
1349 5441 1427 5497 rei
1478 5443 1703 5512 pretium
1753 5441 1904 5499 labor
1944 5455 2064 5502 est:

548 5550 565 5582 ί
598 5551 670 5618 Sic
692 5557 790 5600 Am.
809 5556 883 5601 Er.
910 5557 963 5602 et
978 5551 1252 5603 nostri-Mss.
1271 5559 1326 5603 At
1343 5559 1451 5603 Lov.
1473 5557 1582 5604 eum
1605 5554 1760 5606 tribus
1775 5568 1805 5606 e
1820 5557 1922 5607 suis
1936 5562 2061 5618 Mss,

485 5616 704 5667 atternos.
1483 5677 1496 5688 ο
1543 5676 1554 5688 ⁸

545 5677 889 5753 tarem-Er.-
913 5682 1087 5750 ειδιεεο
1115 5684 1168 5726 λι
1189 5683 1592 5753 ῐλονρ,ρςνηυριτε
1733 5739 1776 5753 Α.
1825 5740 1836 5751 .
1869 5741 1899 5753 ,.
1971 5743 1981 5753 .

543 5739 566 5815 ξ
601 5737 824 5802 Plerique
851 5749 973 5802 Mss,
997 5739 1258 5815 iri-nomine
1269 5737 1472 5815 ebriati,
1495 5739 1996 5815 fratreshcﬁristimii.

542 5799 564 5831 ι
597 5808 669 5851 Stc
690 5799 868 5874 negtiis
897 5799 979 5856 Ms.
1019 5807 1099 5874 alii
1137 5818 1245 5874 cum
1269 5803 1402 5874 add,
1429 5799 1831 5868 quamdiu'liujus
1853 5806 1925 5858 rei
1946 5817 2058 5871 pre-

477 5863 617 5927 tium,
645 5863 953 5928 ειεηόιιιιεδυ
971 5871 1137 5931 verbo,
1161 5866 1406 5919 invenir“.

1749 354 1806 411 S.
1847 351 2210 410 AUGUSTIN]
2250 353 2550 414 EPISCOPI

3650 374 3796 434 1212

2201 479 2428 538 quantus
2459 471 2610 528 labor
2633 474 2747 530 est?
2783 473 2902 531 Jam
2937 491 3114 547 quarre
3154 487 3210 534 tu
3247 492 3504 553 quantum
3535 487 3780 549 laboran-

2198 558 2323 614 dum
2373 562 2459 616 sit.
2504 562 2748 619 Nondum
2779 565 2972 624 dicitur
2999 569 3091 624 tibi
3116 582 3344 642 quantus
3370 575 3586 635 futurus
3613 582 3684 637 sit
3707 584 3783 645 la,

2198 653 2296 710 bor
2330 655 2459 724 iste,
2506 658 2592 714 vel
2638 671 2892 730 quantum
2939 663 3136 740 laboris
3162 666 3230 723 de
3259 677 3310 724 te
3338 671 3586 742 exigatur
3616 693 3630 730 :
3661 677 3782 734 illud

2199 745 2294 800 tibi
2334 746 2462 802 dicit
2506 748 2669 818 Deus,
2698 752 2810 822 Ego
2848 755 3072 812 ostendo
3098 769 3292 829 quanta
3329 763 3398 817 sit
3421 763 3514 818 illa
3538 768 3781 838 requies;

2201 847 2255 892 tu
2281 839 2456 909 judica
2487 854 2685 913 quanto
2715 845 2896 904 labore
2921 851 3146 908 emenda
3175 854 3263 910 sit.
3312 855 3465 912 Dicat
3488 875 3619 930 ergo
3650 862 3783 920 Deus

2199 940 2396 998 quanta
2441 932 2610 990 futura
2651 937 2719 992 sit
2761 939 2872 1009 ipsa
2919 945 3150 1014 requies.
3192 945 3338 1002 Beati
3363 950 3452 1019 qui
3481 952 3706 1008 habitant
3732 960 3782 1009 in

2201 1022 2348 1078 domo
2385 1035 2502 1090 tua;
2540 1028 2594 1082 in
2631 1031 2820 1086 sarcula
2843 1037 3450 1096 sweulorum‘taudabunt
3482 1049 3550 1097 te;
3599 1047 3616 1113 (
3644 1045 3778 1102 Psat.
4024 1067 4025 1128 χ

2201 1127 2418 1180 Lxxxm,
2459 1117 2492 1172 5
2517 1118 2554 1179 ).
2601 1119 2725 1176 Haac
2771 1132 2853 1178 est-
2894 1127 3104 1197 requies
3145 1132 3466 1201 sempiterna
3498 1151 3511 1189 :
3541 1137 3657 1192 sine
3685 1137 3775 1197 ﬁne

2201 1209 2302 1263 erit
2331 1211 2541 1282 requies
2567 1213 2685 1282 ista,
2714 1215 2830 1273 sine
2858 1219 2962 1275 ﬁne
2985 1221 3087 1276 erit
3113 1224 3358 1293 gaudium
3387 1227 3512 1292 hoc,
3542 1231 3658 1287 sine
3685 1232 3790 1289 ﬁne‘

2200 1301 2303 1355 erit
2327 1302 2507 1358 laetitia
2532 1305 2648 1372 ista,
2670 1307 2786 1364 sine
2813 1311 2916 1365 ﬁne
2940 1312 3044 1366 erit
3068 1314 3422 1386 incorruptio;
3449 1320 3610 1376 vitam
3634 1333 3782 1380 aeter-

2201 1406 2322 1430 nam
2354 1393 2568 1430 lmlmhlc
2593 1415 2606 1427 .
2637 1401 2869 1430 νΛηιιῖη-νι
2908 1419 3023 1430 κη...
3052 1417 3152 1430 -.-.._
3179 1407 3329 1430 r.-L-.
3361 1412 3425 1430 n-_
3452 1429 3460 1430 ,
3508 1429 3515 1430 ,
3581 1415 3619 1430 μ.
3730 1427 3739 1430 -

2200 1406 2322 1446 nam
2351 1393 2607 1464 habebis;
2636 1401 2870 1470 requiem
2905 1419 3024 1474 quae
3051 1417 3157 1461 non
3178 1407 3336 1465 habet
3361 1412 3544 1468 ﬁnem.
3578 1415 3778 1482 Quanto

2201 1485 2382 1544 labore
2407 1488 2564 1560 digna
2606 1501 2688 1548 est
2729 1497 2938 1566 requies
2974 1512 3091 1568 qua:
3134 1517 3239 1557 non
3288 1502 3450 1560 habet
3495 1507 3692 1563 ﬁnem?
3729 1509 3778 1567 Si

2200 1593 2384 1635 verum
2419 1583 2496 1637 vis
2536 1599 2866 1655 comparare,
2895 1599 2950 1645 et
2978 1607 3159 1648 verum
3183 1595 3446 1668 judicare,
3477 1611 3672 1656 aeterna
3697 1621 3780 1660 re-

2200 1671 2351 1740 quies
2395 1683 2596 1730 aeterno
2642 1677 2822 1735 labore
2869 1691 3015 1738 recte
3054 1686 3267 1743 emitur.
3297 1688 3496 1745 Verum
3529 1693 3631 1750 hoc
3658 1707 3778 1754 est‘:

2199 1764 2293 1819 sed
2321 1766 2425 1820 noli
2449 1768 2655 1835 timere,
2684 1772 2987 1831 misericors
3005 1787 3089 1833 est
3116 1779 3274 1837 Deus.
3309 1783 3364 1838 Si
3395 1786 3540 1840 enim
3564 1787 3780 1846 haberes

2200 1867 2457 1914 mternum
2498 1861 2753 1929 laborem,
2788 1878 3058 1938 nunquam
3099 1876 3408 1950 pervenires
3439 1878 3506 1933 ad
3535 1890 3777 1938 a3ternam

2200 1952 2452 2022 quietem.
2493 1953 2720 2028 Semper
2760 1960 3004 2018 laborans
3037 1967 3248 2036 quando
3277 1982 3632 2041 perventurus
3668 1993 3780 2035 eras

2199 2043 2265 2140 ad
2306 2046 2433 2101 illud
2476 2049 2617 2118 quod
2661 2050 2817 2122 digne
2845 2055 3059 2125 quidem
3106 2069 3278 2130 potest
3317 2067 3422 2120 emi
3465 2070 3779 2140 sempiterno

2199 2134 2402 2202 labore,
2432 2140 2554 2209 quia
2583 2146 2906 2212 sempiterna
2935 2151 3144 2219 requies
3171 2155 3286 2208 est?
3311 2154 3490 2228 Equo
3520 2134 3774 2230 pretium:

2199 2238 2401 2285 alterno
2423 2241 2568 2288 certe
2595 2233 2777 2292 labore
2796 2236 2951 2309 digna
2973 2251 3055 2296 est
3073 2253 3269 2302 mterna
3291 2249 3444 2318 quies
3465 2259 3772 2324 comparari.

2198 2319 2303 2376 Sed
2333 2323 2378 2376 si
2405 2337 2618 2396 semper
2637 2327 2926 2396 laborares,
2954 2349 3224 2406 nunquam
3246 2340 3310 2395 ad
3337 2345 3578 2414 requiem
3591 2319 3776 2418 ’ρετινε-

2196 2415 2361 2472 uires.
2396 2418 2536 2490 Ergo
2563 2429 2619 2476 ut
2643 2423 2927 2494 aliquando
2952 2432 3234 2498 pervenias
3261 2435 3327 2490 ad
3358 2437 3410 2492 id
3445 2440 3588 2509 quod
3603 2415 3770 2514 emis,

2197 2519 2301 2562 non
2329 2509 2381 2564 in
2402 2518 2658 2568 uernum
2682 2515 3026 2575 laborandum
3055 2532 3138 2578 est
3169 2541 3182 2579 :
3212 2541 3316 2581 non
3347 2530 3472 2599 quia
3504 2547 3608 2588 non
3639 2509 3772 2593 valet

2196 2599 2349 2664 tanti,
2381 2601 2476 2658 sed
2507 2612 2564 2659 ut
2585 2606 2919 2676 possideatur
2942 2613 3082 2682 quod
3109 2615 3322 2672 emitur.
3353 2619 3525 2692 Digna
3558 2634 3639 2681 est
3660 2629 3772 2697 qui-

2194 2687 2316 2744 dem
2345 2694 2447 2748 cmi
2475 2694 2656 2752 labore
2686 2711 2974 2770 perpetuo;
3021 2707 3116 2761 sed
3157 2724 3376 2768 necesse
3403 2725 3488 2770 est
3517 2725 3574 2772 ut
3605 2687 3773 2777 labore

2194 2786 2471 2854 temporali
2510 2799 2734 2845 ematur.
2780 2791 2937 2852 Certe
2983 2807 3158 2855 tantus
3202 2801 3385 2860 debuit
3423 2821 3576 2877 esse,
3608 2811 3659 2866 id
3698 2821 3770 2869 est

2193 2877 2549 2948 sempiternus
2571 2882 2720 2938 labor
2747 2901 2842 2955 pro
2866 2889 3048 2959 requie
3075 2895 3423 2966 sempiterna.
3455 2901 3635 2959 Decies
3655 2920 3767 2961 cen-

2194 2975 2313 3024 tena
2356 2971 2517 3026 millia
2562 2989 2820 3031 annorum
2865 2979 2916 3034 in
2963 2981 3145 3040 labore
3181 2977 3319 3057 quid
3352 2991 3768 3052 valent?Decies

2192 3071 2416 3118 centena
2468 3066 2631 3121 millia
2679 3083 2938 3127 annorum
2989 3073 3185 3133 habent
3234 3082 3392 3137 ﬁnem
3435 3103 3449 3138 :
3494 3084 3642 3155 Quod
3683 3085 3768 3144 tibi

2192 3151 2352 3222 dabo,
2385 3154 2514 3211 dicit
2541 3156 2699 3224 Deus,
2731 3175 2834 3217 non
2865 3162 3080 3220 habebit
3124 3167 3300 3226 ﬁnem.
3342 3151 3536 3240 Qualis
3567 3178 3766 3236 miseri-

2191 3248 2369 3303 cordia
2398 3249 2524 3306 Dei?
2549 3251 2660 3308 Nec
2682 3252 2836 3320 dicit,
2871 3256 3052 3316 Decies
3079 3272 3301 3320 centena
3328 3267 3494 3324 millia
3521 3285 3764 3328 annorum

2190 3338 2402 3407 labora;
2431 3358 2536 3398 non
2566 3344 2711 3413 dicit,
2741 3347 2821 3403 vel
2849 3349 2991 3406 mille
3017 3366 3184 3410 annos
3214 3356 3426 3427 labora;
3475 3377 3580 3418 non
3618 3363 3763 3432 dicit,

2189 3432 2505 3502 quingentos
2531 3450 2699 3493 annos
2730 3438 2908 3496 labora
2937 3460 2950 3496 τ
2974 3447 3248 3502 cam-vivis
3277 3449 3483 3521 labora,
3513 3455 3563 3511 in
3594 3456 3762 3526 paucis

2191 3526 2378 3590 annis;
2409 3527 2532 3584 inde
2556 3529 2665 3598 jam
2693 3534 2904 3603 requies
2930 3536 3059 3604 erit,
3101 3547 3156 3594 et
3195 3541 3353 3598 ﬁnem
3391 3561 3499 3601 non
3542 3547 3759 3605 habebit.
3979 3583 3986 3602 ι
4015 3575 4018 3586 ι

2191 3614 2258 3671 El.
2312 3618 2487 3674 adhuc
2533 3623 2656 3674 audi
2710 3632 3128 3674 consemmmhi
3161 3652 3173 3665 -
3213 3633 3426 3674 ηηηιὶιω
3511 3642 3762 3674 “munt...”
3848 3589 4021 3674 "‘._..,/‘bi

2190 3614 2258 3671 Et
2312 3618 2487 3675 adhuc
2533 3623 2656 3678 audi
2710 3632 3128 3699 conse'queutia‘
3161 3652 3173 3688 :
3207 3633 3458 3705 Domine,
3505 3642 3762 3696 secundum
3817 3614 4018 3723 άπιηίθξ

2191 3710 2562 3770 mollitudinem
2587 3717 2819 3774 dolorum
2847 3737 3070 3779 meorum
3109 3728 3161 3782 in
3199 3732 3352 3787 corde
3372 3747 3503 3802 meo,
3538 3736 3760 3792 eat/torta-
3817 3709 3930 3818 ut;
3964 3709 4022 3812 βλ

2191 3801 2349 3857 tiones
2393 3814 2494 3859 tua:
2536 3809 2948 3864 iucundaverunt'
2978 3802 3200 3864 animum
3244 3839 3404 3864 annum
3474 3827 3538 3864 Pr
3577 3842 3759 3864 nant-na
3822 3796 3877 3864 Ῐτδ
3907 3761 3958 3864 7
3998 3851 4019 3864 s-

2191 3801 2349 3857 tiones
2393 3814 2494 3859 tuaz
2525 3809 2948 3877 jucundaverunt'
2978 3802 3200 3874 animum
3244 3839 3427 3880 meant.
3474 3827 3539 3882 Et
3577 3842 3760 3899 paucos
3815 3801 3942 3911 [μί

2220 3967 2289 3980 —
2355 3969 2389 3980 -
2605 3957 2617 3966 ’
2835 3957 2861 3975 r
2881 3957 2940 3960 7"
2982 3957 3251 3969 “’““’”¹¹’”’“δ1
3276 3957 3379 3970 ΙΙυΙΙ
3408 3957 3557 3975 υμνοι
3581 3957 3757 3975 υυιισυ*
3811 3957 3821 4014 1
4013 3957 4016 3970 ἶ

2220 3985 2315 4014 ὶΙῖΛ
2365 4002 2467 4014 και-ι
2495 3988 2684 4014 ...ια-...Ι
2717 4009 2809 4014 ..ᾼγκ
2830 3996 2890 4014 1⁵-
3033 4002 3066 4014 ,ι
3089 4002 3122 4014 ιι
3286 4009 3315 4014 -
3371 4010 3386 4014 -
3488 4013 3512 4014 η
3659 4012 3670 4014 _
4011 3973 4018 4014 ἱ

2190 3897 2389 3975 am
2388 3894 2618 3966 laboras,
2641 3909 2692 3955 et
2726 3902 2779 3956 in
2817 3904 2960 3975 ipsis
2982 3907 3251 3969 laboribus
3276 3932 3379 3970 non
3408 3917 3557 3975 deest
3580 3894 3758 3975 conso-

2189 3983 2468 4078 lat_io_,_npn
2492 3988 2687 4083 desint
2711 3996 3248 4083 gaudwdiana.
3282 4009 3387 4064 Sed
3410 4013 3516 4067 noli
3543 4012 3757 4083 gaudere
3808 3983 3818 4083 Ῐ
4011 3983 4019 4080 i

2189 4078 2241 4133 in
2274 4071 2470 4137 εεῆιῆο
2503 4071 3304 4166 τξιπὸῖιτιῖδῆὦξῖευάε
3345 4103 3395 4157 in
3437 4071 3595 4160 verbio
3631 4106 3752 4174 ejus,

2188 4170 2358 4266 gaude
2387 4172 2439 4228 in
2471 4174 2588 4246 lege
2621 4177 2756 4246 ejus.
2789 4181 2869 4237 Ad
2895 4182 3007 4253 ipsa
3037 4189 3223 4256 gaudia
3255 4193 3485 4262 pertinet
3513 4170 3754 4266 quodie;

2187 4261 2418 4330 quimur,
2446 4276 2499 4319 et
2534 4267 2673 4335 quod
2703 4269 2915 4327 auditis.
2944 4273 3166 4341 Quan‘tm
3195 4261 3322 4352 ergo
3347 4295 3470 4341 sunt
3502 4261 3612 4341 ista:
3635 4303 3753 4342 con-

2188 4354 2476 4412 solationes
2515 4360 2567 4412 in
2607 4363 2766 4417 tantis
2808 4363 3112 4423 laboribus?
3143 4371 3336 4430 Verum
3367 4386 3448 4433 est
3475 4395 3598 4451 ergo
3627 4377 3752 4450 quod

2187 4446 2317 4502 dixit
2339 4450 2644 4519 Apostolus,
2683 4473 2702 4506 ε
2732 4455 2942 4512 Etenim
2966 4461 3108 4530 quod
3129 4464 3193 4518 ad
3223 4473 3457 4536 prtesen's
3480 4446 3751 4538 temporale

2186 4551 2269 4596 est
2308 4550 2362 4597 et
2407 4543 2522 4600 leve
2567 4547 2917 4606 tribulationis
2964 4565 3180 4624 nostrm,
3215 4559 3361 4629 juxta
3409 4563 3748 4619 incredibilem

2185 4635 2423 4701 modum,
2452 4649 2507 4692 et
2537 4639 2596 4693 in'
2615 4642 2976 4701 incredibilem
3006 4650 3219 4705 modmn
3243 4696 3256 4719 ,
3305 4665 3557 4712 aeternum
3585 4656 3748 4727 gloria:

2185 4729 2392 4797 pondus
2414 4740 2665 4810 operatur
2691 4735 2862 4790 nobis.
2890 4756 2908 4788 ι
2953 4739 3091 4796 Ecce
3121 4753 3372 4813 quantum
3417 4750 3635 4818 pretium
3660 4746 3745 4800 da-

2184 4835 2323 4887 mus,
2355 4823 2586 4892 quodam
2634 4827 2792 4881 modo
2829 4845 2987 4886 unam
3037 4833 3278 4905 siliquam
3323 4839 3402 4893 ad'
3432 4837 3745 4909 accipiendos

2185 4912 2461 4970 thesauros
2491 4918 2841 4987 sempiternos
2872 4939 2884 4974 :
2915 4923 3157 4994 siliquam
3192 4927 3386 4986 laboris
3424 4931 3488 4986 ad
3525 4931 3741 5001 requiem

2181 5005 2569 5073 incredibilem,
2615 5012 2906 5068 secundum
2951 5017 3090 5087 quod
3134 5019 3332 5076 dictum
3365 5032 3463 5090 est,
3493 5023 3643 5078 Juxta
3673 5021 3741 5074 in-

2179 5099 2467 5156 credibilem
2497 5102 2720 5168 modum,
2752 5113 2798 5157 et
2817 5105 2869 5159 in
2895 5107 3236 5166 incredibilem
3266 5115 3490 5180 modum,
3520 5123 3738 5168 (uernum

2180 5194 2356 5264 gloria:
2379 5195 2580 5266 pondus
2608 5208 2861 5266 operatur.
2895 5199 3106 5258 Gaudes
3145 5204 3210 5259 ad
3255 5214 3494 5278 tempus;
3538 5204 3636 5259 noli
3677 5199 3737 5255 ibi

2177 5284 2345 5341 ﬁdere
2373 5304 2386 5340 :
2419 5287 2584 5343 tristis
2612 5304 2671 5343 es
2700 5289 2765 5343 ad
2795 5300 3032 5361 tempus;
3066 5296 3173 5350 noli
3213 5298 3516 5368 desperare.
3559 5296 3662 5350 Non
3693 5284 3754 5356 lci

2177 5389 2480 5450 corrumpat
2527 5379 2769 5449 felicitas,
2816 5392 2871 5438 et
2921 5400 3026 5440 non
3079 5386 3280 5459 frangat
3328 5391 3734 5448 adversitaszlle

2174 5472 2315 5530 forte
2334 5473 2478 5530 dicas
2501 5475 2552 5530 in
2580 5477 2758 5532 animo
2785 5488 2896 5544 tuo,
2919 5480 3035 5536 Non
3065 5492 3235 5552 potest
3263 5484 3395 5554 ﬁeri,
3424 5495 3479 5541 ut
3508 5486 3632 5539 Deus
3652 5475 3732 5532 ad-

2173 5567 2348 5622 mittat
2377 5568 2441 5621 ad
2470 5583 2528 5623 se
2550 5568 2775 5640 iniquos,
2805 5571 3080 5642 quijustos
3109 5576 3251 5645 ipsos
3276 5579 3535 5639 emendat,
3562 5581 3613 5627 ut
3639 5567 3731 5622 sal-

2171 5669 2288 5726 vet;
2319 5660 2405 5731 qui
2436 5659 2555 5716 ideo
2581 5661 2848 5731 emendat,
2873 5672 2929 5718 ut
2957 5666 3180 5721 erudiat.
3211 5667 3272 5724 Si
3291 5669 3468 5725 Justus
3489 5667 3566 5724 vix
3580 5661 3726 5720 salum

2241 4063 2430 4078 _“

2240 5843 2256 5876 π
2281 5843 2354 5894 sic
2375 5848 2473 5892 Am.
2504 5848 2575 5892 Er.
2603 5848 2653 5892 et
2675 5847 2781 5892 Mss.
2808 5848 2866 5892 At
2880 5847 3010 5906 Lov.,
3037 5850 3358 5897 consonantia.
