4088 6438
299 393 449 451 1215‘

288 508 413 577 ﬁet;
439 512 675 577 peccator
700 513 747 557 et
772 504 958 572 impius
980 501 1063 557 ubi
1095 501 1375 575 parebunt?
1406 504 1673 575 Numquid
1699 506 1873 560 adlue-

285 612 362 655 ret
389 601 475 655 tibi
497 602 641 656 sedes
664 601 981 672 iniquitatis?
1008 600 1060 655 id
1087 610 1197 665 est,
1230 599 1491 671 Numquid
1518 600 1756 656 adhaeret
1785 600 1878 655 tibi

285 691 445 747 sedes
469 693 780 764 impiorum;
812 692 907 763 qui
918 693 1069 764 ﬁngis
1087 692 1315 747 dolerem
1332 693 1384 746 in
1406 704 1672 763 praecepto,
1705 692 1791 763 qui
1826 703 1883 748 et

284 787 420 842 istos
449 787 584 842 ﬁlios
608 788 687 841 sic
713 786 927 842 voluisti
954 798 1204 842 exercere
1230 796 1283 841 et
1309 786 1539 852 erudire,
1563 787 1639 841 sic
1665 786 1875 841 voluisti

282 880 363 935 eis
394 889 659 950 praecepta
685 879 831 945 dare,
860 888 916 934 ut
940 892 1044 934 non
1068 878 1382 934 essent'sine
1405 880 1612 943 timore,
1640 894 1705 933 ne
1731 887 1875 932 am’a-

281 981 405 1027 rent
429 970 627 1041 aliquid
648 970 811 1036 aliud,
841 980 895 1027 et
921 971 1362 1026 obliviscerentur
1390 981 1440 1026 te
1466 980 1651 1025 verum
1675 969 1873 1025 bonum

278 1062 483 1119 suum?
507 1063 686 1119 Bonus
715 1073 797 1119 est
824 1063 963 1119 Deus
996 1081 1009 1117 :
1039 1063 1082 1118 si
1111 1074 1338 1119 cessaret
1366 1064 1526 1119 Deus.
1560 1070 1613 1117 et
1638 1070 1742 1118 nun
1772 1064 1874 1117 mi-

278 1165 459 1212 sceret
502 1142 882 1212 amaritudines
924 1142 1263 1212 feﬁcitatibus
1292 1156 1489 1223 surculi,
1531 1155 1871 1212 obliviscere-

278 1263 405 1303 mur
430 1261 574 1302 eum.
717 1239 1614 1260 ψ

288 1305 577 1332 ν

350 1341 443 1396 25.
492 1340 598 1396 Sed
639 1340 727 1396 ubi
768 1354 994 1412 angores
1032 1343 1407 1398 molestiarum
1442 1342 1641 1398 iaciunt
1681 1342 1880 1398 ﬂuctus“

278 1433 496 1497 animae,
527 1433 771 1490 tidesilla
802 1449 919 1504 quae
948 1435 1016 1489 ibi
1047 1435 1362 1501 dormiebat,
1387 1436 1666 1490 excitetur.
1698 1435 1740 1489 Τ
1744 1450 1869 1489 ran-

278 1526 501 1597 quillum
528 1527 673 1582 enim
695 1536 830 1592 erat,
854 1527 1068 1596 quando
1086 1528 1337 1583 dormivit
1361 1528 1601 1583 Christus
1624 1528 1678 1583 in
1700 1528 1831 1583 mari
1853 1546 1866 1582 :

277 1618 375 1674 illo
398 1619 697 1675 dormiente
728 1628 1014 1689 tempestas
1041 1630 1155 1675 orta
1184 1626 1285 1685 est,
1323 1630 1379 1676 et
1418 1628 1695 1689 cmpcrunt
1725 1620 1869 1689 peri-

275 1713 473 1767 clitari.
506 1712 648 1784 Ergo
677 1713 729 1767 in
754 1713 916 1768 corde
939 1712 1231 1768 christiano
1267 1723 1318 1769 et
1353 1714 1704 1784 tranquillitas
1744 1712 1865 1780 erit,

274 1814 332 1860 et
352 1814 490 1875 pax;
536 1804 633 1860 sed
675 1805 927 1876 quamdiu
970 1806 1149 1876 vigilat
1190 1807 1324 1862 ﬁdes
1362 1816 1541 1861 nostra
1573 1823 1586 1860 :
1619 1807 1661 1861 si
1689 1817 1866 1861 autem

1352 388 1746 446 ENARR‘ATIO
1784 388 1851 445 IN
1888 390 2211 452 PSA‘LMUM
2252 397 2433 455 XCIII.

1987 506 2248 565 desieram
2269 514 2529 582 Quterere.
2556 514 2683 582 Quis
2703 517 2844 572 enim
2867 516 3029 576 facile
3045 520 3350 577 recordatur
3372 524 3563 595 Deum;

1984 603 2072 671 qui
2095 618 2307 674 semper
2330 606 2453 662 felix
2477 619 2577 675 est,
2606 619 2667 664 et'
2683 624 2778 681 spe
2807 614 3309 685 praesenti'gaudet?
3336 617 3569 673 Recedet

1983 708 2105 764 spes
2135 697 2334 762 saeculi,
2364 710 2414 754 et
2446 702 2662 756 accedat
2691 716 2814 773 spes
2841 706 2962 771 Del;
2997 715 3053 760 ut
3081 709 3247 775 possis
3265 708 3464 774 dicere,
3499 699 3573 764 Et

1983 789 2146 856 factus
2171 799 2241 843 est
2269 792 2391 844 mihi
2415 791 2663 847 Dominus
2686 792 2735 849 in
2757 792 3009 867 refugium
3036 814 3054 853 :
3082 798 3155 852 ad
3181 799 3285 855 hoc
3314 802 3562 867 doleam,

1985 878 2139 934 utliat
2157 881 2282 936 mihi
2302 883 2554 939 Dominus
2572 886 2623 940 in
2648 888 2923 958 refugium.
2948 888 3017 943 Et
3035 889 3173 945 Deus
3188 908 3325 946 meus
3342 893 3393 945 in
3414 895 3563 947 auxi~

1982 972 2103 1026 lium
2137 977 2244 1043 spei
2278 992 2419 1031 mete.
2460 976 2613 1031 Modo
2651 979 2791 1034 enim
2824 978 3076 1036 Dominus
3109 996 3231 1051 spes
3312 986 3563 1053 quamdiu

1982 1066 2121 1120 enim
2151 1068 2235 1122 hic
2262 1082 2466 1137 sumus,
2484 1071 2535 1125 in
2556 1076 2651 1142 spe
2665 1082 2868 1139 sumus,
2885 1074 3115 1128 nendum
3135 1076 3184 1129 in
3202 1086 3282 1133 re.
3301 1076 3404 1151 Sed
3420 1092 3486 1131 ne
3507 1078 3559 1132 in

1978 1173 2074 1229 spe
2102 1157 2428 1227 deficiamus,
2458 1163 2611 1219 a’d'es't‘
2633 1166 2924 1234 promissor
2948 1166 3159 1237 erigens
3191 1180 3306 1232 nos,
3338 1175 3390 1222 ct
3424 1176 3562 1223 tem-

1978 1250 2170 1322 perans
2208 1255 2318 1324 ipsa
2344 1255 2480 1319 mala
2510 1259 2904 1327 quurpatimur.
2935 1252 3049 1313 Non
3087 1260 3231 1313 enim
3258 1257 3450 1313 frustra
3481 1260 3562 1313 di-

1977 1354 2248 1414 ctum'est,
2294 1366 2312 1399 ι
2341 1348 2545 1403 Fidelis
2585 1350 2742 1416 Deus,
2776 1352 2863 1421 qui
2906 1365 3011 1405 non
3051 1351 3191 1407 sinet
3234 1362 3339 1405 vos"
3371 1352 3561 1407 tentari

1977 1450 2319 1511 supra'quam
2351 1435 2568 1510 potestis
2596 1440 2763 1507 ferre;
2796 1441 2889 1497 sed
2931 1443 3089 1498 faciet
3115 1457 3235 1497 cum
3268 1444 3558 1498 teutatione

1976 1532 2133 1589 etiam
2178 1535 2396 1601 exitum,
2438 1543 2491 1589 ut
2532 1535 2743 1604 possitis
2786 1534 3045 1590 sustinere
3067 1546 3096 1588 ι·
3122 1535 3177 1613 (γι
3205 1535 3319 1590 Cor.
3347 1552 3399 1603 x,
3429 1534 3556 1607 i3),

1976 1626 2051 1680 sic
2083 1626 2251 1680 mittat
2278 1628 2328 1680 in
2361 1628 2624 1681 fornacem
2657 1627 3032 1695 tribulationis,
3060 1639 3115 1682 ut
3135 1640 3393 1698 coquatur
3420 1640 3511 1683 vas
3540 1670 3554 1696 ,

1974 1735 2079 1774 non
2122 1726 2177 1774 tit
2213 1719 2501 1791 frangatur.
2533 1720 2598 1773 Et
2624 1725 2787 1791 factus
2810 1731 2881 1776 est
2911 1724 3034 1775 mihi
3062 1714 3317 1777 Dominus
3330 1725 3386 1778 in
3415 1728 3558 1793 refu-

1972 1813 2111 1883 gium
2136 1854 2149 1877 ,
2184 1823 2229 1866 et
2253 1811 2393 1867 Deus
2423 1828 2560 1867 meus
2588 1814 2637 1866 in
2672 1815 2917 1867 auxilium
2944 1816 3049 1884 spei
3078 1824 3217 1870 mea".
3265 1816 3371 1870 Cur
3405 1830 3553 1885 ergo,

1971 1903 2095 1973 quid
2121 1905 2136 1935 ί
2171 1904 2261 1959 tibi
2302 1904 2575 1961 videbatur
2618 1908 2766 1975 quasi
2814 1906 3037 1976 iniustus
3068 1923 3205 1975 csse,
3239 1909 3357 1979 quia
3389 1909 3559 1979 parcit

1972 1997 2162 2051 malis?
2191 1996 2324 2052 Vide
2351 1998 2615 2067 quomodo
2641 2000 2749 2068 jam
2777 2000 3060 2069 corrigitur
3091 2000 3333 2056 Psaltnus
3354 2042 3368 2067 ,
3409 2010 3462 2055 et
3501 2010 3554 2056 tu

1971 2106 2090 2145 cum
2127 2090 2338 2145 Psalmo
2361 2091 2628 2160 corrigere
2656 2109 2667 2145 :
2704 2092 2820 2147 ideo
2846 2093 2985 2146 cimini
3008 2107 3165 2147 voces
3189 2103 3303 2146 tuas
3325 2092 3563 2148 habebat:

1971 2182 2232 2237 Psalmus.
2263 2182 2392 2250 Quae,
2427 2192 2547 2236 sunt
2578 2185 2767 2237 voces?
2801 2183 3064 2254 Usquequo
3098 2194 3407 2254 peccatores,
3442 2183 3554 2238 Do-

1968 2276 2120 2343 mine,
2149 2294 2399 2347 usquequo
2426 2288 2707 2346 peceatores
2722 2277 3108 2349 gloriabuntur?
3133 2278 3379 2332 Psalmus
3396 2291 3555 2332 voces

1970 2378 2084 2422 tuas
2117 2368 2341 2423 habebat
2374 2386 2385 2421 :
2421 2369 2579 2422 modo
2619 2385 2745 2438 ergo
2796 2379 2847 2423 tu
2897 2369 3089 2423 habeto
3133 2383 3288 2423 voces
3333 2369 3550 2423 Psalmi.

1968 2460 2095 2527 Qua:
2126 2469 2247 2514 sunt
2279 2474 2436 2514 voces
2468 2460 2698 2514 Psalmi?
2736 2460 2803 2513 Et
2841 2464 3003 2531 factus
3042 2470 3112 2514 est
3153 2461 3275 2513 nti/ti
3302 2459 3560 2516 Dominus"

1964 2551 2017 2605 in
2046 2552 2315 2621 refugium,
2350 2559 2395 2603 et
2418 2550 2560 2605 Deus
2588 2558 2724 2604 meus
2749 2551 2800 2604 in
2831 2552 3077 2605 auxilium
3098 2552 3204 2619 spei
3225 2567 3365 2606 mete.

2034 2643 2123 2699 28.
2159 2640 2315 2714 [vers.
2346 2641 2460 2714 93.]
2509 2640 2576 2695 Et
2618 2642 2799 2696 reddet
2834 2642 2937 2696 illis
2984 2642 3233 2696 Dominus
3274 2642 3550 2697 secundum

1964 2752 2119 2806 opera
2141 2751 2311 2788 eorum
2331 2750 2350 2797 ;
2377 2744 2421 2788 et
2444 2735 2716 2788 secundum
2742 2734 2987 2787 malitiam
3009 2750 3179 2788 eorum
3204 2735 3452 2805 disperde!
3482 2734 3549 2787 il-

1964 2830 2038 2882 los
2068 2828 2313 2881 Dominus
2341 2826 2476 2881 Deu‘s
2508 2834 2690 2881 noster.
2738 2826 2851 2880 Non
2876 2836 3035 2881 vacat
3053 2827 3194 2897 quod
3225 2828 3335 2894 ait,
3366 2844 3546 2881 secun-

1964 2921 2084 2973 dum
2106 2919 2351 2973 malitiam
2376 2936 2567 2973 eorum.
2589 2919 2714 2972 Mihi
2734 2918 2799 2973 de
2828 2919 2929 2973 illis
2960 2928 3269 2988 praestatur;
3289 2930 3351 2997 _et
3372 2930 3547 2975 tamen

1961 3013 2160 3068 malitia
2208 3026 2394 3068 eorum
2439 3012 2664 3076 dicitur,
2714 3027 2821 3066 non
2852 3012 3105 3068 beneﬁcia
3135 3027 3341 3068 eorum.
3390 3011 3547 3069 Certe

1960 3108 2100 3163 enim
2147 3108 2223 3164 de
2260 3108 2413 3163 malis
2455 3116 2681 3164 exercet
2720 3124 2851 3175 nos,
2879 3108 3110 3179 ﬂagellat
3134 3123 3248 3164 nos.
3279 3108 3359 3161 Ad
3386 3114 3545 3177 quam

1959 3216 2071 3255 rem
2106 3198 2377 3270 ﬂagellat?
2406 3199 2599 3270 Utique
2628 3201 2693 3254 ad
2726 3217 2948 3270 regnum
2981 3200 3258 3256 cmlorum.
3289 3198 3548 3271 Flagetlat

1960 3295 2101 3350 enim
2132 3311 2327 3348 onmem
2356 3295 2516 3364 ﬁlium
2545 3310 2699 3365 quem
2716 3295 2892 3365 recipit
2933 3311 2952 3350 :
2986 3302 3031 3348 et
3061 3295 3172 3365 quis
3202 3304 3272 3348 est
3298 3293 3436 3363 ﬁlius
3464 3292 3548 3346 cui

270 1897 478 1952 dormit
500 1896 633 1953 ﬁdes
662 1908 864 1964 nostra,
892 1899 1269 1968 periclitamur.
1302 1900 1414 1955 lloc
1438 1904 1577 1955 enim
1609 1899 1869 1971 signiﬁcat

266 1988 552 2046 dormiens
582 1989 845 2056 Christus,
884 1992 1002 2062 quia
1042 1991 1254 2062 quidam
1294 1993 1675 2048 obliviscuntur
1707 1992 1866 2047 ﬁdem

263 2096 427 2138 suam
449 2125 465 2149 ,
502 2092 557 2138 et
596 2084 984 2154 periclitantur.
1014 2085 1117 2140 Sed
1158 2084 1426 2155 quomodo
1450 2085 1539 2141 illa
1568 2086 1719 2140 navis
1744 2101 1863 2141 cum

262 2172 588 2243 ﬂuctuaret,
620 2177 880 2232 excitatus
920 2186 1002 2232 est
1042 2176 1289 2231 Christus
1321 2193 1349 2231 a
1386 2176 1781 2241 ﬂuctuantibus,
1812 2188 1866 2233 et

262 2268 595 2336 dicentibus,
629 2268 848 2324 Domine
871 2313 884 2336 ,
918 2272 1167 2340 perimus;
1194 2272 1424 2327 surrexit
1450 2270 1555 2337 ille,
1588 2273 1865 2341 imperavit

261 2364 699 2432 tempestatibus,
720 2364 999 2433 imperavit
1020 2363 1284 2429 ﬂuctibus,
1304 2363 1527 2419 cessavit
1548 2365 1857 2434 periculum,

257 2454 410 2511 facta
450 2467 531 2511 est
575 2457 924 2527 tranquillitas
955 2458 1178 2529 (Manli.
1213 2475 1325 2525 vui,
1354 2459 1549 2530 23-26)
1581 2479 1592 2515 :
1626 2461 1703 2515 sic
1730 2468 1783 2514 ct
1812 2470 1863 2514 te

257 2564 396 2609 cum
426 2549 641 2604 turbant
669 2551 1112 2621 concupiscentia:
1143 2553 1314 2619 mal-.e,
1348 2554 1722 2622 persuasiones
1750 2570 1861 2607 ma-

256 2639 360 2703 Ire;
391 2638 583 2695 ﬂuctus
606 2651 751 2707 sunt,
779 2643 1282 2713 tranquillabuntur.
1325 2644 1440 2703 iam
1488 2644 1742 2716 desperas
1762 2688 1775 2711 ,
1806 2655 1859 2699 et

255 2741 431 2802 putas
476 2744 528 2787 te
574 2746 677 2788 non
720 2735 981 2803 pertinere
1019 2735 1085 2790 ad
1135 2736 1414 2790 Dominum
1450 2738 1702 2807 :evigilet
1730 2737 1859 2791 ﬁdes

257 2833 385 2889 tua,
415 2826 582 2879 excita
612 2826 878 2881 Christum
910 2829 960 2882 in
988 2828 1148 2882 corde
1174 2839 1289 2893 tuo;
1325 2840 1575 2899 surgente
1599 2830 1720 2896 ﬁde,
1748 2831 1857 2900 jam

254 2917 516 2989 agnoscis
548 2916 634 2972 ubi
666 2919 739 2972 sis
769 2937 782 2972 :
814 2929 868 2973 et
896 2920 937 2974 si
970 2919 1108 2973 forte
1141 2929 1343 2975 tentant
1383 2922 1573 2977 ﬂuctus
1600 2924 1857 2992 concupi-

255 3006 510 3073 scentiae,
537 3010 760 3065 intueris
779 3011 903 3081 quid
934 3013 1175 3081 promisit
1195 3013 1365 3079 Deus;
1398 3023 1451 3067 et
1481 3012 1708 3070 dulcedo
1736 3030 1858 3084 pro-

256 3101 555 3158 missorum
584 3100 742 3157 faciet
765 3110 814 3158 te
829 3112 1250 3174 contemptorem
1275 3105 1613 3161 dulcedinum
1640 3107 1817 3161 satculi
1840 3124 1852 3160 :

255 3201 329 3247 et
366 3193 407 3247 si
452 3192 591 3248 forte
631 3194 809 3249 multa:
846 3206 1033 3266 urgent
1065 3198 1219 3250 mina:
1248 3199 1540 3266 potentium
1573 3199 1852 3267 malorum,

255 3294 335 3339 ct'
351 3284 477 3354 ipsa:
505 3295 555 3338 te
577 3278 851 3354 expellunt
874 3286 940 3341 de
958 3287 1159 3356 justitia
1182 3305 1195 3354 ;
1222 3288 1449 3344 attendis
1470 3291 1607 3359 quod
1629 3292 1857 3345 minatur

257 3377 446 3443 Deus,
480 3376 560 3430 Ite
586 3379 645 3432 in
668 3380 832 3449 ignem
863 3388 1103 3434 wternum
1129 3382 1213 3450 qui
1241 3393 1448 3451 paratus
1476 3393 1544 3436 est
1581 3382 1781 3436 diabolo
1811 3392 1856 3437 et

256 3471 461 3541 angelis
480 3471 593 3540 ejus
620 3468 741 3543 (Id.
770 3484 892 3537 xxv,
921 3472 983 3526 41
1009 3470 1049 3542 ),
1079 3483 1132 3527 ει
1164 3489 1267 3527 non
1307 3474 1803 3543 dimittisjustitiam
1840 3491 1852 3527 :

258 3561 477 3615 timens
508 3577 637 3632 ergo
675 3562 848 3632 ignem
888 3565 1290 3631 sempiternum,
1316 3566 1613 3620 contemnis
1642 3565 1855 3621 dolores

258 3653 628 3722 temporales;
660 3665 712 3708 et
734 3667 830 3723 pro
851 3670 915 3709 eo
935 3654 1076 3725 quod
1107 3655 1347 3724 promisit
1374 3656 1532 3722 Deus,
1558 3658 1855 3713 contemnis

260 3746 619 3815 temporalem
668 3745 991 3801 felicitatem.
1044 3746 1296 3802 Promisit
1343 3748 1620 3819 requiem;
1673 3758 1855 3819 patere

260 3837 570 3893 molestiam
597 3838 860 3893 :minatur
896 3838 1070 3908 ignem
1111 3847 1402 3905 aeternum;
1453 3848 1734 3894 contemne
1761 3839 1856 3894 do-

262 3930 421 3985 lores
458 3930 776 4001 temporales
810 3946 823 3984 :
852 3940 905 3986 et
930 3930 1211 4001 evigilante
1231 3930 1443 3985 Christo
1485 3932 1854 4001 tranquilletur

228 4100 237 4101 ί
266 4037 377 4077 cor
404 4033 561 4090 tuum,
588 4032 646 4079 ut
668 4024 734 4079 ad
762 4033 968 4095 portum
999 4040 1205 4095 quoque
1232 4025 1528 4094 pervenias.
1557 4024 1672 4080 Non
1713 4025 1853 4080 enim

234 4112 237 4113 ν
264 4134 399 4175 non
415 4128 731 4190 praepararet
751 4128 982 4190 portum,
1007 4119 1095 4188 qui
1125 4119 1326 4188 paravit
1348 4134 1557 4173 navem.
1590 4116 1855 4188 Numquid

262 4212 495 4267 adlueret
546 4213 633 4266 tibi
690 4213 827 4267 sedes
871 4212 1180 4281 iniquitatis,
1225 4212 1311 4281 qui
1350 4212 1501 4281 fingis
1540 4210 1765 4265 dolorem
1802 4212 1853 4265 in

262 4304 561 4378 prwcepto?
608 4305 681 4360 De
724 4304 1025 4361 hominibus
1068 4305 1219 4359 malis
1264 4315 1480 4359 exercet
1528 4320 1653 4370 nos,
1684 4314 1738 4358 et
1788 4304 1855 4359 de

264 4399 481 4455 illorum
512 4398 931 4455 insecutiouibus
956 4414 1051 4453 nos
1076 4398 1269 4453 erudit.
1296 4397 1371 4452 De
1387 4398 1584 4452 malitia
1612 4398 1732 4452 mali
1761 4397 1857 4451 ﬂa-

262 4494 496 4564 gellatur
523 4495 710 4561 bonus,
740 4493 882 4549 etde
907 4508 1062 4549 servo
1089 4491 1402 4547 emendatur
1431 4492 1567 4546 ﬁlius
1599 4510 1609 4544 ε
1645 4491 1714 4545 ita
1752 4492 1852 4545 lin-

263 4587 416 4659 git'u'r‘
433 4584 582 4642 dolor
602 4588 652 4641 in
674 4595 957 4657 praecepto.
978 4585 1128 4654 Quod
1146 4584 1265 4639 illos
1296 4599 1449 4653 posse
1480 4584 1615 4637 Deus
1634 4584 1855 4653 permit-

265 4682 356 4745 tit,
377 4679 486 4734 hoc
502 4678 701 4733 faciunt
722 4678 844 4733 mali
873 4676 1327 4747 homines,quibus
1349 4675 1413 4729 ad
1434 4685 1640 4744 tempus
1664 4674 1852 4745 parcit.

341 4773 432 4829 2‘6.
462 4772 610 4845 [va-‘5.
640 4770 754 4847 21
799 4770 932 4839 Quid
978 4771 1116 4826 enim
1161 4767 1435 4839 sequitur?
1478 4768 1761 4839 Captabtmt
1802 4769 1853 4823 in

267 4871 493 4932 animum
521 4868 668 4941 justi.
706 4867 881 4934 Quare
908 4863 1233 4934 captabant?
1260 4862 1393 4929 Quia
1434 4878 1615 4916 verum
1651 4862 1852 4916 crimen

268 4978 379 5018 non
405 4958 681 5015 inveniunt
707 4957 846 5025 quod
882 4957 1156 5026 objiciunt.
1186 4954 1321 5021 Quid
1344 4955 1483 5009 enim
1508 4962 1855 5022 captaverant

268 5056 327 5113 in
371 5053 630 5110 Domino?
670 5052 1134 5108 Concinnaverunt
1160 5048 1285 5103 falsa
1316 5049 1537 5103 crimina
1561 5046 1672 5116 (Id.
1706 5063 1849 5111 xxvt,

267 5148 388 5219 59),
443 5147 562 5218 quia
619 5160 742 5201 vera
774 5144 1009 5199 invenire
1054 5159 1156 5196 non
1199 5149 1499 5211 potuerunt.
1538 5137 1607 5193 Et
1649 5139 1858 5209 sangui-

268 5256 388 5297 nem
416 5241 729 5294 innocentem
766 5235 1185 5290 condemnabustt.
1215 5233 1391 5299 Quare
1419 5232 1519 5285 hoc
1547 5238 1711 5285 totum
1742 5228 1848 5294 fiat,

270 5334 329 5390 in
357 5329 803 5401 consequentibus
830 5326 1139 5383 declarabit.

342 5422 435 5482 27.
466 5424 613 5500 [υεγε.
645 5420 761 5495 ‘22.]
809 5420 872 5475 Et
910 5420 1072 5491 factus
1109 5428 1199 5483 est,
1237 5417 1426 5486 inquit,
1456 5416 1579 5469 mihi
1605 5414 1855 5468 Dominus

270 5514 621 5591 “refugium.
653 5514 768 5569 Non
797 5527 1060 5584 qurercrcs
1091 5510 1193 5564 tale
1225 5509 1480 5577 refugium
1502 5549 1515 5572 ,
1546 5508 1588 5560 si
1627 5522 1729 5561 non
1760 5523 1856 5576 pc-

272 5612 583 5672 riclitareris
616 5629 628 5665 :
663 5608 755 5666 sed
802 5608 922 5661 ideo
971 5604 1296 5675 periclitatus
1336 5617 1413 5666 cs,
1458 5610 1512 5654 ut
1546 5616 1852 5671 quaereres;

274 5709 399 5779 quia
443 5706 532 5761 ille
579 5706 727 5774 ﬁngit
769 5702 1007 5757 dolorem
1048 5699 1100 5752 in
1147 5705 1428 5767 prmccpto.
1462 5694 1608 5750 Facit
1635 5696 1764 5750 mihi
1791 5696 1856 5752 de

274 5802 477 5860 malitia
502 5800 767 5855 malorum
797 5794 1222 5855 tribulationem;
1256 5799 1482 5859 punctus
1518 5789 1859 5845 tribulatione

273 5897 416 5969 οωρὶ
439 5907 679 5969 quaerere
705 5887 965 5960 refugium
996 5882 1135 5957 quod
1158 5882 1319 5937 in‘illa
1348 5880 1595 5939 felicitate
1620 5883 1860 5940 surculari
1942 5921 1955 5957 τ

1959 3405 2059 3442 non
2086 3389 2168 3443 det
2196 3388 2516 3459 disciplinam
2545 3399 2687 3461 pater
2714 3391 2821 3459 ejus
2853 3384 3033 3459 (Hebr.
3062 3403 3156 3454 xu,
3189 3386 3242 3453 6,
3272 3387 3373 3456 7)?
3393 3385 3544 3453 Quod

1958 3488 2078 3534 cam
2121 3479 2244 3534 facit
2289 3466 2462 3547 Dens,
2491 3479 2557 3534 ad
2610 3479 2977 3535 litereditatcm
3027 3481 3419 3550 sempiternam
3446 3493 3544 3534 nos

1958 3570 2161 3638 erudit;
2195 3578 2247 3626 ct
2277 3570 2381 3626 hoc
2412 3570 2569 3625 nobis
2593 3572 2810 3640 praestat
2851 3585 2999 3640 saepe
3029 3570 3099 3626 de
3126 3571 3277 3626 malis
3308 3570 3542 3635 hominié

1958 3664 2078 3727 bu's,
2100 3664 2150 3717 in
2170 3660 2360 3734 quibus
2377 3671 2591 3718 exercet
2621 3670 2673 3718 et
2701 3664 2904 3733 perlicit
2920 3658 3259 3719 dilectiOnem
3283 3666 3541 3729 nostram“,

1958 3768 2116 3830 quam
2146 3759 2253 3813 vult
2282 3757 2495 3813 extendi
2521 3768 2687 3828 usque
2712 3757 2777 3811 ad
2801 3757 3060 3812 inimicos.
3090 3756 3271 3825 Neque
3296 3755 3436 3810 enim
3461 3754 3555 3810 est

1959 3852 2189 3922 perfecta
2238 3850 2455 3906 dilectio
2501 3848 2810 3917 christiani,
2856 3848 2967 3903 nisi:
3003 3862 3122 3903 cum
3175 3846 3357 3916 implet
3401 3844 3543 3915 quod

1958 3943 2203 3998 Christus
2231 3942 2483 4012 praecepit
2512 3960 2525 3994 :
2556 3939 2766 4011 Diligite
2784 3940 3010 3993 inimicas
3036 3942 3242 4004 vestros,
3272 3936 3545 4007 benefacite

1961 4038 2037 4090 his
2065 4036 2151 4105 qui
2179 4051 2265 4088 vos
2290 4034 2523 4099 oderunt,
2548 4030 2609 4087 et
2625 4040 2766 4085 orate
2796 4034 2897 4102 pro
2914 4030 2985 4084 eis
3012 4031 3096 4101 qui
3122 4042 3213 4083 vos
3230 4037 3541 4098 persequun-

1961 4138 2041 4183 tur
2070 4118 2283 4197 (Matth.
2317 4140 2369 4191 v,
2404 4125 2471 4179 44
2490 4124 2532 4194 ).
2567 4123 2699 4177 Hinc
2728 4123 2841 4193 ipse
2870 4121 3113 4178 diabolus
3142 4121 3388 4187 vincitur,
3421 4119 3545 4175 hinc

1961 4220 2200 4277 victoria}
2241 4233 2436 4275 corona
2476 4217 2787 4288 percipitur.
2828 4216 2967 4272 Ecce
2996 4225 3192 4287 quanta
3222 4213 3375 4269 nobis
3404 4215 3543 4270 Deus

1964 4322 2175 4386 praestat
2201 4312 2267 4367 de
2295 4310 2446 4365 malis
2472 4308 2813 4365 hominibus:
2836 4298 2934 4364 n‘e'c
2964 4318 3139 4363 tamen
3167 4306 3455 4363 secundum
3488 4305 3543 4361 id

1959 4407 2099 4479 quod
2130 4406 2196 4461 dc
2236 4405 2339 4459 illis
2372 4403 2525 4458 nobis
2556 4410 2810 4473 prmstat,
2842 4400 3252 4456 scd‘sccundum
3283 4398 3542 4454 malitiam

1959 4504 2143 4558 eurum
2186 4496 2453 4555 retribuet
2487 4497 2584 4551 eis.
2615 4492 2807 4551 Videte
2829 4496 2969 4550 enim
2998 4504 3191 4565 quanta
3219 4492 3373 4547 nobis
3401 4507 3541 4562 prte-

1959 4594 2095 4651 stitit
2137 4584 2203 4647 de
2253 4593 2369 4660 ipso
2416 4589 2811 4643 immanissima
2843 4588 3046 4642 scelere
3074 4584 3222 4642 Judze
3251 4585 3537 4641 traditoris.

1958 4685 2121 4741 Judas
2150 4684 2343 4753 quippe
2374 4680 2594 4736 tradidit
2636 4680 2703 4735 ad
2750 4680 3051 4750 passionem
3089 4678 3280 4734 Filium
3314 4678 3446 4743 Dei,
3489 4685 3543 4730 et

1958 4794 2055 4850 per
2079 4777 2381 4849 passionem
2412 4774 2530 4829 Filii
2561 4774 2654 4829 Dei
2683 4789 2869 4830 omnes
2896 4785 3081 4845 gentes
3106 4773 3395 4841 redempta:
3421 4779 3542 4825 sunt

1958 4868 2035 4924 ad
2057 4868 2281 4923 salutem
2312 4885 2324 4920 :
2357 4880 2455 4919 nec
2503 4874 2679 4921 tamen
2722 4880 2819 4934 pro
2862 4864 3030 4920 salute
3073 4863 3307 4933 gentium
3337 4875 3543 4916 merces

1958 4960 2165 5017 reddita
2194 4967 2274 5013 est
2304 4957 2455 5013 Judzc
2477 5000 2492 5025 ,
2522 4955 2614 5013 sed
2646 4972 2742 5028 pro
2767 4956 2881 5025 ejus
2910 4955 3108 5009 malitia
3140 4954 3378 5010 debitum
3410 4967 3541 5023 sup-

1959 5050 2175 5122 plicium
2207 5048 2523 5104 retributum
2552 5057 2653 5103 est.
2705 5046 2836 5101 Nam
2877 5047 2923 5101 si
2970 5044 3183 5100 traditio
3210 5044 3443 5110 Christi,
3487 5052 3543 5099 et

1961 5162 2065 5201 non
2114 5144 2370 5199 tradentis
2414 5143 2622 5197 animus
2666 5137 3087 5196 considerandus
3130 5146 3247 5205 est,
3279 5138 3381 5192 hoc
3421 5138 3546 5194 fecit

1960 5239 2123 5296 ludas
2173 5238 2316 5309 quod
2365 5238 2487 5292 fecit
2526 5236 2661 5289 Deus
2692 5233 2883 5297 Pater,
2916 5231 2983 5286 dc
3012 5248 3117 5302 quo
3142 5232 3394 5301 scriptum
3435 5241 3539 5295 est,

1960 5333 2081 5403 quia
2114 5328 2250 5384 Filio
2288 5328 2495 5401 praprio
2517 5343 2616 5380 non
2640 5325 2881 5396 pepercit,
2910 5324 2997 5377 sed
3037 5339 3127 5393 pro
3150 5323 3292 5377 nobis
3317 5322 3542 5377 omnibus

1961 5426 2168 5483 tradidit
2200 5426 2344 5479 illum
2376 5422 2550 5491 (Rom.
2582 5435 2671 5476 vm
2695 5461 2708 5483 ,
2738 5417 2849 5488 52).
2885 5415 2996 5473 IIoc
3024 5417 3147 5474 fecit
3171 5417 3368 5484 ludas,
3401 5415 3542 5486 quod

1961 5520 2089 5576 fecit
2136 5520 2248 5586 ipse
2291 5514 2545 5569 Dominus
2590 5510 2866 5577 Christus,
2910 5509 2976 5565 de
3003 5525 3108 5580 quo
3140 5509 3393 5579 scriptum
3426 5515 3541 5573 cst,

1969 5612 2069 5679 Qui
2112 5609 2329 5677 seipsum
2370 5603 2579 5658 tradidit
2622 5621 2712 5675 pro
2758 5604 2897 5659 nobis
2928 5604 3227 5658 oblationem
3254 5611 3299 5654 et
3330 5601 3543 5654 hostium

1966 5701 2075 5757 Deo
2103 5701 2157 5754 in
2197 5697 2404 5753 odorem
2427 5696 2687 5752 suavitatis
2719 5711 2737 5750 :
2765 5706 2819 5751 et
2848 5696 3038 5750 iterum
3061 5735 3074 5759 ,
3108 5692 3253 5748 Sicut
3281 5689 3541 5762 Christus,

2030 5891 2047 5923 ³
2073 5894 2149 5939 Er.
2173 5894 2311 5939 Vena
2342 5893 2459 5939 Cum
2481 5895 2595 5948 ergo
2616 5880 2701 5948 qui
2729 5879 2831 5932 tibi.
2857 5886 2985 5929 Lov.:
3011 5887 3109 5929 cur
3125 5889 3240 5940 ergo
3260 5874 3364 5929 tibi.
3419 5883 3476 5928 at.
