4088 6444
550 369 695 443 tati:

546 494 751 568 lnquit,
783 495 962 551 dilexit
989 492 1303 562 Ecclesiam,
1334 502 1379 549 et
1423 493 1641 565 seipsum
1686 495 1897 551 tradidit
1937 514 2029 569 pro
2075 514 2132 552 ea

546 584 765 658 (Ephes.
795 603 850 657 v,
877 587 946 655 ἓ,
973 585 1045 642 25
1067 586 1109 656 ).
1138 586 1205 642 Et
1230 593 1408 641 tamen
1434 585 1632 655 gratias
1659 586 1864 657 agimus
1895 587 2005 643 Deo
2030 586 2133 642 Pa-

543 678 637 747 tri,
666 681 755 750 qui
783 679 938 735 unico
964 678 1101 735 Filio
1126 693 1233 734 non
1263 678 1521 750 pepercit,
1547 678 1640 736 sed
1670 694 1767 751 pro
1788 680 1941 735 nobis
1962 680 2133 736 tradi-

545 768 624 827 dit
650 786 805 840 eum;
835 772 1035 844 gratias
1060 773 1269 843 agimus
1294 772 1395 844 ipsi
1438 771 1573 828 Filio
1592 813 1608 841 ,
1640 773 1732 845 qui
1757 774 1990 845 seipsum
2020 782 2130 830 tra-

541 862 676 919 didit
703 879 800 935 pro
829 864 1009 933 nobis,
1038 874 1093 921 et
1118 865 1171 920 in
1198 879 1266 921 eo
1288 864 1619 921 voluntatem
1664 865 1835 921 Patris
1860 865 2127 937 implevit:

542 965 598 1011 et
642 956 971 1014 detestamur
1014 957 1207 1015 Judam
1230 1000 1246 1027 ,
1277 956 1345 1015 de
1374 956 1529 1028 cujus
1556 956 1698 1014 facto
1738 957 1893 1014 nobis
1923 966 2130 1014 tantum

541 1045 858 1105 beneﬁcium
888 1050 1137 1122 praestitit
1168 1050 1347 1118 Deus;
1379 1060 1434 1106 et
1459 1057 1605 1107 recte
1632 1048 1857 1107 dicimus
1876 1091 1891 1117 ,
1923 1049 2127 1106 Beddi-

542 1138 617 1195 dit
645 1141 695 1195 ei
724 1141 981 1198 Deminus
1004 1140 1298 1199 secundum
1322 1141 1660 1213 iniquitatem
1690 1140 1828 1213 ejus,
1858 1150 1913 1198 et
1935 1155 2129 1198 secun-

541 1232 665 1288 dum
697 1235 955 1291 malitiam
988 1236 1104 1307 ejus
1146 1233 1462 1306 disperdidit
1497 1249 1642 1291 eum.
1688 1234 1805 1290 Non
1850 1235 1992 1290 enim
2040 1234 2131 1291 ille

541 1341 641 1396 pro
669 1328 824 1384 nobis
846 1328 1062 1385 tradidit
1080 1328 1374 1391 Christum,
1395 1327 1488 1383 sed
1510 1342 1606 1398 pro
1626 1334 1849 1399 argento
1868 1341 1975 1398 quo
1998 1342 2129 1383 ven-

542 1418 678 1475 didit
717 1435 840 1476 eum
877 1438 889 1473 :
922 1421 1166 1492 quamvis
1196 1418 1411 1475 traditio
1436 1418 1633 1499 Christi
1660 1419 1730 1475 sit
1764 1426 1946 1474 nostra
1974 1433 2127 1475 rece-

543 1512 656 1581 ptio
680 1513 720 1577 ¹,
748 1522 802 1567 et
827 1512 1022 1567 Christi
1041 1510 1278 1568 venditio
1303 1511 1373 1566 sit
1403 1520 1586 1566 nostra
1612 1509 1934 1580 redemptio.
1956 1510 2046 1566 Sic
2073 1518 2128 1566 et

541 1603 617 1658 illi
640 1604 728 1674 qui
752 1614 1016 1675 martyres
1034 1602 1300 1674 persecuti
1326 1611 1472 1670 sunt,
1496 1601 1866 1673 persequendo
1884 1601 1937 1657 in
1960 1611 2122 1668 terra,

542 1695 594 1752 in
638 1696 831 1752 caelum
881 1696 1193 1763 mittebant;
1221 1704 1275 1752 et
1318 1695 1547 1754 scientes
1589 1693 1803 1766 quidem
1847 1694 2127 1765 praesentis

540 1787 663 1842 vitae
709 1788 962 1843 damnum
1011 1786 1339 1856 inferebant,
1366 1786 1668 1843 nescientes
1712 1794 1888 1841 autem
1937 1785 2127 1840 futura:

540 1877 664 1932 vita:
692 1876 897 1933 lucrum
926 1877 1274 1934 conferebant
1298 1894 1312 1927 :
1340 1877 1662 1949 quicumque
1686 1884 1860 1932 tamen
1889 1892 2130 1948 perseve-

474 1954 476 1956 ’
542 1980 791 2025 raverunt
811 1970 862 2025 in
884 1969 1009 2025 odio
1035 1971 1232 2041 injusto
1248 1970 1538 2041 justorum,
1563 1969 1753 2026 reddet
1771 1971 1850 2025 eis
1872 1970 2126 2027 Dominus

541 2061 832 2117 secundum
868 2062 1175 2133 iniquitates
1200 2077 1385 2118 eorum
1409 2105 1425 2130 ,
1450 2069 1508 2119 et
1541 2061 1835 2118 secundum
1866 2062 2125 2118 malitiam

541 2167 727 2208 eorum
751 2153 1019 2225 disperdct
1039 2168 1153 2210 eos.
1204 2153 1353 2211 Sicut
1381 2154 1523 2209 enim
1552 2153 1706 2209 malis
1730 2153 1886 2209 obest
1913 2152 2128 2209 bonitas

536 2242 825 2315 justorum,
848 2247 925 2301 sic
951 2246 1106 2301 bonis
1135 2246 1356 2335 prodest
1377 2245 1628 2333 iniquitas
1658 2246 1964 2323 impigrum.
1991 2244 2125 2301 Nam

540 2346 597 2393 et
623 2336 877 2393 Dtﬁninus
901 2337 1051 2403 dicit,
1081 2336 1192 2410 Ego
1218 2336 1348 2404 vini,
1378 2348 1434 2393 ut
1461 2339 1549 2409 qui
1576 2354 1676 2392 non
1702 2338 1868 2392 vident
1893 2338 2121 2406 videant,

542 2438 589 2485 et
615 2431 701 2501 qui
728 2431 895 2485 vident
924 2431 1042 2486 eieci
1073 2431 1200 2501 ﬁant
1228 2431 1404 2503 (latnt.
1435 2446 1488 2486 lx
1510 2472 1524 2497 ,
1555 2430 1644 2503 59)
1676 2448 1689 2485 :
1718 2439 1772 2485 et
1799 2430 2089 2500 Apostolus
2108 2472 2123 2499 ,

539 2523 667 2578 Aliis
693 2524 915 2593 quidem,
936 2524 1124 2596 inquit,
1152 2540 1325 2579 sumus
1347 2524 1474 2579 odor
1492 2524 1607 2578 vita:
1634 2525 1686 2578 in
1707 2524 1881 2590 vitam,
1904 2524 2019 2578 aliis
2033 2540 2128 2578 au-

540 2626 637 2670 tem
676 2618 802 2671 odor
838 2618 1013 2672 mortis
1052 2617 1105 2671 in
1150 2625 1361 2671 mortem
1404 2613 1482 2686 (ll
1511 2613 1629 2671 Cor.
1663 2631 1735 2680 ιι,
1768 2614 1883 2687 16).
1927 2614 2124 2671 Malitia

536 2723 666 2763 vero
691 2708 989 2779 iniquorum
1011 2751 1024 2775 ,
1053 2707 1270 2763 sinistra
1311 2717 1436 2763 sunt
1462 2721 1609 2761 arma
1653 2706 1955 2775 justorum;
1988 2705 2127 2762 sicut

536 2797 676 2853 idem
706 2798 833 2852 dicit
859 2799 1154 2868 apostolus,
1185 2796 1289 2852 Per
1312 2813 1458 2851 arma
1478 2797 1690 2867 justitia:
1715 2796 1895 2850 dextra
1925 2804 1971 2850 et
2000 2797 2124 2850 sini-

535 2899 663 2956 stra,
699 2889 749 2945 id
774 2899 876 2955 est,
908 2906 997 2961 per
1024 2891 1241 2961 gloriam
1270 2897 1316 2944 et
1344 2888 1705 2960 ignobilitatem
1728 2886 1838 2958 (Id.
1862 2902 1934 2955 vn,
1957 2888 2011 2954 7,
2030 2886 2117 2957 8):

533 2990 693 3054 atque
736 2984 806 3038 ita
850 2982 1105 3051 deinceps
1144 2992 1338 3037 cetera
1370 2981 1701 3052 exsequitur,
1734 2978 1925 3035 dextra
1973 2993 2119 3034 arma

532 3074 928 3144 demonstrans,
957 3075 1180 3146 gloriam
1213 3074 1329 3141 Dei,
1354 3074 1549 3129 famam
1566 3074 1783 3139 bonam,
1806 3072 2118 3129 vcritatem'

540 3181 645 3237 qua
674 3165 1134 3238 cognoscebantur
1159 3164 1299 3237 quod
1325 3164 1593 3230 vivebant,
1627 3163 1767 3235 quod
1794 3178 1899 3219 non
1926 3164 2118 3219 morti-

529 3259 844 3326 ﬁcabantur,
873 3259 1013 3330 quod
1043 3258 1378 3331 gaudebant,
1407 3257 1549 3329 quod
1595 3256 1791 3312 multos
1838 3256 2079 3313 ditabant
2100 3299 2114 3324 ,

529 3351 672 3423 quod
696 3352 872 3407 omnia
903 3351 1282 3422 possidebant;
1316 3352 1531 3408 sinistra
1556 3366 1706 3416 vero,
1729 3350 1871 3421 quod
1901 3350 2113 3421 ignobi-

528 3441 610 3498 les
634 3452 685 3499 et
708 3443 862 3497 malae
886 3443 1042 3498 fama:
1069 3442 1421 3507 habebantur,
1447 3441 1588 3513 quod
1618 3430 1931 3498 scduétores
1960 3451 2116 3514 puta-

526 3533 742 3601 bantur,
765 3533 908 3605 quod
938 3532 1340 3604 ignorabantur,
1363 3532 1767 3601 occidebantur,
1791 3533 2117 3589 coerceban-

527 3636 636 3695 tur,
664 3625 1152 3693 contristabantur,
1184 3639 1344 3696 egere
1370 3638 1433 3680 ac
1462 3624 1595 3679 nihil
1626 3624 1826 3681 habere
1852 3625 2113 3681 videban-

525 3726 632 3773 tur.
681 3717 749 3773 Et
790 3716 916 3789 quid
956 3716 1149 3773 mirum
1191 3716 1236 3773 si
1279 3716 1477 3773 milites
1517 3713 1716 3772 Christi
1748 3726 1802 3773 et
1831 3717 2032 3773 dextris
2056 3726 2113 3774 et

524 3810 759 3866 sinistris
785 3810 950 3867 armis
970 3809 1243 3867 diabolum
1266 3810 1604 3882 expugnant?
1628 3808 1778 3866 Sicut
1802 3819 1978 3866 autem
2006 3826 2111 3881 pax

523 3903 829 3961 hominibus
859 3905 1012 3961 bona:
1045 3904 1331 3962 voluntatis
1359 3903 1507 3974 (Luc.
1542 3919 1578 3959 ιι
1600 3946 1613 3968 ,
1638 3904 1743 3975 14)
1765 3946 1779 3971 ,
1820 3913 1873 3960 et
1898 3904 2112 3975 quando

524 4004 649 4054 sunt
674 3997 794 4053 aliis
817 3995 951 4054 odor
974 3996 1160 4053 mortis
1186 3996 1241 4052 in
1267 4002 1527 4060 mortem;
1558 3995 1636 4050 sic
1661 3995 1909 4052 interitus
1940 3996 2113 4051 homi-

523 4090 679 4146 nibus
707 4089 861 4144 malte
884 4088 1196 4155 voluntatis,
1220 4096 1275 4143 et
1295 4086 1508 4160 quando
1533 4086 1693 4159 justis
1716 4103 1863 4143 arma
1893 4089 2107 4145 sinistra

523 4188 648 4236 sunt
682 4179 749 4235 ad
789 4178 1037 4236 salutem.
1093 4178 1275 4250 Itaque
1317 4178 1507 4235 reddet
1544 4178 1650 4234 illis
1681 4193 1786 4234 non
1814 4179 2108 4236 secundum

523 4279 761 4326 nostram
802 4270 1086 4326 utilitatem
1108 4312 1125 4339 ,
1153 4284 1271 4340 quze
1300 4269 1367 4325 de
1397 4270 1526 4340 ipsis
1557 4268 1648 4335 ﬁt;
1682 4268 1777 4325 sed
1818 4270 2109 4327 secundum

523 4367 758 4435 ipsorum
787 4363 1143 4434 iniquitatem,
1167 4377 1327 4434 quam
1350 4362 1623 4433 diligendo
1650 4361 1881 4419 oderunt
1905 4364 2110 4419 animas

522 4472 646 4514 snas
668 4474 680 4513 :
699 4466 753 4513 et
776 4471 881 4513 non
903 4456 1197 4512 secundum
1224 4454 1538 4512 beneﬁcium
1562 4454 1702 4525 quod
1727 4454 1881 4510 nobis
1895 4454 1964 4511 de
1981 4455 2110 4525 ipsis

521 4558 739 4620 prmstat
760 4590 775 4616 ,
809 4548 1037 4603 honorat
1079 4562 1205 4614 eos,
1236 4547 1326 4619 qui
1362 4548 1523 4603 etiam
1555 4546 1711 4602 malis
1738 4546 1876 4603 bene
1903 4546 2105 4614 utitur;

521 4639 614 4695 sed
641 4640 914 4694 secundum
943 4639 1190 4694 malitiam
1224 4654 1396 4694 eorum
1441 4638 1696 4709 disperdet
1735 4654 1819 4695 eos
1857 4636 2109 4695 Dominus

523 4730 662 4788 Deus
691 4742 880 4787 noster.

590 4825 681 4881 29.
709 4825 923 4881 'l‘oleret
946 4840 1075 4897 ergo
1093 4824 1269 4895 justus
1298 4823 1587 4895 injustum;
1621 4824 1811 4881 toleret
1836 4832 2108 4897 tempora-

525 4921 627 4978 lem
657 4920 1022 4991 impunitatem
1055 4918 1234 4987 injusti
1257 4960 1271 4983 ,
1299 4917 1606 4988 temporalis
1634 4918 1785 4974 labor
1805 4920 1939 4990 justi
1967 4937 1980 4976 :
2014 4920 2109 4979 sed

524 5010 691 5081 justus
713 5026 782 5068 ex
814 5011 915 5066 ﬁde
942 5010 1069 5065 vivit
1098 5009 1271 5080 (Rom.
1295 5025 1347 5075 ι,
1386 5008 1499 5079 l7).
1529 5007 1642 5062 Non
1694 5018 1776 5064 est
1818 5010 1961 5065 enim
2005 5011 2107 5067 alia

514 5105 720 5176 justitia
751 5104 981 5159 hominis
1011 5103 1062 5158 in
1091 5102 1189 5157 hac
1217 5103 1353 5168 vita,
1387 5103 1487 5157 nisi
1515 5118 1579 5157 ex
1608 5102 1711 5159 ﬁde
1737 5103 1922 5160 vivere
1941 5147 1956 5172 ,
1988 5120 2108 5176 qua:

523 5210 621 5267 per
663 5194 1004 5250 dilectionem
1049 5206 1300 5266 operatur
1324 5193 1520 5264 (Galat.
1546 5211 1599 5259 v,
1625 5195 1718 5265 6).
1746 5195 1801 5252 Si
1833 5204 2010 5252 autem
2041 5212 2106 5253 ex

522 5285 627 5341 ﬁde
653 5287 801 5351 vivit,
824 5285 1009 5341 credat
1051 5296 1105 5341 et
1130 5287 1229 5342 sibi
1259 5285 1488 5342 futuram
1520 5285 1757 5355 requiem
1802 5296 1923 5357 post
1964 5302 2107 5358 prac-

519 5388 728 5437 sentem
777 5371 1053 5442 laborem',
1093 5386 1147 5433 et
1176 5379 1280 5434 illis
1311 5377 1667 5448 sempiternos
1691 5379 1959 5435 cruciatus
1987 5389 2109 5451 post

528 5482 851 5545 praesentem
878 5470 1309 5527 exsultationem.
1339 5471 1470 5526 Etsi
1492 5470 1622 5527 ﬁdes
1644 5486 1741 5542 per
1767 5470 2106 5526 dilectionem

518 5578 791 5642 operatur,
825 5565 1012 5638 diligat
1036 5563 1197 5620 etiam
1228 5563 1473 5619 inimicos
1496 5606 1509 5632 ,
1532 5573 1586 5620 et
1615 5574 1873 5635 quantum
1904 5563 1956 5619 in
1988 5563 2106 5634 ipso

583 5744 602 5777 ⁸
625 5746 699 5795 Sic
712 5746 763 5795 ιιι
786 5751 892 5793 Mss.
918 5749 971 5792 Αῑ
994 5744 1045 5792 in
1066 5740 1200 5802 add,
1232 5738 1515 5802 redemptio.

581 5809 602 5841 ι
626 5807 699 5857 sic
722 5807 1060 5869 Regiusliber.
1104 5802 1190 5853 alii
1215 5811 1350 5869 MSS.,_
1380 5801 1576 5865 famtmt,
1602 5801 1884 5867 veritatem;
1908 5803 2104 5867 omisso,

523 5865 710 5928 bonam.
740 5863 946 5929 At'mtt,
971 5869 1148 5933 famam
1163 5863 1511 5930 veritatis’qua,
1532 5872 1628 5917 etc.

1784 382 1843 440 S.
1884 379 2251 441 AUGUSTlNl
2289 380 2596 444 EPJSCOPI

3687 396 3818 457 19W

2241 507 2342 565 est,
2372 501 2629 571 prodesse
2650 501 2757 560 illis
2777 503 2904 560 velit
2929 520 2942 559 :
2966 502 3037 560 ita
3062 503 3204 561 enim
3228 503 3391 564 faciet
3423 521 3494 566 ne
3518 508 3623 568 sibi
3649 512 3815 575 obsint

2240 594 2337 663 illi,
2359 610 2482 651 cum
2503 596 2605 653 hoc
2628 597 2812 655 velint.
2839 599 2907 656 Et
2925 600 3137 673 quando
3158 602 3296 662 forte
3317 613 3645 678 potestatem
3672 624 3815 669 acce-

2237 689 2416 759 perint
2440 691 2593 761 quasi
2632 694 2858 750 nocendi
2887 704 2941 751 et
2958 695 3302 766 dominandi;
3331 713 3558 759 sursum
3588 717 3681 761 cor
3722 704 3814 762 ha-

2234 778 2382 849 beat,
2418 780 2505 837 ubi
2535 782 2585 839 ei
2615 799 2774 841 nemo
2797 796 2976 855 nocet,
3004 788 3225 847 edoctus
3248 801 3302 848 et
3326 794 3576 852 eruditus
3600 811 3668 853 ex
3705 798 3811 871 lege

2238 872 2368 943 Dei,
2398 883 2458 931 ut
2495 876 2765 950 mitigetur
2787 894 2817 935 a
2845 880 3036 939 diebus
3062 884 3309 956 malignis
3327 926 3343 954 ,
3373 887 3552 945 donec
3597 888 3815 949 fodiatur

2236 968 2504 1036 peccatori
2536 967 2711 1027 fovea.
2737 971 2795 1028 Si
2818 973 2959 1029 enim
2981 975 3033 1030 in
3060 974 3177 1048 lege
3202 978 3415 1035 Domini
3438 980 3686 1038 voluntas
3704 983 3814 1055 ejus

2236 1066 2340 1127 est,
2370 1067 2425 1115 et
2451 1060 2506 1116 in
2534 1060 2654 1134 lege
2681 1063 2797 1134 ejus
2824 1064 3167 1123 meditabitur
3188 1068 3277 1126 die
3297 1085 3361 1125 ac
3388 1080 3553 1129 nocte
3582 1070 3748 1147 (Paul.
3775 1090 3811 1144 ι,

2233 1148 2300 1221 2)
2320 1191 2335 1216 ,
2363 1151 2515 1222 cujus
2540 1157 2873 1212 conversatio
2900 1156 2953 1213 in
2988 1159 3141 1215 cmlis
3166 1169 3246 1217 est
3273 1159 3538 1235 (Philipp.
3568 1179 3660 1229 ιιι,
3682 1165 3811 1237 20);

2235 1242 2304 1299 de
2324 1244 2660 1303 ﬁrmamento
2682 1248 2825 1305 lucet
2845 1264 3009 1321 super
3036 1260 3231 1308 terram
3258 1271 3271 1309 :
3302 1254 3447 1311 unde
3468 1256 3571 1312 iste
3590 1256 3811 1327 palmus

2234 1334 2443 1391 titulum
2486 1337 2555 1395 de
2596 1351 2777 1410 quarta
2800 1342 2997 1398 sabbati
3021 1344 3255 1415 accepit,
3286 1346 3508 1417 quando
3534 1347 3669 1404 facta
3698 1360 3812 1407 sunt

2234 1424 2519 1484 luminaria
2551 1428 2702 1502 (Gen.
2731 1446 2769 1497 ι,
2802 1433 2924 1505 ll);
2957 1442 3015 1490 ut
3041 1436 3219 1491 omnia
3247 1435 3409 1493 faciat
3436 1438 3559 1495 sine
3587 1455 3812 1497 murmu-

2233 1518 2473 1588 ratione,
2502 1521 2725 1578 verbum
2762 1523 2884 1580 vitae
2926 1525 3128 1583 habens
3158 1529 3209 1584 in
3244 1530 3464 1587 natione
3495 1541 3727 1590 tortuosa
3761 1544 3812 1592 et

2231 1623 2485 1681 perversa
2529 1611 2788 1687 (Philipp.
2814 1617 3164 1693 11,1446).
3210 1621 3361 1677 Sicut
3386 1624 3534 1679 enim
3563 1626 3739 1683 stellas
3761 1626 3809 1684 in

2233 1702 2373 1757 caelo
2396 1718 2500 1759 non
2523 1706 2782 1777 extinguit
2804 1723 2938 1775 nox;
2963 1709 3040 1765 sic
3064 1721 3272 1768 mentes
3294 1712 3532 1770 ﬁdelium
3559 1715 3811 1775 inhaeren-

2234 1799 2315 1846 tes
2337 1792 2673 1852 ﬁrmamento
2703 1797 2989 1870 Scriptura:
3016 1800 3111 1858 Dei
3136 1819 3243 1859 non
3266 1804 3434 1862 vineit
3459 1806 3723 1878 iniquitas.
3748 1808 3810 1868 Et

2232 1881 2334 1939 hoc
2376 1885 2546 1956 ipsum
2586 1888 2730 1959 quod
2771 1900 2951 1947 nostra
2985 1903 3195 1950 terrena
3224 1894 3425 1953 dantur
3452 1898 3735 1971 aliquando
3758 1902 3806 1958 in

2232 1987 2550 2047 potestatem
2582 1980 2863 2051 malorum,
2889 1997 2995 2039 non
3019 1986 3193 2042 solum
3225 1986 3293 2043 ad
3321 1998 3566 2045 nostram
3594 1991 3809 2061 pertinet

2233 2068 2588 2126 eruditionem
2609 2112 2623 2137 ,
2649 2081 2707 2128 ut
2735 2073 2824 2128 ﬁat
2854 2074 3010 2131 nobis
3049 2076 3311 2136 Dominus
3339 2080 3395 2135 in
3426 2079 3686 2152 refugium
3706 2124 3723 2151 ,
3757 2091 3807 2139 et

2232 2159 2373 2215 Deus
2415 2161 2467 2217 in
2510 2163 2766 2219 auxilium
2811 2166 2925 2237 spei
2972 2176 3201 2235 nostrae;
3235 2169 3331 2227 sed
3359 2171 3527 2227 etiam
3555 2171 3624 2228 ad
3652 2173 3805 2245 ipsius

2233 2253 2528 2323 peccatoris
2558 2254 2761 2311 foveam
2792 2257 3020 2327 proﬁcit,
3053 2260 3122 2317 de
3150 2276 3259 2333 quo
3286 2262 3338 2317 in
3367 2263 3478 2319 alio
3504 2265 3707 2336 psalmo
3728 2265 3803 2322 di.-

2231 2346 2369 2400 cilur
2388 2364 2400 2400 :
2422 2345 2756 2404 Inclinabitur
2778 2360 2824 2405 et
2847 2352 3008 2420 cadet,
3034 2369 3149 2409 cum
3169 2355 3517 2412 dominabitur
3540 2374 3803 2430 pauperum

2231 2434 2404 2507 (Psal.
2428 2454 2502 2506 ix,
2528 2439 2641 2510 10).
2994 2506 3003 2517 ο

2302 2527 2390 2584 50.
2422 2528 2581 2586 Forte
2619 2547 2845 2590 onerosa
2876 2534 2974 2592 fuit
3010 2536 3160 2594 vobis
3200 2538 3479 2611 longitudo
3517 2543 3801 2600 sermonis:

2226 2633 2530 2691 quanquam
2564 2623 2618 2678 in
2649 2625 2748 2681 ista
2776 2626 3053 2685 alacritate
3080 2629 3241 2685 studii
3268 2632 3433 2687 vestri
3464 2647 3572 2689 non
3600 2632 3697 2690 hoc
3718 2648 3800 2706 ap-

2228 2720 2429 2783 pareat.
2461 2712 2566 2771 Sed
2597 2716 2698 2771 etsi
2724 2719 2789 2772 ita
2813 2728 2914 2787 est,
2947 2720 3204 2790 ignoscite
3231 2740 3244 2777 :
3267 2722 3467 2793 primo,
3491 2724 3613 2795 quia
3633 2724 3801 2795 jussus

2228 2802 2359 2871 feci;
2391 2821 2510 2860 nam
2557 2807 2812 2863 Dominus
2841 2811 2980 2867 Dens
3010 2822 3192 2868 noster
3218 2829 3315 2884 per
3337 2830 3436 2871 eos
3465 2815 3595 2872 mihi
3624 2815 3798 2873 fratres

2222 2896 2402 2966 jussit,
2438 2899 2489 2953 in
2520 2900 2714 2970 quibus
2750 2900 2970 2957 habitat.
3017 2903 3131 2959 Non
3159 2907 3301 2961 cnim
3327 2906 3483 2976 jubet
3510 2907 3677 2975 Deus,
3708 2908 3798 2965 nisi
3882 2965 3892 2976 ,
3966 2962 3967 2973 χ

2226 2965 2293 3043 de
2318 2987 2445 3045 sede
2470 2965 2586 3044 sua.
2618 2991 2835 3060 Deinde,
2860 2994 2981 3064 quia
3016 3003 3217 3051 tantum
3240 2965 3382 3052 avidi
3415 2997 3589 3055 fuistis
3609 2965 3804 3084 nostri,‘
3844 2965 4015 3084 {7.0:

2224 3082 2558 3149 conlitcmur,
2587 3094 2639 3140 et
2682 3100 2781 3141 nos
2824 3050 2959 3142 avidi
3010 3089 3204 3145 fuimus
3252 3092 3440 3146 vestri.
3496 3050 3818 3159 Consoletu'r‘l
3844 3050 4007 3159 :th

2224 3187 2352 3243 ergo
2382 3173 2524 3229 Deus
2554 3183 2734 3231 noster
2761 3176 2997 3233 laborem
3024 3179 3206 3246 istum,
3232 3189 3293 3235 ut
3316 3182 3489 3239 sudor
3514 3182 3612 3239 iste
3632 3162 4009 3259 nosterliﬂrf‘f’:

2224 3262 2293 3316 sit
2335 3263 2486 3319 vobis
2534 3264 2587 3318 in
2628 3275 2937 3336 provectum
2966 3268 3153 3324 salutis
3176 3312 3191 3337 ,
3224 3285 3329 3326 non
3360 3272 3418 3328 in
3452 3254 3921 3341 testimonium”:
3943 3254 3997 3314 ιίλ

2222 3358 2594 3414 accusationis.
2629 3359 2740 3415 lloe
2768 3359 2888 3416 dico
2908 3403 2921 3427 ,
2946 3359 3171 3432 fratres,
3202 3374 3261 3419 ut
3284 3379 3351 3419 ex
3390 3381 3457 3422 eo
3486 3365 3625 3438 quod
3649 3333 3992 3451 audi-l‘w/

2221 3448 2340 3514 stis,
2372 3449 2684 3519 proﬁciatis,
2714 3459 2769 3507 et
2793 3453 3075 3509 ruminetis
3103 3455 3382 3513 vobiscum
3410 3476 3424 3512 :
3450 3474 3554 3515 non
3580 3474 3669 3515 vos
3693 3473 3793 3530 pcr-

2222 3540 2448 3595 tuittatis
2477 3541 2741 3610 oblivisci,
2776 3559 2879 3599 non
2911 3545 3084 3601 solum
3117 3547 3216 3602 ista
3242 3549 3592 3621 recogitando
3616 3558 3668 3606 et
3688 3548 3793 3605 col-

2220 3633 2487 3704 loquendo
2506 3676 2520 3702 ,
2552 3634 2649 3690 sed
2677 3636 2837 3692 etiam
2869 3637 2939 3692 ita
2977 3638 3227 3695 vivendo.
3258 3640 3407 3697 Bona
3434 3643 3540 3697 vita
3567 3641 3703 3705 enim
3730 3654 3788 3697 ex

2218 3724 2500 3795 praeceptis
2544 3725 2638 3781 Dei
2673 3742 2792 3798 quae
2822 3728 3018 3800 agitur,
3052 3740 3304 3802 tanquam
3330 3734 3490 3789 stilus
3514 3741 3628 3801 est,
3658 3728 3786 3803 quod

2217 3816 2432 3873 auditur
2460 3818 2699 3874 scribens
2731 3822 2781 3876 in
2809 3822 2992 3879 corde.
3024 3822 3080 3880 Si
3110 3824 3163 3880 iu
3191 3841 3313 3881 cera
3343 3827 3684 3894 scriberetur,
3714 3823 3785 3881 fa-

2218 3909 2320 3964 cile
2348 3909 2618 3966 delcretur
2641 3931 2654 3967 :
2679 3912 2897 3970 scribite
2926 3915 3052 3971 illud
3084 3917 3135 3971 in
3164 3917 3415 3976 cordibus
3444 3918 3652 3987 vestris,
3679 3928 3781 3973 mo-

2217 4000 2365 4056 ribus
2396 4004 2607 4069 vestris,
2639 4014 2691 4059 et
2723 4020 2991 4076 nunquam
3019 4005 3302 4064 delcbitur.

2671 4210 2751 4271 IN
2795 4209 3173 4275 PSALMUM
3201 4212 3402 4276 XCIV

2799 4335 2889 4391 EN
2898 4335 3216 4394 ARRATIO.

2859 4469 3030 4511 senato
3060 4452 3159 4527 (a).

2288 4566 2340 4621 l.
2369 4564 2519 4638 [vm.
2545 4564 2623 4638 1.]
2654 4564 2765 4638 Ego
2782 4566 2997 4634 vellem.
3014 4566 3227 4635 fratres,
3246 4576 3305 4624 ut
3328 4577 3534 4641 patrem
3552 4570 3774 4623 nostrum

2215 4657 2392 4727 potius
2416 4658 2751 4725 audiremus;
2774 4657 2870 4714 sed
2893 4666 2949 4713 et
2978 4656 3080 4714 hoc
3109 4658 3306 4714 bonum
3327 4667 3410 4716 est
3429 4669 3487 4715 ut
3511 4654 3639 4730 patri
3661 4653 3775 4710 ohe.

2213 4746 2441 4803 diamus.
2474 4747 2609 4817 Quia
2638 4763 2767 4819 ergo
2804 4748 2965 4819 jussit
2994 4747 3180 4814 nobis,
3209 4749 3299 4819 qui
3347 4748 3592 4820 dignatur
3632 4754 3773 4799 orare

2214 4854 2312 4911 pro
2342 4838 2497 4895 nobis
2517 4882 2532 4907 ,
2565 4840 2631 4895 de
2661 4840 2911 4910 praesenti
2958 4840 3164 4910 psalmo
3199 4839 3343 4910 quod
3372 4839 3622 4896 Dominus
3650 4833 3774 4889 Deus

2215 4935 2452 4990 omnium
2481 4943 2723 4989 nostrum
2750 4932 2950 4989 donare
2979 4932 3302 5005 dignabitur,
3326 4933 3504 5005 loquar
3533 4921 3771 4988 Cbaritati

2216 5029 2440 5088 Vestrrc.
2476 5029 2570 5084 Est
2598 5036 2775 5083 autem
2823 5026 3022 5083 Psalmi
3071 5027 3285 5094 titulus,
3316 5023 3453 5080 Laus
3479 5020 3657 5079 cantici
3678 5013 3766 5089 ipsi

2214 5121 2400 5177 David.
2428 5120 2566 5175 Laus
2585 5120 2770 5175 cantici
2792 5128 2847 5175 et
2872 5118 3196 5175 hilaritatem
3219 5116 3501 5190 signiﬁcat,
3521 5113 3636 5187 quia
3654 5121 3770 5165 catt-

2216 5224 2301 5269 tus
2327 5223 2435 5279 est;
2464 5222 2518 5267 et
2542 5212 2904 5277 devotionem,
2934 5211 3057 5283 quia
3082 5210 3194 5265 laus
3220 5219 3323 5266 est.
3352 5207 3488 5279 ρυιά
3514 5206 3648 5263 enim
3670 5211 3769 5255 ma-

2215 5306 2298 5377 gis
2331 5300 2679 5360 homo‘debet
2706 5302 2946 5370 laudare,
2980 5316 3137 5374 quam
3166 5301 3219 5357 id
3253 5301 3395 5374 quod
3418 5300 3494 5357 sic
3517 5297 3694 5369 placet.
3718 5292 3769 5342 ιιι

2216 5412 2322 5452 non
2368 5396 2535 5467 possit
2573 5394 2674 5450 sibi
2718 5393 3046 5465 displicere?
3089 5392 3362 5450 Securitas
3386 5405 3512 5464 ergo
3539 5382 3696 5443 laudis
3720 5378 3767 5434 in

2216 5488 2373 5544 laude
2407 5488 2497 5543 Dei
2528 5497 2631 5543 est.
2660 5486 2734 5542 lbi
2763 5486 3007 5542 laudator
3031 5501 3255 5543 securus
3275 5494 3379 5552 est,
3400 5483 3485 5541 ubi
3512 5493 3612 5537 non
3634 5472 3767 5530 time!

2216 5598 2283 5638 ne
2306 5581 2374 5638 de
2400 5580 2612 5637 laudato
2640 5582 2945 5637 erubescat.
2970 5580 3037 5636 Et
3062 5579 3341 5636 laudemus
3360 5591 3505 5650 ergo,
3529 5582 3581 5630 et
3605 5573 3765 5627 caute.

2276 5738 2348 5800 (a)
2372 5728 2580 5787 habitus
2595 5738 2733 5801 jussu
2754 5737 2938 5788 Aurelii
2981 5736 3400 5801 Carthaginiensis;
3424 5731 3501 5785 vel
3524 5726 3761 5801 potiItSE‘

2214 5794 2664 5865 lerii'uipponen'sis
2689 5801 2921 5865 episeOpi,
2944 5794 3179 5865 adeoque'
3192 5794 3452 5864 Augustino
3483 5800 3648 5847 recens
3674 5794 3763 5847 εμο

2218 5875 2382 5929 scopo,
2404 5861 2488 5916 aut
2510 5861 2665 5914 adhuc
2686 5861 2990 5928 presbytero.
