4088 6466
360 366 505 423 1317

357 498 519 550 mus;
546 481 648 541 hoc
665 490 768 550 est,
790 496 912 539 cum
933 479 1200 539 hilaritate
1220 490 1274 539 ct
1295 496 1418 539 cum
1444 482 1625 539 Iretitia
1647 484 1946 541 laudemus.

357 575 506 643 Quid
528 585 708 632 autem
736 575 1000 631 laudaturi
1026 589 1210 631 sumus
1228 617 1243 643 ,
1274 575 1387 647 ipse
1416 574 1658 632 Psalmus
1685 576 1955 648 sequenti-

355 670 471 725 bus
496 669 740 726 versibus
771 668 970 725 indicat
998 669 1173 726 nobis.

437 762 494 816 9..
530 761 737 828 Venite,
767 762 1076 818 exsultemus
1101 761 1340 818 Domino.
1390 761 1584 820 Invitat
1623 763 1693 820 ad
1733 779 1955 838 magnas

352 855 552 928 epulas
571 854 894 920 exsultandi,
921 870 1027 912 non
1050 856 1270 925 smculo,
1288 855 1383 913 sed
1410 856 1658 913 Domino.
1677 857 1789 914 Nisi
1810 858 1953 916 enim

356 957 513 1007 esset
541 948 595 1003 in
624 947 725 1004 hoc
743 948 942 1004 sarculo
957 948 1245 1005 exsultatio
1262 951 1423 1017 mala,
1442 965 1561 1021 quae
1576 949 1955 1022 distinguenda

358 1049 451 1096 est
488 1038 559 1094 ab
599 1038 959 1096 exsultatione
988 1039 1127 1095 bona
1149 1082 1165 1107 ,
1194 1038 1468 1097 sufﬁceret
1496 1040 1677 1098 dicere
1700 1084 1716 1109 ,
1748 1040 1950 1111 Venite,

359 1133 677 1188 mallemus
696 1149 715 1187 :
735 1132 830 1187 sed
867 1132 1103 1188 breviter
1128 1132 1390 1189 distinxit.
1423 1133 1558 1202 Quid
1584 1143 1666 1190 est
1692 1134 1828 1190 bene
1852 1150 1952 1190 ex-
1994 1134 1995 1137 “

359 1224 606 1279 sultare?
637 1222 864 1280 Domino
888 1224 1177 1280 exsultare.
1202 1224 1341 1295 Ergo
1369 1224 1656 1280 exsultatio
1682 1225 1819 1279 mala
1848 1233 1950 1294 est,

361 1317 640 1374 exsultare
665 1317 896 1383 saeculo;
925 1316 1208 1374 exsultatio
1236 1317 1371 1372 bona
1401 1328 1512 1384 est,
1544 1318 1815 1375 exsultare
1843 1318 1951 1374 Do-

362 1407 541 1465 mino.
572 1407 665 1465 Pie
708 1407 875 1465 debes
920 1409 1148 1465 Domino
1193 1410 1488 1479 exsultare,
1531 1411 1577 1468 si
1615 1414 1694 1469 vis
1733 1428 1955 1472 securus

364 1500 572 1558 mundo
597 1500 1026 1570 insultare.Quid
1050 1512 1132 1560 est
1156 1513 1356 1571 autem,
1387 1504 1603 1562 Venite?
1631 1506 1783 1564 Unde
1799 1518 1955 1568 vocat

373 1602 441 1648 ut
465 1593 696 1662 veniant,
724 1609 845 1651 cum
875 1594 1067 1667 quibus
1094 1596 1207 1651 vult
1234 1597 1503 1655 exsultare
1545 1600 1808 1669 Domino;
1851 1602 1954 1658 nisi

364 1686 493 1757 quia
534 1686 690 1759 longe
739 1696 863 1743 sunt
905 1696 964 1743 ut
1007 1688 1271 1745 veniendo
1314 1691 1701 1763 propinquent,
1734 1695 1953 1765 propin-

355 1777 585 1849 quando
609 1779 887 1848 accedant,
919 1780 1226 1838 accedendo
1251 1783 1553 1839 exsultent?
1586 1783 1734 1841 Unde
1773 1797 1952 1844 autem

362 1870 533 1942 longe
555 1871 718 1926 sunt?
735 1869 1001 1942 Numquid
1022 1872 1154 1928 locis
1181 1873 1338 1946 longe
1366 1883 1541 1945 potest
1561 1875 1721 1931 homo
1746 1893 1865 1934 esse
1884 1878 1953 1935 ab

354 1976 441 2019 eo
469 1962 558 2033 qui
584 1961 780 2034 ubique
805 1965 920 2019 est?
948 1962 1043 2019 Vis
1066 1978 1185 2020 esse
1214 1965 1281 2020 ab
1307 1981 1372 2023 eo
1401 1966 1591 2039 longe?
1611 1969 1728 2038 Quo
1749 1970 1870 2039 ibis,
1895 1980 1954 2027 ut

352 2054 528 2127 longe
554 2056 667 2112 sis?
692 2056 824 2112 Nam
852 2044 1070 2129 quidam
1098 2068 1350 2129 peccator
1380 2061 1618 2132 quidem,
1648 2063 1741 2119 sed
1774 2073 1951 2123 tamen

352 2161 495 2203 cum
538 2162 633 2219 ape
669 2148 858 2203 salutis
899 2150 1165 2219 paenitens
1190 2159 1242 2215 et
1273 2151 1463 2208 dolens
1488 2152 1555 2209 de
1586 2157 1854 2225 peccatis,
1899 2168 1954 2215 et

354 2246 616 2295 metuens
636 2238 768 2295 iram
796 2240 911 2307 Dei,
929 2250 980 2296 et
1008 2241 1191 2298 volens
1218 2242 1429 2313 placare
1459 2245 1646 2313 Deum,
1671 2247 1823 2303 sicin
1846 2250 1953 2306 alio

355 2332 577 2405 psalmo
604 2332 839 2404 loquitur
863 2352 875 2388 :
905 2334 1017 2401 Quo
1043 2334 1124 2390 ibo
1145 2336 1207 2390 ab
1228 2336 1410 2407 spiritu
1431 2338 1557 2393 tuo?
1580 2348 1626 2393 et
1652 2356 1684 2393 a
1713 2341 1841 2412 [acie
1865 2350 1954 2397 tua

354 2440 469 2495 quo
487 2424 718 2496 fugiam?
741 2424 805 2480 Si
823 2425 1095 2481 ascendere
1113 2426 1165 2480 in
1185 2427 1386 2495 malum,
1411 2438 1462 2482 tu
1487 2428 1556 2483 ibi
1576 2446 1646 2485 es.
1665 2430 1802 2499 Quid
1826 2448 1953 2503 ergo

358 2514 574 2572 restat?
589 2514 723 2584 Quia
738 2517 782 2571 si
802 2515 1101 2572 ascenderit
1118 2516 1171 2572 in
1191 2516 1406 2586 coelum,
1428 2518 1499 2574 ibi
1524 2520 1725 2577 invenit
1748 2522 1912 2578 Deum
1936 2542 1949 2579 :

353 2616 434 2666 ut.
457 2607 613 2680 longe
639 2608 805 2681 fugiat
828 2623 857 2663 a
886 2609 998 2666 Deo
1020 2652 1035 2676 ,
1066 2625 1173 2681 quo
1199 2611 1369 2666 iturus
1396 2614 1512 2667 est?
1555 2613 1687 2670 Vide
1711 2615 1838 2686 quid
1865 2616 1950 2672 di-

355 2710 492 2759 cat:
520 2703 580 2759 Si
603 2703 904 2759 descendero
930 2706 998 2759 ad
1021 2705 1309 2777 infernum,
1338 2707 1457 2763 ades
1485 2706 1653 2777 (Psal.
1684 2725 1948 2779 cxxxvttt,

356 2795 520 2868 7,8).
537 2795 591 2853 Si
611 2812 739 2868 ergo
761 2797 1100 2854 ascendendo
1126 2796 1177 2854 in
1200 2799 1413 2866 coelum,
1439 2799 1508 2854 ibi
1536 2800 1734 2856 invenit
1752 2803 1948 2873 Deum;

355 2887 740 2945 descendendo
760 2890 813 2945 in
836 2889 1122 2957 infernum,
1144 2907 1249 2946 non
1279 2890 1411 2962 fugit
1432 2893 1599 2948 Deum
1621 2912 1633 2947 :
1654 2910 1759 2965 quo
1779 2895 1951 2952 iturus

358 2990 477 3047 cst,
503 2997 608 3053 quo
639 2982 904 3054 fugiturus
926 2991 1011 3039 cst
1035 2983 1102 3038 ab
1125 2984 1214 3040 illo
1238 2984 1392 3052 irato,
1421 2985 1524 3041 nisi
1551 2985 1618 3041 ad
1644 2986 1815 3056 ipsum
1847 2989 1954 3059 pla-

356 3076 582 3133 catum?
603 3075 670 3131 Et
692 3084 892 3145 tamen,
915 3091 1037 3132 cum
1060 3077 1279 3133 omnino
1300 3093 1457 3133 nemo
1484 3080 1651 3149 possit
1676 3078 1860 3150 fugere
1882 3079 1951 3136 ab

357 3167 465 3225 illo
490 3168 573 3239 qui
602 3169 798 3241 ubique
826 3179 908 3225 est
927 3211 942 3235 ,
969 3170 1069 3225 nisi
1097 3169 1314 3242 quidam
1351 3172 1510 3243 longe
1540 3182 1722 3229 essent
1746 3190 1777 3229 a
1804 3175 1947 3243 Deo,

360 3274 478 3317 non
501 3260 768 3316 diceretur
793 3278 805 3313 :
839 3259 1069 3331 Populus
1096 3263 1189 3317 iste
1212 3262 1360 3318 labiis
1384 3281 1465 3318 me
1490 3264 1726 3333 honorat,
1751 3282 1838 3320 cor
1856 3284 1955 3321 au-

362 3360 471 3405 tem
493 3366 667 3405 eorum
693 3351 841 3422 longe
866 3362 937 3407 est
965 3370 998 3405 a
1026 3369 1103 3407 me
1132 3352 1284 3424 (Isai.
1315 3370 1438 3409 xxix
1460 3396 1473 3421 ,
1507 3356 1632 3426 l3).
1666 3356 1781 3412 Non
1821 3374 1951 3430 ergo

360 3442 491 3500 loco
530 3442 753 3513 quisque
802 3443 956 3514 longe
999 3453 1083 3500 est
1120 3460 1149 3500 a
1195 3447 1341 3513 Deo,
1372 3446 1466 3502 sed
1492 3445 1946 3506 dissimilitudine.

362 3535 509 3605 Quid
536 3544 635 3601 est,
664 3535 1132 3593 dissimilitudine?
1172 3538 1304 3593 Mala
1332 3539 1440 3595 vita
1460 3581 1475 3606 ,
1505 3542 1661 3597 malis
1692 3544 1948 3599 moribus.

363 3626 431 3684 Si
456 3629 596 3684 enim
625 3628 781 3684 bonis
807 3627 1045 3684 moribus
1072 3629 1458 3701 propinquatur
1488 3632 1629 3699 Deo;
1661 3635 1816 3690 malis
1844 3651 1952 3692 mo.

364 3720 521 3779 ribus
548 3720 815 3778 receditur
834 3738 865 3777 a
890 3720 1021 3777 Deo.
1050 3721 1200 3778 Unus
1225 3738 1353 3795 ergo
1381 3724 1627 3794 idemque
1654 3725 1812 3782 homo
1836 3742 1954 3783 cor-

366 3826 502 3884 pore
542 3820 691 3869 stans
726 3827 831 3869 uno
874 3812 1025 3880 loco,
1058 3822 1113 3869 et
1149 3813 1376 3870 amando
1420 3814 1586 3871 Deum
1629 3817 1836 3872 accedit
1883 3819 1950 3876 ad

366 3903 562 3967 Deum.
580 3913 634 3959 et
652 3902 880 3959 amando
901 3904 1230 3975 iniquitatem
1247 3904 1451 3961 recedit
1473 3922 1503 3961 a
1531 3907 1641 3962 Deo
1660 3925 1672 3962 :
1692 3923 1949 3979 nusquam

366 3994 541 4066 pedes
563 4005 754 4064 movet,
778 4004 833 4052 et
858 4004 1033 4052 tamen
1058 4005 1231 4067 potest
1251 4006 1303 4051 et
1327 3997 1581 4054 accedere
1603 4008 1657 4053 et
1676 4000 1949 4057 recedere.

374 4086 550 4143 Pedes
573 4088 708 4144 enim
734 4088 902 4144 nostri
931 4092 983 4143 in
1008 4088 1109 4145 hoc
1137 4089 1349 4155 itinere,
1371 4088 1594 4145 affectus
1614 4092 1780 4146 nostri
1803 4101 1946 4147 sunt.

370 4178 541 4236 Prout
567 4180 785 4253 quisque
808 4180 1058 4238 affectum
1091 4181 1353 4247 habuerit,
1378 4192 1534 4253 prout
1555 4183 1780 4254 quisque
1800 4199 1952 4239 amo-

366 4289 487 4331 rem
516 4273 792 4341 habuerit,
823 4276 892 4330 ita
919 4274 1125 4331 accedit
1153 4276 1236 4331 vel
1279 4275 1484 4331 recedit
1522 4291 1551 4331 a
1600 4277 1731 4334 Deo.
1765 4279 1951 4337 Nonne

364 4367 680 4439 plerumque
700 4367 945 4433 dicimus,
974 4366 1186 4438 quando
1212 4367 1510 4423 invenimus
1530 4369 1704 4441 aliqua
1728 4370 1950 4427 dissimi-

365 4459 438 4514 lia
464 4477 478 4513 :
502 4458 613 4515 Hoc
639 4458 796 4531 longe
816 4468 900 4515 est
926 4459 994 4514 ab
1024 4459 1154 4515 illo?
1175 4459 1397 4527 Quando
1422 4461 1629 4532 aliquos
1653 4462 1788 4519 duos
1811 4463 1950 4521 forte

367 4549 615 4606 homines
642 4564 1012 4621 comparamus
1030 4592 1045 4616 ,
1087 4551 1222 4605 duos
1248 4565 1414 4621 equos
1437 4593 1452 4617 ,
1485 4551 1617 4607 duas
1645 4565 1822 4610 chIes
1842 4598 1857 4621 ,
1895 4563 1951 4612 et

363 4641 569 4697 dixerit
596 4642 821 4712 aliquis,
854 4640 1055 4698 Similis
1082 4650 1165 4697 est
1207 4641 1321 4697 hate
1346 4643 1531 4709 vestis,
1567 4644 1688 4699 talis
1717 4655 1801 4701 est
1820 4662 1950 4715 qua-

365 4729 435 4789 lis
461 4734 577 4800 illa;
610 4741 720 4800 aut,
753 4732 857 4789 Iste
887 4732 1048 4788 homo
1072 4733 1189 4787 talis
1218 4741 1301 4788 est
1323 4734 1494 4803 qualis
1521 4734 1641 4789 ille:
1665 4736 1791 4807 quid
1812 4737 1948 4793 alius

364 4824 530 4891 dicit,
563 4825 653 4896 qui
682 4823 1029 4879 contradicit?
1059 4824 1239 4890 Absit;
1274 4825 1430 4896 longe
1459 4836 1542 4881 est
1568 4827 1637 4882 ab
1666 4827 1778 4883 illo.
1809 4827 1948 4897 Quid

362 4926 471 4984 est,
498 4915 653 4989 longe
696 4923 779 4973 est
822 4915 891 4971 ab
936 4916 1060 4972 illo?
1092 4915 1375 4971 Dissimilis
1421 4926 1503 4972 est
1546 4917 1641 4973 illi.
1692 4919 1757 4974 Et
1798 4920 1949 4990 juxta

362 5015 530 5074 stant,
554 5018 608 5064 et
633 5017 808 5064 tamen
838 5008 937 5062 iste
967 5007 1124 5078 longe
1146 5016 1229 5063 est
1256 5007 1323 5062 ab
1351 5007 1461 5062 illo.
1488 5008 1599 5062 Duo
1630 5024 1756 5066 vero
1783 5010 1950 5081 iniqui

366 5114 524 5171 pares
555 5100 660 5155 vita
692 5109 745 5155 ct
774 5099 1034 5164 tnoribus,
1058 5100 1102 5154 si
1125 5115 1262 5154 unus
1291 5100 1362 5155 sit
1389 5102 1443 5155 in
1473 5099 1714 5168 Oriente,
1738 5103 1874 5159 alter
1895 5103 1949 5159 in

360 5191 679 5257 Occidente,
699 5193 856 5263 juxta
886 5191 1113 5247 invicem
1141 5201 1284 5246 sunt.
1306 5190 1373 5245 Et
1400 5192 1505 5246 duo
1526 5192 1656 5263 justi
1682 5193 1946 5263 similiter,

364 5286 505 5343 alter
534 5288 604 5341 sit
632 5286 684 5341 in
714 5285 953 5351 Oriente,
986 5285 1123 5340 alter
1150 5283 1203 5339 in
1233 5282 1557 5350 Occidente,
1587 5298 1767 5340 secum
1799 5296 1948 5357 sunt,

362 5379 489 5452 quia
522 5379 575 5435 in
605 5379 710 5434 Deo
739 5386 885 5433 sunt.
911 5377 1130 5444 Contra,
1165 5376 1513 5447 unusjustus,
1547 5376 1684 5431 alter
1714 5377 1945 5450 iniquus,

361 5471 576 5530 etiamsi
618 5487 722 5528 una
771 5479 962 5528 catena
1007 5470 1256 5544 ligentur,
1303 5470 1528 5525 multutn
1562 5485 1592 5525 a
1633 5485 1693 5527 se
1719 5475 1949 5543 separati

362 5574 513 5625 sunt.
545 5568 682 5639 Ergo
710 5566 755 5623 si
780 5565 1216 5622 dissimilitudine
1246 5564 1544 5620 recedimus
1572 5579 1603 5619 a
1633 5564 1764 5633 Deo,
1794 5566 1947 5622 simi-

363 5659 588 5718 litudine
624 5659 931 5717 accedimus
966 5659 1033 5714 ad
1076 5658 1264 5713 Deum.
1296 5658 1409 5725 Qua
1449 5656 1827 5714 similitudine?
1864 5657 1947 5715 Ad

361 5771 524 5829 quam
557 5753 685 5811 facti
713 5768 919 5823 sumus,
948 5768 1107 5825 quam
1139 5753 1191 5807 in
1219 5751 1372 5807 nobis
1400 5751 1669 5821 peccando
1692 5766 1943 5823 corrupe-

361 5865 568 5919 ramus,
589 5866 748 5926 quam
775 5867 915 5926 pecu
937 5858 1109 5917 torum
1140 5845 1453 5919 remissione
1479 5846 1796 5917 recepimus,
1825 5860 1944 5917 quae

1457 361 1852 422 ENARRATIO
1885 361 1954 421 ΙΝ
1993 362 2309 421 ΡδΑωιυιι
2349 364 2527 422 XCIV.

3509 378 3648 437 1218

2064 477 2117 533 in
2141 478 2294 533 nobis
2321 489 2607 536 renovatur
2628 481 2771 539 intus
2792 482 2845 539 in
2869 492 3067 553 mente,
3090 494 3147 542 ut
3175 494 3421 560 tanquam
3442 494 3652 549 rescul-

2062 578 2218 640 patur
2247 570 2301 625 in
2333 586 2581 640 nummo,
2612 572 2665 628 id
2698 584 2813 643 est,
2846 576 2895 630 in
2924 578 3103 634 anima
3128 589 3311 635 nostra
3342 581 3519 654 imago
3551 584 3649 641 Dei

2060 662 2264 731 nostri,
2295 672 2349 720 et
2387 664 2671 722 redeamus
2695 667 2763 722 ad
2796 667 3078 726 thesauros
3104 670 3242 742 ejus.
3290 672 3425 729 Nam
3465 675 3647 744 unde,

2062 757 2272 824 fratres,
2301 757 2370 814 de
2396 774 2613 814 nummo
2639 761 2803 817 voluit
2830 762 3087 822 Dominus
3113 777 3296 823 noster
3316 768 3472 826 Jesus
3493 770 3648 826 Chri-

2062 855 2177 904 stus
2205 849 2491 907 ostendere
2530 853 2883 909 tentatoribus
2913 856 3024 912 suis
3052 857 3178 928 quid
3218 870 3424 930 quaerat
3464 861 3649 919 Deus?

2060 941 2285 1010 Quando
2313 944 2457 1001 enim
2487 944 2555 1001 de
2584 946 2779 1002 tributo
2804 945 3031 1005 Caesaris
3050 991 3067 1018 ,
3092 962 3397 1022 quaerentes
3424 970 3645 1013 causam

2058 1036 2339 1093 calumniae
2359 1080 2373 1104 ,
2406 1039 2686 1095 consulere
2712 1041 3025 1112 magistrum
3053 1044 3293 1103 veritatis
3319 1050 3635 1117 voluerunt,

2058 1138 2113 1185 et
2158 1130 2487 1187 consulendo
2536 1142 2743 1189 tentare
2788 1142 2964 1188 utrum
3013 1134 3199 1193 liceret
3238 1139 3489 1196 tributum
3529 1137 3637 1201 dati

2058 1219 2284 1286 Caesari;
2330 1222 2456 1293 quid
2502 1223 2591 1280 ille
2635 1223 2747 1279 ait?
2780 1224 2919 1293 Quid
2946 1242 3027 1281 me
3055 1229 3258 1283 tentatis
3278 1270 3294 1297 ,
3326 1232 3639 1302 hypocrita?

2060 1312 2219 1370 Petiit
2242 1314 2419 1370 afl'erri
2450 1316 2549 1371 sibi
2581 1332 2856 1372 nummum
2879 1359 2895 1385 ,
2928 1328 2983 1375 et
3011 1318 3203 1375 allatus
3231 1330 3333 1377 est.
3364 1322 3523 1395 Cujus
3548 1326 3647 1380 Ita-

2058 1407 2159 1473 bet,
2178 1409 2365 1480 inquit,
2384 1409 2694 1480 imaginem?
2713 1411 3155 1481 Responderunt:
3171 1412 3403 1470 Cazsaris.
3426 1416 3495 1473 Et
3522 1417 3644 1475 ille:

2059 1500 2279 1556 Reddite
2302 1519 2419 1574 ergo
2441 1501 2632 1558 Censori
2653 1519 2766 1575 quae
2784 1504 3000 1560 Caesaris
3028 1515 3164 1572 sunt,
3196 1517 3243 1562 et
3273 1507 3380 1564 Deo
3406 1527 3521 1581 qua:
3546 1510 3648 1568 Dei

2058 1602 2175 1648 sunt
2203 1592 2416 1664 (Matt/3.
2444 1610 2573 1661 xxii,
2599 1595 2812 1667 15-2”.
2842 1596 3116 1669 Tanquam
3142 1598 3443 1658 diceret:Si
3465 1602 3648 1661 Caesar

2058 1686 2253 1757 quaerit
2282 1686 2336 1742 in
2362 1702 2582 1742 nummo
2612 1688 2897 1759 imaginem
2927 1705 3081 1747 suam
3103 1732 3119 1759 ,
3151 1691 3291 1748 Deus
3317 1708 3425 1749 non
3452 1697 3647 1767 quterit

2059 1776 2114 1830 in
2144 1775 2361 1834 homine
2381 1766 2668 1850 imaginem
2699 1781 2887 1835 suam?
2931 1782 3013 1837 Ad
3055 1781 3194 1839 hanc
3233 1766 3641 1846 similitudinem

2058 1882 2157 1922 nos
2190 1867 2443 1923 Dominus
2469 1878 2652 1925 noster
2674 1869 2832 1926 Jesus
2856 1869 3104 1928 Christus
3127 1873 3384 1942 invitans,
3414 1876 3646 1949 imperat

2059 1958 2212 2014 nobis
2260 1969 2317 2013 ut
2360 1970 2574 2016 nostros
2618 1961 2779 2016 etiam
2826 1962 3075 2020 inimicos
3113 1965 3429 2038 diligamus;
3461 1977 3517 2025 et
3555 1970 3648 2028 dat

2058 2052 2358 2124 exemplum
2390 2054 2458 2110 de
2487 2055 2603 2125 ipso
2632 2056 2746 2112 Deo
2770 2074 2785 2110 :
2816 2056 2964 2113 Sicut
2990 2057 3150 2114 Pater
3167 2070 3347 2131 vester,
3371 2061 3465 2130 ait,
3487 2064 3574 2136 qui
3591 2066 3646 2121 in

2056 2145 2197 2200 cwlis
2222 2155 2314 2212 est,
2342 2148 2429 2218 qui
2452 2149 2608 2203 solem
2636 2166 2784 2204 suum
2813 2151 2940 2205 oriri
2961 2152 3085 2222 facit
3106 2169 3260 2224 super
3282 2153 3438 2211 bonos
3458 2164 3506 2211 et
3530 2174 3645 2213 rna-

2058 2237 2154 2306 los,
2187 2248 2233 2293 et
2266 2240 2396 2309 pluit
2424 2258 2578 2311 super
2603 2243 2778 2314 justas
2805 2251 2852 2296 et
2879 2243 3116 2314 injustas.
3156 2244 3338 2303 .Estote
3362 2263 3481 2318 ergo
3513 2249 3647 2307 sicut

2061 2331 2218 2387 Pater
2243 2344 2399 2389 vester
2427 2336 2637 2406 perfecti
2663 2335 2772 2407 (Id.
2795 2352 2848 2403 v,
2874 2336 2964 2402 45,
2991 2338 3106 2407 48).
3132 2337 3268 2394 Cum
3296 2339 3444 2408 dicit,
3468 2341 3647 2399 Estote

2058 2423 2188 2478 sicut
2215 2424 2302 2479 ille
2347 2426 2685 2498 perfecti,ad
2730 2428 3137 2486 similitudinem
3184 2446 3284 2487 nos
3327 2433 3538 2489 invitat.
3584 2434 3644 2493 Si

2059 2532 2187 2589 ergo
2213 2518 2278 2573 ad
2308 2519 2712 2575 similitudinem
2743 2535 2841 2575 nos
2870 2521 3078 2588 invitat,
3101 2532 3311 2579 constat
3329 2526 3450 2595 quia
3478 2526 3643 2584 dissi-

2057 2609 2214 2665 miles
2242 2610 2521 2666 existendo
2546 2626 2945 2667 recesseramus
2971 2627 3000 2667 a
3032 2613 3164 2679 Deo,
3188 2623 3244 2670 et
3272 2614 3396 2672 facti
3425 2616 3642 2675 eramus

2056 2702 2216 2774 longe
2258 2718 2356 2773 per
2396 2703 2902 2772 dissimilitudinem,
2932 2712 2987 2761 et
3029 2704 3295 2763 efficimur
3338 2723 3505 2781 prope
3549 2726 3645 2782 per

2056 2793 2478 2859 similitudinem,
2500 2803 2560 2850 ut
2579 2795 2690 2866 jam
2718 2796 2809 2852 fiat
2836 2796 2888 2851 in
2913 2797 3070 2853 nobis
3090 2798 3232 2869 quod
3258 2800 3513 2871 scriptum
3534 2810 3639 2872 est,

2056 2884 2290 2940 Accedite
2312 2887 2379 2940 ad
2405 2885 2602 2953 Deum,
2637 2894 2685 2942 et
2726 2886 3090 2942 illuminamini
3119 2887 3295 2961 (Psal.
3330 2906 3495 2947 χχχιιι
3515 2934 3530 2960 ,
3560 2893 3640 2964 5).

2057 2980 2195 3051 Ergo
2216 2978 2530 3051 quibusdam
2558 2980 2715 3051 longe
2741 2982 2928 3051 positis
2948 2990 3005 3037 et
3023 2981 3164 3039 male
3185 2984 3487 3042 viventibus
3509 2987 3647 3057 psal-

2055 3089 2174 3130 mus
2202 3073 2303 3129 iste
2331 3073 2495 3141 dicit,
2528 3072 2735 3143 Venite',
2766 3075 3073 3131 exsultcmus
3097 3074 3341 3131 Domino.
3369 3077 3485 3147 Quo
3516 3080 3643 3136 itis?

2055 3180 2162 3237 quo
2191 3164 2596 3236 receditis?quo
2624 3164 2938 3222 disceditis?
2962 3180 3068 3236 quo
3097 3165 3301 3239 fugitis,
3324 3168 3644 3227 exsultando

2056 3256 2289 3312 mundo?
2316 3256 2507 3322 Venite,
2523 3257 2828 3312 mallemus
2848 3255 3089 3312 Domino.
3104 3257 3221 3326 Quo
3246 3259 3333 3315 itis
3352 3262 3641 3333 exsultare,

2056 3352 2145 3408 ιιὶή
2184 3351 2445 3408 deficitis?
2476 3352 2700 3419 Venite,
2727 3352 3059 3408 exsultemus
3099 3351 3151 3407 in
3193 3351 3284 3408 illo
3325 3368 3355 3409 a
3385 3369 3491 3425 quo
3517 3354 3645 3415 facti

2055 3463 2261 3503 sumus.
2300 3448 2490 3515 Venite,
2522 3447 2829 3503 exsultcmus
2850 3447 3091 3504 Domino.

2127 3540 2180 3593 '5.
2206 3537 2491 3594 Jubifemus
2514 3537 2643 3606 Deo,
2668 3540 2882 3594 salutari
2911 3549 3102 3594 nostro.
3123 3539 3261 3609 Quid
3282 3549 3365 3597 est
3380 3540 3645 3613 jubilare?

2057 3629 2318 3687 Gaudium
2348 3630 2524 3687 verbis
2553 3645 2660 3686 non
2690 3645 2848 3700 posse
2878 3631 3152 3701 explicare
3173 3671 3188 3697 ,
3222 3640 3278 3688 et
3305 3640 3482 3689 tamen
3512 3647 3645 3690 voce

2058 3721 2241 3778 testari
2269 3722 2410 3793 quod
2440 3722 2581 3777 intus
2606 3734 2923 3793 conceptum
2953 3732 3036 3779 est
3078 3732 3133 3779 et
3171 3723 3353 3780 verbis
3382 3723 3644 3795 explicari

2056 3828 2162 3869 non
2194 3821 2369 3883 potest
2396 3831 2408 3867 :
2440 3813 2541 3869 hoc
2571 3823 2653 3868 est
2674 3812 2923 3883 jubitare.
2956 3813 3090 3869 Nam
3117 3814 3423 3871 consideret
3450 3815 3644 3871 Chari-

2058 3912 2140 3959 tas
2172 3903 2360 3959 Vestra
2402 3904 2491 3973 qui
2534 3903 2762 3974 jnbilaut
2808 3904 2860 3957 in
2908 3903 3187 3959 cantilenis
3215 3904 3548 3975 quibusque,
3581 3913 3640 3962 et

2055 3995 2207 4066 quasi
2239 3995 2290 4049 in
2321 3995 2615 4050 certamine
2640 3994 2870 4064 quodam
2902 3994 3101 4049 laetitiae
3131 3994 3435 4059 saecularis;
3478 4004 3533 4051 et
3556 3996 3643 4052 vi-

2056 4086 2194 4142 detis
2228 4086 2377 4157 quasi
2421 4085 2559 4139 inter
2586 4085 2793 4140 cantica
2819 4084 2999 4140 verbis
3029 4100 3285 4155 expressa
3309 4086 3644 4145 exundantes

2057 4178 2235 4233 laetitia
2257 4220 2271 4242 ,
2300 4176 2386 4232 cui
2417 4177 2593 4248 lingua
2623 4175 2852 4232 dicendo
2882 4192 2990 4233 non
3024 4176 3256 4245 sufficit,
3289 4179 3644 4249 quemadmo-

2056 4270 2182 4327 dum
2208 4270 2456 4342 jubilent,
2488 4279 2545 4325 ut
2573 4286 2669 4342 per
2691 4270 2833 4325 illam
2860 4285 3048 4327 vocem
3080 4270 3346 4328 indicetur
3370 4274 3535 4331 animi
3561 4275 3646 4332 af-

2056 4363 2247 4430 fectus,
2279 4362 2458 4417 verbis
2487 4362 2757 4432 explicare
2786 4377 2890 4417 non
2913 4362 3139 4419 valentis
3164 4362 3306 4434 quod
3326 4364 3491 4422 corde
3512 4380 3645 4423 con-

2055 4456 2268 4528 cipitur.
2292 4453 2348 4511 Si
2368 4470 2497 4527 ergo
2524 4456 2599 4510 illi
2626 4454 2693 4510 de
2712 4454 2907 4525 gaudio
2928 4462 3147 4511 terreno
3170 4455 3429 4526 jubilant;
3453 4474 3551 4515 nos
3575 4460 3645 4518 de

2063 4548 2258 4620 gaudio
2286 4548 2494 4604 ctelesti
2518 4546 2747 4620 jubilare
2767 4561 2874 4603 non
2895 4545 3175 4627 debemus,
3203 4547 3345 4620 quod
3373 4564 3502 4607 vere
3521 4552 3645 4608 ver-

2055 4644 2139 4699 bis
2167 4644 2435 4714 explicare
2464 4657 2569 4697 non
2600 4641 2923 4712 possumus?

2127 4736 2180 4790 4.
2206 4733 2360 4807 [vers.
2389 4733 2470 4807 2.]
2507 4733 2924 4803 Prteoccupemus
2950 4730 3131 4803 faciem
3156 4732 3266 4803 ejus
3293 4732 3346 4788 in
3370 4734 3643 4804 confessio-

2059 4844 2140 4881 ne.
2168 4825 2450 4882 Confessio
2480 4825 2694 4895 quidem
2720 4823 2930 4880 duobus
2953 4823 3126 4881 modis
3145 4824 3405 4895 accipitur
3423 4824 3475 4879 in
3498 4824 3644 4880 Scri-

2059 4920 2249 4991 pturis.
2279 4918 2379 4975 Est
2405 4918 2671 4975 confessio
2698 4916 2986 4985 laudantis,
3017 4925 3101 4974 est
3124 4915 3392 4974 confessio
3420 4932 3641 4988 gemen-

2058 5012 2145 5066 tis.
2193 5009 2471 5066 Confessio
2500 5010 2800 5077 laudantis,
2832 5008 2900 5065 ad
2947 5008 3208 5078 honorem
3256 5008 3485 5079 pertinet
3527 5008 3644 5079 ejus

2058 5102 2147 5173 qui
2192 5101 2437 5157 laudatur
2468 5119 2481 5155 :
2511 5100 2780 5158 confessio
2814 5098 3110 5171 gementis,
3154 5099 3222 5156 ad
3274 5100 3643 5172 paenitentiam

2059 5195 2290 5265 pertinet
2317 5194 2432 5264 ejus
2462 5194 2549 5264 qui
2576 5192 2880 5249 confitetur.
2925 5190 3261 5247 Confitentur
3288 5191 3432 5247 enitr
3463 5193 3641 5250 homi-

2058 5302 2175 5355 nes,
2206 5302 2326 5343 eum
2357 5284 2575 5341 laudant
2602 5284 2769 5339 Deum
2809 5300 2821 5336 :
2866 5281 3208 5350 confitentur,
3238 5296 3359 5339 cum
3391 5294 3643 5341 accusant

2058 5394 2149 5447 se;
2182 5387 2236 5434 et
2265 5378 2396 5433 nihil
2426 5376 2637 5447 dignius
2666 5374 2793 5430 facit
2819 5373 3018 5445 lingua.
3044 5373 3182 5430 Vere
3210 5384 3339 5445 puto
3363 5374 3506 5444 quod
3528 5375 3643 5445 ipsa

2058 5473 2163 5528 sint
2195 5480 2339 5537 vota,
2368 5470 2434 5526 de
2461 5468 2652 5540 quibus
2673 5466 2801 5523 dicit
2830 5468 2883 5523 in
2909 5466 3016 5523 alio
3043 5467 3268 5540 psalmo.
3292 5466 3523 5523 Reddam
3549 5467 3639 5521 tibi

2057 5576 2171 5621 vota
2207 5581 2315 5619 mea
2334 5605 2349 5630 ,
2376 5578 2487 5634 qua:
2507 5561 2844 5617 distinxerunt
2877 5560 3013 5615 labia
3038 5577 3148 5616 mea
3180 5560 3348 5632 (Psat.
3374 5574 3506 5627 va,
3538 5560 3608 5617 15

2058 5657 2168 5729 tt).
2196 5656 2337 5710 Nihil
2358 5655 2456 5709 ista
2477 5653 2822 5709 distinctione
2848 5653 3148 5719 sublimius,
3167 5651 3297 5706 nihil
3320 5659 3427 5706 tam
3452 5666 3623 5708 neces

2055 5749 2257 5806 sarium
2299 5756 2353 5802 et
2393 5744 2460 5800 ad
2505 5743 2907 5816 intelligendum
2937 5752 2992 5800 et
3024 5743 3090 5800 ad
3122 5741 3433 5798 faciendum.
3488 5741 3638 5811 Quo.

2057 5842 2217 5901 modo
2242 5856 2369 5915 ergo
2395 5839 2678 5915 distinguis
2709 5846 2832 5896 vota
2858 5852 2978 5908 quae
3009 5835 3188 5894 reddis
3218 5836 3365 5893 Deo?
3389 5835 3459 5897 Ut
3487 5836 3636 5898 illum
