4088 6448
589 320 728 385 I219

577 436 792 501 laudes,
827 444 878 493 te
900 419 1155 497 accuses;
1185 430 1306 503 quia
1349 429 1490 484 illius
1535 435 1616 484 est
1656 423 2058 493 misericordia,
2109 430 2166 477 ut

588 538 805 598 peccata
842 536 1024 583 nostra
1054 524 1301 579 dimittat.
1347 520 1477 577 Nam
1527 518 1570 577 si
1619 517 1781 573 vellet
1830 531 1925 587 pro
1964 511 2168 568 meritis

591 636 768 692 agere,
803 635 905 675 non
935 600 1195 673 inveniret
1223 613 1322 669 nisi
1355 626 1489 682 quos
1516 609 1814 666 damnaret.
1850 606 2025 661 Venite
2044 617 2168 675 ergo

582 713 723 783 dixit
746 713 787 777 ⁸,
822 720 877 777 ut
902 707 1226 769 recedamus
1252 705 1361 775 jam
1395 718 1423 758 a
1453 701 1686 774 peccatis
1711 698 1916 761 nostris
1938 740 1951 763 ,
1985 706 2038 752 et
2064 710 2167 765 non

591 806 865 873 nobiscum
893 802 1121 857 deducat
1156 799 1415 859 rationem
1458 795 1526 851 de
1562 793 1887 871 praeteritis;
1916 790 2009 849 sed
2050 800 2168 847 tan-

592 914 746 967 quam
781 895 973 959 tabulae
1002 908 1155 953 novm
1187 892 1333 956 ﬁant,
1354 889 1595 955 incensis
1624 888 1873 953 omnibus
1902 884 2172 954 chirogra-

593 988 709 1059 phis
737 986 1037 1047 debitorum
1072 993 1396 1047 nostrorum.
1445 980 1650 1048 Quanta
1683 993 1808 1049 ergo
1842 977 1979 1035 illius
2019 975 2167 1039 laus,

593 1088 784 1149 quanta
806 1075 1180 1139 misericordia
1202 1116 1216 1140 ,
1245 1071 1629 1133 conﬁteantur,
1663 1070 1845 1139 utique
1875 1066 2167 1123 laudantes.

593 1170 726 1228 Nam
754 1171 796 1224 si
827 1183 1039 1239 semper
1069 1165 1333 1229 confessio
1365 1162 1669 1234 paenitentis
1696 1168 1858 1226 esset,
1886 1173 1991 1214 non
2024 1157 2171 1214 dice-

584 1271 738 1331 retur
768 1261 819 1314 in
851 1259 1136 1331 Evangelio
1164 1256 1230 1312 de
1259 1256 1374 1325 ipso
1400 1255 1623 1311 Domino
1642 1251 1734 1306 ειη
1752 1253 1843 1311 illa
1861 1252 1987 1305 liora
2002 1250 2173 1305 exsut-

593 1353 712 1409 tavit
736 1350 772 1405 J
780 1368 893 1406 esus
918 1352 970 1404 in
996 1332 1197 1419 Spiritu
1222 1356 1413 1411 sancto,
1446 1346 1607 1407 etalt,
1637 1344 1890 1413 Conﬁteor
1918 1342 2025 1406 tibi,
2060 1339 2171 1403 Pa-

594 1456 688 1510 ter,
704 1443 920 1513 Domine
939 1442 1050 1496 cceli
1077 1452 1122 1494 ct
1151 1450 1314 1505 terrae,
1335 1439 1451 1510 quia
1473 1432 1782 1491 abscondisti
1797 1438 1903 1490 haec
1929 1452 1959 1487 a
1980 1436 2175 1505 sapien-

594 1540 723 1594 tibus
752 1549 796 1593 et
826 1536 1153 1607 prudentibus
1173 1578 1185 1601 ,
1216 1545 1262 1588 et
1289 1532 1521 1589 revelasti
1561 1548 1620 1586 ea
1665 1530 1887 1601 parvulis
1920 1527 2073 1599 (Luc.
2107 1544 2170 1593 π,

592 1632 704 1703 21).
739 1628 1000 1699 Numquid
1042 1629 1164 1698 quia
1207 1626 1451 1689 Christus
1493 1622 1862 1685 conﬁtebatur,
1908 1620 2174 1690 pmnitcns

592 1722 739 1777 erat?
768 1721 918 1776 lllum
951 1717 1079 1783 nihil
1110 1718 1370 1789 ptenitere
1399 1722 1603 1784 poterat
1625 1754 1639 1779 ,
1673 1713 1793 1781 quia
1825 1710 1959 1765 nihil
1988 1710 2173 1780 culpa-

591 1815 769 1869 biliter
800 1813 1026 1876 fecerat;
1050 1810 1141 1867 sed
1172 1808 1523 1865 conﬁtebatur
1548 1807 1601 1861 in
1635 1804 1787 1860 laude
1818 1803 2008 1859 Patris.
2035 1804 2174 1874 Ergo

586 1907 715 1978 quia
743 1916 795 1959 et
822 1898 908 1958 hic
936 1901 1307 1957 exsultationis
1334 1900 1484 1955 locus
1513 1906 1596 1954 est
1616 1940 1631 1964 ,
1666 1896 1805 1951 forte
1833 1897 1978 1950 illam
2006 1894 2172 1951 debe-

557 2065 563 2073 ,
592 2014 711 2054 mus
740 1996 1033 2067 intelligere
1064 1991 1453 2049 confessionem
1485 2006 1601 2061 quas
1642 1997 1725 2043 est
1767 1988 1817 2042 in
1851 1986 2006 2042 laude
2040 1986 2131 2043 Dei
2160 2005 2170 2039 :

592 2088 733 2144 unde
760 2099 809 2142 et
840 2085 978 2140 Laus
1008 2086 1210 2152 cantici,
1243 2093 1302 2140 ut
1330 2099 1435 2139 non
1465 2082 1548 2137 hic
1577 2081 1935 2152 intelligamus
1962 2079 2174 2135 confes-

593 2182 798 2237 sionem
847 2178 1247 2250 pmnitentium,
1287 2174 1383 2233 sed
1420 2174 1767 2231 laudantium.
1816 2172 1885 2227 Et
1926 2172 2050 2242 quid
2096 2180 2178 2227 est

594 2271 733 2342 quod
776 2271 1029 2339 continuo
1068 2282 1163 2323 nos
1203 2266 1454 2322 admonet
1480 2266 1546 2320 de
1572 2265 1800 2336 quadam
1842 2262 2178 2318 confessione

593 2381 713 2421 cum
750 2365 879 2429 ait:
921 2360 1300 2417 Prwveniamus
1349 2360 1529 2431 facient
1573 2359 1681 2428 ejus
1726 2358 1779 2410 in
1820 2356 2179 2427 confessione?

593 2458 727 2527 Quid
776 2468 890 2521 est,
936 2454 1311 2511 Prteveniamus
1353 2452 1533 2524 facient
1575 2450 1686 2521 ejus
1728 2450 1783 2503 in
1827 2448 2179 2520 confessione?

593 2549 861 2619 Venturos
881 2558 991 2615 est;
1020 2548 1396 2613 Prwveniamus
1419 2545 1601 2617 faciem
1627 2544 1737 2615 ejus
1760 2543 1812 2596 in
1834 2542 2175 2613 confessione,

592 2644 776 2715 prius:
807 2651 1092 2714 antequam
1134 2640 1344 2704 veniat,
1376 2652 1473 2692 nos
1515 2634 1822 2692 conﬁtendo
1864 2634 2179 2689 damnemus

576 2720 733 2806 ‘quod
756 2737 993 2799 fecimus,
1015 2744 1072 2788 ut
1096 2734 1182 2786 illc
1210 2730 1351 2802 quod
1379 2736 1621 2794 coronet,
1646 2744 1751 2784 non
1773 2726 1913 2797 quod
1940 2726 2175 2793 damnet,

592 2826 850 2899 inveniat.
876 2824 1141 2895 Numquid
1170 2833 1346 2878 autem
1377 2830 1429 2877 et
1457 2820 1559 2876 hoc
1585 2835 1688 2875 non
1715 2819 1947 2889 pertinet
1968 2818 2035 2872 ad
2067 2818 2181 2873 lau-

590 2917 717 2985 ,dem
766 2919 888 2984 Dei,
919 2916 1129 2987 quando
1172 2913 1446 2972 conﬁteris
1492 2918 1709 2982 peccata
1740 2909 1865 2964 tua?
1894 2910 2007 2963 lmo
2047 2923 2179 2969 vero

598 3012 829 3073 tnaxime
859 3010 1088 3080 pertinet
1112 3006 1175 3061 ad
1204 3003 1414 3059 laudem
1447 3003 1561 3057 Dei.
1590 3000 1765 3068 Quare
1791 2999 2028 3065 maxime
2052 3014 2179 3071 per«

598 3103 730 3158 tinet
750 3100 813 3154 ad
844 3100 1050 3155 laudem
1075 3098 1203 3154 Dei?
1229 3096 1357 3164 Quia
1384 3102 1531 3148 Lanto
1554 3093 1780 3163 amplius
1804 3090 2049 3145 laudatur
2070 3104 2181 3144 me-

596 3195 746 3259 dicus
766 3237 781 3261 ,
812 3204 1008 3265 quanto
1054 3190 1169 3262 plus
1209 3188 1594 3261 desperabatur
1628 3194 1879 3256 aegrotus.
1911 3183 2181 3239 Conﬁtere

597 3288 772 3357 itaque
799 3294 1015 3359 peccata
1048 3293 1133 3339 tua
1155 3326 1168 3348 ,
1201 3298 1305 3355 quo
1332 3281 1501 3352 magis
1528 3278 1853 3349 dcsperabas
1879 3276 1947 3332 de
1974 3285 2027 3331 te
2053 3289 2179 3347 pro-

598 3390 714 3449 pter
738 3379 1038 3449 iniquitates
1064 3386 1198 3430 tuas.
1223 3373 1393 3429 Tanto
1419 3372 1559 3427 enim
1590 3370 1761 3439 major
1789 3368 1903 3424 laus
1927 3376 2007 3423 est
2034 3367 2183 3439 igno-

597 3470 819 3532 tfeentis,
850 3476 1049 3539 quanto
1079 3464 1250 3535 major
1279 3461 1615 3533 exaggeratio
1645 3469 1728 3515 est
1760 3466 1980 3531 peccata
2008 3457 2180 3513 conﬁ-

599 3563 776 3618 tentis.
825 3560 939 3615 Non
988 3574 1115 3631 ergo
1159 3567 1403 3627 putemus
1450 3554 1743 3610 recessisse
1793 3567 1890 3606 nos
1936 3567 1964 3605 a
2020 3550 2180 3607 laude

568 3636 825 3719 cantici,
855 3652 897 3706 si
928 3651 1066 3705 hanc
1086 3646 1485 3715 confessionem
1528 3644 1615 3699 hic
1654 3642 2033 3713 intelligimus,
2076 3657 2181 3711 qua

597 3747 910 3802 confitemur
938 3752 1156 3815 peccata
1184 3748 1365 3797 nostra
1392 3757 1404 3790 :
1435 3747 1488 3793 et
1517 3738 1616 3791 hoc
1641 3735 1707 3790 ad
1746 3734 1957 3799 laudem
1988 3734 2181 3789 cantici

576 3840 858 3914 ,pcrtinel;
890 3838 1013 3909 quia
1041 3851 1162 3892 cum
1200 3842 1414 3905 peccata
1444 3839 1622 3886 nostra
1654 3830 2049 3901 cognoscimus,
2086 3829 2181 3884 Dei

582 3920 812 4005 gloriam
860 3928 1319 3986 commendamus.
1372 3925 1752 3979 Prwveniamus
1783 3924 1963 3996 faciem
1992 3926 2101 3995 ejus
2128 3923 2182 3978 in

592 4026 923 4098 confessione.

666 4118 718 4173 5.
763 4116 829 4171 Et
860 4118 910 4169 in
940 4114 1146 4187 psalmis
1165 4110 1440 4183 jubilemus
1466 4109 1563 4163 illi.
1609 4107 1728 4163 Jam
1774 4106 2008 4162 diximus
2052 4107 2180 4174 quid

588 4211 663 4287 sit
680 4210 935 4280 jubilare;
961 4206 1247 4277 repetitum
1269 4211 1370 4269 est,
1389 4211 1446 4257 ut
1461 4199 1808 4256 conﬁrmetur
1828 4198 1880 4252 in
1908 4197 2179 4253 faciendo:

597 4304 709 4375 ipsa
737 4301 985 4375 repetitio
1012 4298 1314 4355 exhortatio
1336 4302 1436 4351 est.
1466 4293 1580 4355 Non
1608 4292 1749 4347 enim
1773 4290 1883 4361 jam
1911 4289 2059 4345 obliti
2087 4304 2181 4344 su-

597 4414 744 4462 mus,
779 4404 835 4450 ut
857 4394 967 4465 jam
995 4389 1198 4446 moneri
1226 4403 1322 4445 nos
1349 4385 1575 4440 velimus
1597 4426 1610 4449 ,
1644 4399 1762 4453 qua:
1790 4381 1930 4438 dicta
1959 4383 2063 4435 sint
2089 4396 2183 4435 su—

598 4489 794 4560 perius,
826 4495 883 4551 ut
906 4484 1192 4555 jubilemus
1218 4499 1229 4535 :
1256 4478 1350 4539 sed
1378 4477 1691 4550 plerumque
1718 4474 1770 4528 in
1796 4473 1992 4527 all'eetu
2018 4473 2183 4528 animi

595 4581 857 4651 repetitur
874 4577 1090 4632 verbum
1111 4572 1249 4645 quod
1280 4584 1461 4628 notum
1484 4578 1620 4635 erat,
1642 4583 1747 4623 non
1778 4575 1835 4641 ut
1862 4566 2181 4634 innotescat,

594 4674 689 4730 sed
723 4681 778 4727 ut
808 4671 918 4743 ipsa
942 4667 1189 4737 repetitio
1212 4663 1368 4720 faciat
1391 4660 1889 4724 conﬁrmationem;
1920 4658 2184 4726 repetitur

595 4764 736 4827 enim
779 4760 845 4816 ad
894 4757 1288 4829 intelligendum
1335 4754 1584 4809 affectum
1632 4751 1878 4807 dicentis.
1924 4747 2049 4802 Inde
2101 4755 2186 4801 est

593 4857 733 4927 quod
765 4854 892 4910 dicit
927 4851 1201 4917 Dominus,
1232 4848 1411 4913 Amen,
1442 4862 1587 4899 amen
1616 4843 1729 4897 dico
1753 4841 1889 4895 vobis
1914 4839 2095 4910 (Joan.
2128 4854 2179 4904 l,

580 4930 681 5020 ’51)
715 4966 728 5014 ;
761 4944 1058 5015 sufﬁciebat
1097 4942 1256 4995 Amen
1300 4953 1497 5003 unum;
1538 4949 1741 5007 quare,
1771 4932 1931 4987 Amen
1952 4972 1965 4998 ,
1999 4946 2182 4995 omen,

578 5043 691 5113 nisi
742 5040 863 5112 quia
915 5026 1029 5108 ipsa
1076 5032 1324 5105 repetitio
1355 5027 1692 5086 conﬁrmatio
1722 5026 1838 5081 est?
1866 5022 1931 5077 In
1974 5022 2185 5095 psalmis

590 5147 738 5203 ergo,
768 5114 1269 5201 inquit,jubilemus
1300 5123 1395 5177 illi.
1431 5120 1499 5175 Et
1525 5134 1643 5190 quae
1684 5116 1925 5172 dicemus
1952 5115 2005 5169 in
2037 5113 2185 5184 psal-

578 5205 724 5285 itnis?
753 5240 869 5295 quae
913 5223 1187 5285 dicemus,
1227 5217 1311 5273 vel
1357 5216 1533 5286 potius
1562 5211 1859 5273 sentiemus
1887 5209 1941 5263 in
1981 5208 2182 5278 jubila-

589 5319 767 5373 tione?
800 5330 916 5386 qua:
940 5322 1063 5371 sunt
1084 5328 1203 5383 quae
1234 5310 1501 5381 pertinent
1528 5304 1595 5361 ad
1626 5303 1837 5359 laudem
1863 5301 2054 5358 cantici
2082 5300 2185 5355 hu-

579 5412 705 5479 jus?
736 5408 851 5463 Jam
876 5404 1055 5462 audite
1080 5422 1092 5456 :
1120 5402 1371 5471 Quoniam
1406 5398 1541 5455 Deus
1575 5413 1787 5469 magnus
1813 5404 1883 5449 est
1908 5391 2179 5459 Dominus,

588 5515 632 5577 et
658 5520 752 5559 rex
779 5516 990 5573 magnus
1017 5513 1168 5566 super
1195 5510 1365 5559 omnes
1395 5491 1514 5546 deos
1538 5507 1553 5544 :
1581 5500 1861 5561 propterea
1893 5501 2020 5557 ergo
2041 5484 2185 5556 jubi-

588 5599 761 5653 lemus
784 5596 878 5659 illi.
900 5590 1150 5660 Quoniam
1172 5604 1272 5641 non
1293 5584 1503 5658 repellet
1524 5583 1769 5637 Dominus
1793 5580 1981 5653 plebem
2000 5592 2180 5635 suam:

583 5754 618 5868 ᾇ
650 5752 665 5782 ι
692 5749 917 5813 Plerique
933 5754 1060 5797 tisse
1088 5742 1223 5797 Venit
1240 5754 1359 5807 ergo
1383 5740 1563 5791 dicens.
1592 5747 1687 5787 Am.
1716 5746 1765 5787 et
1791 5744 1881 5786 Fr:
1912 5734 2042 5786 t'enit
2066 5745 2181 5798 ergo

621 5824 777 5865 occas.
2125 5830 2129 5839 ,

621 5824 777 5865 068113.
2125 5830 2129 5839 ,

1354 5950 1459 5966 ..'_.-_,

1812 312 1868 367 S.
1909 305 2272 366 AUGUSTINI
2312 306 2610 367 EPJSCOPI

3717 322 3838 386 i230

2274 420 2563 491 jubilemus
2594 422 2691 477 illi.
2730 424 2980 490 Quoniam
3009 425 3059 478 in
3090 442 3243 491 manu
3273 432 3386 501 ejus
3412 430 3427 463 ί
3454 434 3583 502 ﬁnes
3607 443 3774 503 teme,
3801 453 3842 496 et

2272 514 2565 569 altitudines
2592 516 2835 570 montium
2871 518 3030 586 ipsius
3054 528 3172 575 sunt
3196 535 3214 573 :
3243 520 3295 575 in
3327 521 3413 577 his
3443 525 3688 585 omnibus
3710 529 3840 599 jubi-

2278 604 2448 660 lemus
2478 607 2571 660 illi.
2605 608 2855 673 Quoniam
2880 608 3041 679 ipsius
3067 620 3137 665 est
3162 628 3320 679 mare,
3355 622 3404 668 et
3428 613 3537 686 ipse
3568 619 3678 687 fecit
3705 621 3837 688 illud,

2274 708 2324 752 et
2348 700 2545 755 aridam
2572 711 2757 756 terram
2784 720 2965 769 manus
2989 704 3098 775 ejus
3120 705 3385 775 ﬁnxerunt
3402 722 3421 760 :
3444 706 3728 777 jubilemus
3754 713 3839 769 illi.

2276 790 2380 848 Sed
2409 792 2523 849 haec
2544 795 2722 861 omnia
2742 795 2869 867 quid
2896 797 2998 852 sibi
3019 797 3204 863 velint,
3233 798 3277 865 si
3308 810 3668 870 congruenter
3682 802 3845 869 discu-

2277 886 2495 954 tiantur,
2526 896 2734 958 tempus
2760 889 2897 945 forte
2926 905 3031 947 non
3063 891 3294 950 sufﬁcit:
3318 892 3417 948 sed
3441 909 3624 951 rursus
3644 898 3686 951 si
3709 900 3843 968 peni-

2279 987 2362 1035 tus
2413 981 2782 1067 negligantur,
2830 983 3099 1039 debitores
3140 987 3574 1053 .remanebimus.
3626 990 3846 1050 Breviter

2278 1070 2455 1141 itaque
2494 1088 2596 1147 [pro
2641 1082 2881 1145 tempore
2902 1115 2915 1137 ,
2946 1085 3201 1147 quantum
3234 1078 3599 1149 perstringere
3626 1087 3844 1152 potueri-

2274 1182 2419 1233 mus,
2448 1168 2703 1239 accipite;
2731 1170 2851 1240 quia
2882 1179 2934 1224 et
2962 1185 3125 1241 pauca
3147 1172 3353 1231 semina
3376 1172 3701 1237 uberrimam
3721 1193 3844 1237 mes—

2266 1275 2390 1325 sem
2419 1260 2674 1326 referunt,
2708 1262 2751 1315 si
2776 1262 2845 1317 sit
2873 1272 3011 1317 terra
3040 1262 3335 1319 fructifera.

2350 1354 2402 1407 6.
2433 1353 2581 1426 [vet-s.
2610 1352 2687 1425 5.]
2730 1354 2967 1411 Primum
2998 1370 3163 1425 quare
3184 1355 3488 1425 jubilemus
3513 1372 3716 1427 ,quare
3736 1360 3845 1425 lau-

2279 1445 2485 1511 demus,
2514 1444 2616 1499 hoc
2647 1447 2822 1515 posuit
2847 1462 2859 1498 :
2892 1446 3144 1514 Quoniam
3170 1446 3312 1501 Deus
3334 1464 3553 1519 magnus
3574 1461 3652 1517 est
3672 1450 3843 1515 Domi-

2280 1554 2392 1601 nus,
2418 1546 2463 1592 et
2489 1553 2580 1591 rex
2605 1553 2813 1608 magnus
2838 1554 2989 1607 super
3009 1553 3180 1592 omnes
3202 1538 3343 1592 deos.
3362 1538 3503 1595 Sunt
3530 1554 3655 1610 ergo
3679 1542 3747 1597 dii
3764 1557 3846 1605 su-

2280 1644 2375 1700 per
2399 1644 2533 1699 quos
2558 1630 2629 1685 sit
2653 1645 2874 1700 magnus
2907 1630 3045 1686 Deus
3071 1638 3276 1695 noster,
3309 1630 3396 1695 cui
3433 1631 3845 1700 jubilamushcui

2280 1723 2747 1789 exsultamus,cui
2794 1722 2976 1777 laudes
3018 1722 3215 1777 cantici
3260 1722 3530 1786 dicimus;
3581 1734 3724 1789 sunt,
3756 1727 3845 1789 sed

2280 1832 2386 1872 non
2430 1816 2605 1871 nobis.
2650 1816 2937 1886 Apostolus
2980 1816 3120 1869 enim
3173 1815 3247 1868 ait
3290 1833 3302 1867 :
3349 1833 3368 1865 ι
3421 1814 3555 1871 Nam
3596 1817 3693 1873 etsi
3739 1827 3848 1879 sunt

2280 1910 2370 1979 qui
2409 1909 2657 1963 dicuntur
2686 1907 2779 1973 dii,
2804 1908 2915 1961 sive
2957 1909 3008 1963 in
3046 1906 3203 1973 caelo,
3239 1908 3356 1961 sive
3397 1907 3453 1961 in
3496 1916 3657 1975 terra,
3682 1923 3845 1979 quem-

2282 2001 2566 2055 admodum
2604 2010 2725 2055 sunt
2752 2000 2823 2054 dii
2865 2000 3017 2055 multi
3047 2008 3100 2053 et
3128 1998 3333 2055 domini
3368 1999 3524 2053 multi
3556 2018 3568 2051 :
3606 1999 3749 2067 nobis
3774 2009 3843 2067 ta-

2281 2109 2405 2148 men
2449 2108 2585 2147 unus
2638 2093 2776 2148 Deus
2796 2133 2810 2157 ,
2843 2108 2907 2146 ex
2937 2106 3043 2161 quo
3069 2090 3243 2145 omnia
3265 2130 3279 2156 ,
3312 2101 3367 2145 et
3397 2105 3498 2153 nos
3543 2106 3635 2159 per
3662 2092 3841 2160 ipsum;

2283 2194 2338 2241 et
2373 2201 2507 2241 unus
2551 2184 2807 2239 Dominus
2848 2192 3029 2238 noster
3062 2182 3219 2238 .lesus
3262 2180 3547 2246 Christus,
3590 2197 3681 2252 per
3709 2198 3844 2253 quem

2283 2277 2482 2339 omnia,
2514 2285 2566 2330 et
2595 2290 2693 2331 nos
2722 2271 2771 2329 in
2801 2275 2917 2345 ipso
2951 2294 2969 2327 ›
3007 2273 3061 2344 (Ι
3090 2272 3208 2328 Cor.
3237 2288 3329 2327 vm
3349 2314 3362 2338 ,
3396 2273 3493 2329 Set
3516 2272 3613 2344 6).
3639 2273 3691 2330 Si
3734 2288 3845 2347 ergo

2284 2382 2388 2422 non
2442 2367 2629 2433 nobis,
2664 2365 2902 2436 quibus?
2950 2364 3088 2419 Audi
3141 2380 3208 2419 ex
3261 2364 3367 2419 alio
3416 2365 3623 2435 psalmo
3664 2383 3676 2417 :
3720 2365 3845 2433 Quo-

2283 2459 2421 2511 niam
2445 2458 2517 2510 dii
2546 2456 2781 2511 Gentium
2808 2456 3091 2523 daemonia,-
3129 2454 3379 2510 Dominus
3410 2436 3580 2513 autem
3610 2456 3751 2527 eiulas
3778 2459 3847 2527 fe-

2284 2555 2350 2609 cit
2380 2553 2550 2628 (Psal.
2573 2568 2697 2617 xcv,
2723 2553 2797 2623 5).
2830 2550 3249 2622 Magniﬁcenlitts
3278 2561 3334 2606 et
3359 2551 3575 2606 brevius
3606 2551 3691 2609 tibi
3720 2565 3843 2620 com-

2285 2648 2537 2703 mendare
2566 2662 2671 2701 non
2713 2646 2880 2715 potuit
2916 2645 3145 2715 Spiritus
3167 2654 3385 2698 sanctus
3417 2660 3512 2714 per
3542 2644 3837 2715 Prophetam

2286 2738 2450 2795 Deum
2475 2748 2528 2795 et
2557 2739 2836 2795 Dominum
2860 2746 3026 2792 tuum.
3058 2737 3252 2792 Parum
3283 2738 3428 2793 enim
3456 2747 3571 2794 erat
3607 2739 3719 2809 quia
3748 2746 3841 2809 ter-

2284 2830 2453 2886 ribilis
2498 2846 2657 2900 super
2685 2830 2863 2883 omnia
2895 2828 3157 2883 daemonia
3190 2829 3335 2884 Deus
3369 2849 3380 2882 :
3413 2830 3539 2901 quid
3584 2844 3839 2900 magnum,

2286 2938 2405 2979 esse
2431 2938 2589 2992 super
2613 2921 2788 2977 omnia
2820 2920 3116 2975 daemonia?
3145 2920 3277 2985 Quia
3307 2922 3379 2974 dii
3411 2920 3643 2975 Gentium
3669 2922 3839 2989 dieme-

2285 3018 2390 3070 nia.
2420 3015 2519 3072 Ubi
2550 3024 2723 3070 autem
2758 3015 2897 3070 Deus
2930 3014 3086 3068 tuus?
3116 3012 3366 3069 Dominus
3408 3024 3575 3070 autem
3608 3014 3746 3085 ctelos
3766 3017 3842 3087 Ofe-

2285 3111 2370 3165 cit.
2395 3107 2526 3163 Illud
2556 3108 2674 3162 fecit
2696 3106 2951 3161 Dominus
2978 3114 3119 3169 tuus,
3150 3105 3236 3161 ubi
3263 3121 3368 3160 non
3393 3115 3615 3176 possunt
3635 3105 3846 3175 habitare

2286 3200 2543 3257 dzemonia
2578 3218 2594 3255 :
2625 3199 2689 3252 de
2716 3199 2864 3253 oculis
2893 3199 3034 3253 enim
3062 3198 3265 3268 dejecta
3290 3209 3417 3253 sunt
3436 3198 3841 3269 drcmonia.,Ctnli

2288 3300 2665 3363 prteponuntur
2692 3291 2991 3354 datmoniis,
3025 3291 3283 3345 Dominus
3306 3299 3432 3346 tuus
3460 3299 3513 3347 et
3542 3292 3714 3356 cmlis;
3740 3290 3842 3360 quia

2287 3386 2542 3441 Dominus
2573 3395 2690 3439 tuus
2716 3394 2768 3439 et
2812 3386 2978 3439 caelos
3002 3382 3147 3439 fecit.
3177 3384 3389 3451 Quanto
3419 3400 3546 3456 ergo
3579 3385 3725 3455 altior
3748 3383 3841 3449 da;-

2287 3480 2483 3533 moniis
2507 3478 2606 3531 diis
2631 3475 2898 3540 Gentium,
2934 3476 3022 3546 qui
3053 3476 3211 3531 altior
3236 3484 3320 3532 est
3338 3478 3493 3533 oculis
3518 3516 3531 3542 ,
3562 3474 3695 3530 unde
3720 3473 3841 3541 ceci-

2276 3572 2481 3639 derunt
2506 3570 2677 3640 angeli
2704 3611 2718 3636 ,
2749 3578 2804 3625 ut
2828 3571 3021 3624 tierent
3049 3569 3357 3625 daimonia?
3391 3572 3457 3624 lit
3488 3580 3656 3624 tamen
3684 3577 3843 3639 gentes

2288 3679 2475 3719 omnes
2498 3663 2596 3717 sub
2618 3661 2950 3717 daemonibus
2988 3670 3141 3717 erant
3172 3679 3183 3713 :
3218 3661 3551 3718 daemonibus
3574 3660 3752 3730 templa
3777 3657 3841 3727 fa—

2289 3755 2491 3810 bricata
2521 3762 2662 3820 sunt,
2686 3753 3016 3809 daemonibus
3044 3770 3151 3809 arte
3172 3763 3519 3821 constructae,
3546 3750 3842 3821 dmfmonibns

2290 3848 2596 3903 sacerdotes
2624 3848 2869 3912 instituti,
2900 3847 3229 3901 daemonibus
3255 3846 3434 3902 oblata
3455 3845 3724 3915 sacriﬁcia,
3752 3842 3841 3909 dge-

2290 3941 2536 3997 monibus
2563 3940 2829 4009 arreptitii
2860 3948 3107 4010 tanquam
3128 3949 3276 3995 vates
3298 3940 3519 4009 inducti.
3548 3940 3664 3994 llaec
3687 3935 3834 3992 omnia

2292 4032 2627 4087 daemonibus
2665 4041 2850 4103 gentes
2900 4032 3301 4097 exhibuerunt;
3353 4032 3471 4088 haec
3520 4032 3687 4088 omnia
3738 4042 3838 4093 vera

2292 4127 2503 4181 nonnisi
2536 4125 2623 4179 uni
2656 4140 2848 4196 magno
2876 4126 2984 4179 Deo
3012 4125 3271 4180 debentur
3302 4140 3315 4179 :
3351 4126 3603 4197 templum
3634 4122 3839 4178 fecerunt

2293 4229 2480 4291 gentes
2520 4218 2891 4283 dtrmonibus;
2926 4217 3088 4271 habet
3133 4219 3273 4274 Deus
3299 4221 3554 4290 templum
3584 4234 3595 4269 :
3625 4211 3838 4281 sacerdo-
3928 4282 3931 4287 Α

2295 4320 2374 4364 tes
2405 4311 2642 4364 fecerunt
2669 4318 2854 4379 gentes
2883 4309 3213 4364 daemonibus
3238 4328 3251 4376 ;
3282 4310 3444 4365 habet
3466 4311 3599 4365 Deus
3619 4301 3838 4362 sacerdo-

2294 4413 2400 4459 tem
2430 4405 2450 4434 ’
2478 4423 2489 4457 :
2520 4403 2839 4459 sacriﬁcium
2886 4403 3241 4458 exhibuerunt
3283 4414 3469 4473 gentes
3510 4398 3837 4461 da:monihus;

2293 4494 2453 4550 habet
2475 4494 2613 4549 Deus
2643 4494 2984 4550 sacriﬁcium.
3011 4494 3220 4550 Etenim
3245 4495 3319 4550 illi
3340 4494 3607 4550 daemones
3637 4489 3838 4543 volentes

2296 4586 2557 4641 videridii
2584 4602 2727 4653 ,non
2758 4587 2857 4642 sibi
2907 4590 3004 4641 ista
3043 4588 3318 4657 exigerent
3365 4597 3423 4643 ut
3468 4586 3731 4646 fallerent,
3756 4574 3836 4635 nisi

2294 4679 2415 4753 quia
2437 4678 2611 4733 sciunt
2631 4693 2690 4732 ea
2720 4678 2903 4734 deberi
2935 4694 3062 4734 vero
3086 4681 3212 4732 Deo.
3240 4679 3352 4734 Hoc
3376 4681 3516 4735 enim
3542 4691 3651 4732 mos
3674 4682 3741 4728 est
3763 4667 3837 4722 de-

2294 4770 2408 4825 beri
2440 4785 2568 4825 vero
2601 4771 2727 4836 Deo,
2754 4769 2891 4839 quod
2930 4770 3028 4824 sibi
3054 4772 3216 4840 exigit
3246 4772 3409 4827 falsus
3445 4770 3590 4826 deus.
3616 4766 3742 4833 Ergo
3765 4773 3835 4813 ve-

2294 4880 2413 4920 rum
2457 4863 2709 4933 templum
2748 4861 2841 4917 Dei
2879 4863 3238 4933 agnoscimus.
3290 4863 3549 4933 Templum
3591 4859 3713 4921 enim
3762 4849 3836 4904 Dei

2294 4967 2527 5014 sanctum
2570 4966 2643 5011 est
2666 4998 2679 5022 ,
2713 4957 2910 5027 inquit,
2938 4956 3076 5027 quod
3110 4957 3227 5011 estis
3256 4973 3340 5011 vos
3367 4955 3411 5028 (l
3440 4956 3553 5011 Cor.
3576 4968 3646 5017 lli,
3675 4946 3768 5017 17).
3791 4940 3833 4999 Si

2294 5064 2423 5120 ergo
2466 5062 2565 5103 nos
2594 5062 2778 5117 sumus
2804 5047 3058 5117 templum
3093 5048 3185 5103 Dei
3211 5066 3223 5113 ;
3257 5064 3347 5103 ara
3377 5048 3468 5104 Dei
3492 5046 3655 5101 anima
3684 5046 3833 5093 nostra

2295 5150 2396 5196 est.
2447 5138 2778 5195 Sacriﬁcium
2832 5139 2924 5194 Dei
2967 5138 3095 5209 quid
3149 5138 3273 5194 est?
3303 5138 3462 5194 Forte
3510 5138 3605 5191 hoc
3646 5129 3832 5186 melinus

2296 5231 2458 5289 modo
2484 5274 2497 5297 ,
2525 5230 2855 5303 imponimus
2886 5231 2936 5285 in
2967 5245 3059 5286 ara
3085 5230 3403 5286 sacriﬁcium
3429 5273 3444 5298 ,
3468 5224 3666 5299 quando
3695 5220 3831 5273 Deum

2294 5324 2606 5389 laudamus;
2637 5323 2793 5379 docet
2823 5324 2963 5378 enim
3012 5338 3107 5378 nos
3140 5323 3374 5394 psalmus
3395 5366 3409 5391 ,
3434 5323 3608 5378 dicens
3636 5335 3649 5369 :
3678 5303 3828 5367 Sacri-

2293 5418 2463 5488 ﬁcium
2487 5417 2653 5472 laudis
2668 5416 2967 5487 glori/icabit
2994 5433 3091 5484 me,
3119 5426 3163 5471 et
3187 5417 3255 5470 ibi
3279 5417 3358 5472 via
3383 5426 3473 5479 est,
3504 5412 3583 5467 ubi
3610 5400 3829 5477 ostendam

2293 5509 2369 5563 illi
2398 5506 2621 5562 salutare
2652 5506 2748 5561 Dei
2774 5506 2944 5579 (l’sal.
2974 5524 3118 5571 xux,
3147 5507 3260 5577 9.5).
3298 5510 3364 5562 At
3390 5520 3513 5563 vero
3541 5494 3824 5558 sacerdotem

2357 5666 2524 5777 ΞΑιὲιά
2541 5673 2670 5777 tLov.
2694 5666 2907 5715 additum
2933 5672 3025 5725 est,
3077 5678 3268 5727 omnes;
3293 5665 3416 5728 quod
3439 5662 3497 5712 ab
3517 5658 3614 5709 ams
3630 5650 3724 5702 ωδ,
3746 5650 3822 5695 ει.

2389 5742 2447 5777 .a
2484 5742 2540 5777 es
2567 5766 2577 5777 .

2289 5737 2398 5787 uss.
2414 5737 2577 5778 abest.

2362 5793 2378 5821 ²
2406 5794 2476 5841 sic
2500 5798 2604 5841 Mss.
2630 5799 2681 5840 Αι
2707 5791 2839 5849 Edd.,
2865 5790 3152 5841 sacerdotes.
