4088 6444
355 295 505 353 1221

348 414 400 467 si
429 414 683 485 requiras
709 457 725 483 ,
747 431 908 486 super
949 417 1115 475 caelos
1143 427 1256 486 est;
1289 422 1589 493 interpellat
1619 438 1714 494 pro
1745 433 1796 480 te
1818 427 1951 498 ,tqui

347 505 406 558 in
465 514 620 562 terra
670 495 914 565 mortuus
957 523 1040 566 est
1087 507 1184 582 pro
1207 522 1258 568 te
1305 514 1481 583 (Rom.
1511 533 1641 584 VIII,
1670 519 1783 593 54).
1813 519 1954 591 Ergo

346 591 504 651 Deus
536 615 753 670 magnus
783 611 856 656 est
885 600 1153 669 Dominus,
1186 614 1232 658 et
1255 622 1345 660 rex
1371 624 1587 678 magnus
1611 626 1764 679 super
1779 628 1951 666 omnes

351 689 513 743 deos.
549 689 651 745 Hic
679 693 860 762 accipe
879 693 1129 751 homines
1154 697 1274 753 deos
1300 713 1319 752 :
1348 714 1455 754 non
1479 699 1620 776 enim
1655 719 1746 758 rex
1771 705 1952 759 Domi-

342 791 451 834 nus
485 795 658 850 super
683 773 962 840 dtemouia.
999 787 1063 841 Et
1095 787 1217 845 hinc
1266 773 1523 847 habemus
1549 792 1840 870 Scriptura:
1869 807 1951 852 lc-

340 871 674 930 stimonium
711 894 722 929 :
760 877 896 932 Deus
919 880 1053 934 stetit
1076 881 1128 935 in
1155 899 1413 956 synagoga
1439 885 1644 966 deorum
1671 905 1684 952 ;
1712 889 1764 943 in
1787 890 1952 945 medio

338 976 530 1021 autem
562 968 682 1024 deos
717 970 997 1027 discernere
1029 974 1043 1005 ³
1078 971 1247 1047 (Psal.
1299 993 1477 1045 Lxxxr,
1517 977 1591 1050 1).
1639 978 1773 1035 Deos
1818 981 1952 1038 dixit

337 1060 791 1130 participatione,
823 1078 927 1118 non
973 1076 1188 1132 natura;
1216 1069 1380 1138 gratia
1405 1111 1417 1134 ,
1443 1085 1546 1140 qua
1584 1071 1748 1126 voluit
1775 1072 1952 1130 facere

323 1141 508 1205 deos.
539 1152 783 1218 Quantus
807 1155 946 1211 Deus
973 1166 1054 1211 est
1073 1159 1162 1229 qui
1189 1159 1314 1215 facit
1339 1161 1502 1217 deos?
1529 1165 1635 1218 Ant
1664 1166 1848 1235 quales
1870 1166 1946 1223 dii

335 1252 477 1297 sunt
523 1261 666 1315 quos
707 1247 827 1302 facit
860 1248 1057 1304 homo?
1086 1245 1261 1316 Quam
1303 1253 1394 1309 ille
1435 1270 1656 1327 magnus
1699 1257 1827 1314 deos
1866 1258 1946 1313 fa-

333 1333 549 1391 ciendo
569 1379 585 1402 ,
622 1347 726 1392 tam
755 1339 839 1394 isti
870 1341 1000 1395 nihil
1030 1343 1119 1412 qui
1144 1344 1212 1398 ab
1239 1346 1450 1401 homine
1479 1347 1606 1403 facti
1633 1359 1774 1404 sunt.
1809 1350 1947 1409 Deus

334 1441 512 1481 verus
565 1428 694 1484 facit
728 1430 856 1486 deos
892 1432 1171 1489 credentes
1198 1436 1248 1489 in
1281 1452 1373 1503 se,
1404 1438 1596 1508 quibus
1623 1439 1768 1495 dedit
1798 1451 1946 1512 pote-

336 1525 544 1574 statem
572 1521 711 1576 filios
736 1523 827 1578 Dei
860 1523 970 1580 ﬁeri
1018 1526 1196 1597 (Joan.
1228 1545 1264 1596 ι,
1298 1531 1410 1599 l2).
1455 1533 1522 1587 Et
1556 1533 1676 1589 ideo
1705 1535 1818 1604 ipse
1844 1552 1938 1592 ve-

337 1622 438 1665 rus
464 1611 636 1678 Deus,
661 1615 782 1684 quia
815 1616 950 1671 Deus
977 1633 1083 1674 non
1115 1621 1286 1676 factus
1313 1633 1395 1678 est
1421 1643 1433 1679 :
1462 1641 1560 1680 nos
1584 1637 1761 1682 autem
1795 1630 1936 1703 facti,

343 1716 454 1755 non
502 1706 618 1758 veri
657 1707 763 1772 dii,
795 1709 1044 1764 meliores
1087 1721 1261 1769 tamen
1305 1714 1408 1770 illis
1444 1733 1576 1787 quos
1605 1718 1766 1775 homo
1797 1721 1938 1777 facit.

339 1790 618 1858 Quoniam
664 1797 944 1854 simulacra
999 1800 1252 1858 Gentium
1301 1817 1579 1876 argenturm
1624 1820 1679 1865 et
1729 1827 1937 1880 aurum,

235 1916 252 1930 .
336 1898 485 1953 Opus
515 1904 774 1945 manuum
818 1893 1086 1948 hominum
1115 1914 1129 1950 :
1158 1911 1219 1952 os
1247 1897 1476 1964 habent,
1509 1912 1561 1957 et
1587 1920 1692 1958 non
1720 1905 1940 1976 loquen-

336 1985 434 2031 tur
460 1982 686 2044 ;ocnlos
715 1983 907 2040 habent
927 1997 979 2041 et
1010 2005 1112 2044 non
1138 1992 1393 2047 videbunt
1415 1995 1583 2067 (Psal.
1609 2014 1753 2062 cxnt,
1775 2002 1826 2064 4,
1859 2003 1934 2073 5).

334 2067 513 2125 Nobis
540 2083 717 2128 autem
746 2075 886 2132 Deus
913 2089 1092 2135 noster
1110 2083 1292 2138 oculos
1315 2086 1555 2143 videntes
1579 2089 1720 2146 fecit.
1753 2092 1861 2148 Nec
1884 2093 1935 2149 in

330 2176 411 2216 eo
438 2172 618 2220 tamen
650 2183 746 2222 nos
783 2170 911 2225 deos
939 2171 1062 2228 fecit
1084 2216 1099 2242 ,
1134 2177 1252 2246 quia
1287 2178 1525 2235 videntes
1554 2183 1738 2238 (culos
1781 2187 1935 2242 nobis

333 2253 509 2321 fecit;
544 2273 666 2313 nam
700 2260 822 2316 fecit
852 2262 954 2319 hoc
979 2274 1032 2320 et
1058 2268 1341 2336 pecoribus
1376 2289 1388 2321 :
1421 2273 1516 2327 sed
1545 2273 1662 2329 ideo
1686 2291 1783 2332 nos
1805 2278 1935 2334 deos

331 2344 514 2412 fecit,
573 2351 694 2418 quia
751 2352 1032 2410 interiores
1091 2359 1274 2414 oculos
1330 2372 1540 2418 nostros
1597 2365 1930 2427 illuminavit.

329 2436 491 2508 Ergo
540 2441 609 2495 sit
660 2441 774 2498 laus
803 2445 895 2510 illi,
951 2448 1217 2507 confessio
1262 2453 1359 2520 illi,
1407 2456 1474 2510 sit
1523 2458 1768 2528 jubilatio
1805 2463 1927 2517 illi:
1977 2467 1984 2473 '

331 2525 487 2594 Quia
515 2547 725 2603 magnus
750 2543 823 2588 est
852 2535 1120 2603 Dominus,
1151 2551 1196 2596 et
1223 2559 1312 2598 rex
1337 2561 1548 2619 magnus
1572 2566 1724 2620 super
1761 2569 1931 2609 omnes

328 2618 488 2673 deos.

417 2712 471 2765 7.
499 2712 631 2781 Quia
657 2733 755 2772 non
775 2720 982 2789 repellet
1001 2721 1250 2779 Dominus
1279 2728 1467 2796 plebem
1488 2747 1630 2784 suum
1654 2749 1672 2786 :
1692 2734 1806 2788 laus
1829 2735 1925 2803 illi,

325 2802 582 2874 jubilatio
610 2807 682 2861 illi
709 2850 722 2873 ,
746 2809 914 2878 Quam
958 2814 1160 2882 plebem
1204 2834 1309 2873 non
1357 2822 1622 2891 repellet?
1653 2826 1748 2882 llic
1775 2829 1927 2887 nobis

328 2894 679 2964 interpretari
707 2901 904 2970 aliquid
930 2919 1032 2959 non
1060 2905 1182 2962 licet
1206 2927 1218 2962 :
1254 2913 1619 2985 praescriptum
1659 2916 1925 2977 habemus

323 2985 410 3040 ab
437 2989 711 3057 Apostolo,
736 2995 981 3062 exposuit
1004 2996 1105 3054 hoc
1134 3001 1418 3070 Apostolus
1463 3007 1604 3062 unde
1633 3009 1700 3063 sit
1725 3009 1924 3067 dictum

331 3078 520 3153 (Rom.
557 3099 633 3150 χι,
668 3086 740 3156 l).
775 3087 901 3142 Erat
921 3090 1062 3145 enim
1092 3093 1242 3161 plebs
1272 3095 1478 3164 Iudaea,
1511 3100 1660 3168 plebs
1691 3102 1780 3158 ubi
1811 3103 1925 3161 fue-

327 3183 468 3228 runt
504 3175 802 3247 Prophetas,
837 3181 986 3250 plebs
1016 3183 1104 3239 ubi
1133 3187 1346 3244 fuerunt
1376 3188 1700 3250 Patriarchai
1724 3237 1737 3258 ,
1771 3197 1922 3266 plebs

299 3267 500 3329 -etiam
526 3269 818 3326 secundum
861 3288 1073 3329 carnem
1104 3290 1391 3351 propagata
1417 3283 1484 3338 de
1519 3287 1724 3342 semine
1753 3289 1921 3346 Abra-

297 3357 458 3423 hae;
494 3360 640 3429 plebs
678 3362 729 3416 in
774 3379 878 3434 qua
923 3382 1311 3435 praecesserunt
1354 3376 1532 3431 omnia
1585 3391 1919 3437 sacramenta

332 3451 671 3508 Salvatorem
713 3465 954 3512 nostrum
984 3462 1383 3530 pmmittentia;
1417 3467 1565 3536 plebs
1592 3470 1678 3525 ubi
1705 3471 1918 3528 institu-

336 3553 451 3597 tum
479 3553 559 3598 est
585 3546 872 3615 templum,
911 3551 1113 3615 unctio,
1145 3555 1395 3612 sacerdos
1416 3559 1436 3588 ²
1464 3558 1529 3613 ad
1568 3559 1788 3631 figuram
1813 3605 1826 3628 ,
1862 3573 1921 3620 ut

332 3649 459 3688 cum
488 3651 676 3691 onmes
704 3633 832 3709 ipsa:
871 3642 1070 3697 umbrm
1100 3647 1464 3716 praeterirent,
1496 3650 1606 3720 ipsa
1635 3653 1723 3708 lux
1750 3655 1916 3712 adve-

336 3723 518 3778 niret:
568 3735 682 3781 erat
723 3745 849 3799 ergo
894 3730 990 3784 ista
1039 3734 1187 3802 plebs
1228 3736 1351 3803 Dei;
1378 3739 1442 3793 ad
1485 3755 1601 3796 eam
1636 3744 1918 3816 Pr0phette

338 3813 485 3870 missi
512 3816 562 3871 in
594 3816 680 3872 illa
709 3820 816 3873 nati
842 3823 928 3890 qui
972 3825 1117 3877 missi
1144 3843 1156 3890 ;
1183 3827 1229 3880 ei
1275 3829 1465 3885 tradita
1492 3842 1546 3887 et
1575 3836 1776 3893 credita
1806 3840 1920 3894 elo-

324 3904 462 3973 quia
507 3905 622 3962 Del.
675 3909 812 3976 Quid
839 3916 1002 3982 ergo?
1049 3923 1214 3970 totum
1262 3920 1390 3976 illud
1435 3922 1740 3982 damnatum
1794 3933 1918 3986 est?

343 3995 511 4060 Absit.
553 3999 728 4056 Arbor
768 4004 924 4061 olivae
968 4006 1079 4076 ipsa
1117 4010 1256 4065 dicta
1301 4022 1384 4068 est
1421 4017 1679 4085 Apostolo
1703 4062 1718 4085 ,
1755 4024 1919 4093 carpit

331 4089 480 4143 "enim
525 4090 618 4146 ista
648 4094 810 4148 arbor
835 4111 862 4148 a
908 4098 1265 4156 Patriarchis:
1299 4104 1393 4159 sed
1424 4105 1639 4162 fuerunt
1677 4111 1748 4165 ibi
1779 4114 1916 4169 rami

332 4178 499 4244 aridi,
531 4183 651 4251 quia
689 4186 848 4240 nimis
877 4188 968 4241 alti
1013 4204 1115 4274 per
1133 4195 1474 4262 superbiam;
1526 4201 1730 4268 prrecisi
1787 4218 1915 4274 ergo

330 4279 549 4340 propter
575 4276 911 4334 Stcrilitatem
939 4321 952 4346 ,
983 4267 1212 4338 inscitus
1241 4285 1470 4342 oleaster
1494 4267 1710 4361 propter
1737 4292 1913 4350 humi-

329 4360 556 4418 litatem.
587 4364 986 4436 Verumtamen,
1015 4371 1335 4442 charissimi,
1363 4394 1430 4433 ne
1453 4360 1753 4451 superbiret
1778 4389 1912 4443 olea.

302 4462 441 4509 -ster
470 4454 721 4525 insertus,
750 4460 876 4531 quid
908 4465 983 4517 ait
1025 4464 1353 4535 Apostolus?
1385 4488 1403 4522 ι
1429 4471 1484 4527 Si
1514 4482 1568 4528 tu
1591 4490 1656 4530 ex
1679 4481 1910 4536 naturali

303 4546 530 4604 incisus
575 4551 843 4621 oleastro,
873 4562 927 4610 et
975 4566 1164 4612 contra
1213 4569 1456 4617 naturam
1498 4565 1728 4622 insertus
1773 4585 1830 4624 es
1859 4572 1910 4626 in

325 4641 520 4698 bonam
548 4645 779 4714 olivam;
811 4657 1010 4719 quanto
1039 4653 1207 4722 magis
1233 4655 1320 4724 qui
1346 4657 1638 4713 secundum
1668 4670 1910 4718 naturam

319 4743 471 4802 sunt,
495 4735 797 4793 inserantur
819 4753 930 4795 sua:
957 4741 1111 4797 oliva:
1145 4761 1164 4794 ›
1198 4742 1385 4814 (lbid.,
1414 4748 1645 4820 16-24)?
1671 4751 1741 4806 Ut
1769 4769 1906 4823 quo-

322 4825 484 4880 modo
511 4835 566 4882 tu
593 4842 699 4884 non
740 4844 1059 4900 permanens
1096 4834 1148 4888 in
1188 4834 1530 4907 infidelitate,
1563 4843 1800 4898 meruisti
1830 4845 1912 4899 in-

317 4917 427 4970 seri
456 4918 509 4974 in
549 4917 743 4974 olivam
763 4960 780 4987 ,
811 4936 932 4976 cum
978 4939 1126 4979 esses
1163 4926 1421 4993 oleaster;
1451 4930 1530 4986 sic
1559 4931 1644 4986 isti
1684 4937 1909 4992 correcti

301 5004 532 5064 -facilius
559 5024 673 5070 sure
698 5011 850 5068 olivae
874 5017 1184 5072 naturaliter
1205 5017 1506 5077 inserantur
1534 5040 1548 5076 :
1583 5025 1685 5080 hoc
1710 5026 1776 5082 de
1803 5028 1909 5084 illis

321 5101 633 5170 Apostolus.
667 5105 806 5177 Ergo
836 5107 947 5177 ipsa
978 5119 1061 5164 est
1104 5111 1264 5168 arbor
1291 5130 1306 5179 ;
1337 5116 1437 5170 etsi
1464 5117 1627 5188 aliqui
1653 5137 1716 5175 ex
1745 5124 1908 5180 ramis

297 5191 477 5248 -fracti
507 5206 651 5259 sunt.
680 5213 786 5256 non
813 5215 1020 5257 omnes.
1051 5203 1182 5258 Nam
1222 5205 1266 5260 si
1298 5221 1485 5264 omnes
1534 5213 1667 5268 rami
1696 5213 1907 5287 frange-

303 5297 527 5355 rentur,
557 5289 698 5346 unde
729 5292 955 5348 Petrus?
987 5297 1125 5352 unde
1155 5298 1432 5357 Joannes?
1455 5305 1597 5362 unde
1637 5306 1906 5367 Thomas?

317 5377 460 5432 unde
489 5379 803 5437 Matthaaus?
826 5385 963 5442 unde
984 5387 1280 5445 Andraeas?
1303 5395 1440 5450 unde
1462 5396 1538 5452 illi
1558 5415 1744 5457 omnes
1762 5404 1908 5474 Apo-

299 5469 443 5524 stoli
467 5471 490 5523 ?
520 5472 659 5528 unde
686 5474 799 5544 ipse
823 5473 1021 5534 Paulus
1049 5483 1322 5551 apostolus
1351 5486 1442 5556 qui
1469 5488 1784 5559 loquebatur
1850 5505 1904 5551 et

311 5645 829 5764 uirgatipgidiscernit.
849 5656 905 5701 Al.
929 5659 1056 5712 Mss,
1097 5653 1372 5712 discernere
1399 5673 1416 5711 :
1445 5669 1496 5714 et
1519 5667 1588 5717 sic
1610 5672 1903 5732 Augustinus

378 5768 397 5800 ³
421 5768 614 5835 Aliquot
633 5777 764 5834 Mss,
789 5771 947 5824 unctio
968 5778 1246 5831 sacerdotis.

1439 306 1834 364 ENARRATIO
1876 308 1939 365 ΙΝ
1979 311 2294 371 PSALMUM
2329 317 2505 377 XCIV.

3491 347 3644 426 μβ

2067 443 2166 484 suo
2209 432 2381 506 fructu
2432 438 2634 504 nlivam
2661 444 2676 475 ¹
2709 445 3039 515 testabatur?
3069 452 3268 529 Nonne
3313 459 3400 516 isti
3455 477 3643 534 omnes

2064 525 2229 580 inde?
2261 527 2411 599 Unde
2437 534 2594 589 etiam
2620 538 2890 610 quingenti
2916 544 2988 600 illi
3017 528 3206 606 fratres
3231 533 3424 622 quibus
3454 529 3637 614 Domi-

2063 632 2161 673 nus
2205 631 2325 692 post
2375 630 2823 696 resurrectionem
2868 642 3115 708 apparuit
3165 643 3208 718 (1
3229 645 3346 702 Cor.
3403 666 3492 718 xv,
3545 651 3629 726 6)?

2061 712 2202 769 unde
2231 723 2307 770 tot
2333 719 2494 774 millia
2526 724 2593 779 ad
2619 740 2804 784 vocem
2836 731 2977 806 Petri
3001 777 3015 802 ,
3048 712 3260 808 quando
3288 712 3489 816 Spiritu
3513 712 3638 822 san-

2061 812 2147 860 cto
2173 809 2358 877 repleti
2397 813 2635 883 Apostoli
2679 822 2914 882 omnium
2957 830 3194 898 gentium
3246 809 3439 907 linguis
3479 817 3641 898 locuti

2060 907 2183 965 sunt
2210 941 2224 966 ,
2256 909 2399 957 tanta
2428 906 2680 970 aviditate
2722 912 2816 980 Dei
2843 907 3013 980 laudis
3043 930 3098 976 et
3136 938 3246 994 sua:
3285 906 3640 993 accusationis

2055 1281 2142 1336 res
2168 1284 2290 1326 suas
2315 1275 2627 1349 venderent,
2659 1290 2712 1337 et
2737 1287 2906 1354 pretia
2943 1305 3118 1358 rerum
3151 1310 3367 1353 suarum
3387 1311 3508 1358 ante
3538 1319 3630 1375 pe-

2057 1357 2153 1413 des
2185 1363 2567 1438 Apostolorum
2608 1387 2868 1442 ponerent
2909 1381 3148 1453 (Actu,
3179 1387 3272 1460 tv).
3313 1373 3462 1460 Quod
3489 1357 3638 1453 dives

2053 1466 2189 1506 unus
2216 1470 2319 1510 non
2340 1456 2485 1528 fecit,
2516 1467 2728 1532 quando
2753 1485 2848 1525 ore
2879 1471 3088 1530 Domini
3122 1456 3361 1554 audivi-tv,
3392 1493 3445 1540 et
3469 1487 3636 1554 aDo-

2052 1542 2196 1614 mino
2225 1547 2390 1616 tristis
2419 1551 2677 1612 abscessit
2702 1558 2910 1631 (Matth.
2945 1542 3462 1645 δικ,21,ρε)’,’1ιοο
3491 1551 3636 1638 τέρθ-

2049 1644 2175 1689 runt
2203 1638 2376 1696 subito
2407 1649 2483 1716 tot
2508 1647 2670 1724 millia
2697 1665 2882 1708 eorum
2925 1655 3198 1715 hominum
3219 1705 3232 1728 ,
3263 1680 3488 1735 quorum
3522 1649 3636 1738 ma-

2051 1725 2207 1783 nibus
2227 1728 2472 1789 Christus
2493 1735 2989 1802 fueratcrucifixus.
3015 1725 3226 1817 Quanto
3251 1725 3422 1828 majus
3442 1735 3636 1828 vulnus

2049 1830 2166 1873 erat
2193 1821 2242 1875 in
2273 1827 2435 1882 corde
2461 1829 2697 1898 ipsorum
2723 1876 2736 1900 ,
2773 1843 2920 1908 tanto
2949 1840 3158 1902 avidius
3187 1850 3450 1909 medicum
3483 1873 3632 1928 qua:-

2048 1909 2269 1968 sierunt.
2298 1917 2429 1972 Cum
2476 1936 2604 1993 ergo
2644 1926 2766 1982 imle
2803 1929 2878 1985 illi
2910 1947 3097 2006 omnes
3134 1937 3383 2009 fuerunt,
3412 1909 3634 2019 deipsis

2968 2000 2974 2006 _
3371 2000 3383 2009 ,
3437 2000 3472 2002 ν,
3508 2000 3632 2019 Ἰ-.-

2047 2000 2172 2058 dicit
2207 2007 2365 2064 modo
2390 2011 2633 2080 Psalmus
2663 2036 2676 2072 :
2715 2019 2970 2086 Quoniam
3006 2044 3106 2097 non
3133 2034 3342 2104 repellet
3382 2037 3632 2110 Dominus

2045 2095 2238 2163 plebem
2263 2117 2426 2157 artant.
2473 2105 2603 2161 Nam
2635 2109 2735 2166 hoc
2768 2115 3074 2175 testimonio
3103 2121 3321 2196 Psalmi,
3355 2107 3475 2185 cum
3507 2132 3631 2191 hinc

2043 2184 2364 2262 loqueretur,
2391 2212 2517 2253 usus
2545 2210 2627 2257 est
2655 2206 2962 2276 Apostolus,
2991 2222 3044 2267 et
3067 2193 3199 2272 dixit
3225 2237 3237 2273 :
3281 2184 3469 2292 «'Quid
3501 2243 3628 2300 ergo

2044 2275 2276 2300 .1:..----___
2328 2283 2348 2300 ρ
2409 2295 2420 2300 -
2523 2289 2612 2300 η--
2782 2297 2862 2300 ην

2041 2275 2299 2349 dicemus,
2326 2283 2546 2344 fratres?
2565 2275 2829 2368 Numquid
2855 2299 2993 2358 Deus
3011 2307 3203 2376 repulit
3224 2275 3430 2382 plebem
3455 2275 3627 2386 30:11:];

2039 2383 2196 2439 quam
2225 2379 2530 2442 praescivit?
2554 2384 2708 2442 Absit
2739 2407 2751 2442 :
2783 2407 2903 2446 nam
2929 2408 2982 2450 et
3010 2412 3107 2468 ego
3131 2379 3362 2459 Israelita
3394 2423 3532 2475 sum,
3561 2381 3629 2472 ex

2038 2465 2243 2520 semine
2272 2467 2518 2538 Abrahte,
2545 2475 2612 2532 de
2644 2481 2780 2536 tribu
2808 2465 3242 2555 BenjaminNon
3269 2501 3462 2570 repulit
3488 2465 3628 2566 Deus

2037 2553 2248 2623 plebem
2275 2574 2446 2630 suam,
2478 2581 2635 2636 quam
2663 2553 2964 2640 praesciviti
2999 2580 3170 2648 (Rom.
3204 2603 3276 2653 ιιι,
3302 2553 3628 2666 {et

2035 2660 2140 2715 que
2170 2651 2213 2703 si
2247 2656 2530 2722 repelleret
2575 2662 2831 2722 Dominus
2876 2671 3085 2739 plebem
3121 2691 3270 2734 suam
3298 2723 3312 2746 ,
3343 2651 3462 2740 non,
3477 2698 3625 2756 esset

2035 2740 2177 2795 unde
2205 2755 2349 2800 esset
2378 2747 2491 2816 ipse
2531 2754 2819 2824 Apostolus
2851 2778 2862 2814 :
2893 2763 3033 2820 unde
3053 2776 3230 2824 autem
3263 2740 3396 2844 ipse,
3423 2751 3545 2834 inde
3569 2789 3625 2844 et

2033 2832 2142 2888 alii.
2171 2834 2227 2890 In
2249 2837 2329 2894 his
2350 2841 2498 2912 plebs
2528 2847 2756 2919 Domini,
2783 2871 2887 2910 non
2911 2857 2961 2912 in
2990 2863 3268 2934 omnibus;
3294 2845 3412 2940 sed,
3442 2890 3624 2945 quem-

2032 2925 2317 2987 admodum
2337 2936 2594 3008 scriptum
2621 2953 2722 3011 est,
2759 2946 3004 3023 Reliquit}:
3025 2955 3180 3012 salva:
3203 2973 3348 3018 erunt
3377 2925 3513 3039 (labi
3540 2986 3573 3026 ι
3600 3013 3616 3039 ,

2032 3016 2132 3039 Μ,
2191 3031 2204 3039 η
2237 3025 2274 3039 η
2520 3033 2602 3039 μ,
2664 3037 2707 3039 __

2030 3016 2134 3086 22;
2160 3031 2204 3076 et
2228 3025 2384 3080 Rom.
2414 3046 2487 3097 rx,
2516 3033 2632 3103 ‘27).
2660 3037 2779 3094 Non
2821 3042 2872 3097 in
2900 3048 3185 3118 omnibus;
3209 3055 3301 3112 sed
3328 3016 3452 3116 ar‘ea
3484 3016 3618 3121 ven:

2030 3110 2196 3180 tilata,
2224 3132 2397 3174 massa
2439 3124 2580 3181 intro
2600 3129 2760 3185 missa
2792 3142 2895 3197 est,
2925 3140 3075 3208 palea
3117 3143 3260 3213 jacet
3299 3149 3508 3218 (Matth.
3536 3173 3614 3223 nt,

2032 3201 2118 3223 ac“
2174 3203 2267 3223 ’πίε
2469 3214 2480 3223 ⁸
2505 3214 2517 3223 ⁸
2599 3218 2609 3223 ⁸
2636 3218 2648 3223 “
2766 3222 2770 3223 ⁷

2030 3201 2140 3315 12').
2174 3203 2364 3315 Totum
2393 3214 2648 3315 quidquid
2691 3222 2838 3278 vides
2865 3201 3171 3288 Judaioruin

3253 3293 3293 3308 ..
3357 3293 3402 3297 κη
3451 3293 3604 3315 mm.

2029 3293 2234 3360 paleam
2280 3300 2447 3356 vides.
2499 3305 2652 3364 Unde
2683 3311 2828 3369 vides
2872 3317 3026 3390 istam
3069 3326 3309 3400 paleam,
3338 3333 3443 3400 jam
3490 3337 3615 3397 inde

2027 3384 2156 3438 exiit
2181 3402 2352 3445 massa
2377 3434 2391 3458 ,
2418 3394 2526 3464 jam
2554 3399 2604 3453 in
2643 3400 2839 3459 horreo
2866 3393 3139 3486 recondita
3165 3427 3262 3474 est.
3291 3422 3487 3488 Atnbas
3529 3446 3618 3488 res

2032 3474 2330 3547 videamus,
2361 3485 2544 3542 ambas
2574 3491 2958 3555 discernamus.

2096 3566 2149 3622 8.
2193 3566 2352 3671 [rem
2373 3576 2485 3671 Α4.]
2515 3579 2650 3648 Quid
2687 3584 2930 3646 Psalmus
2973 3593 3252 3669 adjuugit?
3283 3603 3534 3671 Quoniam
3561 3613 3614 3668 in

2024 3673 2179 3713 manu
2219 3664 2328 3735 ejus
2352 3667 2480 3734 ﬁnes
2521 3681 2685 3728 terrae.
2727 3678 3078 3749 Agnoscimus
3125 3689 3352 3762 lapidem
3391 3703 3615 3772 angula-

2024 3767 2166 3821 rem;
2203 3757 2338 3827 lapis
2387 3766 2654 3834 angularis
2679 3812 2692 3838 ,
2719 3771 2979 3832 Christus.
3015 3779 3128 3844 Non
3153 3795 3331 3854 potest
3359 3757 3490 3854 esst;
3519 3812 3614 3854 an-

2023 3845 2196 3914 gulus,
2227 3850 2326 3904 nisi
2355 3853 2488 3910 duos
2523 3857 2570 3911 in
2601 3875 2658 3914 se
2687 3866 3019 3933 copulaverit
3043 3873 3274 3944 parietes
3304 3897 3316 3932 :
3348 3882 3413 3936 ad
3441 3899 3612 3958 angu-

2023 3935 2128 3958 1η...
2194 3939 2247 3958 -ΙΑ
2322 3942 2354 3958 ³⁸
2668 3952 2679 3958 ⁸

2023 3935 2131 3990 lum
2186 3939 2253 3993 de
2304 3942 2516 4000 diverso
2561 3952 2813 4021 veniunt,
2866 3959 2959 4028 sed
3012 3963 3065 4017 in
3110 3968 3304 4036 angulo
3346 3973 3443 4027 sibi
3503 3935 3608 4034 rion

2021 4026 2387 4087 adversantur.
2416 4036 2576 4093 Venit
2599 4057 2664 4096 ex
2691 4060 2791 4098 una
2818 4057 2964 4116 parte
2990 4053 3346 4130 circumcisio,
3375 4069 3520 4124 venit
3541 4087 3609 4128 ex

2022 4118 2123 4173 alia
2153 4133 2302 4191 parte
2346 4132 2662 4198 praeputium
2691 4153 2704 4189 :
2734 4137 2783 4190 in
2821 4137 3035 4216 Christo
3075 4150 3234 4219 ambo
3267 4118 3446 4229 populi
3476 4177 3609 4219 cou-

2021 4209 2417 4284 cordavcruut;
2443 4221 2564 4289 quia
2597 4223 2688 4280 ille
2718 4227 2888 4285 factus
2928 4213 3013 4288 est
3039 4237 3176 4312 lapis
3200 4284 3214 4309 ,
3244 4209 3310 4300 d‘e
3337 4209 3446 4319 quo
3473 4256 3610 4310 scri-

2021 4313 2167 4374 ptum
2192 4317 2289 4374 est,
2320 4308 2566 4383 Lapidem
2594 4335 2738 4390 quem
2758 4308 3149 4395 reprobaverunt
3177 4308 3507 4413 ludiﬁcantes,
3528 4349 3609 4404 hic

2021 4398 2184 4466 factus
2207 4408 2278 4452 est
2319 4400 2372 4460 in
2412 4416 2565 4474 caput
2602 4413 2780 4481 anguli
2821 4414 2990 4487 (Psal.
3036 4436 3196 4490 cxvn,
3396 4398 3609 4509 55.3,};

2021 4484 2260 4509 m-_=_..--
2295 4491 2307 4509 ρ
2524 4507 2531 4509 _
2711 4503 2742 4509 ._

2019 4484 2263 4543 Christus
2293 4491 2345 4547 in
2377 4507 2535 4568 caput
2567 4503 2742 4572 anguli
2770 4545 2782 4568 ,
2814 4522 2921 4563 non
2951 4484 3608 4585 attendamtts’diversit‘ii-

2022 4586 2126 4652 tem
2141 4580 2206 4635 de
2229 4583 2382 4655 longe
2404 4590 2748 4661 venientium,
2777 4603 2870 4653 sed
2893 4605 3339 4678 propinquitatem

2018 4679 2104 4725 sto
2133 4673 2534 4734 coltmrentium.
2590 4683 2661 4740 lbi
2689 4690 2880 4760 agitur,
2913 4673 3318 4772 ibia'id-eamus,
3355 4708 3606 4775 Quoniam

2019 4777 2118 4814 non
2145 4764 2350 4835 repellet
2385 4767 2629 4829 Dominus
2651 4778 2842 4848 plebem
2865 4800 3029 4840 suam.
3062 4790 3200 4860 Ecce
3239 4810 3373 4852 unus
3399 4804 3599 4874 paries,

3063 4855 3066 4860 ,
3295 4851 3300 4852 ν
3325 4851 3341 4852 "
3359 4851 3365 4852 ί
3399 4851 3484 4872 r“
3500 4851 3599 4874 -ννι

2018 4851 2070 4906 ἱη
2100 4869 2206 4924 quo
2227 4857 2335 4927 jam
2354 4904 2368 4927 ,
2399 4871 2457 4917 ut
2493 4865 2726 4925 diximus
2747 4915 2762 4938 ,
2791 4891 2892 4930 non
2913 4881 3099 4949 repulit
3124 4884 3375 4948 Dominus
3410 4897 3604 4966 plebem

2017 4961 2179 5000 suam.
2213 4948 2337 5007 Inde
2363 4957 2605 5026 Apostoli
2623 5003 2637 5028 ,
2665 4962 2788 5020 inde
2813 4965 3067 5026 Israelita:
3092 4990 3278 5034 omnes
3303 4985 3391 5053 qui
3410 4948 3605 5048 rcredi-

2017 5037 2228 5107 derunt,
2259 5058 2321 5098 ac
2349 5048 2686 5109 venditarum
2715 5072 2893 5113 rerum
2921 5076 3135 5119 suarum
3167 5037 3333 5138 pretii
3361 5087 3485 5135 ante
3512 5097 3606 5152 pe-

2021 5129 2110 5152 ,η
2153 5133 2170 5152 ι
2190 5149 2213 5152 _
2237 5151 2243 5152 ,
2290 5144 2300 5152 .
2345 5138 2356 5152 .

2017 5129 2112 5185 des
2139 5133 2512 5216 Apostolorum
2559 5158 2882 5217 posuerunt;
2911 5153 3184 5215 voluntate
3225 5129 3605 5240 pauperes,ldc

2017 5223 2128 5280 Deo
2164 5227 2374 5286 divites.
2421 5234 2747 5305 Agnovimus
2785 5256 2950 5310 unum
2997 5223 3294 5322 parietem;
3327 5223 3600 5333 impteium

2015 5330 2136 5371 esse
2165 5318 2234 5372 ibi
2262 5322 2402 5390 quod
2428 5323 2677 5392 diximus,
2713 5329 2844 5396 Quia
2870 5351 2971 5389 non
2997 5341 3204 5414 repellet
3229 5318 3481 5410 Dominus

2013 5403 2121 5460 bent
2148 5423 2293 5462 suam
2317 5428 2335 5465 :
2361 5413 2634 5478 videamus
2661 5429 2717 5475 et
2755 5422 2915 5482 alium
2957 5403 3237 5498 parietem.
3270 5403 3524 5506 Quoniam
3553 5452 3604 5504 in

2015 5515 2168 5567 manu
2195 5505 2302 5572 ejus
2333 5504 2460 5572 ﬁnes
2489 5516 2654 5566 terr-aa.
2699 5513 2838 5571 Ecce
2877 5519 3016 5576 alius
3047 5530 3220 5596 paries
3264 5531 3312 5585 in
3356 5540 3603 5596 omnibus

2010 5594 2295 5662 gentibus:
2327 5595 2392 5651 In
2423 5617 2577 5655 manu
2616 5607 2725 5676 ejus
2746 5609 2873 5684 fines
2911 5594 3077 5672 terra}.
3126 5620 3398 5682 Venerunt
3440 5632 3599 5689 etiam

2011 5699 2196 5741 omnes
2232 5700 2420 5758 gentes
2450 5695 2516 5748 ad
2560 5697 2792 5768 lapidem
2836 5706 3142 5782 angularem
3169 5695 3318 5784 ,lubi
3362 5722 3600 5783 osculum

2083 5800 2093 5830 ¹
2124 5801 2194 5851 sic
2213 5809 2319 5853 Mss.
2351 5814 2402 5856 At
2427 5808 2557 5869 Edd.,
2583 5810 2734 5863 oliva.
