4088 6446
591 375 731 436 ηαδ

586 490 736 563 pacis
760 495 1119 562 agnoverunt;
1148 486 1199 543 in
1229 484 1374 541 illum
1416 496 1578 538 unum
1606 482 1698 553 qui
1722 479 1791 539 de
1814 479 2021 537 duobus
2042 478 2170 535 fecit

586 600 753 642 unum
786 599 800 638 :
830 598 937 638 non
970 578 1411 652 quemadmodum
1454 575 1724 643 hmrctici,
1752 574 1841 645 qui
1868 573 1935 629 de
1955 586 2062 629 uno
2090 570 2173 627 fe-

585 686 775 737 cerunt
796 676 921 733 duo.
955 675 1067 731 Hoc
1093 673 1235 730 enim
1264 672 1405 729 idem
1443 672 1517 727 ait
1544 668 1820 741 apostolus
1852 667 1920 724 de
1946 666 2174 723 Domino

534 798 548 858 ξ
586 770 804 828 Christo
836 766 989 837 :fpse
1025 774 1097 820 est
1134 764 1287 830 enim,
1334 763 1535 834 inquit,
1578 777 1681 833 pax
1717 769 1921 827 nostra,
1951 759 2037 824 qui
2058 758 2175 830 fecit

586 871 797 931 utraque
846 874 1001 912 unum
1044 854 1259 927 (Ephes.
1284 870 1361 957 nn,
1395 853 1538 957 ﬁll).-
1566 852 1704 923 Ergo
1738 850 2027 921 jubilemus
2064 848 2171 957 illi.

250 968 273 975 ’⁷
302 938 364 1029 ίῖ
389 938 807 1046 ιῖίιὲρυειτθῖ
837 951 971 1020 Quia
1008 966 1106 1004 non
1132 947 1343 1019 repellet
1385 946 1633 1001 Dominus
1656 946 1846 1015 plebem
1870 960 2037 1027 suam.
2064 941 2173 998 lte-

296 1015 703 1116 ify?",lw‘i'hm
731 1042 935 1116 quare?
963 1015 1214 1110 Quoniam
1235 1041 1287 1094 in
1304 1056 1456 1093 manu
1484 1039 1593 1111 ejus
1630 1038 1757 1106 ﬁnes
1782 1024 1951 1103 teme,
1980 1043 2024 1090 et
2054 1035 2175 1089 alti-

233 1086 548 1208 Αῄλλλ
585 1086 787 1192 tudine;
831 1086 1078 1191 montium
1115 1134 1275 1205 ipsius
1322 1141 1458 1188 sunt.
1504 1086 1835 1187 ’Altiiudines
1888 1128 2170 1195 montium,

232 1188 563 1295 ξιιφῦιωθ
586 1221 943 1285 sublimitates
970 1188 1252 1284 terrarhm.
1296 1225 1595 1295 Aliquando
1626 1223 1741 1278 ista:
1770 1220 2127 1278 sublimitates
2150 1257 2169 1287 ,

240 1268 256 1289 ι
283 1268 325 1283 π
380 1268 389 1273 -
586 1268 943 1285 ουν..........νο
970 1268 1252 1284 ,νυ-...ηπ
1296 1268 1593 1295 ...μιν-...η
1626 1268 1741 1278 .-.ν-
1770 1268 2125 1278 --_--.---m_-
2151 1268 2169 1287 ,

180 1268 502 1397 éjf?‘
528 1301 556 1397 ξ
586 1321 638 1377 id
670 1330 773 1387 est,
797 1322 926 1392 ipsa
947 1327 1174 1375 terrente
1198 1324 1505 1389 potestates,
1524 1314 1816 1371 adversata:
1838 1319 1965 1369 sunt
1988 1311 2173 1368 Eccle-

521 1386 538 1443 Ῑ
589 1416 721 1479 sim;
767 1413 911 1484 leges
949 1420 1133 1468 contra
1171 1410 1465 1466 Ecclesium
1510 1408 1944 1479 promulgarunt,
1973 1420 2172 1461 nomen

587 1506 938 1563 christianum
967 1504 1035 1560 de
1062 1512 1202 1559 terra
1233 1502 1413 1558 delere
1441 1499 1617 1557 conati
1646 1508 1769 1554 sunt
1797 1497 1927 1555 :sed
1956 1506 2172 1569 postea-

587 1614 745 1671 quam
774 1598 1048 1670 impletum
1077 1595 1325 1667 estquod
1356 1594 1727 1666 prophetatum
1751 1601 1852 1658 est,
1876 1590 2173 1646 Adorabunt

584 1709 697 1748 eum
740 1708 911 1748 omnes
950 1708 1089 1763 reges
1123 1698 1270 1746 terra:
1303 1688 1475 1760 (Psal.
1522 1697 1643 1744 uti
1668 1728 1684 1754 ,
1717 1685 1840 1759 ii);
1869 1686 2061 1743 factum
2089 1694 2173 1742 est

591 1785 734 1857 quod
762 1785 849 1841 hic
876 1784 1077 1840 dictum
1100 1794 1203 1849 cst,
1227 1782 1531 1837 Attitudines
1551 1782 1794 1836 montium
1817 1782 1976 1852 ipsius
1996 1788 2131 1836 sunt.

657 1878 711 1933 9.
754 1875 917 1948 [vers.
948 1874 1037 1948 5.]
1077 1873 1184 1931 Sed
1204 1872 1341 1929 forte
1373 1882 1429 1929 ιιι
1457 1873 1525 1929 de
1556 1873 1932 1929 tentationihus
1952 1871 2167 1942 satagis,

585 1977 647 2025 ut
670 1967 990 2024 constitutus
1018 1966 1069 2021 in
1103 1974 1247 2021 tanta
1276 1966 1443 2037 gratia
1470 1964 1881 2034 promissionum
1911 1963 2025 2027 Dei,
2055 1977 2171 2033 pro-

588 2070 707 2133 pter
735 2059 981 2116 scandala
1010 2058 1192 2113 mundi
1225 2058 1493 2113 turberis?
1514 2056 1625 2113 Nec
1652 2057 1767 2127 ipsa
1796 2054 2044 2111 scandala
2066 2055 2167 2111 ali-

586 2152 715 2224 quid
748 2152 841 2207 tibi
889 2150 1127 2216 faciunt;
1158 2149 1409 2222 quoniam
1438 2164 1743 2205 mensuram
1770 2163 1797 2203 a
1827 2146 2055 2203 Domino
2082 2161 2170 2202 ae-

585 2252 883 2315 ceperunt:
917 2243 1171 2311 Quoniam
1207 2242 1366 2313 ipsius
1401 2251 1472 2297 est
1517 2257 1672 2297 mare.
1706 2240 1802 2297 Est
1834 2240 1978 2297 enim
2020 2255 2170 2295 mare

580 2335 813 2391 mundus
849 2334 981 2402 iste,
1012 2333 1107 2390 sed
1143 2330 1207 2389 et
1243 2348 1389 2389 mare
1433 2333 1573 2389 Deus
1624 2331 1748 2388 fecit
1777 2350 1790 2386 :
1837 2346 1937 2387 nec
1977 2331 2170 2387 saevire

581 2426 775 2483 ﬂuctus
797 2436 1018 2498 possunt
1043 2468 1057 2493 ,
1088 2426 1189 2482 nisi
1216 2441 1383 2497 usque
1412 2425 1478 2481 ad
1508 2425 1690 2490 littus,
1717 2425 1805 2481 ubi
1833 2425 1946 2497 ipse
1977 2425 2165 2481 termi-

583 2535 714 2576 num
746 2520 939 2591 posuit.
962 2518 1113 2575 Nulla
1144 2534 1274 2590 ergo
1302 2519 1524 2574 tentatio
1548 2560 1563 2585 ,
1592 2518 1692 2573 nisi
1722 2518 1987 2586 acceperit
2012 2532 2167 2572 men-

585 2628 765 2669 suram
794 2628 824 2668 a
848 2612 1094 2668 Domino.
1122 2612 1241 2668 Sint
1269 2626 1399 2682 ergo
1427 2610 1781 2677 tentationes,
1810 2608 1919 2664 sint
1947 2609 2168 2664 tribula-

583 2706 783 2770 tiones;
853 2704 1241 2761 consummaris
1302 2703 1414 2767 eis,
1473 2718 1578 2757 non
1626 2701 1977 2758 CODSUIIlel‘lS.
2034 2699 2167 2757 Vide

587 2804 765 2852 utrum
808 2795 937 2866 ipsae
979 2796 1299 2850 tentationcs
1336 2810 1443 2849 non
1488 2794 1714 2864 prosint.
1760 2792 1991 2849 Attende
2017 2792 2165 2862 Apo-

582 2888 778 2945 stolum
810 2904 825 2943 :
853 2886 1048 2942 Fidelis
1074 2885 1210 2942 Deus
1230 2928 1245 2954 ,
1274 2886 1360 2956 qui
1393 2903 1493 2941 non
1522 2902 1607 2940 vos
1641 2886 1769 2940 sinet
1802 2884 1983 2939 tentari
2007 2900 2167 2955 supra

582 2997 735 3052 quam
784 2980 987 3047 potestis
1030 2980 1313 3051 ferre;sed
1359 2980 1509 3050 faciet
1547 2995 1662 3032 cum
1705 2979 1978 3034 tentatione
2014 2978 2167 3032 etiam

584 3074 796 3141 exitum,
838 3082 893 3127 ut
932 3072 1133 3143 possitis
1159 3071 1405 3127 sustinere
1444 3070 1488 3143 (l
1516 3070 1634 3125 Cor.
1666 3087 1734 3137 x,
1760 3072 1870 3140 l5).
1912 3068 2028 3126 Non
2068 3070 2163 3138 ait,

582 3165 698 3223 Non
728 3179 822 3221 vos
851 3164 991 3220 sinet
1011 3161 1207 3219 tentari
1230 3162 1469 3218 omnino.
1499 3160 1555 3218 Si
1580 3162 1721 3217 enim
1745 3176 2021 3217 recusares
2045 3170 2167 3217 ten-

583 3260 841 3317 tationem
862 3299 876 3323 ,
904 3270 1183 3313 recusares
1225 3253 1595 3311 refectionem.
1630 3254 1769 3324 Ergo
1814 3253 2082 3317 reticeris;
2112 3259 2165 3308 et

585 3350 633 3406 si
663 3348 924 3413 reliceris,
955 3344 1275 3402 inmanibus
1295 3343 1514 3400 artiﬁcis
1542 3358 1620 3399 es.
1650 3343 1863 3415 Aliquid
1891 3343 1981 3398 tibi
2004 3343 2158 3410 tollit,

584 3441 781 3514 aliquid
812 3440 1050 3512 corrigit,
1078 3439 1275 3510 aliquid
1310 3438 1633 3509 complanat,
1662 3436 1863 3507 aliquid
1900 3437 2118 3491 mundat
2146 3454 2161 3492 :

584 3534 693 3604 agit
714 3530 1032 3603 quibusdam
1064 3529 1405 3586 ferramentis
1430 3529 1576 3593 suis;
1613 3529 1726 3599 ipsa
1761 3535 1887 3583 sunt
1915 3527 2184 3597 scandala.

587 3623 746 3695 hujus
783 3622 1003 3680 stcculi:
1041 3632 1096 3677 tu
1141 3630 1346 3676 tantum
1377 3619 1447 3677 de
1492 3635 1654 3675 manu
1689 3618 1911 3674 artilicis
1937 3618 2046 3673 noli
2072 3633 2165 3674 ca-

585 3714 733 3774 dere.
762 3714 903 3771 Nihil
946 3713 1252 3771 tentatiouis
1291 3712 1513 3771 accedet
1540 3712 1677 3768 ultra
1706 3711 1848 3767 vires
1892 3720 2025 3768 tuas.
2054 3710 2167 3767 lloc

582 3807 840 3881 permittit
888 3806 1027 3862 Deus
1069 3805 1137 3861 ad
1178 3806 1459 3861 utilitatem
1502 3814 1645 3860 tuam
1669 3846 1684 3871 ,
1717 3803 1858 3860 unde
1900 3813 1955 3858 tu
1994 3804 2167 3874 possis

586 3901 868 3974 prolicere.
915 3898 1154 3969 Denique
1193 3898 1364 3968 ipsum
1412 3896 1724 3969 Apostolum
1755 3894 1876 3950 audi
1905 3894 2007 3950 hoc
2033 3910 2168 3950 con-

580 3995 890 4066 jungentem
922 4008 935 4045 :
971 3990 1079 4047 Sed
1098 3990 1247 4062 faciet
1282 4005 1395 4043 cum
1437 3988 1707 4042 tentatione
1727 3987 1875 4041 etiam
1904 3986 2092 4042 exitum
2112 3994 2167 4041 ut

585 4086 787 4159 possitis
830 4084 1092 4139 sustinere.
1137 4082 1277 4152 Ergo
1316 4094 1463 4136 mare
1502 4078 1641 4136 forte
1676 4078 2019 4134 metuendum
2070 4078 2166 4133 tibi

584 4181 740 4236 erat?
767 4176 885 4233 Noli
932 4176 1155 4231 timere:
1190 4174 1442 4243 Quoniam
1482 4172 1642 4242 ipsius
1682 4180 1751 4225 est
1777 4187 1915 4225 mare
1939 4214 1953 4237 ,
1984 4182 2029 4224 et
2060 4172 2166 4241 ipse

585 4271 701 4340 fecit
731 4268 879 4323 illud.
911 4268 953 4321 A
988 4266 1233 4337 gentibus
1259 4266 1413 4321 times
1440 4262 1737 4317 scandala?
1768 4264 1833 4318 Et
1862 4264 2005 4333 ipsas
2029 4278 2164 4334 gen-

584 4369 669 4416 tes
701 4360 816 4431 ipse
865 4357 1025 4419 fecit;
1054 4371 1161 4411 non
1191 4356 1462 4426 permittet
1506 4355 1624 4408 illas
1667 4355 1802 4409 ultra
1833 4369 1950 4409 eam
1977 4355 2167 4411 saevire

584 4465 744 4523 quam
774 4450 920 4505 novit
944 4447 1033 4503 ille
1072 4460 1407 4513 mensuram,
1440 4459 1505 4501 ex
1547 4460 1650 4516 qua
1682 4444 1951 4517 proﬁcias.
1979 4444 2167 4501 Nonne

584 4543 716 4600 dicit
740 4542 875 4598 alius
899 4539 1134 4611 psalmus
1154 4579 1169 4604 ,
1207 4537 1389 4593 Omnes
1409 4547 1578 4610 gentes
1605 4544 1841 4608 quotquot
1862 4536 2052 4607 fecisti,
2084 4552 2169 4591 ve-

583 4637 723 4691 nient
752 4642 798 4690 et
820 4630 1103 4687 adorabunt
1128 4645 1298 4685 coram
1325 4639 1391 4693 te,
1422 4628 1638 4684 Domine
1662 4626 1829 4699 (f’sal.
1856 4642 2046 4693 Lxxxv,
2069 4624 2166 4698 9)?

584 4728 642 4786 Si
693 4740 883 4781 omnes
920 4731 1107 4795 gentes
1141 4728 1402 4793 quotquot
1443 4718 1640 4782 fecisti,
1687 4717 2033 4773 manifestum
2084 4727 2168 4774 est

584 4821 707 4893 quia
735 4828 788 4874 et
816 4826 1003 4889 gentes
1048 4814 1163 4884 ipse
1208 4810 1370 4868 fecit:
1405 4810 1558 4877 ideo,
1587 4808 1759 4881 Ipsius
1802 4817 1874 4864 est
1918 4826 2089 4870 mare,
2120 4818 2168 4865 et

582 4916 693 4985 ipse
717 4912 832 4984 fecit
850 4908 1000 4975 illud,
1032 4916 1077 4963 et
1101 4904 1302 4961 aridam
1335 4915 1520 4959 terram
1549 4919 1728 4957 manus
1753 4903 1863 4973 ejus
1887 4902 2166 4971 ﬁnxerunt.

586 5006 718 5061 Esto
749 5014 803 5059 tu
833 5002 979 5059 arida
1007 5010 1171 5065 terra,
1196 4998 1282 5054 siti
1312 4997 1533 5068 gratiam
1566 4995 1680 5062 Dei,
1713 5004 1771 5050 ut
1798 4995 1979 5050 veniat
2005 5008 2168 5066 super

588 5109 641 5154 te
665 5097 837 5152 imber
855 5094 1048 5159 dulcis,
1074 5091 1309 5148 inveniat
1334 5090 1385 5144 in
1415 5097 1467 5143 te
1487 5086 1735 5142 fructum.
1755 5084 1871 5140 Non
1903 5085 2171 5155 permittit

589 5188 779 5244 ﬂuctus
807 5187 1021 5256 operire
1064 5182 1203 5254 quod
1238 5182 1371 5237 sevit
1405 5182 1419 5212 ¹
1454 5197 1467 5233 :
1502 5177 1566 5232 Et
1595 5177 1793 5231 aridam
1834 5186 2018 5231 terram
2060 5190 2169 5229 ma-

588 5297 681 5335 nus
703 5279 807 5348 ejus
836 5278 1107 5347 ﬁnxerunt.
1140 5276 1281 5345 Ergo
1310 5282 1365 5329 et
1394 5272 1515 5327 hinc
1540 5270 1826 5341 jubilemus
1848 5268 1942 5324 illi.

658 5372 746 5428 l0.
781 5369 939 5442 [vers.
968 5368 1046 5441 6.]
1072 5368 1204 5423 Nam
1235 5366 1482 5436 quoniam
1511 5363 1626 5419 haec
1651 5363 1721 5419 ita
1742 5371 1884 5427 sunt,
1915 5360 2168 5432 quoniam

588 5475 731 5522 tanta
763 5461 1146 5533 crplicavimus
1176 5460 1242 5515 ad
1271 5460 1479 5513 laudem
1506 5458 1599 5513 Dei
1627 5456 1969 5529 pertinentia,
1999 5456 2170 5513 redite

584 5558 653 5614 ad
683 5555 811 5612 illud
841 5552 982 5609 unde
1008 5560 1241 5622 cmperat
1266 5567 1277 5602 :
1317 5550 1518 5615 Venite,
1543 5550 1829 5616 adoremus,
1861 5558 1905 5603 et
1933 5548 2171 5619 procida-

586 5666 695 5703 mus
729 5646 795 5713 ei,
835 5655 879 5701 et
920 5645 1171 5715 pluremus
1208 5650 1324 5696 ante
1352 5640 1625 5696 Dominum
1651 5642 1733 5708 qui
1759 5640 1875 5711 fecit
1904 5656 2017 5694 nos.
2046 5637 2172 5694 Ideo

585 5806 669 5922 ut
694 5807 766 5919 silc
787 5804 969 5870 aliquot
991 5811 1098 5856 Mss.
1140 5810 1192 5854 Al.
1225 5809 1322 5853 Am.
1355 5808 1407 5852 et
1431 5806 1521 5861 En,
1548 5796 1674 5863 quod
1703 5795 1861 5848 servit.
1902 5802 2032 5856 tam,
2056 5805 2173 5859 quos

641 5881 724 5919 rva
752 5905 763 5919 .

641 5881 743 5919 Γυαι
752 5905 763 5919 .

1815 367 1871 425 S.
1913 361 2281 423 AUGUSTINI
2319 362 2624 424 EPISCOPI

3730 375 3858 435 ms

2278 480 2421 535 enim
2449 480 2805 549 exsultemus,
2830 483 2955 554 quia
2983 482 3108 540 fecit
3134 483 3265 542 illud
3289 493 3345 542 et
3366 485 3521 543 illud.
3546 486 3617 543 Et
3634 502 3859 549 commeo

2278 572 2505 627 moravit
2530 573 2732 643 multa,
2771 584 2825 631 et
2852 591 2994 631 nunc
3022 578 3216 648 repetit
3248 577 3687 638 exhortationem
3716 601 3729 637 :
3770 584 3859 643 Ve-

2280 664 2400 733 nite,
2426 665 2713 735 adoremus,
2744 676 2793 722 et
2819 668 3141 738 procidamus
3166 670 3229 736 ei,
3260 680 3307 726 et
3332 672 3595 742 ptas-emus
3620 686 3736 731 ante
3757 676 3860 733 Do-

2278 756 2470 811 minum
2486 756 2575 826 qui
2596 758 2713 830 fecit
2738 774 2850 813 nos.
2867 758 2984 814 Jam
3003 762 3435 820 commemoratis
3456 779 3488 819 a
3511 779 3603 821 me
3626 765 3861 826 laudibus

2278 847 2394 914 Dei,
2427 848 2589 905 nolite
2620 849 2753 921 pigri
2780 864 2919 919 esse,
2948 859 3002 907 et
3029 850 3183 923 longe
3208 853 3314 909 vita
3342 864 3397 911 et
3424 855 3673 913 moribus
3692 868 3857 917 stare:

2287 940 2480 1010 Venite,
2512 943 2798 1009 adoremus,
2819 952 2867 999 et
2891 944 3213 1015 procidamus
3240 946 3305 1001 ei.
3338 946 3446 1005 Sal
3476 946 3621 1006 forte
3647 948 3714 1006 de
3736 966 3857 1021 pec-

2278 1034 2410 1090 catis
2440 1034 2633 1091 vestris
2651 1077 2667 1103 ,
2694 1051 2814 1107 quae
2841 1051 2935 1093 vos
2958 1036 3116 1106 longe
3142 1036 3379 1094 fecerant
3407 1054 3441 1094 a
3484 1038 3629 1106 Deo,
3657 1041 3859 1100 solliciti

2277 1126 2439 1194 estis;
2468 1126 2722 1185 faciamus
2744 1130 3020 1201 sequentia
3048 1148 3059 1183 :
3089 1129 3156 1185 Et
3185 1132 3445 1203 ptoremus
3480 1149 3658 1188 coram
3685 1133 3857 1191 Denti-

2278 1238 2365 1291 no,
2392 1223 2478 1294 qui
2498 1224 2614 1294 fecit
2638 1240 2749 1279 nos.
2780 1223 2951 1280 Ardes
2994 1223 3131 1281 forte
3171 1225 3500 1282 conscientia
3546 1225 3762 1294 delicti;
3790 1229 3857 1284 la-

2277 1316 2475 1388 erymis
2503 1316 2782 1389 exstingue
2806 1316 3075 1374 ﬂammam
3098 1320 3319 1390 peccati,
3352 1320 3504 1391 plora
3530 1329 3660 1378 ante
3680 1321 3854 1379 Domi-

2276 1422 2440 1463 num:
2488 1424 2710 1465 securus
2752 1410 2901 1479 plora
2949 1420 3073 1466 ante
3104 1410 3305 1478 Deum,
3338 1412 3427 1483 qui
3472 1420 3528 1468 te
3572 1412 3726 1480 fecit;
3756 1430 3854 1471 non

2276 1500 2418 1555 enim
2449 1515 2583 1572 opus
2627 1517 2877 1557 manuum
2924 1517 3139 1558 suarum
3181 1503 3478 1560 contemnit
3524 1504 3580 1560 in
3633 1514 3701 1562 te.
3747 1505 3854 1564 Noli

2277 1602 2466 1663 putare
2490 1592 2610 1663 quia
2644 1602 2796 1664 potes
2818 1608 2849 1650 a
2876 1602 2929 1650 te
2954 1594 3124 1650 reﬁci.
3152 1595 3197 1651 A
3234 1603 3287 1651 te
3324 1594 3563 1653 deiicere
3596 1605 3775 1668 potes,
3801 1607 3854 1655 tu

2277 1683 2501 1755 teipsum
2531 1684 2752 1741 reticere
2781 1700 2887 1741 non
2916 1694 3104 1756 potes:
3134 1685 3223 1742 ille
3264 1686 3435 1743 reiicit
3485 1687 3578 1760 qui
3622 1698 3676 1745 te
3716 1688 3849 1747 fecit.

2276 1773 2545 1831 Ploremus
2572 1786 2688 1831 ante
2711 1776 2984 1833 Dominum
3009 1778 3097 1848 qui
3125 1794 3217 1833 nos
3245 1779 3401 1850 fecit:
3423 1778 3720 1852 lacrymare
3738 1791 3853 1839 ante

2275 1864 2445 1932 illum,
2475 1866 2729 1922 coulitere
2754 1866 2851 1935 illi,
2881 1868 3112 1938 praeveni
3143 1867 3329 1924 faciem
3356 1868 3473 1940 ejus
3494 1870 3549 1926 in
3577 1870 3877 1928 conlessio-.

2275 1974 2363 2014 ne.
2387 1958 2517 2028 Quis
2547 1959 2687 2014 enim
2713 1975 2774 2015 es
2800 1968 2852 2015 tu
2883 1959 2976 2032 qui
3008 1959 3079 2016 illi
3112 1960 3312 2031 ploras,
3351 1971 3408 2019 et
3447 1961 3530 2018 illi
3568 1963 3847 2031 conliteris,

2277 2051 2379 2107 nisi
2404 2066 2565 2122 quem
2595 2050 2895 2108 fecitiNon
2929 2068 3105 2123 parva:
3134 2052 3342 2111 ﬁducia:
3378 2062 3465 2109 est
3505 2053 3575 2109 ad
3608 2053 3845 2111 factorem

2275 2161 2363 2202 res
2390 2144 2551 2211 facta,
2580 2154 2635 2202 et
2660 2163 2765 2201 non
2793 2146 3294 2220 quomodocumque
3320 2147 3482 2217 facta,
3513 2148 3611 2205 sed
3636 2148 3703 2205 ad
3730 2150 3848 2205 ima-

2273 2238 2450 2308 ginem
2481 2244 2535 2291 et
2562 2236 2961 2293 similitudinem
2988 2237 3153 2309 ipsius
3186 2256 3199 2293 :
3242 2237 3415 2294 Venite
3434 2281 3451 2306 ,
3479 2240 3777 2307 adoremus,
3803 2248 3845 2295 et

2273 2330 2597 2400 procidamus
2631 2330 2710 2398 ei,
2738 2340 2784 2385 et
2823 2331 3076 2402 ploremus
3112 2340 3231 2387 ante
3268 2330 3554 2388 Dominum
3573 2373 3590 2402 ,
3620 2334 3704 2405 qui
3740 2336 3845 2408 fecit

2272 2437 2386 2476 nos.

2344 2512 2432 2567 11.
2460 2510 2608 2587 [vers.
2636 2510 2713 2585 7.]
2739 2512 2992 2582 Quoniam
3015 2515 3123 2585 ipse
3147 2524 3219 2570 est
3238 2512 3494 2572 Dominus
3512 2516 3649 2574 Deus
3673 2528 3838 2575 noster.

2274 2600 2341 2657 Ut
2368 2612 2546 2657 autem
2576 2604 2751 2659 sccuri
2776 2612 2900 2660 ante
2929 2604 3080 2660 illum
3109 2606 3449 2676 procidamus
3474 2617 3531 2664 et
3560 2609 3834 2680 ploremus.

2271 2710 2371 2750 nos
2399 2696 2523 2767 quid
2554 2697 2772 2753 sumus?
2799 2695 2913 2753 Nos
2950 2707 3116 2753 autem
3154 2700 3372 2771 populus
3401 2718 3610 2770 pascua:
3644 2704 3774 2774 ejus,
3799 2708 3840 2757 et

2270 2803 2381 2842 oues
2403 2804 2644 2843 manuum
2670 2792 2797 2861 ejus.
2832 2788 2960 2846 Vide
2988 2805 3149 2861 quam
3170 2792 3444 2863 eleganter
3466 2794 3742 2851 verborum
3764 2809 3838 2848 or-

2269 2878 2449 2935 dinem
2474 2881 2836 2947 commutavit,
2862 2890 2917 2937 et
2946 2892 3196 2954 tanquam
3222 2898 3327 2939 non
3355 2885 3575 2956 propria
3600 2884 3836 2951 reddidit;

2270 2981 2329 3026 ut
2353 2971 2495 3043 ipsos
2524 2972 2883 3045 intelligamus
2912 2988 3070 3040 oves,
3116 2974 3204 3047 qui
3248 2984 3373 3032 sunt
3412 2986 3474 3032 et
3517 2978 3711 3048 populi.
3735 2977 3836 3032 Non

2270 3064 2436 3130 dixit,
2469 3064 2608 3121 Oves
2651 3080 2861 3137 pascam
2891 3066 3007 3137 ejus
3051 3076 3106 3123 et
3153 3068 3379 3141 populus
3407 3085 3664 3125 manuum
3704 3068 3831 3139 ejus;

2269 3159 2411 3230 quod
2444 3160 2611 3231 magis
2638 3160 2920 3231 putabatur
2950 3175 3107 3231 posse
3131 3176 3449 3233 congruere,
3484 3164 3609 3236 quia
3632 3178 3751 3219 oves
3775 3162 3832 3217 ad

2270 3268 2464 3325 pascua
2491 3253 2759 3324 pertinent
2785 3272 2799 3308 :
2823 3253 2916 3309 sed
2946 3254 3058 3321 ait,
3093 3256 3312 3325 papulas
3342 3273 3568 3326 pascuae.
3594 3257 3725 3329 Ergo
3750 3270 3833 3327 po-

2269 3345 2426 3417 pulus
2446 3360 2574 3401 oves
2601 3354 2743 3412 sunt,
2767 3345 2889 3415 quia
2916 3345 3066 3411 dicit,
3097 3346 3315 3417 papulas
3334 3364 3547 3416 pascua:
3572 3349 3712 3420 ejus;
3736 3347 3833 3417 ipse

2270 3436 2498 3508 pepulus
2534 3451 2662 3492 oves
2704 3445 2846 3492 sunt.
2888 3435 2993 3493 Sed
3024 3452 3207 3492 rursus
3231 3478 3247 3504 ,
3292 3437 3415 3509 quia
3458 3455 3559 3495 nos
3600 3438 3831 3494 habemus

2269 3544 2398 3584 ores
2422 3544 2556 3600 quas
2581 3528 2811 3585 emimus
2829 3570 2844 3595 ,
2876 3544 2980 3584 non
3006 3544 3138 3600 quas
3164 3528 3420 3597 iecimus;
3445 3531 3651 3587 dixerat
3676 3539 3829 3585 autem

2269 3622 2549 3692 superius,
2599 3620 2932 3676 Procidamus
2968 3622 3014 3676 ei
3057 3622 3145 3693 qui
3178 3622 3296 3695 fecit
3332 3638 3423 3678 nos
3448 3639 3470 3677 :
3494 3631 3636 3679 recte
3654 3622 3829 3678 dictum

2270 3724 2371 3779 est,
2391 3729 2503 3768 oves
2524 3729 2762 3767 manuum
2778 3714 2908 3785 ejus.
2926 3712 3112 3770 Nullus
3134 3713 3406 3770 hominum
3426 3715 3534 3771 sibi
3549 3715 3667 3770 facit
3685 3727 3825 3769 oves:

2270 3822 2454 3863 emere
2476 3814 2671 3878 potest,
2701 3806 2886 3862 donari
2914 3817 3157 3878 possunt,
3181 3808 3424 3865 invenire
3448 3816 3644 3881 potest,
3665 3819 3827 3877 aggre-

2270 3912 2396 3968 gare
2427 3906 2622 3968 potest,
2652 3907 2922 3967 postremo
2952 3897 3118 3953 furari
3146 3907 3353 3969 potest;
3383 3898 3560 3957 facere
3590 3913 3712 3955 oves
3735 3909 3826 3951 non

2270 3997 2463 4059 potest.
2490 3990 2558 4043 At
2581 4005 2707 4044 vero
2740 3988 2995 4045 Dominus
3017 3998 3200 4045 noster
3226 3988 3351 4046 fecit
3374 4006 3509 4057 nos;
3539 3989 3655 4046 ideo
3680 4003 3822 4060 popu-

2271 4082 2350 4137 lus
2380 4098 2583 4153 pascuae
2621 4083 2731 4152 ejus
2768 4090 2813 4137 et
2847 4097 2961 4137 oves
2994 4098 3236 4137 ntanuum
3264 4083 3391 4154 ejus,
3420 4082 3552 4153 ipsa:
3576 4090 3693 4137 sunt
3714 4090 3822 4151 qua

2270 4174 2371 4230 sibi
2404 4175 2515 4245 ipse
2544 4173 2717 4229 facere
2738 4173 2984 4245 dignatus
3010 4183 3093 4231 est
3109 4174 3278 4246 gratia
3298 4188 3414 4230 sua.
3437 4175 3547 4232 Has
3566 4174 3698 4231 enim
3716 4182 3823 4227 oves

2272 4266 2451 4322 laudat
2480 4277 2534 4322 et
2562 4268 2614 4323 in
2637 4266 2868 4325 Canticis
2888 4268 3237 4333 canticorum,
3262 4268 3528 4339 perfectos
3548 4259 3821 4340 quosdam‘

2272 4356 2454 4412 dicens
2482 4365 2728 4429 tanquam
2756 4356 2944 4413 dentes
2968 4357 3220 4414 Ecclesiae
3244 4367 3440 4415 sanctae
3465 4372 3669 4431 sponsa:
3692 4365 3819 4409 sum:

2271 4450 2458 4506 Dentes
2487 4452 2558 4505 tui
2580 4452 2708 4505 sicut
2728 4468 2851 4523 grex
2870 4451 3195 4506 detonsarum
3222 4452 3598 4508 ascendentium
3620 4449 3679 4504 de
3702 4446 3820 4501 lava-

2271 4561 2379 4612 cro,
2425 4559 2539 4611 quae
2579 4543 2803 4615 geminos
2851 4544 3078 4615 pariunt,
3110 4552 3157 4599 et
3196 4544 3380 4599 sterilis
3407 4561 3511 4600 non
3548 4550 3618 4598 est
3650 4540 3698 4594 in
3733 4533 3819 4590 illis

2276 4635 2447 4706 (Cant.
2471 4650 2549 4702 1v,
2576 4634 2642 4699 2;
2675 4642 2723 4689 et
2748 4649 2818 4701 γι,
2842 4634 2919 4705 5).
2943 4632 3081 4700 Quid
3109 4643 3226 4702 est,
3256 4632 3444 4692 Dentes
3468 4634 3577 4690 tui?
3596 4632 3691 4688 Per
3705 4635 3819 4699 quc!

2271 4727 2507 4799 loqueris
2535 4744 2549 4782 :
2577 4726 2764 4783 dentes
2802 4726 2946 4783 enim
2995 4725 3278 4793 Ecclesiae,
3309 4741 3405 4797 per
3445 4739 3578 4798 quos
3615 4717 3818 4792 loquitur

2273 4818 2531 4875 Ecclesia.
2557 4816 2751 4885 Quales
2778 4816 2967 4872 dentes
3008 4815 3117 4872 tui?
3146 4814 3407 4888 Tanquam
3448 4830 3571 4888 gres:
3612 4810 3816 4866 detum-

2272 4928 2404 4966 rum.
2431 4910 2606 4979 Quare
2634 4909 3001 4965 detonsarunt?
3029 4908 3163 4976 Quia
3191 4909 3428 4965 sarcinas
3455 4903 3630 4965 saeculi
3654 4909 3816 4973 power

2273 5011 2416 5057 runt.
2440 5000 2627 5057 Nonne
2646 5000 2886 5055 detonsa:
2912 5008 3067 5055 erant
3089 5014 3217 5056 oves
3243 5000 3369 5067 illae,
3390 4999 3458 5057 de
3477 4997 3660 5071 quibus
3683 4986 3815 5063 paulo

2273 5102 2399 5150 ante
2442 5091 2715 5159 dicebam,
2756 5106 2892 5162 quos
2932 5101 3256 5163 praeceptum
3284 5092 3380 5147 Dei
3409 5086 3721 5147 totonderat,
3745 5076 3813 5133 dio

2273 5185 2445 5239 centis
2474 5201 2487 5237 :
2523 5181 2682 5248 Vade,
2705 5182 2860 5237 vende
2878 5183 3049 5237 omnia
3067 5192 3174 5251 tua,
3198 5184 3264 5237 da
3284 5181 3600 5254 pauperibus,
3628 5182 3672 5231 et
3690 5167 3815 5226 habt-

2274 5280 2348 5334 bis
2374 5280 2662 5335 thesaurum
2685 5280 2736 5333 in
2758 5280 2927 5344 cretis;
2956 5288 3003 5334 et
3029 5279 3158 5346 veni,
3180 5294 3384 5349 sequere
3403 5295 3482 5335 me
3507 5269 3697 5350 (Matth.
3720 5275 3809 5350 sit.

2273 5371 2409 5443 2i)?
2438 5369 2703 5428 Fecerunt
2728 5370 2830 5427 hoc
2855 5379 3218 5442 praeceptum;
3244 5369 3455 5426 detonsi
3484 5367 3736 5449 venerum;

2275 5440 2399 5537 quia
2426 5465 2678 5535 baptizati
2724 5440 2869 5520 sunt-
2890 5440 3175 5520 credentes
3220 5463 3273 5518 in
3310 5461 3595 5523 Christum,
3622 5444 3731 5537 (ιιιῙᾷ
3753 5440 3811 5496 ibi

2275 5535 2506 5613 dicitur?
2526 5556 2915 5612 Ascendentium
2957 5555 3019 5611 de
3062 5556 3297 5622 lavacro;
3342 5554 3393 5610 id
3422 5561 3501 5611 est
3522 5593 3536 5617 ,
3560 5535 3812 5603 ascenden-

2278 5650 2408 5705 tium
2436 5649 2503 5705 de
2533 5648 2897 5704 inundatione.
2932 5646 3003 5702 Et
3039 5663 3212 5703 omnes
3237 5646 3461 5718 geminos
3487 5631 3811 5699 creant-“1"os

2278 5740 2551 5813 geminos?
2579 5740 2693 5794 Duo
2719 5739 2807 5795 illa
2836 5747 3099 5810 prtecepta
3119 5780 3134 5806 ,
3161 5740 3215 5797 in
3240 5741 3431 5814 quibus
3458 5746 3557 5798 tota
3585 5733 3681 5791 Le!
3703 5734 3810 5795 ιιθίι·

2347 5856 2363 5886 ι
2390 5857 2489 5902 Duo
2505 5858 2632 5914 Mss,
2656 5850 2893 5917 perfectus
2915 5850 3130 5916 quidam.
