4088 6444
331 386 469 446 ιω

317 500 418 556 det
436 511 491 556 et
511 498 813 572 Propheta}.
841 501 951 558 Nos
970 518 1098 576 ergo
1120 508 1340 577 populus
1360 525 1562 579 pascat:
1579 512 1709 582 ejus,
1732 522 1778 567 et
1800 530 1913 570 oves

318 610 569 649 manuum
588 596 722 666 ejus.

396 686 484 742 12.
515 686 677 762 [eam
701 688 795 763 8.]
825 690 968 763 Ergo
987 735 1002 759 ,
1038 691 1207 749 Hodie
1230 695 1276 750 si
1298 711 1467 753 vocem
1492 699 1602 771 ejus
1630 700 1911 757 audieritis.

317 779 368 837 0
401 781 558 852 plebs
585 797 703 839 mea
728 826 745 849 ,
790 783 940 854 plebs
984 785 1113 841 Dei!
1157 787 1459 858 Alloquitur
1502 790 1710 860 plebem
1761 806 1913 849 suam

312 871 485 938 Deus,
514 889 620 929 non
646 874 820 931 solum
844 876 988 933 illam
1013 877 1219 948 plebem
1240 894 1390 936 suam
1415 897 1701 953 quamnon
1730 885 1911 956 repel-

310 964 416 1031 let,
447 964 544 1020 sed
572 966 739 1023 etiam
767 982 981 1026 omnem
1010 970 1219 1040 plebem
1249 987 1420 1028 suam.
1460 973 1719 1046 Loquitur
1765 977 1907 1032 enim

305 1055 368 1110 in
402 1058 601 1129 angulo
627 1058 838 1131 utrique
882 1061 1069 1131 parieti
1098 1064 1118 1134 (
1144 1062 1334 1134 Ephes.
1358 1081 1424 1132 ιι,
1458 1066 1529 1122 20
1550 1066 1606 1137 );
1636 1067 1687 1122 id
1717 1078 1819 1137 est,
1852 1068 1906 1124 in

303 1147 535 1204 Christo
558 1150 837 1221 prophetia
867 1154 1124 1225 loquitur,
1167 1164 1222 1211 et
1254 1159 1448 1228 populo
1471 1159 1778 1216 Judazorum
1804 1205 1819 1230 ,
1851 1170 1907 1219 et

302 1242 516 1311 populo
538 1241 812 1300 Gentium.
838 1245 1007 1303 Hodie
1032 1248 1076 1303 si
1099 1265 1267 1304 vocem
1295 1251 1407 1321 eius
1432 1253 1690 1311 audieritis
1711 1297 1725 1321 ,
1751 1257 1906 1313 nolite

299 1333 563 1390 obdurare
587 1338 743 1392 corda
767 1347 950 1394 uestra.
973 1339 1272 1413 Aliquando
1304 1344 1444 1399 enim
1466 1345 1690 1403 audistis
1718 1362 1901 1405 vocem

300 1425 454 1483 illius
497 1442 593 1499 per
622 1428 879 1500 Moysen,
924 1442 978 1487 et
1021 1432 1326 1490 obdurastis
1364 1437 1525 1493 corda
1570 1448 1764 1495 vestra.
1797 1439 1902 1496 Per

297 1534 612 1589 praeconem
645 1521 854 1579 locutus
881 1532 984 1593 est,
1012 1527 1225 1596 quando
1269 1528 1571 1585 obdurastis
1598 1532 1760 1588 corda
1801 1549 1897 1589 ve-

299 1618 449 1677 stra;
476 1627 574 1684 per
599 1628 660 1669 se
701 1628 844 1669 nunc
881 1614 1131 1687 loquitur,
1169 1619 1483 1676 mollescant
1509 1622 1669 1677 corda
1695 1632 1891 1680 vestra.

302 1700 415 1772 Qui
441 1718 715 1775 praecones
750 1717 876 1785 ante
900 1723 960 1764 se
986 1709 1271 1778 mittebat,
1303 1711 1416 1782 ipse
1444 1714 1627 1771 venire
1648 1716 1894 1788 dignatus

294 1805 427 1861 est;
474 1811 570 1854 ore
615 1814 714 1853 suo
767 1800 855 1855 hic
898 1799 1157 1873 loquitur,
1189 1804 1279 1874 qui
1309 1804 1623 1877 loquebatur
1666 1823 1761 1879 per
1798 1824 1891 1865 ora

292 1887 710 1960 Prophetarum.
746 1892 917 1949 Hodie
939 1909 1066 1966 ergo
1094 1896 1138 1951 si
1164 1912 1329 1953 vocem
1355 1900 1463 1971 ejus
1486 1900 1766 1969 audieritis,
1800 1920 1892 1959 no-

286 1982 392 2037 lite
411 1982 662 2040 obdurare
682 1985 838 2040 corda
858 1997 1044 2042 uestra.

374 2076 464 2131 15.
490 2076 649 2149 [vers.
681 2078 779 2153 9.]
807 2079 983 2148 Quare
1005 2081 1219 2148 dixisti,
1256 2083 1431 2140 Nolite
1460 2087 1708 2143 obdurare
1732 2092 1887 2145 corda

278 2170 501 2223 vestra?
531 2172 664 2237 Quia
707 2173 1028 2229 meministis
1066 2174 1194 2246 quid
1237 2177 1445 2233 soleant
1497 2179 1671 2235 facere
1710 2190 1886 2252 patres

279 2260 482 2314 vestri.
526 2259 704 2316 Nolite
743 2262 996 2319 obdurare
1036 2266 1192 2320 corda
1229 2277 1393 2322 vestra
1417 2283 1435 2322 :
1462 2272 1885 2340 quemadmodum

274 2353 339 2405 in
376 2352 470 2406 illa
499 2354 892 2422 amaricatione,
922 2358 1198 2412 secundum
1233 2360 1366 2414 diem
1406 2363 1692 2417 tentationis
1719 2364 1771 2417 in
1796 2364 1883 2418 de-

271 2454 444 2499 serto.
472 2445 722 2503 Recolitis
750 2459 917 2517 certe,
947 2448 1159 2516 fratres,
1186 2452 1326 2523 quod
1352 2454 1441 2509 ille
1463 2456 1689 2527 populus
1713 2467 1884 2513 tenta-

273 2538 361 2592 rit.
397 2538 561 2594 Deum
600 2538 812 2615 (Exod.
852 2558 941 2597 xvi
964 2585 978 2609 ,
1003 2542 1040 2598 2
1059 2587 1073 2612 ,
1102 2545 1169 2611 3;
1194 2555 1239 2600 et
1266 2563 1372 2601 xvn
1391 2588 1405 2613 ,
1428 2547 1528 2603 2-7
1554 2550 1593 2620 ),
1617 2552 1882 2623 acceperit

271 2630 627 2703 disciplinam
650 2673 666 2697 ,
694 2645 749 2691 et
779 2644 956 2692 rectus
984 2638 1052 2692 sit
1074 2637 1127 2693 in
1152 2638 1366 2695 deserto
1389 2649 1635 2712 tanquam
1658 2645 1725 2700 ab
1745 2648 1880 2715 opti-

268 2740 383 2779 mo
412 2740 625 2783 sessore
644 2770 657 2791 ,
686 2727 853 2785 frenis
882 2730 1056 2802 legum
1076 2773 1089 2796 ,
1122 2730 1292 2788 frenis
1332 2744 1752 2806 praeceptorum;
1780 2754 1880 2795 nec

269 2818 354 2873 sit
387 2818 626 2876 desertus
654 2829 831 2878 tamen
858 2838 888 2878 a
917 2824 1026 2880 Deo
1050 2826 1208 2880 etiam
1235 2826 1547 2895 indomitus,
1576 2844 1678 2884 non
1703 2832 1877 2887 solum

268 2908 564 2967 beneﬁciis
589 2914 976 2983 praesentibus,
1006 2915 1098 2971 sed
1128 2917 1289 2972 etiam
1311 2918 1455 2989 virga
1487 2920 1876 2978 emendationis

266 3019 393 3058 non
418 3003 727 3062 desistente.
756 3006 927 3064 Nolite
956 3022 1083 3077 ergo
1108 3009 1357 3065 obdurare
1379 3012 1534 3065 corda
1554 3022 1716 3067 vestra
1738 3028 1759 3068 :
1784 3015 1878 3068 sic-

266 3106 336 3150 ut
361 3096 415 3149 in
434 3098 813 3164 amaricntione,
840 3100 1117 3155 secundum
1136 3102 1269 3157 diem
1286 3105 1573 3159 tentatiouis
1588 3107 1640 3159 in
1657 3107 1870 3175 deserto,

269 3189 376 3245 ubi
404 3200 715 3248 tentaverunt
756 3211 836 3250 me
878 3205 1045 3267 patres
1083 3198 1251 3251 vestri.
1280 3196 1395 3252 Jam
1442 3199 1573 3255 tales
1616 3216 1722 3256 non
1769 3202 1876 3258 sint

267 3292 467 3353 patres
487 3286 681 3350 vestri;
708 3286 874 3342 nolite
900 3302 994 3343 eos
1022 3288 1240 3344 imitari.
1270 3288 1455 3345 Patres
1483 3292 1644 3346 vestri
1678 3303 1871 3359 erant;

267 3378 381 3434 sed
412 3380 457 3435 si
487 3396 590 3435 non
633 3381 822 3436 imitati
850 3381 1057 3438 fueritis
1077 3425 1091 3450 ,
1140 3392 1316 3453 patres
1350 3385 1511 3439 vestri
1542 3399 1646 3440 non
1676 3397 1870 3443 erunt:

270 3480 463 3526 tamen
491 3473 612 3543 quia
644 3472 710 3528 de
738 3473 819 3529 his
847 3474 955 3528 nati
982 3474 1132 3541 estis,
1158 3483 1338 3544 patres
1359 3476 1521 3530 vestri
1545 3486 1717 3531 erant.
1743 3476 1808 3532 Et
1827 3477 1871 3533 si

268 3564 484 3619 Gentes
526 3565 800 3621 venientes
840 3566 906 3621 ab
935 3577 1175 3622 extremo
1202 3576 1379 3633 terrai,
1410 3568 1548 3623 sicut
1568 3569 1697 3624 dicit
1725 3569 1873 3625 Jere—

272 3656 442 3724 mias,
468 3657 546 3711 Ad
569 3667 617 3713 te
644 3657 826 3713 Gentes
846 3659 1042 3714 uenient
1073 3658 1135 3712 ab
1160 3669 1384 3714 extremo
1410 3670 1576 3727 teme,
1609 3670 1655 3715 et
1682 3662 1867 3729 dicent,

284 3748 441 3804 Vera:
466 3751 728 3806 mendacia
769 3750 1032 3807 coluerunt
1070 3762 1239 3823 patres
1278 3753 1469 3819 nostri,
1510 3754 1781 3809 simulacra
1817 3754 1871 3808 in

269 3841 461 3912 quibus
490 3858 587 3897 non
614 3853 688 3898 est
714 3844 907 3899 utilitas
934 3842 1164 3917 (Jerem.
1190 3860 1299 3911 xw,
1325 3845 1423 3916 19)
1450 3863 1463 3899 :
1492 3845 1538 3901 si
1562 3845 1760 3903 Gentes
1784 3847 1869 3902 di-

270 3933 543 3990 miserunt
567 3935 849 3992 simulacra
881 3950 997 4002 sua,
1030 3944 1088 3992 ut
1115 3937 1361 3992 venirent
1387 3936 1452 3992 ad
1478 3938 1642 3992 Deum
1665 3936 1865 4003 Israel;

273 4040 427 4096 quos
458 4026 566 4097 ipse
593 4014 735 4083 Deus
773 4027 936 4083 Israel
976 4027 1043 4085 de
1077 4026 1311 4101 Egypto
1348 4042 1443 4098 per
1474 4042 1620 4085 mare
1648 4029 1868 4084 rubrum

270 4117 471 4185 duxit,
501 4118 552 4174 in
595 4134 700 4191 quo
730 4118 975 4175 inimicos
1011 4135 1198 4177 eorum
1242 4128 1632 4191 consequentes
1659 4122 1871 4191 operuit

270 4211 294 4279 (
307 4210 475 4266 Exod.
505 4227 613 4279 ειν,
634 4212 863 4283 21ο51);
895 4227 1030 4284 quos
1050 4212 1103 4268 in
1127 4211 1397 4269 desertum
1428 4212 1643 4278 eduxit,
1675 4228 1868 4269 manna

267 4304 424 4378 pavit
454 4304 562 4375 (Id.
586 4322 693 4373 xvr,
726 4306 938 4377 15-55),
966 4322 1237 4379 nunquam
1265 4307 1469 4379 virgam
1496 4322 1646 4364 suam
1681 4310 1748 4365 ab
1776 4324 1869 4365 eo-

269 4413 398 4455 rum
428 4398 704 4470 disciplina
735 4400 874 4468 tulit,
904 4416 1174 4473 nunquam
1207 4400 1465 4458 beneﬁcia
1487 4401 1869 4459 misericordia:

266 4489 575 4558 subtraxit;
618 4492 718 4563 ipsi
760 4492 961 4549 debent
999 4493 1251 4550 deserere
1298 4495 1461 4550 Deum
1508 4508 1663 4551 suum
1688 4538 1703 4562 ,
1745 4512 1867 4553 cum

269 4581 479 4639 Gentes
523 4584 772 4640 venerint
814 4583 880 4640 ad
926 4584 1091 4642 Deum
1122 4586 1396 4656 ipsorum?
1436 4586 1534 4641 Ubi
1560 4596 1870 4644 tentaverunt

270 4690 361 4729 me
390 4685 558 4746 patres
584 4678 735 4733 vestri
751 4692 770 4743 ;
797 4678 1197 4750 probaverunt‘,
1224 4689 1273 4735 et
1297 4679 1526 4734 viderant
1555 4698 1707 4752 opera
1735 4698 1867 4737 mea.

271 4768 639 4841 Quadraginta
669 4771 824 4827 annis
860 4770 1107 4828 viderunt
1149 4787 1311 4842 opera
1340 4788 1458 4828 mea
1479 4815 1493 4838 ,
1521 4773 1869 4845 quadraginta

271 4862 437 4916 annis
451 4862 1044 4919 exacerbaveruntme:
1072 4874 1196 4921 ante
1213 4864 1332 4919 illos
1357 4864 1608 4918 miracula
1636 4865 1687 4919 in
1711 4881 1871 4922 manu

271 4951 449 5026 Moysi
479 4951 735 5011 faciebam
755 4996 773 5024 ,
810 4962 866 5011 et
894 4955 993 5026 ipsi
1020 4954 1187 5027 magis
1213 4955 1486 5027 magisque
1514 4954 1672 5011 corda
1698 4956 1870 5013 obdu-

276 5045 493 5101 rabant.

351 5140 439 5196 M.
470 5137 621 5213 [vera
646 5136 759 5214 10.]
794 5139 1146 5212 Quadraginta
1174 5141 1322 5195 annis
1348 5141 1607 5213 proximas
1630 5142 1707 5214 fui
1722 5157 1870 5213 gene-

270 5232 465 5288 rationi
490 5233 625 5288 huic.
649 5233 785 5301 Quid
813 5242 914 5295 est.
954 5233 1215 5306 proximus
1259 5233 1378 5305 fui?
1418 5233 1740 5289 Praesentavi
1783 5247 1871 5290 me

274 5324 333 5380 in
362 5325 530 5396 signis
561 5333 617 5381 et
638 5324 923 5380 virtutibus
948 5324 1085 5381 meis
1113 5342 1128 5380 :
1159 5339 1264 5379 non
1298 5339 1403 5380 uno
1440 5324 1558 5390 die,
1599 5338 1703 5379 non
1731 5323 1870 5379 duo-

271 5415 413 5482 bus;
447 5416 542 5474 sed
563 5459 579 5484 ,
606 5416 960 5489 Quadraginta
996 5417 1147 5471 annis
1174 5416 1435 5489 proximus
1453 5416 1532 5489 fui
1558 5416 1872 5488 generationi

277 5507 423 5575 huic;
442 5518 489 5565 et
510 5510 640 5579 dixi,
660 5509 874 5582 Semper
900 5510 983 5566 isti
1009 5517 1180 5565 errant
1196 5508 1367 5563 corde.
1401 5508 1513 5565 Hoc
1539 5508 1872 5580 signiﬁcave-

345 5708 362 5740 ι
389 5704 523 5768 sdd.,
546 5706 983 5779 probaverimtme.
1011 5707 1177 5779 abest,
1200 5720 1303 5769 me,
1328 5721 1355 5757 a
1379 5712 1503 5779 Mss.
1520 5708 1616 5779 qui.
1644 5706 1872 5779 plerique

275 5769 352 5833 sic
370 5767 754 5833 lit-oseq'uuntur,
773 5776 820 5821 et
840 5767 1062 5833 viderunt
1077 5767 1231 5833 opera
1250 5767 1357 5833 mea

285 5829 519 5883 Viderint
539 5829 690 5896 opera
712 5845 820 5882 mea
847 5829 1167 5896 quadraginta
1205 5830 1361 5893 annis,
1387 5829 1447 5883 'et
1466 5829 1873 5883 exacerbaverunt

277 5903 371 5944 me.

646 5986 874 6046 Sum“.
929 5984 969 6044 Λ
984 6000 1205 6045 ususr.
1254 5984 1359 6045 ιν.

1456 395 1850 454 ENABRATIO
1888 397 1951 457 ΙΝ
1990 398 2312 462 PSALMUM
2355 407 2533 467 XCIV.

3481 428 3501 482 1
3513 429 3616 488 226

2031 526 2155 572 runt
2182 520 2530 597 quadraginta
2556 528 2681 582 anni
2708 569 2721 592 ,
2755 531 2896 599 quod
2923 542 2977 588 et
3001 552 3213 607 semper.
3237 541 3615 615 Quadragena-

2024 609 2138 666 rius
2171 615 2313 669 enim
2356 615 2456 674 iste
2495 635 2748 677 numerus
2778 623 2971 681 indicat
3004 629 3357 701 integritatem
3385 640 3611 695 sarculo-

2022 716 2161 769 rum,
2187 713 2431 778 tanquam
2458 714 2799 781 perﬁciantur
2816 720 3005 774 saecula
3026 737 3120 792 per
3141 724 3282 781 hunc
3303 744 3606 789 numerum.

2022 793 2147 851 Ideo
2171 797 2425 857 Dominus
2450 804 2797 878 quadraginta
2823 810 3011 867 diebus
3034 814 3295 886 jc-junavit
3316 862 3328 885 ,
3372 825 3608 892 quadra-

2019 889 2161 956 ginta
2183 889 2372 947 diebus
2402 902 2633 953 tentatus
2657 907 2742 955 est
2767 900 2818 957 in
2849 919 3029 962 eremo
3055 911 3073 979 (
3097 909 3283 981 Matth.
3312 889 3535 981 invi-il
3556 920 3603 992 ),

2020 986 2073 1033 et
2099 982 2444 1055 quadraginta
2471 987 2658 1044 diebus
2687 990 2785 1048 fuit
2814 1010 2933 1049 cum
2965 997 3238 1070 discipulis
3268 1014 3386 1073 post
3416 982 3601 1065 rcsur;

2014 1074 2305 1133 reetionem
2346 1078 2501 1150 (Act.
2553 1100 2605 1147 ι,
2654 1085 2749 1156 5).
2791 1086 2982 1145 Primis
3024 1094 3369 1167 quadraginta
3410 1101 3601 1161 diebus

2014 1167 2378 1235 tentationem,
2403 1176 2789 1242 posterioribus
2812 1182 3159 1255 quadraginta
3187 1187 3374 1246 diebus
3398 1208 3598 1251 conso-

2010 1256 2258 1315 lationem
2307 1266 2569 1332 osteudit;
2621 1270 2741 1340 quia
2790 1288 2909 1327 cum
2959 1285 3239 1346 tentamur,
3274 1283 3391 1338 sine
3434 1286 3595 1345 dubio

2007 1350 2365 1407 consolamur.
2393 1354 2601 1426 Corpus
2630 1361 2770 1415 enim
2797 1362 2933 1433 ejus,
2977 1365 3027 1422 id
3068 1379 3150 1425 est
3193 1371 3427 1428 Ecclesia
3452 1418 3468 1442 ,
3498 1392 3568 1433 ne

2006 1454 2157 1497 cesse
2184 1452 2266 1497 est
2292 1448 2611 1505 tentationes
2640 1453 2872 1522 patiatur
2897 1457 2949 1511 in
2973 1457 3075 1514 hoc
3102 1464 3334 1529 saeculo;
3365 1467 3457 1521 sed
3482 1485 3589 1525 non

2004 1531 2154 1588 deest
2176 1534 2264 1590 ille
2292 1540 2597 1596 consolator
2619 1544 2707 1612 qui
2736 1544 2869 1600 dixit
2892 1566 2903 1600 :
2932 1548 3063 1603 Ecce
3086 1569 3175 1621 ego
3202 1556 3455 1611 vobiscum
3476 1577 3589 1615 sum

2006 1638 2161 1692 usque
2184 1626 2237 1680 in
2262 1633 2739 1688 coruummationem
2763 1640 2935 1693 steculi
2960 1637 2981 1712 (
3004 1640 3189 1697 Matth.
3220 1662 3389 1703 xxvnt
3410 1691 3423 1713 ,
3452 1650 3521 1706 20
3540 1653 3583 1721 ).

2002 1715 2070 1771 Et
2095 1719 2223 1787 dixi,
2250 1722 2462 1796 Semper
2485 1728 2571 1782 isti
2592 1741 2757 1785 errant
2782 1734 2951 1789 corde.
2980 1736 3058 1791 Ad
3100 1738 3201 1793 hoc
3229 1756 3347 1795 cum
3381 1744 3483 1799 illis
3508 1715 3583 1801 lui

1998 1812 2344 1886 quadraginta
2370 1820 2545 1889 annis,
2580 1831 2637 1877 ut
2660 1825 2996 1884 ostenderem
3042 1845 3212 1901 genus
3257 1835 3362 1892 tale
3409 1837 3583 1894 homi-

1997 1917 2163 1972 num,
2205 1909 2345 1977 quod
2388 1927 2477 1967 me
2517 1929 2729 1985 semper
2776 1921 3060 1977 exacerbat
3105 1939 3268 1996 usque
3318 1928 3369 1984 in
3419 1930 3581 1986 ﬁnem

1995 1998 2176 2052 saeculi
2204 2016 2217 2051 :
2246 2003 2368 2071 quia
2400 2019 2498 2073 per
2525 2007 2645 2062 illos
2674 2010 3022 2084 quadraginta
3051 2032 3252 2086 annos,
3282 2029 3448 2077 totum
3476 2038 3578 2079 sa:-

1993 2086 2167 2142 cnlum
2195 2090 2492 2160 signiﬁcare
2521 2098 2705 2152 voluit.
3401 2155 3413 2165 .

2066 2181 2153 2237 15.
2184 2181 2345 2255 [vers
2374 2187 2459 2242 11.
2486 2187 2504 2261 ]
2530 2190 2669 2259 Quid
2700 2196 2867 2263 ergo?
2904 2212 3000 2266 pro
3028 2199 3130 2255 illis
3156 2218 3259 2259 non
3303 2215 3460 2260 erunt
3486 2208 3575 2263 alii

1990 2274 2076 2368 qui
2102 2274 2301 2368 intrent
2322 2278 2373 2332 in
2401 2282 2637 2351 requiem
2668 2285 2757 2340 Dei
2780 2288 2802 2340 ‘I
2827 2287 3110 2358 [inprobati
3141 2305 3263 2349 sunt
3284 2297 3357 2351 illi
3386 2298 3575 2368 quibus

1989 2363 2257 2435 displicuit
2286 2371 2647 2429 misericordia
2677 2377 2800 2443 Dei,
2832 2383 2919 2450 qui
2945 2384 3253 2441 restiterunt
3277 2363 3573 2446 Deocordc

1988 2456 2265 2526 indurato;
2320 2463 2421 2517 illis
2466 2465 2815 2536 improbatis,
2862 2478 3117 2545 numquid
3166 2480 3395 2547 perdidit
3434 2482 3572 2537 Deus

1987 2550 2237 2617 populum
2270 2554 2464 2608 suum?
2488 2556 2605 2611 Non
2627 2561 2729 2614 erit
2757 2576 2961 2627 verum,
3002 2563 3193 2622 Potens
3236 2579 3305 2624 est
3340 2570 3477 2627 Deus
3511 2574 3572 2627 de

1985 2639 2238 2710 lapidibus
2265 2645 2374 2700 istis
2398 2650 2643 2705 suscitare
2670 2653 2805 2719 ﬁlios
2829 2655 3046 2710 Abrahae
3068 2657 3177 2730 (Id.
3203 2676 3279 2727 ut,
3303 2662 3386 2733 9)?
3407 2663 3567 2734 Ergo,

1984 2730 2110 2796 dixi,
2146 2733 2360 2805 Semper
2383 2738 2466 2791 isti
2494 2752 2663 2795 errant
2693 2745 2859 2800 corde.
2889 2745 2957 2799 Et
2994 2749 3079 2802 isti
3107 2767 3206 2804 non
3232 2730 3569 2823 cognoverant

1984 2824 2087 2876 vias
2116 2840 2268 2890 meas,
2303 2828 2481 2899 quibus
2501 2832 2678 2903 juravi
2712 2837 2767 2889 in
2802 2838 2881 2891 ira
2911 2855 3057 2907 mea,
3098 2840 3159 2897 Si
3201 2844 3476 2899 introibant
3515 2848 3566 2902 in

1982 2916 2201 2984 requiem
2226 2934 2406 2973 meam.
2444 2922 2635 2990 Quibus
2660 2927 2837 2996 jaravi
2862 2930 2915 2984 in
2943 2932 3021 2985 ira
3054 2951 3164 2989 mea
3183 2977 3197 3000 ,
3225 2938 3271 2991 si
3295 2939 3568 2997 introibant

1981 3004 2033 3058 in
2061 3010 2278 3078 requiem
2307 3028 2467 3066 meam
2486 3030 2506 3068 :
2526 3031 2747 3087 magnus
2770 3028 2959 3077 terror.
2987 3024 3069 3078 Ab
3088 3030 3437 3085 exsultatione
3457 3048 3567 3086 ca:-

1982 3097 2175 3167 pimus,
2207 3103 2300 3157 sed
2331 3105 2398 3159 ad
2446 3123 2692 3178 magnum
2736 3112 2979 3169 timorem
3027 3120 3287 3174 conclusit
3332 3123 3565 3191 psalmus

1980 3189 2081 3244 iste
2109 3208 2121 3243 :
2155 3191 2346 3256 Quibus
2361 3196 2537 3267 jaraui
2556 3200 2608 3252 in
2636 3200 2713 3254 ira
2740 3219 2868 3268 mea,
2895 3204 2957 3260 Si
2977 3207 3253 3264 introibant
3272 3189 3564 3284 inrequieta

1980 3299 2165 3339 meam.
2190 3283 2358 3355 Loqui
2400 3288 2681 3346 Dominum
2722 3310 2970 3365 magnum
3002 3312 3114 3367 est;
3160 3312 3361 3373 quanto
3400 3283 3565 3377 magis

1978 3374 2161 3442 iurare
2192 3378 2359 3433 Deum
2375 3383 2403 3462 Υ.
2422 3381 2699 3463 iurantem
2742 3386 3012 3444 hominem
3041 3391 3207 3449 debes
3238 3396 3429 3453 timere
3450 3439 3465 3463 ,
3491 3374 3566 3456 ne

1976 3476 2195 3536 propter
2232 3458 2557 3538 iurationem
2607 3476 2763 3532 iaciat
2805 3481 2947 3550 quod
2992 3495 3175 3539 contra
3228 3458 3561 3547 voluntatem

1977 3559 2093 3630 ejus
2120 3572 2233 3629 est;
2256 3576 2458 3634 quanto
2487 3570 2655 3637 magis
2673 3571 2859 3637 Deum,
2885 3576 2974 3644 qui
2997 3578 3127 3633 nihil
3158 3588 3356 3638 temere
3376 3584 3560 3653 jurarc

1975 3655 2193 3723 potest?
2234 3655 2563 3715 Jurationem
2609 3664 2674 3717 ad
2720 3667 3179 3728 conﬁrmationem
3208 3677 3370 3731 voluit
3415 3695 3557 3736 esse.

1976 3745 2044 3801 Et
2070 3762 2165 3817 per
2186 3765 2343 3821 quem
2369 3753 2515 3823 jurat
2542 3755 2717 3812 Deus?
2742 3760 2843 3815 Per
2863 3766 3209 3836 semetipsum
3238 3787 3251 3821 ε
3283 3785 3386 3824 non
3415 3773 3558 3826 enim

1976 3836 2138 3896 habet
2165 3842 2420 3913 majorem
2449 3861 2543 3916 per
2566 3863 2726 3918 quem
2749 3850 2896 3920 juret
2936 3853 3133 3926 (Ilebr.
3176 3874 3249 3924 γι,
3295 3859 3416 3933 15).
3462 3861 3561 3916 Pct-

1974 3934 2321 4003 semetipsum
2351 3938 2635 3995 conﬁrmat
2662 3945 2919 4011 promissa
2942 3963 3057 4015 sua,
3085 3964 3179 4018 per
3204 3953 3554 4021 semetipsum

1974 4026 2256 4080 conlirmat
2279 4031 2451 4084 minas
2477 4045 2622 4086 suas.
2648 4032 2815 4089 Nemo
2839 4036 2981 4092 dicat
3015 4038 3067 4093 in
3099 4041 3259 4096 corde
3282 4057 3379 4097 suo
3405 4061 3416 4096 :
3451 4044 3557 4101 Ve-

1974 4132 2091 4173 rum
2130 4128 2215 4174 est
2243 4121 2381 4190 quod
2412 4123 2702 4194 promittit;
2752 4125 2945 4183 falsum
2991 4140 3073 4186 est
3115 4133 3257 4203 quod
3306 4137 3552 4193 minatur.

1972 4215 2121 4271 Sicut
2143 4233 2324 4274 verum
2353 4228 2437 4275 est
2464 4220 2607 4291 quod
2632 4224 2920 4294 promittit,
2965 4227 3044 4282 sic
3080 4238 3285 4286 certum
3313 4240 3396 4287 cst
3420 4233 3561 4299 quod

1975 4309 2227 4366 minatur.
2255 4309 2384 4366 Tam
2414 4323 2595 4371 certus
2621 4331 2741 4371 esse
2769 4317 2933 4373 debes
2961 4319 3030 4375 de
3059 4322 3264 4393 requie,
3296 4323 3364 4380 de
3393 4323 3559 4381 felici-

1974 4409 2103 4468 tate,
2135 4400 2203 4458 de
2227 4405 2545 4473 teternitate,
2574 4406 2641 4461 de
2672 4408 3092 4476 immortalitate,
3122 4413 3166 4467 si
3197 4415 3389 4471 ieceris
3416 4433 3556 4487 prte-

1975 4505 2126 4564 cepta
2158 4496 2342 4566 ipsius,
2376 4514 2533 4569 quam
2556 4497 2734 4554 certus
2763 4516 2883 4556 esse
2908 4502 3071 4559 debes
3112 4503 3178 4559 de
3215 4506 3466 4576 interitu,
3495 4509 3562 4566 de

1973 4587 2167 4644 ardore
2192 4589 2327 4658 ignis
2352 4590 2537 4644 teterni
2557 4632 2571 4653 ,
2598 4591 2668 4647 de
2696 4591 3037 4650 damnatione
3072 4610 3192 4651 cum
3232 4598 3446 4654 diabolo
3470 4642 3484 4665 ,
3516 4602 3563 4657 si

1978 4680 2367 4749 contempseris
2396 4691 2657 4752 praecepta
2701 4683 2835 4753 ejus.
2864 4684 3071 4740 iuravit
3097 4702 3225 4758 ergo
3265 4688 3367 4743 illis
3398 4691 3449 4743 in
3482 4690 3561 4744 ira

1974 4787 2089 4838 sua,
2135 4787 2202 4826 ne
2245 4772 2445 4827 intrent
2470 4773 2520 4827 iu
2554 4774 2793 4844 requiem
2823 4776 2990 4845 ipsius
3017 4793 3029 4830 :
3060 4788 3114 4832 et
3142 4787 3318 4833 tamen
3347 4788 3561 4847 Oportet

1974 4865 2179 4936 aliquos
2207 4866 2408 4923 intrare
2433 4866 2485 4921 in
2514 4868 2751 4939 requiem
2776 4869 2974 4939 ipsius;
3006 4886 3108 4923 non
3138 4872 3278 4925 enim
3308 4871 3438 4925 nulli
3463 4872 3561 4926 da—

1976 4958 2117 5014 bitur
2154 4960 2367 5029 requies
2399 4960 2585 5029 ipsius.
2614 4959 2723 5015 lllis
2752 4977 2879 5032 ergo
2908 4963 3235 5031 reprobatis,
3266 4980 3364 5019 nos
3396 4966 3560 5019 intra-

1975 5052 2151 5108 bimus
2178 5071 2191 5107 :
2220 5054 2339 5124 quia
2371 5055 2471 5110 etsi
2501 5055 2663 5126 aliqui
2695 5072 2761 5111 ex
2800 5058 2960 5111 ramis
3002 5056 3153 5110 fracti
3193 5066 3316 5112 sunt
3348 5069 3562 5128 propter

1976 5146 2463 5204 dissimilitudinem
2491 5158 2546 5204 et
2574 5149 2973 5215 inﬁdelitatem,
3016 5164 3115 5203 nos
3155 5161 3369 5220 propter
3399 5150 3558 5206 tidem

1976 5246 2032 5293 et
2058 5240 2404 5293 humilitatem
2424 5238 2887 5311 inseremur(liom
2936 5238 3269 5312 x1.l9et20)
3312 5241 3419 5296 Nos
3436 5258 3563 5314 ergo

1980 5334 2242 5389 intremus
2270 5335 2321 5388 in
2349 5335 2587 5405 requiem
2614 5336 2753 5404 ejus.
2782 5332 2935 5390 Unde
2976 5343 3154 5389 autem
3198 5337 3461 5392 intrarunt
3490 5337 3563 5394 illi

1978 5430 2067 5500 qui
2090 5429 2374 5490 intrarunt,
2409 5426 2484 5481 illi
2512 5428 2599 5497 qui
2626 5427 2782 5482 electi
2812 5437 2971 5491 sunt,
3009 5429 3101 5499 qui
3142 5445 3247 5483 non
3278 5431 3444 5484 corde
3464 5430 3563 5483 ob-

1977 5522 2169 5578 durato
2198 5521 2545 5578 restiterunt?
2569 5520 2703 5591 Quia
2729 5537 2915 5579 verum
2945 5523 3195 5595 estquod
3221 5540 3322 5578 non
3360 5522 3563 5594 repellet

1981 5619 2231 5675 Dominus
2252 5618 2445 5688 plebem
2470 5635 2636 5675 suam.

2892 5978 3391 6059 (Trcnte-ncaf.)
