  <div class='ocr_page' id='page_1' title='image "/cluster/home/n/w/nwhite01/storage/ocr_20150623/37/uva.x000827106/111.png"; bbox 0 0 4088 6444; ppageno 0'>
   <div class='ocr_carea' id='block_1_1' title="bbox 616 378 753 440">
    <p class='ocr_par' dir='ltr' id='par_1_1' title="bbox 616 378 753 440">
     <span class='ocr_line' id='line_1_1' title="bbox 616 378 753 440; baseline -0.022 0"><span class='ocrx_word' id='word_1_1' title='bbox 616 382 640 440; x_wconf 71' lang='grc'><strong>1</strong></span> <span class='ocrx_word' id='word_1_2' title='bbox 650 378 753 439; x_wconf 62' lang='lat'><strong>‘2‘27</strong></span> 
     </span>
    </p>
   </div>
   <div class='ocr_carea' id='block_1_2' title="bbox 674 519 837 531">
    <p class='ocr_par' dir='ltr' id='par_1_2' title="bbox 674 519 837 531">
     <span class='ocr_line' id='line_1_2' title="bbox 674 519 837 531; baseline -0.012 0"><span class='ocrx_word' id='word_1_3' title='bbox 674 519 837 531; x_wconf 63' lang='grc' dir='ltr'><strong>-α</strong></span> 
     </span>
    </p>
   </div>
   <div class='ocr_carea' id='block_1_3' title="bbox 1102 507 1416 522">
    <p class='ocr_par' dir='ltr' id='par_1_3' title="bbox 1102 507 1416 522">
     <span class='ocr_line' id='line_1_3' title="bbox 1102 507 1416 522; baseline -0.016 0"><span class='ocrx_word' id='word_1_4' title='bbox 1102 507 1416 522; x_wconf 77' lang='lat'><strong>..__..__———-</strong></span> 
     </span>
    </p>
   </div>
   <div class='ocr_carea' id='block_1_4' title="bbox 844 515 1101 527">
    <p class='ocr_par' dir='ltr' id='par_1_4' title="bbox 844 515 1101 527">
     <span class='ocr_line' id='line_1_4' title="bbox 844 515 1101 527; baseline -0.019 1"><span class='ocrx_word' id='word_1_5' title='bbox 844 515 1101 527; x_wconf 71' lang='lat'><strong>__._————-</strong></span> 
     </span>
    </p>
   </div>
   <div class='ocr_carea' id='block_1_5' title="bbox 1050 534 1851 606">
    <p class='ocr_par' dir='ltr' id='par_1_5' title="bbox 1050 534 1851 606">
     <span class='ocr_line' id='line_1_5' title="bbox 1050 534 1851 606; baseline -0.015 0"><span class='ocrx_word' id='word_1_6' title='bbox 1050 544 1130 606; x_wconf 84' lang='grc' dir='ltr'><strong>ΙΝ</strong></span> <span class='ocrx_word' id='word_1_7' title='bbox 1174 536 1550 603; x_wconf 81' lang='lat' dir='ltr'><strong>PSALMUM</strong></span> <span class='ocrx_word' id='word_1_8' title='bbox 1592 534 1757 597; x_wconf 77' lang='lat' dir='ltr'><strong>XCV</strong></span> <span class='ocrx_word' id='word_1_9' title='bbox 1837 563 1851 575; x_wconf 88' lang='lat'><strong>-</strong></span> 
     </span>
    </p>
   </div>
   <div class='ocr_carea' id='block_1_6' title="bbox 1179 636 1601 698">
    <p class='ocr_par' dir='ltr' id='par_1_6' title="bbox 1179 636 1601 698">
     <span class='ocr_line' id='line_1_6' title="bbox 1179 636 1601 698; baseline -0.017 0"><span class='ocrx_word' id='word_1_10' title='bbox 1179 636 1601 698; x_wconf 72' lang='lat' dir='ltr'><strong>ENAliliATiO.</strong></span> 
     </span>
    </p>
   </div>
   <div class='ocr_carea' id='block_1_7' title="bbox 1280 724 1576 805">
    <p class='ocr_par' dir='ltr' id='par_1_7' title="bbox 1280 724 1576 805">
     <span class='ocr_line' id='line_1_7' title="bbox 1280 724 1576 805; baseline -0.027 -14"><span class='ocrx_word' id='word_1_11' title='bbox 1280 746 1451 791; x_wconf 71' lang='lat' dir='ltr'><strong>saeuo</strong></span> <span class='ocrx_word' id='word_1_12' title='bbox 1482 724 1576 805; x_wconf 91' lang='lat' dir='ltr'><strong>(a).</strong></span> 
     </span>
    </p>
   </div>
   <div class='ocr_carea' id='block_1_8' title="bbox 622 818 2196 913">
    <p class='ocr_par' dir='ltr' id='par_1_8' title="bbox 622 818 2196 913">
     <span class='ocr_line' id='line_1_8' title="bbox 622 818 2196 913; baseline -0.011 -21"><span class='ocrx_word' id='word_1_13' title='bbox 622 910 626 913; x_wconf 17' lang='grc' dir='ltr'><strong>Δ</strong></span> <span class='ocrx_word' id='word_1_14' title='bbox 668 838 719 892; x_wconf 80' lang='grc'><strong>1.</strong></span> <span class='ocrx_word' id='word_1_15' title='bbox 743 835 891 910; x_wconf 65' lang='grc' dir='ltr'><strong>[πη.</strong></span> <span class='ocrx_word' id='word_1_16' title='bbox 914 829 1250 904; x_wconf 81' lang='lat' dir='ltr'><strong>l.|Domiuus</strong></span> <span class='ocrx_word' id='word_1_17' title='bbox 1265 830 1319 883; x_wconf 88' lang='lat' dir='ltr'><strong>et</strong></span> <span class='ocrx_word' id='word_1_18' title='bbox 1335 826 1496 881; x_wconf 79' lang='lat' dir='ltr'><strong>frater</strong></span> <span class='ocrx_word' id='word_1_19' title='bbox 1518 838 1667 878; x_wconf 88' lang='lat' dir='ltr'><strong>meus</strong></span> <span class='ocrx_word' id='word_1_20' title='bbox 1683 820 1987 893; x_wconf 81' lang='lat' dir='ltr'><strong>cherus(b)</strong></span> <span class='ocrx_word' id='word_1_21' title='bbox 2022 818 2196 875; x_wconf 88' lang='lat' dir='ltr'><strong>adhuc</strong></span> 
     </span>
    </p>
   </div>
   <div class='ocr_carea' id='block_1_9' title="bbox 616 911 2193 988">
    <p class='ocr_par' dir='ltr' id='par_1_9' title="bbox 616 911 2193 988">
     <span class='ocr_line' id='line_1_9' title="bbox 616 911 2193 988; baseline -0.013 -1"><span class='ocrx_word' id='word_1_22' title='bbox 616 911 790 986; x_wconf 84' lang='lat' dir='ltr'><strong>tiiil&#39;ert</strong></span> <span class='ocrx_word' id='word_1_23' title='bbox 804 925 1036 982; x_wconf 78' lang='lat' dir='ltr'><strong>laetitiam</strong></span> <span class='ocrx_word' id='word_1_24' title='bbox 1056 930 1292 978; x_wconf 84' lang='lat' dir='ltr'><strong>nostram</strong></span> <span class='ocrx_word' id='word_1_25' title='bbox 1309 920 1376 975; x_wconf 91' lang='lat' dir='ltr'><strong>de</strong></span> <span class='ocrx_word' id='word_1_26' title='bbox 1394 922 1640 974; x_wconf 84' lang='lat' dir='ltr'><strong>sermone</strong></span> <span class='ocrx_word' id='word_1_27' title='bbox 1658 922 1813 988; x_wconf 88' lang='lat' dir='ltr'><strong>quem</strong></span> <span class='ocrx_word' id='word_1_28' title='bbox 1830 914 1980 970; x_wconf 91' lang='lat' dir='ltr'><strong>nobis</strong></span> <span class='ocrx_word' id='word_1_29' title='bbox 1995 911 2151 968; x_wconf 85' lang='lat' dir='ltr'><strong>debet</strong></span> <span class='ocrx_word' id='word_1_30' title='bbox 2176 928 2193 968; x_wconf 93' lang='lat'><strong>:</strong></span> 
     </span>
    </p>
   </div>
   <div class='ocr_carea' id='block_1_10' title="bbox 616 1005 2196 1105">
    <p class='ocr_par' dir='ltr' id='par_1_10' title="bbox 616 1005 2196 1105">
     <span class='ocr_line' id='line_1_10' title="bbox 616 1005 2196 1105; baseline -0.014 -25"><span class='ocrx_word' id='word_1_31' title='bbox 616 1029 737 1080; x_wconf 76' lang='lat' dir='ltr'><strong>nam</strong></span> <span class='ocrx_word' id='word_1_32' title='bbox 786 1021 926 1105; x_wconf 82' lang='lat' dir='ltr'><strong>quod</strong></span> <span class='ocrx_word' id='word_1_33' title='bbox 968 1016 1179 1075; x_wconf 84' lang='lat' dir='ltr'><strong>debitor</strong></span> <span class='ocrx_word' id='word_1_34' title='bbox 1217 1022 1480 1080; x_wconf 87' lang='lat' dir='ltr'><strong>teneatur,</strong></span> <span class='ocrx_word' id='word_1_35' title='bbox 1527 1010 1783 1081; x_wconf 76' lang='lat' dir='ltr'><strong>agnoscit.</strong></span> <span class='ocrx_word' id='word_1_36' title='bbox 1826 1007 2023 1063; x_wconf 85' lang='lat' dir='ltr'><strong>Omnes</strong></span> <span class='ocrx_word' id='word_1_37' title='bbox 2053 1005 2196 1061; x_wconf 89' lang='lat' dir='ltr'><strong>enim</strong></span> 
     </span>
    </p>
   </div>
   <div class='ocr_carea' id='block_1_11' title="bbox 612 1092 2197 1184">
    <p class='ocr_par' dir='ltr' id='par_1_11' title="bbox 612 1092 2197 1184">
     <span class='ocr_line' id='line_1_11' title="bbox 612 1092 2197 1184; baseline -0.015 -10"><span class='ocrx_word' id='word_1_38' title='bbox 612 1092 881 1175; x_wconf 76' lang='lat' dir='ltr'><strong>Ecclesias</strong></span> <span class='ocrx_word' id='word_1_39' title='bbox 921 1124 1254 1184; x_wconf 88' lang='lat' dir='ltr'><strong>quacumque</strong></span> <span class='ocrx_word' id='word_1_40' title='bbox 1280 1106 1559 1161; x_wconf 81' lang='lat' dir='ltr'><strong>transitum</strong></span> <span class='ocrx_word' id='word_1_41' title='bbox 1586 1102 1729 1167; x_wconf 82' lang='lat' dir='ltr'><strong>fecit,</strong></span> <span class='ocrx_word' id='word_1_42' title='bbox 1782 1094 2068 1154; x_wconf 69' lang='lat' dir='ltr'><strong>laatiiicavit</strong></span> <span class='ocrx_word' id='word_1_43' title='bbox 2092 1092 2197 1151; x_wconf 91' lang='lat' dir='ltr'><strong>Do-</strong></span> 
     </span>
    </p>
   </div>
   <div class='ocr_carea' id='block_1_12' title="bbox 615 1185 2195 1281">
    <p class='ocr_par' dir='ltr' id='par_1_12' title="bbox 615 1185 2195 1281">
     <span class='ocr_line' id='line_1_12' title="bbox 615 1185 2195 1281; baseline -0.018 -13"><span class='ocrx_word' id='word_1_44' title='bbox 615 1212 790 1269; x_wconf 80' lang='lat' dir='ltr'><strong>minus</strong></span> <span class='ocrx_word' id='word_1_45' title='bbox 837 1223 933 1281; x_wconf 89' lang='lat' dir='ltr'><strong>per</strong></span> <span class='ocrx_word' id='word_1_46' title='bbox 973 1221 1034 1259; x_wconf 89' lang='lat' dir='ltr'><strong>os</strong></span> <span class='ocrx_word' id='word_1_47' title='bbox 1072 1202 1281 1273; x_wconf 86' lang='lat' dir='ltr'><strong>ipsius:</strong></span> <span class='ocrx_word' id='word_1_48' title='bbox 1311 1198 1476 1252; x_wconf 90' lang='lat' dir='ltr'><strong>multo</strong></span> <span class='ocrx_word' id='word_1_49' title='bbox 1513 1193 1679 1266; x_wconf 89' lang='lat' dir='ltr'><strong>magis</strong></span> <span class='ocrx_word' id='word_1_50' title='bbox 1722 1204 1851 1263; x_wconf 76' lang='lat' dir='ltr'><strong>ergo</strong></span> <span class='ocrx_word' id='word_1_51' title='bbox 1886 1192 1985 1244; x_wconf 91' lang='lat' dir='ltr'><strong>ista</strong></span> <span class='ocrx_word' id='word_1_52' title='bbox 2023 1185 2195 1243; x_wconf 66' lang='lat' dir='ltr'><strong>laetiti-</strong></span> 
     </span>
    </p>
   </div>
   <div class='ocr_carea' id='block_1_13' title="bbox 614 1279 2194 1365">
    <p class='ocr_par' dir='ltr' id='par_1_13' title="bbox 614 1279 2194 1365">
     <span class='ocr_line' id='line_1_13' title="bbox 614 1279 2194 1365; baseline -0.017 -8"><span class='ocrx_word' id='word_1_53' title='bbox 614 1299 783 1358; x_wconf 88' lang='lat' dir='ltr'><strong>canda</strong></span> <span class='ocrx_word' id='word_1_54' title='bbox 801 1279 903 1365; x_wconf 82' lang='lat' dir='ltr'><strong>est,</strong></span> <span class='ocrx_word' id='word_1_55' title='bbox 935 1295 1004 1352; x_wconf 90' lang='lat' dir='ltr'><strong>de</strong></span> <span class='ocrx_word' id='word_1_56' title='bbox 1035 1308 1137 1365; x_wconf 90' lang='lat' dir='ltr'><strong>qua</strong></span> <span class='ocrx_word' id='word_1_57' title='bbox 1180 1289 1388 1346; x_wconf 65' lang='lat' dir='ltr'><strong>caeteris</strong></span> <span class='ocrx_word' id='word_1_58' title='bbox 1418 1298 1539 1341; x_wconf 85' lang='lat' dir='ltr'><strong>eum</strong></span> <span class='ocrx_word' id='word_1_59' title='bbox 1570 1282 1823 1338; x_wconf 89' lang='lat' dir='ltr'><strong>Dominus</strong></span> <span class='ocrx_word' id='word_1_60' title='bbox 1861 1279 2194 1350; x_wconf 79' lang='lat' dir='ltr'><strong>propagavit.</strong></span> 
     </span>
    </p>
   </div>
   <div class='ocr_carea' id='block_1_14' title="bbox 615 1368 2192 1462">
    <p class='ocr_par' dir='ltr' id='par_1_14' title="bbox 615 1368 2192 1462">
     <span class='ocr_line' id='line_1_14' title="bbox 615 1368 2192 1462; baseline -0.018 -14"><span class='ocrx_word' id='word_1_61' title='bbox 615 1392 723 1448; x_wconf 88' lang='lat' dir='ltr'><strong>Sed</strong></span> <span class='ocrx_word' id='word_1_62' title='bbox 744 1388 868 1462; x_wconf 92' lang='lat' dir='ltr'><strong>quid</strong></span> <span class='ocrx_word' id='word_1_63' title='bbox 895 1385 1079 1443; x_wconf 82' lang='lat' dir='ltr'><strong>facturi</strong></span> <span class='ocrx_word' id='word_1_64' title='bbox 1101 1388 1306 1447; x_wconf 82' lang='lat' dir='ltr'><strong>sumus,</strong></span> <span class='ocrx_word' id='word_1_65' title='bbox 1323 1377 1423 1432; x_wconf 86' lang='lat' dir='ltr'><strong>nisi</strong></span> <span class='ocrx_word' id='word_1_66' title='bbox 1447 1385 1502 1431; x_wconf 93' lang='lat' dir='ltr'><strong>ut</strong></span> <span class='ocrx_word' id='word_1_67' title='bbox 1524 1374 1819 1429; x_wconf 87' lang='lat' dir='ltr'><strong>serviamus</strong></span> <span class='ocrx_word' id='word_1_68' title='bbox 1841 1369 2097 1425; x_wconf 81' lang='lat' dir='ltr'><strong>voluntati</strong></span> <span class='ocrx_word' id='word_1_69' title='bbox 2118 1368 2192 1438; x_wconf 91' lang='lat' dir='ltr'><strong>ip-</strong></span> 
     </span>
    </p>
   </div>
   <div class='ocr_carea' id='block_1_15' title="bbox 614 1456 2193 1538">
    <p class='ocr_par' dir='ltr' id='par_1_15' title="bbox 614 1456 2193 1538">
     <span class='ocr_line' id='line_1_15' title="bbox 614 1456 2193 1538; baseline -0.016 1"><span class='ocrx_word' id='word_1_70' title='bbox 614 1456 1002 1538; x_wconf 49' lang='lat' dir='ltr'><strong>siusiDiii‘erre</strong></span> <span class='ocrx_word' id='word_1_71' title='bbox 1034 1474 1181 1529; x_wconf 91' lang='lat' dir='ltr'><strong>illum</strong></span> <span class='ocrx_word' id='word_1_72' title='bbox 1211 1484 1383 1527; x_wconf 90' lang='lat' dir='ltr'><strong>tamen</strong></span> <span class='ocrx_word' id='word_1_73' title='bbox 1413 1465 1543 1533; x_wconf 84' lang='lat' dir='ltr'><strong>dixi,</strong></span> <span class='ocrx_word' id='word_1_74' title='bbox 1568 1460 1777 1526; x_wconf 78' lang='lat' dir='ltr'><strong>fratres,</strong></span> <span class='ocrx_word' id='word_1_75' title='bbox 1796 1476 1902 1516; x_wconf 91' lang='lat' dir='ltr'><strong>non</strong></span> <span class='ocrx_word' id='word_1_76' title='bbox 1926 1456 2193 1515; x_wconf 74' lang='lat' dir='ltr'><strong>fraudare.</strong></span> 
     </span>
    </p>
   </div>
   <div class='ocr_carea' id='block_1_16' title="bbox 615 1552 2196 1643">
    <p class='ocr_par' dir='ltr' id='par_1_16' title="bbox 615 1552 2196 1643">
     <span class='ocr_line' id='line_1_16' title="bbox 615 1552 2196 1643; baseline -0.016 -14"><span class='ocrx_word' id='word_1_77' title='bbox 615 1572 797 1643; x_wconf 84' lang='lat' dir='ltr'><strong>Itaque</strong></span> <span class='ocrx_word' id='word_1_78' title='bbox 842 1577 1018 1624; x_wconf 89' lang='lat' dir='ltr'><strong>tenete</strong></span> <span class='ocrx_word' id='word_1_79' title='bbox 1056 1562 1383 1625; x_wconf 85' lang='lat' dir='ltr'><strong>debitorem,</strong></span> <span class='ocrx_word' id='word_1_80' title='bbox 1431 1573 1529 1612; x_wconf 90' lang='lat' dir='ltr'><strong>nec</strong></span> <span class='ocrx_word' id='word_1_81' title='bbox 1578 1553 1886 1618; x_wconf 86' lang='lat' dir='ltr'><strong>dimittatis,</strong></span> <span class='ocrx_word' id='word_1_82' title='bbox 1933 1552 2030 1605; x_wconf 91' lang='lat' dir='ltr'><strong>nisi</strong></span> <span class='ocrx_word' id='word_1_83' title='bbox 2075 1564 2196 1605; x_wconf 90' lang='lat' dir='ltr'><strong>cum</strong></span> 
     </span>
    </p>
   </div>
   <div class='ocr_carea' id='block_1_17' title="bbox 613 1647 2197 1724">
    <p class='ocr_par' dir='ltr' id='par_1_17' title="bbox 613 1647 2197 1724">
     <span class='ocr_line' id='line_1_17' title="bbox 613 1647 2197 1724; baseline -0.017 -3"><span class='ocrx_word' id='word_1_84' title='bbox 613 1664 854 1721; x_wconf 84' lang='lat' dir='ltr'><strong>solverit.</strong></span> <span class='ocrx_word' id='word_1_85' title='bbox 908 1658 1171 1714; x_wconf 78' lang='lat' dir='ltr'><strong>Advertat</strong></span> <span class='ocrx_word' id='word_1_86' title='bbox 1202 1652 1380 1724; x_wconf 89' lang='lat' dir='ltr'><strong>itaque</strong></span> <span class='ocrx_word' id='word_1_87' title='bbox 1406 1647 1650 1706; x_wconf 78' lang='lat' dir='ltr'><strong>Charitas</strong></span> <span class='ocrx_word' id='word_1_88' title='bbox 1693 1650 1868 1701; x_wconf 83' lang='lat' dir='ltr'><strong>vestra</strong></span> <span class='ocrx_word' id='word_1_89' title='bbox 1899 1662 1913 1698; x_wconf 86' lang='lat'><strong>:</strong></span> <span class='ocrx_word' id='word_1_90' title='bbox 1942 1649 2197 1713; x_wconf 89' lang='lat' dir='ltr'><strong>quantum</strong></span> 
     </span>
    </p>
   </div>
   <div class='ocr_carea' id='block_1_18' title="bbox 613 1728 2198 1815">
    <p class='ocr_par' dir='ltr' id='par_1_18' title="bbox 613 1728 2198 1815">
     <span class='ocr_line' id='line_1_18' title="bbox 613 1728 2198 1815; baseline -0.017 -2"><span class='ocrx_word' id='word_1_91' title='bbox 613 1754 775 1813; x_wconf 86' lang='lat' dir='ltr'><strong>donat.</strong></span> <span class='ocrx_word' id='word_1_92' title='bbox 800 1740 1164 1815; x_wconf 89' lang='lat' dir='ltr'><strong>Dominus,de</strong></span> <span class='ocrx_word' id='word_1_93' title='bbox 1190 1747 1291 1800; x_wconf 89' lang='lat' dir='ltr'><strong>isto</strong></span> <span class='ocrx_word' id='word_1_94' title='bbox 1327 1741 1530 1815; x_wconf 88' lang='lat' dir='ltr'><strong>psalmo</strong></span> <span class='ocrx_word' id='word_1_95' title='bbox 1569 1739 1805 1794; x_wconf 89' lang='lat' dir='ltr'><strong>dicamus</strong></span> <span class='ocrx_word' id='word_1_96' title='bbox 1844 1728 2038 1806; x_wconf 88' lang='lat' dir='ltr'><strong>aliquid</strong></span> <span class='ocrx_word' id='word_1_97' title='bbox 2059 1732 2198 1804; x_wconf 89' lang='lat' dir='ltr'><strong>quod</strong></span> 
     </span>
    </p>
   </div>
   <div class='ocr_carea' id='block_1_19' title="bbox 614 1825 2199 1920">
    <p class='ocr_par' dir='ltr' id='par_1_19' title="bbox 614 1825 2199 1920">
     <span class='ocr_line' id='line_1_19' title="bbox 614 1825 2199 1920; baseline -0.016 -16"><span class='ocrx_word' id='word_1_98' title='bbox 614 1848 828 1920; x_wconf 85' lang='lat' dir='ltr'><strong>quidem</strong></span> <span class='ocrx_word' id='word_1_99' title='bbox 846 1845 955 1915; x_wconf 81' lang='lat' dir='ltr'><strong>jam</strong></span> <span class='ocrx_word' id='word_1_100' title='bbox 976 1838 1174 1905; x_wconf 86' lang='lat' dir='ltr'><strong>nostis;</strong></span> <span class='ocrx_word' id='word_1_101' title='bbox 1196 1834 1289 1892; x_wconf 89' lang='lat' dir='ltr'><strong>sed</strong></span> <span class='ocrx_word' id='word_1_102' title='bbox 1309 1833 1476 1890; x_wconf 81' lang='lat' dir='ltr'><strong>dulcis</strong></span> <span class='ocrx_word' id='word_1_103' title='bbox 1495 1839 1577 1888; x_wconf 91' lang='lat' dir='ltr'><strong>est</strong></span> <span class='ocrx_word' id='word_1_104' title='bbox 1601 1827 2038 1887; x_wconf 81' lang='lat' dir='ltr'><strong>commemoratio</strong></span> <span class='ocrx_word' id='word_1_105' title='bbox 2058 1825 2199 1880; x_wconf 87' lang='lat' dir='ltr'><strong>veri-</strong></span> 
     </span>
    </p>
   </div>
   <div class='ocr_carea' id='block_1_20' title="bbox 615 1921 2197 2006">
    <p class='ocr_par' dir='ltr' id='par_1_20' title="bbox 615 1921 2197 2006">
     <span class='ocr_line' id='line_1_20' title="bbox 615 1921 2197 2006; baseline -0.017 -7"><span class='ocrx_word' id='word_1_106' title='bbox 615 1945 759 1999; x_wconf 88' lang='lat' dir='ltr'><strong>tatis.</strong></span> <span class='ocrx_word' id='word_1_107' title='bbox 790 1939 953 1996; x_wconf 80' lang='lat' dir='ltr'><strong>Forte</strong></span> <span class='ocrx_word' id='word_1_108' title='bbox 993 1951 1115 1992; x_wconf 91' lang='lat' dir='ltr'><strong>cum</strong></span> <span class='ocrx_word' id='word_1_109' title='bbox 1157 1931 1592 2006; x_wconf 86' lang='lat' dir='ltr'><strong>pronuntiaretur</strong></span> <span class='ocrx_word' id='word_1_110' title='bbox 1645 1922 1827 1980; x_wconf 85' lang='lat' dir='ltr'><strong>titulus</strong></span> <span class='ocrx_word' id='word_1_111' title='bbox 1879 1921 2025 1992; x_wconf 88' lang='lat' dir='ltr'><strong>ejus,</strong></span> <span class='ocrx_word' id='word_1_112' title='bbox 2077 1935 2197 1975; x_wconf 90' lang='lat' dir='ltr'><strong>cum</strong></span> 
     </span>
    </p>
   </div>
   <div class='ocr_carea' id='block_1_21' title="bbox 614 2008 2196 2095">
    <p class='ocr_par' dir='ltr' id='par_1_21' title="bbox 614 2008 2196 2095">
     <span class='ocr_line' id='line_1_21' title="bbox 614 2008 2196 2095; baseline -0.016 -5"><span class='ocrx_word' id='word_1_113' title='bbox 614 2032 966 2090; x_wconf 84' lang='lat' dir='ltr'><strong>admiratione</strong></span> <span class='ocrx_word' id='word_1_114' title='bbox 1022 2025 1183 2095; x_wconf 89' lang='lat' dir='ltr'><strong>aliqui</strong></span> <span class='ocrx_word' id='word_1_115' title='bbox 1228 2022 1526 2077; x_wconf 89' lang='lat' dir='ltr'><strong>audierunt.</strong></span> <span class='ocrx_word' id='word_1_116' title='bbox 1568 2015 1879 2072; x_wconf 88' lang='lat' dir='ltr'><strong>luscribitur</strong></span> <span class='ocrx_word' id='word_1_117' title='bbox 1925 2010 2067 2068; x_wconf 88' lang='lat' dir='ltr'><strong>enim</strong></span> <span class='ocrx_word' id='word_1_118' title='bbox 2129 2008 2196 2066; x_wconf 87' lang='lat' dir='ltr'><strong>ti-</strong></span> 
     </span>
    </p>
   </div>
   <div class='ocr_carea' id='block_1_22' title="bbox 615 2106 2199 2184">
    <p class='ocr_par' dir='ltr' id='par_1_22' title="bbox 615 2106 2199 2184">
     <span class='ocr_line' id='line_1_22' title="bbox 615 2106 2199 2184; baseline -0.02 -1"><span class='ocrx_word' id='word_1_119' title='bbox 615 2127 770 2183; x_wconf 87' lang='lat' dir='ltr'><strong>tulus&#39;</strong></span> <span class='ocrx_word' id='word_1_120' title='bbox 805 2121 1001 2178; x_wconf 88' lang='lat' dir='ltr'><strong>Psalmi</strong></span> <span class='ocrx_word' id='word_1_121' title='bbox 1031 2137 1045 2174; x_wconf 89' lang='lat'><strong>:</strong></span> <span class='ocrx_word' id='word_1_122' title='bbox 1078 2116 1292 2184; x_wconf 82' lang='lat' dir='ltr'><strong>Quando</strong></span> <span class='ocrx_word' id='word_1_123' title='bbox 1344 2112 1523 2166; x_wconf 84' lang='lat' dir='ltr'><strong>domus</strong></span> <span class='ocrx_word' id='word_1_124' title='bbox 1561 2106 1907 2176; x_wconf 64' lang='lat' dir='ltr'><strong>aediﬁcabatur</strong></span> <span class='ocrx_word' id='word_1_125' title='bbox 1949 2110 2060 2174; x_wconf 85' lang='lat' dir='ltr'><strong>post</strong></span> <span class='ocrx_word' id='word_1_126' title='bbox 2108 2117 2199 2154; x_wconf 86' lang='lat' dir='ltr'><strong>ca-</strong></span> 
     </span>
    </p>
   </div>
   <div class='ocr_carea' id='block_1_23' title="bbox 615 2195 2201 2291">
    <p class='ocr_par' dir='ltr' id='par_1_23' title="bbox 615 2195 2201 2291">
     <span class='ocr_line' id='line_1_23' title="bbox 615 2195 2201 2291; baseline -0.016 -17"><span class='ocrx_word' id='word_1_127' title='bbox 615 2219 910 2291; x_wconf 83' lang='lat' dir='ltr'><strong>ptivitatem.</strong></span> <span class='ocrx_word' id='word_1_128' title='bbox 963 2206 1077 2267; x_wconf 81' lang='lat' dir='ltr'><strong>Hoc</strong></span> <span class='ocrx_word' id='word_1_129' title='bbox 1120 2207 1272 2263; x_wconf 88' lang='lat' dir='ltr'><strong>titulo</strong></span> <span class='ocrx_word' id='word_1_130' title='bbox 1311 2202 1595 2276; x_wconf 67' lang='lat' dir='ltr'><strong>praedicto,</strong></span> <span class='ocrx_word' id='word_1_131' title='bbox 1627 2198 1738 2269; x_wconf 85' lang='lat' dir='ltr'><strong>jam</strong></span> <span class='ocrx_word' id='word_1_132' title='bbox 1801 2197 1853 2251; x_wconf 93' lang='lat' dir='ltr'><strong>in</strong></span> <span class='ocrx_word' id='word_1_133' title='bbox 1892 2195 2006 2265; x_wconf 89' lang='lat' dir='ltr'><strong>ipso</strong></span> <span class='ocrx_word' id='word_1_134' title='bbox 2053 2199 2201 2248; x_wconf 84' lang='lat' dir='ltr'><strong>textu</strong></span> 
     </span>
    </p>
   </div>
   <div class='ocr_carea' id='block_1_24' title="bbox 615 2284 2203 2375">
    <p class='ocr_par' dir='ltr' id='par_1_24' title="bbox 615 2284 2203 2375">
     <span class='ocr_line' id='line_1_24' title="bbox 615 2284 2203 2375; baseline -0.019 -9"><span class='ocrx_word' id='word_1_135' title='bbox 615 2284 813 2367; x_wconf 52' lang='lat' dir='ltr'><strong>Dsaimi</strong></span> <span class='ocrx_word' id='word_1_136' title='bbox 836 2300 1227 2375; x_wconf 83' lang='lat' dir='ltr'><strong>exspectabatis</strong></span> <span class='ocrx_word' id='word_1_137' title='bbox 1256 2294 1483 2352; x_wconf 81' lang='lat' dir='ltr'><strong>fortasse</strong></span> <span class='ocrx_word' id='word_1_138' title='bbox 1516 2292 1603 2362; x_wconf 89' lang='lat' dir='ltr'><strong>qui</strong></span> <span class='ocrx_word' id='word_1_139' title='bbox 1625 2286 1825 2359; x_wconf 84' lang='lat' dir='ltr'><strong>lapides</strong></span> <span class='ocrx_word' id='word_1_140' title='bbox 1849 2284 2203 2357; x_wconf 61' lang='lat' dir='ltr'><strong>praecideren-</strong></span> 
     </span>
    </p>
   </div>
   <div class='ocr_carea' id='block_1_25' title="bbox 616 2375 2203 2466">
    <p class='ocr_par' dir='ltr' id='par_1_25' title="bbox 616 2375 2203 2466">
     <span class='ocr_line' id='line_1_25' title="bbox 616 2375 2203 2466; baseline -0.02 -6"><span class='ocrx_word' id='word_1_141' title='bbox 616 2415 702 2460; x_wconf 90' lang='lat' dir='ltr'><strong>tur</strong></span> <span class='ocrx_word' id='word_1_142' title='bbox 719 2402 785 2458; x_wconf 94' lang='lat' dir='ltr'><strong>de</strong></span> <span class='ocrx_word' id='word_1_143' title='bbox 803 2397 1093 2461; x_wconf 87' lang='lat' dir='ltr'><strong>montibus,</strong></span> <span class='ocrx_word' id='word_1_144' title='bbox 1115 2408 1233 2466; x_wconf 75' lang='lat' dir='ltr'><strong>qute</strong></span> <span class='ocrx_word' id='word_1_145' title='bbox 1254 2392 1424 2446; x_wconf 83' lang='lat' dir='ltr'><strong>moles</strong></span> <span class='ocrx_word' id='word_1_146' title='bbox 1441 2385 1856 2446; x_wconf 81' lang='lat' dir='ltr'><strong>attraherentur,</strong></span> <span class='ocrx_word' id='word_1_147' title='bbox 1878 2394 1993 2449; x_wconf 77' lang='lat' dir='ltr'><strong>qua:</strong></span> <span class='ocrx_word' id='word_1_148' title='bbox 2015 2375 2203 2431; x_wconf 80' lang='lat' dir='ltr'><strong>funda-</strong></span> 
     </span>
    </p>
   </div>
   <div class='ocr_carea' id='block_1_26' title="bbox 615 2476 2200 2561">
    <p class='ocr_par' dir='ltr' id='par_1_26' title="bbox 615 2476 2200 2561">
     <span class='ocr_line' id='line_1_26' title="bbox 615 2476 2200 2561; baseline -0.019 -11"><span class='ocrx_word' id='word_1_149' title='bbox 615 2501 794 2551; x_wconf 84' lang='lat' dir='ltr'><strong>menta</strong></span> <span class='ocrx_word' id='word_1_150' title='bbox 824 2492 1149 2561; x_wconf 70' lang='lat' dir='ltr'><strong>iacerentur,</strong></span> <span class='ocrx_word' id='word_1_151' title='bbox 1168 2497 1285 2554; x_wconf 63' lang='lat' dir='ltr'><strong>quae</strong></span> <span class='ocrx_word' id='word_1_152' title='bbox 1323 2477 1502 2534; x_wconf 79' lang='lat' dir='ltr'><strong>trabes</strong></span> <span class='ocrx_word' id='word_1_153' title='bbox 1523 2476 1945 2545; x_wconf 86' lang='lat' dir='ltr'><strong>imponerentur,</strong></span> <span class='ocrx_word' id='word_1_154' title='bbox 1966 2484 2082 2539; x_wconf 65' lang='lat' dir='ltr'><strong>quae</strong></span> <span class='ocrx_word' id='word_1_155' title='bbox 2108 2482 2200 2521; x_wconf 92' lang='lat' dir='ltr'><strong>co-</strong></span> 
     </span>
    </p>
   </div>
   <div class='ocr_carea' id='block_1_27' title="bbox 613 2556 2199 2652">
    <p class='ocr_par' dir='ltr' id='par_1_27' title="bbox 613 2556 2199 2652">
     <span class='ocr_line' id='line_1_27' title="bbox 613 2556 2199 2652; baseline -0.02 -9"><span class='ocrx_word' id='word_1_156' title='bbox 613 2556 1202 2652; x_wconf 38' lang='lat' dir='ltr'><strong>lumnae&#39;erigerentur.</strong></span> <span class='ocrx_word' id='word_1_157' title='bbox 1246 2568 1387 2629; x_wconf 82' lang='lat' dir='ltr'><strong>Nihil</strong></span> <span class='ocrx_word' id='word_1_158' title='bbox 1412 2570 1605 2625; x_wconf 89' lang='lat' dir='ltr'><strong>horum</strong></span> <span class='ocrx_word' id='word_1_159' title='bbox 1641 2570 1854 2619; x_wconf 88' lang='lat' dir='ltr'><strong>cantat:</strong></span> <span class='ocrx_word' id='word_1_160' title='bbox 1880 2570 1933 2616; x_wconf 93' lang='lat' dir='ltr'><strong>ct</strong></span> <span class='ocrx_word' id='word_1_161' title='bbox 1971 2559 2017 2614; x_wconf 90' lang='lat' dir='ltr'><strong>si</strong></span> <span class='ocrx_word' id='word_1_162' title='bbox 2054 2556 2199 2613; x_wconf 89' lang='lat' dir='ltr'><strong>aliud</strong></span> 
     </span>
    </p>
   </div>
   <div class='ocr_carea' id='block_1_28' title="bbox 614 2649 2203 2747">
    <p class='ocr_par' dir='ltr' id='par_1_28' title="bbox 614 2649 2203 2747">
     <span class='ocr_line' id='line_1_28' title="bbox 614 2649 2203 2747; baseline -0.018 -14"><span class='ocrx_word' id='word_1_163' title='bbox 614 2674 832 2747; x_wconf 86' lang='lat' dir='ltr'><strong>aliquid,</strong></span> <span class='ocrx_word' id='word_1_164' title='bbox 857 2649 961 2728; x_wconf 72' lang='lat' dir='ltr'><strong>non</strong></span> <span class='ocrx_word' id='word_1_165' title='bbox 983 2682 1110 2741; x_wconf 87' lang='lat' dir='ltr'><strong>ergo</strong></span> <span class='ocrx_word' id='word_1_166' title='bbox 1134 2670 1392 2724; x_wconf 87' lang='lat' dir='ltr'><strong>consonat</strong></span> <span class='ocrx_word' id='word_1_167' title='bbox 1415 2656 1655 2715; x_wconf 87' lang='lat' dir='ltr'><strong>Psaimus</strong></span> <span class='ocrx_word' id='word_1_168' title='bbox 1677 2655 1827 2710; x_wconf 89' lang='lat' dir='ltr'><strong>titulo</strong></span> <span class='ocrx_word' id='word_1_169' title='bbox 1848 2667 1964 2719; x_wconf 91' lang='lat' dir='ltr'><strong>suo,</strong></span> <span class='ocrx_word' id='word_1_170' title='bbox 1988 2659 2040 2706; x_wconf 88' lang='lat' dir='ltr'><strong>et</strong></span> <span class='ocrx_word' id='word_1_171' title='bbox 2058 2649 2203 2705; x_wconf 85' lang='lat' dir='ltr'><strong>aliud</strong></span> 
     </span>
    </p>
   </div>
   <div class='ocr_carea' id='block_1_29' title="bbox 614 2741 2199 2841">
    <p class='ocr_par' dir='ltr' id='par_1_29' title="bbox 614 2741 2199 2841">
     <span class='ocr_line' id='line_1_29' title="bbox 614 2741 2199 2841; baseline -0.019 -17"><span class='ocrx_word' id='word_1_172' title='bbox 614 2741 860 2841; x_wconf 75' lang='lat' dir='ltr'><strong>portatin</strong></span> <span class='ocrx_word' id='word_1_173' title='bbox 882 2764 1075 2828; x_wconf 78' lang='lat' dir='ltr'><strong>fronte,</strong></span> <span class='ocrx_word' id='word_1_174' title='bbox 1098 2756 1239 2813; x_wconf 85' lang='lat' dir='ltr'><strong>aliud</strong></span> <span class='ocrx_word' id='word_1_175' title='bbox 1259 2754 1308 2810; x_wconf 93' lang='lat' dir='ltr'><strong>in</strong></span> <span class='ocrx_word' id='word_1_176' title='bbox 1332 2752 1499 2807; x_wconf 89' lang='lat' dir='ltr'><strong>voce?</strong></span> <span class='ocrx_word' id='word_1_177' title='bbox 1522 2748 1633 2803; x_wconf 90' lang='lat' dir='ltr'><strong>imo</strong></span> <span class='ocrx_word' id='word_1_178' title='bbox 1661 2744 1793 2803; x_wconf 87' lang='lat' dir='ltr'><strong>nihil</strong></span> <span class='ocrx_word' id='word_1_179' title='bbox 1814 2741 2086 2811; x_wconf 89' lang='lat' dir='ltr'><strong>aliud,sed</strong></span> <span class='ocrx_word' id='word_1_180' title='bbox 2115 2741 2199 2795; x_wconf 86' lang='lat' dir='ltr'><strong>in-</strong></span> 
     </span>
    </p>
   </div>
   <div class='ocr_carea' id='block_1_30' title="bbox 616 2834 2207 2924">
    <p class='ocr_par' dir='ltr' id='par_1_30' title="bbox 616 2834 2207 2924">
     <span class='ocr_line' id='line_1_30' title="bbox 616 2834 2207 2924; baseline -0.018 -9"><span class='ocrx_word' id='word_1_181' title='bbox 616 2834 924 2915; x_wconf 67' lang='lat' dir='ltr'><strong>tellectores</strong></span> <span class='ocrx_word' id='word_1_182' title='bbox 954 2851 1162 2924; x_wconf 68' lang='lat' dir='ltr'><strong>quaerit.</strong></span> <span class='ocrx_word' id='word_1_183' title='bbox 1193 2845 1449 2916; x_wconf 88' lang='lat' dir='ltr'><strong>Loquitur</strong></span> <span class='ocrx_word' id='word_1_184' title='bbox 1476 2841 1618 2897; x_wconf 90' lang='lat' dir='ltr'><strong>enim</strong></span> <span class='ocrx_word' id='word_1_185' title='bbox 1641 2838 1707 2894; x_wconf 87' lang='lat' dir='ltr'><strong>de</strong></span> <span class='ocrx_word' id='word_1_186' title='bbox 1738 2835 2088 2892; x_wconf 73' lang='lat' dir='ltr'><strong>azditicationc</strong></span> <span class='ocrx_word' id='word_1_187' title='bbox 2112 2834 2207 2888; x_wconf 88' lang='lat' dir='ltr'><strong>do-</strong></span> 
     </span>
    </p>
   </div>
   <div class='ocr_carea' id='block_1_31' title="bbox 616 2926 2207 3012">
    <p class='ocr_par' dir='ltr' id='par_1_31' title="bbox 616 2926 2207 3012">
     <span class='ocr_line' id='line_1_31' title="bbox 616 2926 2207 3012; baseline -0.019 -4"><span class='ocrx_word' id='word_1_188' title='bbox 616 2967 758 3009; x_wconf 86' lang='lat' dir='ltr'><strong>mus.</strong></span> <span class='ocrx_word' id='word_1_189' title='bbox 774 2941 1186 3012; x_wconf 86' lang='lat' dir='ltr'><strong>Omneslapides</strong></span> <span class='ocrx_word' id='word_1_190' title='bbox 1203 2938 1369 3009; x_wconf 90' lang='lat' dir='ltr'><strong>ipsius</strong></span> <span class='ocrx_word' id='word_1_191' title='bbox 1384 2934 1573 2989; x_wconf 88' lang='lat' dir='ltr'><strong>domus</strong></span> <span class='ocrx_word' id='word_1_192' title='bbox 1589 2930 1881 3001; x_wconf 83' lang='lat' dir='ltr'><strong>itttelligant</strong></span> <span class='ocrx_word' id='word_1_193' title='bbox 1895 2928 1913 2960; x_wconf 73' lang='grc' dir='ltr'>ί</span> <span class='ocrx_word' id='word_1_194' title='bbox 1930 2926 2070 2997; x_wconf 90' lang='lat' dir='ltr'><strong>quod</strong></span> <span class='ocrx_word' id='word_1_195' title='bbox 2082 2940 2207 2981; x_wconf 86' lang='lat' dir='ltr'><strong>can-</strong></span> 
     </span>
    </p>
   </div>
   <div class='ocr_carea' id='block_1_32' title="bbox 618 3013 2207 3100">
    <p class='ocr_par' dir='ltr' id='par_1_32' title="bbox 618 3013 2207 3100">
     <span class='ocr_line' id='line_1_32' title="bbox 618 3013 2207 3100; baseline -0.018 -1"><span class='ocrx_word' id='word_1_196' title='bbox 618 3049 817 3100; x_wconf 90' lang='lat' dir='ltr'><strong>tarunt.</strong></span> <span class='ocrx_word' id='word_1_197' title='bbox 838 3021 1157 3095; x_wconf 58' lang='lat' dir='ltr'><strong>Editicatur</strong></span> <span class='ocrx_word' id='word_1_198' title='bbox 1187 3030 1325 3086; x_wconf 88' lang='lat' dir='ltr'><strong>enim</strong></span> <span class='ocrx_word' id='word_1_199' title='bbox 1356 3027 1546 3082; x_wconf 90' lang='lat' dir='ltr'><strong>domus</strong></span> <span class='ocrx_word' id='word_1_200' title='bbox 1571 3020 1703 3085; x_wconf 88' lang='lat' dir='ltr'><strong>Deo,</strong></span> <span class='ocrx_word' id='word_1_201' title='bbox 1723 3034 1828 3075; x_wconf 90' lang='lat' dir='ltr'><strong>non</strong></span> <span class='ocrx_word' id='word_1_202' title='bbox 1854 3019 1943 3074; x_wconf 89' lang='lat' dir='ltr'><strong>ilio</strong></span> <span class='ocrx_word' id='word_1_203' title='bbox 1970 3018 2088 3073; x_wconf 90' lang='lat' dir='ltr'><strong>loco</strong></span> <span class='ocrx_word' id='word_1_204' title='bbox 2119 3013 2207 3072; x_wconf 89' lang='lat' dir='ltr'><strong>ubi</strong></span> 
     </span>
    </p>
   </div>
   <div class='ocr_carea' id='block_1_33' title="bbox 620 3110 2203 3195">
    <p class='ocr_par' dir='ltr' id='par_1_33' title="bbox 620 3110 2203 3195">
     <span class='ocr_line' id='line_1_33' title="bbox 620 3110 2203 3195; baseline -0.02 0"><span class='ocrx_word' id='word_1_205' title='bbox 620 3132 904 3195; x_wconf 75' lang='lat' dir='ltr'><strong>tediiicavit</strong></span> <span class='ocrx_word' id='word_1_206' title='bbox 922 3129 1195 3187; x_wconf 87' lang='lat' dir='ltr'><strong>Salomon.</strong></span> <span class='ocrx_word' id='word_1_207' title='bbox 1211 3116 1512 3182; x_wconf 68' lang='lat' dir='ltr'><strong>Aﬂdiiicavit</strong></span> <span class='ocrx_word' id='word_1_208' title='bbox 1529 3118 1672 3173; x_wconf 86' lang='lat' dir='ltr'><strong>enim</strong></span> <span class='ocrx_word' id='word_1_209' title='bbox 1693 3114 1946 3184; x_wconf 89' lang='lat' dir='ltr'><strong>templum</strong></span> <span class='ocrx_word' id='word_1_210' title='bbox 1970 3111 2053 3186; x_wconf 92' lang='lat' dir='ltr'><strong>(lll</strong></span> <span class='ocrx_word' id='word_1_211' title='bbox 2078 3110 2203 3181; x_wconf 84' lang='lat' dir='ltr'><strong>Reg.</strong></span> 
     </span>
    </p>
   </div>
   <div class='ocr_carea' id='block_1_34' title="bbox 617 3201 2208 3299">
    <p class='ocr_par' dir='ltr' id='par_1_34' title="bbox 617 3201 2208 3299">
     <span class='ocr_line' id='line_1_34' title="bbox 617 3201 2208 3299; baseline -0.019 -14"><span class='ocrx_word' id='word_1_212' title='bbox 617 3244 698 3296; x_wconf 71' lang='grc' dir='ltr'><strong>γι,</strong></span> <span class='ocrx_word' id='word_1_213' title='bbox 730 3225 818 3299; x_wconf 88' lang='lat' dir='ltr'><strong>l):</strong></span> <span class='ocrx_word' id='word_1_214' title='bbox 845 3230 897 3280; x_wconf 89' lang='lat' dir='ltr'><strong>et</strong></span> <span class='ocrx_word' id='word_1_215' title='bbox 922 3221 989 3278; x_wconf 92' lang='lat' dir='ltr'><strong>de</strong></span> <span class='ocrx_word' id='word_1_216' title='bbox 1017 3221 1134 3288; x_wconf 91' lang='lat' dir='ltr'><strong>ipso</strong></span> <span class='ocrx_word' id='word_1_217' title='bbox 1182 3213 1380 3284; x_wconf 88' lang='lat' dir='ltr'><strong>templo</strong></span> <span class='ocrx_word' id='word_1_218' title='bbox 1410 3208 1633 3267; x_wconf 83' lang='lat' dir='ltr'><strong>audistis</strong></span> <span class='ocrx_word' id='word_1_219' title='bbox 1671 3204 1832 3262; x_wconf 88' lang='lat' dir='ltr'><strong>modo</strong></span> <span class='ocrx_word' id='word_1_220' title='bbox 1862 3219 1979 3274; x_wconf 79' lang='lat' dir='ltr'><strong>qua:</strong></span> <span class='ocrx_word' id='word_1_221' title='bbox 2016 3201 2208 3256; x_wconf 82' lang='lat' dir='ltr'><strong>dixerit</strong></span> 
     </span>
    </p>
   </div>
   <div class='ocr_carea' id='block_1_35' title="bbox 617 3292 2208 3376">
    <p class='ocr_par' dir='ltr' id='par_1_35' title="bbox 617 3292 2208 3376">
     <span class='ocr_line' id='line_1_35' title="bbox 617 3292 2208 3376; baseline -0.019 1"><span class='ocrx_word' id='word_1_222' title='bbox 617 3292 894 3376; x_wconf 80' lang='lat' dir='ltr'><strong>Dominus.</strong></span> <span class='ocrx_word' id='word_1_223' title='bbox 912 3314 1045 3369; x_wconf 90' lang='lat' dir='ltr'><strong>Cum</strong></span> <span class='ocrx_word' id='word_1_224' title='bbox 1069 3322 1200 3365; x_wconf 89' lang='lat' dir='ltr'><strong>saxa</strong></span> <span class='ocrx_word' id='word_1_225' title='bbox 1221 3303 1409 3375; x_wconf 88' lang='lat' dir='ltr'><strong>templi</strong></span> <span class='ocrx_word' id='word_1_226' title='bbox 1434 3312 1486 3357; x_wconf 91' lang='lat' dir='ltr'><strong>et</strong></span> <span class='ocrx_word' id='word_1_227' title='bbox 1515 3301 1683 3356; x_wconf 89' lang='lat' dir='ltr'><strong>moles</strong></span> <span class='ocrx_word' id='word_1_228' title='bbox 1708 3299 1952 3369; x_wconf 80' lang='lat' dir='ltr'><strong>ingentes</strong></span> <span class='ocrx_word' id='word_1_229' title='bbox 1977 3292 2208 3349; x_wconf 89' lang='lat' dir='ltr'><strong>admira-</strong></span> 
     </span>
    </p>
   </div>
   <div class='ocr_carea' id='block_1_36' title="bbox 618 3387 2207 3474">
    <p class='ocr_par' dir='ltr' id='par_1_36' title="bbox 618 3387 2207 3474">
     <span class='ocr_line' id='line_1_36' title="bbox 618 3387 2207 3474; baseline -0.019 -6"><span class='ocrx_word' id='word_1_230' title='bbox 618 3418 806 3468; x_wconf 84' lang='lat' dir='ltr'><strong>rentur</strong></span> <span class='ocrx_word' id='word_1_231' title='bbox 835 3402 1101 3474; x_wconf 88' lang='lat' dir='ltr'><strong>discipuli,</strong></span> <span class='ocrx_word' id='word_1_232' title='bbox 1135 3397 1507 3455; x_wconf 87' lang='lat' dir='ltr'><strong>indicaverunt</strong></span> <span class='ocrx_word' id='word_1_233' title='bbox 1533 3392 1772 3452; x_wconf 81' lang='lat' dir='ltr'><strong>Domino.</strong></span> <span class='ocrx_word' id='word_1_234' title='bbox 1803 3387 2207 3443; x_wconf 86' lang='lat' dir='ltr'><strong>admirationem</strong></span> 
     </span>
    </p>
   </div>
   <div class='ocr_carea' id='block_1_37' title="bbox 626 3479 2204 3570">
    <p class='ocr_par' dir='ltr' id='par_1_37' title="bbox 626 3479 2204 3570">
     <span class='ocr_line' id='line_1_37' title="bbox 626 3479 2204 3570; baseline -0.019 -11"><span class='ocrx_word' id='word_1_235' title='bbox 626 3510 680 3559; x_wconf 80' lang='lat' dir='ltr'><strong>et</strong></span> <span class='ocrx_word' id='word_1_236' title='bbox 706 3508 983 3570; x_wconf 86' lang='lat' dir='ltr'><strong>stuporem</strong></span> <span class='ocrx_word' id='word_1_237' title='bbox 1009 3508 1200 3557; x_wconf 88' lang='lat' dir='ltr'><strong>suum;</strong></span> <span class='ocrx_word' id='word_1_238' title='bbox 1224 3497 1277 3545; x_wconf 90' lang='lat' dir='ltr'><strong>et</strong></span> <span class='ocrx_word' id='word_1_239' title='bbox 1295 3484 1549 3543; x_wconf 83' lang='lat' dir='ltr'><strong>Dominus</strong></span> <span class='ocrx_word' id='word_1_240' title='bbox 1571 3483 1673 3538; x_wconf 87' lang='lat' dir='ltr'><strong>illis</strong></span> <span class='ocrx_word' id='word_1_241' title='bbox 1697 3498 1710 3537; x_wconf 89' lang='lat'><strong>:</strong></span> <span class='ocrx_word' id='word_1_242' title='bbox 1735 3482 1889 3535; x_wconf 79' lang='lat' dir='ltr'><strong>Amen</strong></span> <span class='ocrx_word' id='word_1_243' title='bbox 1906 3480 2017 3533; x_wconf 83' lang='lat' dir='ltr'><strong>dico</strong></span> <span class='ocrx_word' id='word_1_244' title='bbox 2049 3479 2204 3545; x_wconf 72' lang='lat' dir='ltr'><strong>vobis,</strong></span> 
     </span>
    </p>
   </div>
   <div class='ocr_carea' id='block_1_38' title="bbox 620 3566 2207 3660">
    <p class='ocr_par' dir='ltr' id='par_1_38' title="bbox 620 3566 2207 3660">
     <span class='ocr_line' id='line_1_38' title="bbox 620 3566 2207 3660; baseline -0.019 -9"><span class='ocrx_word' id='word_1_245' title='bbox 620 3604 723 3650; x_wconf 86' lang='lat' dir='ltr'><strong>non</strong></span> <span class='ocrx_word' id='word_1_246' title='bbox 758 3566 1071 3660; x_wconf 71' lang='lat' dir='ltr'><strong>relinquetur</strong></span> <span class='ocrx_word' id='word_1_247' title='bbox 1120 3583 1199 3637; x_wconf 81' lang='lat' dir='ltr'><strong>hic</strong></span> <span class='ocrx_word' id='word_1_248' title='bbox 1244 3579 1373 3650; x_wconf 79' lang='lat' dir='ltr'><strong>lapis</strong></span> <span class='ocrx_word' id='word_1_249' title='bbox 1411 3590 1561 3648; x_wconf 84' lang='lat' dir='ltr'><strong>super</strong></span> <span class='ocrx_word' id='word_1_250' title='bbox 1581 3570 1817 3646; x_wconf 78' lang='lat' dir='ltr'><strong>lapidem,</strong></span> <span class='ocrx_word' id='word_1_251' title='bbox 1842 3572 1927 3641; x_wconf 59' lang='lat' dir='ltr'><strong>qui</strong></span> <span class='ocrx_word' id='word_1_252' title='bbox 1974 3586 2072 3625; x_wconf 87' lang='lat' dir='ltr'><strong>non</strong></span> <span class='ocrx_word' id='word_1_253' title='bbox 2116 3566 2207 3624; x_wconf 85' lang='lat' dir='ltr'><strong>de-</strong></span> 
     </span>
    </p>
   </div>
   <div class='ocr_carea' id='block_1_39' title="bbox 620 3659 2205 3755">
    <p class='ocr_par' dir='ltr' id='par_1_39' title="bbox 620 3659 2205 3755">
     <span class='ocr_line' id='line_1_39' title="bbox 620 3659 2205 3755; baseline -0.017 -15"><span class='ocrx_word' id='word_1_254' title='bbox 620 3692 841 3741; x_wconf 77' lang='lat' dir='ltr'><strong>struetur</strong></span> <span class='ocrx_word' id='word_1_255' title='bbox 869 3676 1077 3755; x_wconf 79' lang='lat' dir='ltr'><strong>(Matth.</strong></span> <span class='ocrx_word' id='word_1_256' title='bbox 1101 3686 1249 3740; x_wconf 76' lang='lat' dir='ltr'><strong>mv,</strong></span> <span class='ocrx_word' id='word_1_257' title='bbox 1280 3670 1331 3737; x_wconf 82' lang='lat' dir='ltr'><strong>l,</strong></span> <span class='ocrx_word' id='word_1_258' title='bbox 1352 3666 1433 3741; x_wconf 75' lang='lat'><strong>2).</strong></span> <span class='ocrx_word' id='word_1_259' title='bbox 1461 3666 1574 3723; x_wconf 84' lang='lat' dir='ltr'><strong>Non</strong></span> <span class='ocrx_word' id='word_1_260' title='bbox 1607 3666 1727 3721; x_wconf 89' lang='lat' dir='ltr'><strong>talis</strong></span> <span class='ocrx_word' id='word_1_261' title='bbox 1772 3661 2078 3755; x_wconf 61' lang='lat' dir='ltr'><strong>aediﬁcatur</strong></span> <span class='ocrx_word' id='word_1_262' title='bbox 2106 3659 2205 3715; x_wconf 85' lang='lat' dir='ltr'><strong>do-</strong></span> 
     </span>
    </p>
   </div>
   <div class='ocr_carea' id='block_1_40' title="bbox 620 3748 2203 3834">
    <p class='ocr_par' dir='ltr' id='par_1_40' title="bbox 620 3748 2203 3834">
     <span class='ocr_line' id='line_1_40' title="bbox 620 3748 2203 3834; baseline -0.02 0"><span class='ocrx_word' id='word_1_263' title='bbox 620 3748 911 3834; x_wconf 82' lang='lat' dir='ltr'><strong>mus.Nam</strong></span> <span class='ocrx_word' id='word_1_264' title='bbox 940 3766 1116 3825; x_wconf 84' lang='lat' dir='ltr'><strong>videte</strong></span> <span class='ocrx_word' id='word_1_265' title='bbox 1150 3762 1240 3821; x_wconf 89' lang='lat' dir='ltr'><strong>ubi</strong></span> <span class='ocrx_word' id='word_1_266' title='bbox 1281 3762 1590 3825; x_wconf 75' lang='lat' dir='ltr'><strong>aedificatur,</strong></span> <span class='ocrx_word' id='word_1_267' title='bbox 1618 3757 1740 3828; x_wconf 87' lang='lat' dir='ltr'><strong>quia</strong></span> <span class='ocrx_word' id='word_1_268' title='bbox 1774 3770 1877 3809; x_wconf 89' lang='lat' dir='ltr'><strong>non</strong></span> <span class='ocrx_word' id='word_1_269' title='bbox 1931 3764 2040 3807; x_wconf 89' lang='lat' dir='ltr'><strong>uno</strong></span> <span class='ocrx_word' id='word_1_270' title='bbox 2065 3748 2203 3819; x_wconf 92' lang='lat' dir='ltr'><strong>loco,</strong></span> 
     </span>
    </p>
   </div>
   <div class='ocr_carea' id='block_1_41' title="bbox 620 3852 1628 3941">
    <p class='ocr_par' dir='ltr' id='par_1_41' title="bbox 620 3852 1628 3941">
     <span class='ocr_line' id='line_1_41' title="bbox 620 3852 1628 3941; baseline -0.022 -15"><span class='ocrx_word' id='word_1_271' title='bbox 620 3871 796 3941; x_wconf 86' lang='lat' dir='ltr'><strong>aliqua</strong></span> <span class='ocrx_word' id='word_1_272' title='bbox 828 3867 882 3922; x_wconf 92' lang='lat' dir='ltr'><strong>in</strong></span> <span class='ocrx_word' id='word_1_273' title='bbox 910 3872 1083 3937; x_wconf 89' lang='lat' dir='ltr'><strong>parte.</strong></span> <span class='ocrx_word' id='word_1_274' title='bbox 1112 3859 1203 3916; x_wconf 87' lang='lat' dir='ltr'><strong>Sic</strong></span> <span class='ocrx_word' id='word_1_275' title='bbox 1230 3856 1372 3914; x_wconf 91' lang='lat' dir='ltr'><strong>enim</strong></span> <span class='ocrx_word' id='word_1_276' title='bbox 1400 3852 1582 3923; x_wconf 90' lang='lat' dir='ltr'><strong>incipit</strong></span> <span class='ocrx_word' id='word_1_277' title='bbox 1616 3869 1628 3905; x_wconf 92' lang='lat'><strong>:</strong></span> 
     </span>
    </p>
   </div>
   <div class='ocr_carea' id='block_1_42' title="bbox 691 3935 2210 4016">
    <p class='ocr_par' dir='ltr' id='par_1_42' title="bbox 691 3935 2210 4016">
     <span class='ocr_line' id='line_1_42' title="bbox 691 3935 2210 4016; baseline -0.019 0"><span class='ocrx_word' id='word_1_278' title='bbox 691 3935 746 4016; x_wconf 50' lang='lat'><strong>2-.</strong></span> <span class='ocrx_word' id='word_1_279' title='bbox 774 3935 987 4016; x_wconf 74' lang='lat' dir='ltr'><strong>Caritate</strong></span> <span class='ocrx_word' id='word_1_280' title='bbox 1008 3951 1225 4008; x_wconf 82' lang='lat' dir='ltr'><strong>Domino</strong></span> <span class='ocrx_word' id='word_1_281' title='bbox 1245 3948 1495 4004; x_wconf 78' lang='lat' dir='ltr'><strong>canticum</strong></span> <span class='ocrx_word' id='word_1_282' title='bbox 1532 3956 1734 4008; x_wconf 77' lang='lat' dir='ltr'><strong>novum,</strong></span> <span class='ocrx_word' id='word_1_283' title='bbox 1760 3942 1958 3993; x_wconf 84' lang='lat' dir='ltr'><strong>cantate</strong></span> <span class='ocrx_word' id='word_1_284' title='bbox 1991 3935 2210 3990; x_wconf 85' lang='lat' dir='ltr'><strong>Domino</strong></span> 
     </span>
    </p>
   </div>
   <div class='ocr_carea' id='block_1_43' title="bbox 622 4029 2206 4110">
    <p class='ocr_par' dir='ltr' id='par_1_43' title="bbox 622 4029 2206 4110">
     <span class='ocr_line' id='line_1_43' title="bbox 622 4029 2206 4110; baseline -0.02 0"><span class='ocrx_word' id='word_1_285' title='bbox 622 4053 785 4110; x_wconf 82' lang='lat' dir='ltr'><strong>omnis</strong></span> <span class='ocrx_word' id='word_1_286' title='bbox 813 4061 963 4105; x_wconf 89' lang='lat' dir='ltr'><strong>terra.</strong></span> <span class='ocrx_word' id='word_1_287' title='bbox 995 4044 1051 4101; x_wconf 82' lang='lat' dir='ltr'><strong>Si</strong></span> <span class='ocrx_word' id='word_1_288' title='bbox 1078 4042 1341 4100; x_wconf 84' lang='lat' dir='ltr'><strong>canticum</strong></span> <span class='ocrx_word' id='word_1_289' title='bbox 1394 4050 1588 4092; x_wconf 88' lang='lat' dir='ltr'><strong>novum</strong></span> <span class='ocrx_word' id='word_1_290' title='bbox 1618 4040 1803 4089; x_wconf 85' lang='lat' dir='ltr'><strong>cantat</strong></span> <span class='ocrx_word' id='word_1_291' title='bbox 1832 4029 2008 4085; x_wconf 91' lang='lat' dir='ltr'><strong>omnis</strong></span> <span class='ocrx_word' id='word_1_292' title='bbox 2035 4036 2206 4092; x_wconf 81' lang='lat' dir='ltr'><strong>terra;</strong></span> 
     </span>
    </p>
   </div>
   <div class='ocr_carea' id='block_1_44' title="bbox 622 4119 2210 4206">
    <p class='ocr_par' dir='ltr' id='par_1_44' title="bbox 622 4119 2210 4206">
     <span class='ocr_line' id='line_1_44' title="bbox 622 4119 2210 4206; baseline -0.02 -3"><span class='ocrx_word' id='word_1_293' title='bbox 622 4146 701 4202; x_wconf 85' lang='lat' dir='ltr'><strong>sic</strong></span> <span class='ocrx_word' id='word_1_294' title='bbox 732 4140 1046 4206; x_wconf 61' lang='lat' dir='ltr'><strong>aadilicatur,</strong></span> <span class='ocrx_word' id='word_1_295' title='bbox 1078 4148 1199 4193; x_wconf 92' lang='lat' dir='ltr'><strong>cum</strong></span> <span class='ocrx_word' id='word_1_296' title='bbox 1224 4140 1400 4190; x_wconf 87' lang='lat' dir='ltr'><strong>cantat</strong></span> <span class='ocrx_word' id='word_1_297' title='bbox 1432 4148 1445 4184; x_wconf 87' lang='lat'><strong>:</strong></span> <span class='ocrx_word' id='word_1_298' title='bbox 1479 4130 1648 4199; x_wconf 89' lang='lat' dir='ltr'><strong>ipsum</strong></span> <span class='ocrx_word' id='word_1_299' title='bbox 1677 4130 1917 4188; x_wconf 88' lang='lat' dir='ltr'><strong>cantare,</strong></span> <span class='ocrx_word' id='word_1_300' title='bbox 1946 4119 2210 4176; x_wconf 78' lang='lat' dir='ltr'><strong>aediﬁcare</strong></span> 
     </span>
    </p>
   </div>
   <div class='ocr_carea' id='block_1_45' title="bbox 622 4212 2211 4305">
    <p class='ocr_par' dir='ltr' id='par_1_45' title="bbox 622 4212 2211 4305">
     <span class='ocr_line' id='line_1_45' title="bbox 622 4212 2211 4305; baseline -0.018 -11"><span class='ocrx_word' id='word_1_301' title='bbox 622 4246 736 4305; x_wconf 83' lang='lat' dir='ltr'><strong>est;</strong></span> <span class='ocrx_word' id='word_1_302' title='bbox 762 4234 856 4291; x_wconf 89' lang='lat' dir='ltr'><strong>sed</strong></span> <span class='ocrx_word' id='word_1_303' title='bbox 886 4233 930 4287; x_wconf 88' lang='lat' dir='ltr'><strong>si</strong></span> <span class='ocrx_word' id='word_1_304' title='bbox 971 4245 1076 4285; x_wconf 90' lang='lat' dir='ltr'><strong>non</strong></span> <span class='ocrx_word' id='word_1_305' title='bbox 1103 4235 1257 4284; x_wconf 86' lang='lat' dir='ltr'><strong>vetus</strong></span> <span class='ocrx_word' id='word_1_306' title='bbox 1301 4231 1497 4279; x_wconf 85' lang='lat' dir='ltr'><strong>cantet.</strong></span> <span class='ocrx_word' id='word_1_307' title='bbox 1521 4219 1686 4276; x_wconf 85' lang='lat' dir='ltr'><strong>Vetus</strong></span> <span class='ocrx_word' id='word_1_308' title='bbox 1733 4222 1911 4271; x_wconf 80' lang='lat' dir='ltr'><strong>cantat</strong></span> <span class='ocrx_word' id='word_1_309' title='bbox 1950 4212 2211 4282; x_wconf 89' lang='lat' dir='ltr'><strong>cupiditas</strong></span> 
     </span>
    </p>
   </div>
   <div class='ocr_carea' id='block_1_46' title="bbox 620 4303 2207 4387">
    <p class='ocr_par' dir='ltr' id='par_1_46' title="bbox 620 4303 2207 4387">
     <span class='ocr_line' id='line_1_46' title="bbox 620 4303 2207 4387; baseline -0.02 -1"><span class='ocrx_word' id='word_1_310' title='bbox 620 4303 800 4387; x_wconf 87' lang='lat' dir='ltr'><strong>carnis</strong></span> <span class='ocrx_word' id='word_1_311' title='bbox 832 4343 844 4379; x_wconf 91' lang='lat'>:</span> <span class='ocrx_word' id='word_1_312' title='bbox 875 4335 1074 4378; x_wconf 87' lang='lat' dir='ltr'><strong>novum</strong></span> <span class='ocrx_word' id='word_1_313' title='bbox 1097 4322 1275 4374; x_wconf 91' lang='lat' dir='ltr'><strong>cantat</strong></span> <span class='ocrx_word' id='word_1_314' title='bbox 1315 4314 1547 4369; x_wconf 83' lang='lat' dir='ltr'><strong>citaritas</strong></span> <span class='ocrx_word' id='word_1_315' title='bbox 1578 4309 1688 4363; x_wconf 85' lang='lat' dir='ltr'><strong>Dei.</strong></span> <span class='ocrx_word' id='word_1_316' title='bbox 1713 4303 1979 4375; x_wconf 83' lang='lat' dir='ltr'><strong>Quidquid</strong></span> <span class='ocrx_word' id='word_1_317' title='bbox 2022 4310 2207 4357; x_wconf 85' lang='lat' dir='ltr'><strong>canta-</strong></span> 
     </span>
    </p>
   </div>
   <div class='ocr_carea' id='block_1_47' title="bbox 621 4395 2212 4484">
    <p class='ocr_par' dir='ltr' id='par_1_47' title="bbox 621 4395 2212 4484">
     <span class='ocr_line' id='line_1_47' title="bbox 621 4395 2212 4484; baseline -0.019 -7"><span class='ocrx_word' id='word_1_318' title='bbox 621 4420 765 4477; x_wconf 84' lang='lat' dir='ltr'><strong>veris</strong></span> <span class='ocrx_word' id='word_1_319' title='bbox 794 4412 862 4472; x_wconf 91' lang='lat' dir='ltr'><strong>de</strong></span> <span class='ocrx_word' id='word_1_320' title='bbox 887 4410 1198 4484; x_wconf 89' lang='lat' dir='ltr'><strong>cupiditate,</strong></span> <span class='ocrx_word' id='word_1_321' title='bbox 1240 4414 1392 4461; x_wconf 86' lang='lat' dir='ltr'><strong>vetus</strong></span> <span class='ocrx_word' id='word_1_322' title='bbox 1420 4412 1631 4465; x_wconf 87' lang='lat' dir='ltr'><strong>cantas;</strong></span> <span class='ocrx_word' id='word_1_323' title='bbox 1662 4399 1796 4453; x_wconf 77' lang='lat' dir='ltr'><strong>etsi&#39;</strong></span> <span class='ocrx_word' id='word_1_324' title='bbox 1821 4400 2014 4451; x_wconf 85' lang='lat' dir='ltr'><strong>sonant</strong></span> <span class='ocrx_word' id='word_1_325' title='bbox 2038 4395 2092 4449; x_wconf 89' lang='lat' dir='ltr'><strong>in</strong></span> <span class='ocrx_word' id='word_1_326' title='bbox 2117 4407 2212 4448; x_wconf 86' lang='lat' dir='ltr'><strong>ore</strong></span> 
     </span>
    </p>
   </div>
   <div class='ocr_carea' id='block_1_48' title="bbox 624 4488 2210 4567">
    <p class='ocr_par' dir='ltr' id='par_1_48' title="bbox 624 4488 2210 4567">
     <span class='ocr_line' id='line_1_48' title="bbox 624 4488 2210 4567; baseline -0.02 0"><span class='ocrx_word' id='word_1_327' title='bbox 624 4510 789 4567; x_wconf 85' lang='lat' dir='ltr'><strong>verba</strong></span> <span class='ocrx_word' id='word_1_328' title='bbox 832 4504 1025 4562; x_wconf 88' lang='lat' dir='ltr'><strong>cantici</strong></span> <span class='ocrx_word' id='word_1_329' title='bbox 1054 4499 1198 4567; x_wconf 83' lang='lat' dir='ltr'><strong>novi,</strong></span> <span class='ocrx_word' id='word_1_330' title='bbox 1230 4510 1337 4552; x_wconf 88' lang='lat' dir='ltr'><strong>non</strong></span> <span class='ocrx_word' id='word_1_331' title='bbox 1365 4502 1447 4551; x_wconf 87' lang='lat' dir='ltr'><strong>est</strong></span> <span class='ocrx_word' id='word_1_332' title='bbox 1468 4493 1707 4563; x_wconf 81' lang='lat' dir='ltr'><strong>speciosa</strong></span> <span class='ocrx_word' id='word_1_333' title='bbox 1738 4490 1852 4543; x_wconf 84' lang='lat' dir='ltr'><strong>laus</strong></span> <span class='ocrx_word' id='word_1_334' title='bbox 1883 4488 1934 4542; x_wconf 89' lang='lat' dir='ltr'><strong>in</strong></span> <span class='ocrx_word' id='word_1_335' title='bbox 1959 4500 2054 4542; x_wconf 81' lang='lat' dir='ltr'><strong>ore</strong></span> <span class='ocrx_word' id='word_1_336' title='bbox 2083 4499 2210 4556; x_wconf 84' lang='lat' dir='ltr'><strong>pee-</strong></span> 
     </span>
    </p>
   </div>
   <div class='ocr_carea' id='block_1_49' title="bbox 621 4590 2209 4670">
    <p class='ocr_par' dir='ltr' id='par_1_49' title="bbox 621 4590 2209 4670">
     <span class='ocr_line' id='line_1_49' title="bbox 621 4590 2209 4670; baseline -0.019 -7"><span class='ocrx_word' id='word_1_337' title='bbox 621 4604 822 4662; x_wconf 78' lang='lat' dir='ltr'><strong>catoris</strong></span> <span class='ocrx_word' id='word_1_338' title='bbox 849 4597 1035 4670; x_wconf 85' lang='lat' dir='ltr'><strong>(Eccli.</strong></span> <span class='ocrx_word' id='word_1_339' title='bbox 1049 4610 1140 4662; x_wconf 88' lang='lat' dir='ltr'><strong>xv,</strong></span> <span class='ocrx_word' id='word_1_340' title='bbox 1159 4592 1239 4665; x_wconf 92' lang='lat'><strong>9).</strong></span> <span class='ocrx_word' id='word_1_341' title='bbox 1258 4590 1443 4647; x_wconf 80' lang='lat' dir='ltr'><strong>Melius</strong></span> <span class='ocrx_word' id='word_1_342' title='bbox 1472 4596 1552 4643; x_wconf 85' lang='lat' dir='ltr'><strong>est</strong></span> <span class='ocrx_word' id='word_1_343' title='bbox 1572 4595 1627 4641; x_wconf 92' lang='lat' dir='ltr'><strong>ut</strong></span> <span class='ocrx_word' id='word_1_344' title='bbox 1642 4597 1806 4639; x_wconf 85' lang='lat' dir='ltr'><strong>novus</strong></span> <span class='ocrx_word' id='word_1_345' title='bbox 1831 4590 2030 4645; x_wconf 80' lang='lat' dir='ltr'><strong>taceas,</strong></span> <span class='ocrx_word' id='word_1_346' title='bbox 2052 4594 2209 4653; x_wconf 85' lang='lat' dir='ltr'><strong>quam</strong></span> 
     </span>
    </p>
   </div>
   <div class='ocr_carea' id='block_1_50' title="bbox 623 4670 2209 4754">
    <p class='ocr_par' dir='ltr' id='par_1_50' title="bbox 623 4670 2209 4754">
     <span class='ocr_line' id='line_1_50' title="bbox 623 4670 2209 4754; baseline -0.018 -1"><span class='ocrx_word' id='word_1_347' title='bbox 623 4697 686 4752; x_wconf 69' lang='lat' dir='ltr'><strong>u.‘</strong></span> <span class='ocrx_word' id='word_1_348' title='bbox 732 4696 886 4750; x_wconf 86' lang='lat' dir='ltr'><strong>vetus</strong></span> <span class='ocrx_word' id='word_1_349' title='bbox 929 4694 1143 4751; x_wconf 85' lang='lat' dir='ltr'><strong>cantes;</strong></span> <span class='ocrx_word' id='word_1_350' title='bbox 1184 4681 1305 4754; x_wconf 88' lang='lat' dir='ltr'><strong>quia</strong></span> <span class='ocrx_word' id='word_1_351' title='bbox 1353 4680 1397 4735; x_wconf 89' lang='lat' dir='ltr'><strong>si</strong></span> <span class='ocrx_word' id='word_1_352' title='bbox 1439 4676 1604 4732; x_wconf 80' lang='lat' dir='ltr'><strong>fueris</strong></span> <span class='ocrx_word' id='word_1_353' title='bbox 1646 4689 1838 4742; x_wconf 89' lang='lat' dir='ltr'><strong>novus,</strong></span> <span class='ocrx_word' id='word_1_354' title='bbox 1866 4683 1921 4729; x_wconf 88' lang='lat' dir='ltr'><strong>et</strong></span> <span class='ocrx_word' id='word_1_355' title='bbox 1961 4670 2209 4735; x_wconf 89' lang='lat' dir='ltr'><strong>tacueris,</strong></span> 
     </span>
    </p>
   </div>
   <div class='ocr_carea' id='block_1_51' title="bbox 623 4775 2211 4846">
    <p class='ocr_par' dir='ltr' id='par_1_51' title="bbox 623 4775 2211 4846">
     <span class='ocr_line' id='line_1_51' title="bbox 623 4775 2211 4846; baseline -0.018 0"><span class='ocrx_word' id='word_1_356' title='bbox 623 4788 845 4846; x_wconf 86' lang='lat' dir='ltr'><strong>auribus</strong></span> <span class='ocrx_word' id='word_1_357' title='bbox 887 4781 1169 4839; x_wconf 84' lang='lat' dir='ltr'><strong>hominum</strong></span> <span class='ocrx_word' id='word_1_358' title='bbox 1225 4790 1334 4832; x_wconf 90' lang='lat' dir='ltr'><strong>non</strong></span> <span class='ocrx_word' id='word_1_359' title='bbox 1382 4780 1576 4828; x_wconf 87' lang='lat' dir='ltr'><strong>sonat:</strong></span> <span class='ocrx_word' id='word_1_360' title='bbox 1612 4783 1732 4824; x_wconf 89' lang='lat' dir='ltr'><strong>nam</strong></span> <span class='ocrx_word' id='word_1_361' title='bbox 1770 4782 1865 4823; x_wconf 87' lang='lat' dir='ltr'><strong>cor</strong></span> <span class='ocrx_word' id='word_1_362' title='bbox 1908 4775 2056 4821; x_wconf 90' lang='lat' dir='ltr'><strong>tuum</strong></span> <span class='ocrx_word' id='word_1_363' title='bbox 2105 4778 2211 4819; x_wconf 87' lang='lat' dir='ltr'><strong>non</strong></span> 
     </span>
    </p>
   </div>
   <div class='ocr_carea' id='block_1_52' title="bbox 625 4855 2211 4938">
    <p class='ocr_par' dir='ltr' id='par_1_52' title="bbox 625 4855 2211 4938">
     <span class='ocr_line' id='line_1_52' title="bbox 625 4855 2211 4938; baseline -0.017 -1"><span class='ocrx_word' id='word_1_364' title='bbox 625 4887 769 4938; x_wconf 88' lang='lat' dir='ltr'><strong>tacet</strong></span> <span class='ocrx_word' id='word_1_365' title='bbox 809 4874 1077 4934; x_wconf 85' lang='lat' dir='ltr'><strong>canticum</strong></span> <span class='ocrx_word' id='word_1_366' title='bbox 1115 4880 1345 4932; x_wconf 88' lang='lat' dir='ltr'><strong>novum;</strong></span> <span class='ocrx_word' id='word_1_367' title='bbox 1373 4873 1427 4920; x_wconf 89' lang='lat' dir='ltr'><strong>et</strong></span> <span class='ocrx_word' id='word_1_368' title='bbox 1450 4861 1693 4933; x_wconf 78' lang='lat' dir='ltr'><strong>pervenit</strong></span> <span class='ocrx_word' id='word_1_369' title='bbox 1714 4860 1780 4915; x_wconf 89' lang='lat' dir='ltr'><strong>ad</strong></span> <span class='ocrx_word' id='word_1_370' title='bbox 1806 4869 1961 4914; x_wconf 86' lang='lat' dir='ltr'><strong>aures</strong></span> <span class='ocrx_word' id='word_1_371' title='bbox 1988 4856 2101 4922; x_wconf 89' lang='lat' dir='ltr'><strong>Dei,</strong></span> <span class='ocrx_word' id='word_1_372' title='bbox 2121 4855 2211 4927; x_wconf 86' lang='lat' dir='ltr'><strong>qui</strong></span> 
     </span>
    </p>
   </div>
   <div class='ocr_carea' id='block_1_53' title="bbox 621 4947 2211 5029">
    <p class='ocr_par' dir='ltr' id='par_1_53' title="bbox 621 4947 2211 5029">
     <span class='ocr_line' id='line_1_53' title="bbox 621 4947 2211 5029; baseline -0.018 0"><span class='ocrx_word' id='word_1_373' title='bbox 621 4981 679 5029; x_wconf 87' lang='lat' dir='ltr'><strong>te</strong></span> <span class='ocrx_word' id='word_1_374' title='bbox 704 4969 826 5027; x_wconf 80' lang='lat' dir='ltr'><strong>fecit</strong></span> <span class='ocrx_word' id='word_1_375' title='bbox 871 4964 1140 5022; x_wconf 87' lang='lat' dir='ltr'><strong>hominem</strong></span> <span class='ocrx_word' id='word_1_376' title='bbox 1187 4972 1409 5015; x_wconf 87' lang='lat' dir='ltr'><strong>novum.</strong></span> <span class='ocrx_word' id='word_1_377' title='bbox 1446 4952 1650 5025; x_wconf 82' lang='lat' dir='ltr'><strong>Diligis,</strong></span> <span class='ocrx_word' id='word_1_378' title='bbox 1682 4958 1736 5007; x_wconf 88' lang='lat' dir='ltr'><strong>et</strong></span> <span class='ocrx_word' id='word_1_379' title='bbox 1780 4960 1923 5005; x_wconf 88' lang='lat' dir='ltr'><strong>taces</strong></span> <span class='ocrx_word' id='word_1_380' title='bbox 1956 4947 2211 5003; x_wconf 85' lang='lat' dir='ltr'><strong>:dilcctio</strong></span> 
     </span>
    </p>
   </div>
   <div class='ocr_carea' id='block_1_54' title="bbox 624 5044 2210 5134">
    <p class='ocr_par' dir='ltr' id='par_1_54' title="bbox 624 5044 2210 5134">
     <span class='ocr_line' id='line_1_54' title="bbox 624 5044 2210 5134; baseline -0.016 -14"><span class='ocrx_word' id='word_1_381' title='bbox 624 5065 740 5134; x_wconf 90' lang='lat' dir='ltr'><strong>ipsa</strong></span> <span class='ocrx_word' id='word_1_382' title='bbox 762 5075 862 5116; x_wconf 88' lang='lat' dir='ltr'><strong>vox</strong></span> <span class='ocrx_word' id='word_1_383' title='bbox 888 5065 971 5116; x_wconf 89' lang='lat' dir='ltr'><strong>est</strong></span> <span class='ocrx_word' id='word_1_384' title='bbox 1012 5055 1079 5112; x_wconf 88' lang='lat' dir='ltr'><strong>ad</strong></span> <span class='ocrx_word' id='word_1_385' title='bbox 1107 5054 1294 5118; x_wconf 87' lang='lat' dir='ltr'><strong>Deum,</strong></span> <span class='ocrx_word' id='word_1_386' title='bbox 1325 5059 1380 5106; x_wconf 91' lang='lat' dir='ltr'><strong>et</strong></span> <span class='ocrx_word' id='word_1_387' title='bbox 1406 5048 1519 5119; x_wconf 84' lang='lat' dir='ltr'><strong>ipsa</strong></span> <span class='ocrx_word' id='word_1_388' title='bbox 1554 5045 1767 5101; x_wconf 89' lang='lat' dir='ltr'><strong>dilectio</strong></span> <span class='ocrx_word' id='word_1_389' title='bbox 1792 5044 2058 5098; x_wconf 78' lang='lat' dir='ltr'><strong>canticum</strong></span> <span class='ocrx_word' id='word_1_390' title='bbox 2112 5056 2210 5095; x_wconf 59' lang='lat' dir='ltr'><strong>no.</strong></span> 
     </span>
    </p>
   </div>
   <div class='ocr_carea' id='block_1_55' title="bbox 628 5132 2211 5218">
    <p class='ocr_par' dir='ltr' id='par_1_55' title="bbox 628 5132 2211 5218">
     <span class='ocr_line' id='line_1_55' title="bbox 628 5132 2211 5218; baseline -0.015 -8"><span class='ocrx_word' id='word_1_391' title='bbox 628 5132 751 5210; x_wconf 76' lang='lat' dir='ltr'><strong>vum</strong></span> <span class='ocrx_word' id='word_1_392' title='bbox 778 5163 881 5210; x_wconf 89' lang='lat' dir='ltr'><strong>est.</strong></span> <span class='ocrx_word' id='word_1_393' title='bbox 912 5148 1050 5205; x_wconf 79' lang='lat' dir='ltr'><strong>Audi</strong></span> <span class='ocrx_word' id='word_1_394' title='bbox 1085 5147 1207 5218; x_wconf 92' lang='lat' dir='ltr'><strong>quia</strong></span> <span class='ocrx_word' id='word_1_395' title='bbox 1251 5142 1515 5199; x_wconf 79' lang='lat' dir='ltr'><strong>canticum</strong></span> <span class='ocrx_word' id='word_1_396' title='bbox 1554 5146 1753 5193; x_wconf 83' lang='lat' dir='ltr'><strong>no&#39;vum</strong></span> <span class='ocrx_word' id='word_1_397' title='bbox 1800 5144 1883 5190; x_wconf 81' lang='lat' dir='ltr'><strong>est</strong></span> <span class='ocrx_word' id='word_1_398' title='bbox 1911 5151 1923 5188; x_wconf 85' lang='lat'><strong>:</strong></span> <span class='ocrx_word' id='word_1_399' title='bbox 1954 5132 2211 5188; x_wconf 87' lang='lat' dir='ltr'><strong>Dominus</strong></span> 
     </span>
    </p>
   </div>
   <div class='ocr_carea' id='block_1_56' title="bbox 626 5223 2211 5311">
    <p class='ocr_par' dir='ltr' id='par_1_56' title="bbox 626 5223 2211 5311">
     <span class='ocr_line' id='line_1_56' title="bbox 626 5223 2211 5311; baseline -0.016 -11"><span class='ocrx_word' id='word_1_400' title='bbox 626 5245 776 5311; x_wconf 85' lang='lat' dir='ltr'><strong>dicit,</strong></span> <span class='ocrx_word' id='word_1_401' title='bbox 809 5238 1113 5296; x_wconf 66' lang='lat' dir='ltr'><strong>ﬂandatum</strong></span> <span class='ocrx_word' id='word_1_402' title='bbox 1146 5250 1325 5292; x_wconf 80' lang='lat' dir='ltr'><strong>novum</strong></span> <span class='ocrx_word' id='word_1_403' title='bbox 1354 5232 1421 5287; x_wconf 79' lang='lat' dir='ltr'><strong>do</strong></span> <span class='ocrx_word' id='word_1_404' title='bbox 1437 5230 1597 5293; x_wconf 70' lang='lat' dir='ltr'><strong>vobis,</strong></span> <span class='ocrx_word' id='word_1_405' title='bbox 1631 5234 1685 5282; x_wconf 84' lang='lat' dir='ltr'><strong>ut</strong></span> <span class='ocrx_word' id='word_1_406' title='bbox 1727 5242 1818 5280; x_wconf 77' lang='lat' dir='ltr'><strong>vos</strong></span> <span class='ocrx_word' id='word_1_407' title='bbox 1844 5226 2054 5279; x_wconf 66' lang='lat' dir='ltr'><strong>inuicem</strong></span> <span class='ocrx_word' id='word_1_408' title='bbox 2090 5223 2211 5277; x_wconf 83' lang='lat' dir='ltr'><strong>dili-</strong></span> 
     </span>
    </p>
   </div>
   <div class='ocr_carea' id='block_1_57' title="bbox 567 5327 2214 5411">
    <p class='ocr_par' dir='ltr' id='par_1_57' title="bbox 567 5327 2214 5411">
     <span class='ocr_line' id='line_1_57' title="bbox 567 5327 2214 5411; baseline -0.015 -15"><span class='ocrx_word' id='word_1_409' title='bbox 567 5391 572 5396; x_wconf 93' lang='lat'><strong>.</strong></span> <span class='ocrx_word' id='word_1_410' title='bbox 628 5336 758 5411; x_wconf 78' lang='lat' dir='ltr'><strong>galia</strong></span> <span class='ocrx_word' id='word_1_411' title='bbox 787 5332 966 5409; x_wconf 86' lang='lat' dir='ltr'><strong>(Joan.</strong></span> <span class='ocrx_word' id='word_1_412' title='bbox 1004 5347 1124 5399; x_wconf 87' lang='lat' dir='ltr'><strong>xttt,</strong></span> <span class='ocrx_word' id='word_1_413' title='bbox 1155 5330 1269 5400; x_wconf 62' lang='lat'><strong>34).</strong></span> <span class='ocrx_word' id='word_1_414' title='bbox 1314 5327 1501 5383; x_wconf 88' lang='lat' dir='ltr'><strong>Omnis</strong></span> <span class='ocrx_word' id='word_1_415' title='bbox 1549 5336 1676 5394; x_wconf 84' lang='lat' dir='ltr'><strong>ergo</strong></span> <span class='ocrx_word' id='word_1_416' title='bbox 1705 5330 1844 5376; x_wconf 85' lang='lat' dir='ltr'><strong>terra</strong></span> <span class='ocrx_word' id='word_1_417' title='bbox 1875 5327 2054 5374; x_wconf 85' lang='lat' dir='ltr'><strong>cantat</strong></span> <span class='ocrx_word' id='word_1_418' title='bbox 2086 5332 2214 5373; x_wconf 74' lang='lat' dir='ltr'><strong>can-</strong></span> 
     </span>
    </p>
   </div>
   <div class='ocr_carea' id='block_1_58' title="bbox 629 5412 2212 5486">
    <p class='ocr_par' dir='ltr' id='par_1_58' title="bbox 629 5412 2212 5486">
     <span class='ocr_line' id='line_1_58' title="bbox 629 5412 2212 5486; baseline -0.013 1"><span class='ocrx_word' id='word_1_419' title='bbox 629 5430 792 5486; x_wconf 89' lang='lat' dir='ltr'><strong>ticum</strong></span> <span class='ocrx_word' id='word_1_420' title='bbox 837 5440 1031 5482; x_wconf 86' lang='lat' dir='ltr'><strong>novum</strong></span> <span class='ocrx_word' id='word_1_421' title='bbox 1062 5442 1076 5477; x_wconf 90' lang='lat'>:</span> <span class='ocrx_word' id='word_1_422' title='bbox 1106 5422 1177 5477; x_wconf 85' lang='lat' dir='ltr'><strong>ibi</strong></span> <span class='ocrx_word' id='word_1_423' title='bbox 1227 5420 1517 5475; x_wconf 72' lang='lat' dir='ltr'><strong>:editicatur</strong></span> <span class='ocrx_word' id='word_1_424' title='bbox 1556 5413 1806 5472; x_wconf 59' lang='lat' dir='ltr'><strong>domus”.</strong></span> <span class='ocrx_word' id='word_1_425' title='bbox 1852 5412 2039 5468; x_wconf 75' lang='lat' dir='ltr'><strong>Omnis</strong></span> <span class='ocrx_word' id='word_1_426' title='bbox 2084 5426 2212 5483; x_wconf 84' lang='lat' dir='ltr'><strong>ergo</strong></span> 
     </span>
    </p>
   </div>
   <div class='ocr_carea' id='block_1_59' title="bbox 694 5527 1409 5603">
    <p class='ocr_par' dir='ltr' id='par_1_59' title="bbox 694 5527 1409 5603">
     <span class='ocr_line' id='line_1_59' title="bbox 694 5527 1409 5603; baseline -0.017 -10"><span class='ocrx_word' id='word_1_427' title='bbox 694 5544 714 5575; x_wconf 72' lang='grc' dir='ltr'>ί</span> <span class='ocrx_word' id='word_1_428' title='bbox 738 5539 964 5603; x_wconf 82' lang='lat' dir='ltr'><strong>Plerique</strong></span> <span class='ocrx_word' id='word_1_429' title='bbox 975 5540 1106 5603; x_wconf 57' lang='lat' dir='ltr'><strong>Mss,</strong></span> <span class='ocrx_word' id='word_1_430' title='bbox 1124 5527 1409 5603; x_wconf 61' lang='lat' dir='ltr'><strong>intelligunt.</strong></span> 
     </span>
    </p>
   </div>
   <div class='ocr_carea' id='block_1_60' title="bbox 693 5594 1842 5662">
    <p class='ocr_par' dir='ltr' id='par_1_60' title="bbox 693 5594 1842 5662">
     <span class='ocr_line' id='line_1_60' title="bbox 693 5594 1842 5662; baseline -0.015 -7"><span class='ocrx_word' id='word_1_431' title='bbox 693 5607 715 5638; x_wconf 84' lang='grc'>¹</span> <span class='ocrx_word' id='word_1_432' title='bbox 738 5594 943 5662; x_wconf 73' lang='grc' dir='ltr'><strong>Εᾱά.,ἐε</strong></span> <span class='ocrx_word' id='word_1_433' title='bbox 969 5596 1009 5651; x_wconf 79' lang='lat' dir='ltr'><strong>si</strong></span> <span class='ocrx_word' id='word_1_434' title='bbox 1038 5594 1131 5662; x_wconf 69' lang='lat' dir='ltr'><strong>non</strong></span> <span class='ocrx_word' id='word_1_435' title='bbox 1154 5594 1334 5662; x_wconf 73' lang='lat' dir='ltr'><strong>sonant.</strong></span> <span class='ocrx_word' id='word_1_436' title='bbox 1355 5594 1525 5662; x_wconf 37' lang='lat' dir='ltr'><strong>abest,</strong></span> <span class='ocrx_word' id='word_1_437' title='bbox 1552 5603 1662 5662; x_wconf 70' lang='lat' dir='ltr'><strong>noti,</strong></span> <span class='ocrx_word' id='word_1_438' title='bbox 1686 5604 1716 5638; x_wconf 89' lang='lat' dir='ltr'><strong>a</strong></span> <span class='ocrx_word' id='word_1_439' title='bbox 1739 5597 1842 5662; x_wconf 51' lang='lat' dir='ltr'><strong>Mss.</strong></span> 
     </span>
    </p>
   </div>
   <div class='ocr_carea' id='block_1_61' title="bbox 696 5640 1795 5718">
    <p class='ocr_par' dir='ltr' id='par_1_61' title="bbox 696 5640 1795 5718">
     <span class='ocr_line' id='line_1_61' title="bbox 696 5640 1795 5718; baseline -0.016 -1"><span class='ocrx_word' id='word_1_440' title='bbox 696 5668 718 5698; x_wconf 82' lang='grc'><strong>³</strong></span> <span class='ocrx_word' id='word_1_441' title='bbox 965 5640 1019 5710; x_wconf 49' lang='lat' dir='ltr'><strong>At</strong></span> <span class='ocrx_word' id='word_1_442' title='bbox 1036 5640 1557 5718; x_wconf 50' lang='lat' dir='ltr'><strong>iidd.,ttbitizdiﬁcatur</strong></span> <span class='ocrx_word' id='word_1_443' title='bbox 1574 5640 1748 5718; x_wconf 10' lang='lat' dir='ltr'><strong>Vdotntts</strong></span> <span class='ocrx_word' id='word_1_444' title='bbox 1772 5640 1795 5699; x_wconf 79' lang='lat'><strong><em>?</em></strong></span> 
     </span>
    </p>
   </div>
   <div class='ocr_carea' id='block_1_62' title="bbox 717 5712 2210 5792">
    <p class='ocr_par' dir='ltr' id='par_1_62' title="bbox 717 5712 2210 5792">
     <span class='ocr_line' id='line_1_62' title="bbox 717 5712 2210 5792; baseline 0.01 1"><span class='ocrx_word' id='word_1_445' title='bbox 717 5712 991 5792; x_wconf 57' lang='lat' dir='ltr'><strong>namus</strong></span> <span class='ocrx_word' id='word_1_446' title='bbox 1011 5722 1136 5792; x_wconf 64' lang='lat' dir='ltr'><strong>forte</strong></span> <span class='ocrx_word' id='word_1_447' title='bbox 1157 5712 1278 5792; x_wconf 67' lang='grc' dir='ltr'><strong>’ξιιιιο</strong></span> <span class='ocrx_word' id='word_1_448' title='bbox 1301 5712 1512 5792; x_wconf 59' lang='grc' dir='ltr'><strong>δηίξίθδν</strong></span> <span class='ocrx_word' id='word_1_449' title='bbox 1554 5712 1745 5792; x_wconf 70' lang='grc' dir='ltr'><strong>α¹¹³¹¹ξ¹9</strong></span> <span class='ocrx_word' id='word_1_450' title='bbox 1768 5724 1853 5773; x_wconf 49' lang='lat' dir='ltr'><strong>Pe&quot;</strong></span> <span class='ocrx_word' id='word_1_451' title='bbox 1881 5727 1897 5759; x_wconf 89' lang='lat'><strong>‘</strong></span> <span class='ocrx_word' id='word_1_452' title='bbox 1912 5712 1974 5759; x_wconf 76' lang='grc' dir='ltr'><strong>ί¹¹¹</strong></span> <span class='ocrx_word' id='word_1_453' title='bbox 2004 5712 2210 5759; x_wconf 53' lang='lat' dir='ltr'><strong>mum&quot;</strong></span> 
     </span>
    </p>
   </div>
   <div class='ocr_carea' id='block_1_63' title="bbox 733 5775 1749 5850">
    <p class='ocr_par' dir='ltr' id='par_1_63' title="bbox 733 5775 1749 5850">
     <span class='ocr_line' id='line_1_63' title="bbox 733 5775 1749 5850; baseline -0.02 -11"><span class='ocrx_word' id='word_1_454' title='bbox 733 5775 894 5850; x_wconf 68' lang='lat' dir='ltr'><strong>iocum</strong></span> <span class='ocrx_word' id='word_1_455' title='bbox 914 5785 1185 5850; x_wconf 76' lang='lat' dir='ltr'><strong>regnabant</strong></span> <span class='ocrx_word' id='word_1_456' title='bbox 1208 5779 1478 5849; x_wconf 64' lang='lat' dir='ltr'><strong>Donatistae,</strong></span> <span class='ocrx_word' id='word_1_457' title='bbox 1505 5790 1565 5824; x_wconf 75' lang='lat' dir='ltr'><strong>ex</strong></span> <span class='ocrx_word' id='word_1_458' title='bbox 1602 5789 1649 5823; x_wconf 92' lang='lat' dir='ltr'><strong>n.</strong></span> <span class='ocrx_word' id='word_1_459' title='bbox 1678 5775 1749 5846; x_wconf 69' lang='lat' dir='ltr'><strong>il.</strong></span> 
     </span>
    </p>
   </div>
   <div class='ocr_carea' id='block_1_64' title="bbox 700 5833 2207 5914">
    <p class='ocr_par' dir='ltr' id='par_1_64' title="bbox 700 5833 2207 5914">
     <span class='ocr_line' id='line_1_64' title="bbox 700 5833 2207 5914; baseline -0.013 -13"><span class='ocrx_word' id='word_1_460' title='bbox 700 5833 1306 5914; x_wconf 49' lang='lat' dir='ltr'><strong>(ES—Scilicefatilevitauus</strong></span> <span class='ocrx_word' id='word_1_461' title='bbox 1321 5833 1590 5914; x_wconf 62' lang='lat' dir='ltr'><strong>episcotats,</strong></span> <span class='ocrx_word' id='word_1_462' title='bbox 1609 5838 1689 5899; x_wconf 87' lang='lat' dir='ltr'><strong>qui</strong></span> <span class='ocrx_word' id='word_1_463' title='bbox 1717 5836 1861 5914; x_wconf 72' lang='lat' dir='ltr'><strong>etiam</strong></span> <span class='ocrx_word' id='word_1_464' title='bbox 1881 5837 1925 5914; x_wconf 73' lang='lat' dir='ltr'><strong>in</strong></span> <span class='ocrx_word' id='word_1_465' title='bbox 1943 5833 2105 5914; x_wconf 59' lang='lat' dir='ltr'><strong>t‘stlmi</strong></span> <span class='ocrx_word' id='word_1_466' title='bbox 2115 5833 2207 5914; x_wconf 69' lang='lat' dir='ltr'><strong>I131</strong></span> 
     </span>
    </p>
   </div>
   <div class='ocr_carea' id='block_1_65' title="bbox 638 5894 2212 5973">
    <p class='ocr_par' dir='ltr' id='par_1_65' title="bbox 638 5894 2212 5973">
     <span class='ocr_line' id='line_1_65' title="bbox 638 5894 2212 5973; baseline -0.016 -4"><span class='ocrx_word' id='word_1_467' title='bbox 638 5894 965 5973; x_wconf 52' lang='grc' dir='ltr'><strong>ουδ’ἶῦῖῖόίίᾷ</strong></span> <span class='ocrx_word' id='word_1_468' title='bbox 978 5894 1205 5972; x_wconf 28' lang='lat' dir='ltr'><strong>Vproaimo</strong></span> <span class='ocrx_word' id='word_1_469' title='bbox 1225 5910 1336 5955; x_wconf 83' lang='lat' dir='ltr'><strong>ante</strong></span> <span class='ocrx_word' id='word_1_470' title='bbox 1355 5894 1785 5953; x_wconf 37' lang='lat' dir='ltr'><strong>&quot;huuc&#39;scruioncnt</strong></span> <span class='ocrx_word' id='word_1_471' title='bbox 1809 5898 1888 5945; x_wconf 76' lang='lat' dir='ltr'><strong>dic</strong></span> <span class='ocrx_word' id='word_1_472' title='bbox 1911 5898 2086 5955; x_wconf 82' lang='lat' dir='ltr'><strong>habita,</strong></span> <span class='ocrx_word' id='word_1_473' title='bbox 2115 5894 2212 5944; x_wconf 83' lang='lat' dir='ltr'><strong>latt-</strong></span> 
     </span>
    </p>
   </div>
   <div class='ocr_carea' id='block_1_66' title="bbox 1881 354 2683 426">
    <p class='ocr_par' dir='ltr' id='par_1_66' title="bbox 1881 354 2683 426">
     <span class='ocr_line' id='line_1_66' title="bbox 1881 354 2683 426; baseline 0.002 -5"><span class='ocrx_word' id='word_1_474' title='bbox 1881 367 1935 421; x_wconf 89' lang='lat' dir='ltr'><strong>S.</strong></span> <span class='ocrx_word' id='word_1_475' title='bbox 1980 354 2344 423; x_wconf 74' lang='lat' dir='ltr'><strong>AUGUSTINI</strong></span> <span class='ocrx_word' id='word_1_476' title='bbox 2384 366 2683 426; x_wconf 71' lang='lat' dir='ltr'><strong>EPISCOPI</strong></span> 
     </span>
    </p>
   </div>
   <div class='ocr_carea' id='block_1_67' title="bbox 2306 480 3856 559">
    <p class='ocr_par' dir='ltr' id='par_1_67' title="bbox 2306 480 3856 559">
     <span class='ocr_line' id='line_1_67' title="bbox 2306 480 3856 559; baseline 0.003 -21"><span class='ocrx_word' id='word_1_477' title='bbox 2306 491 2446 539; x_wconf 85' lang='lat' dir='ltr'><strong>terra</strong></span> <span class='ocrx_word' id='word_1_478' title='bbox 2471 494 2553 539; x_wconf 86' lang='lat' dir='ltr'><strong>est</strong></span> <span class='ocrx_word' id='word_1_479' title='bbox 2578 482 2769 539; x_wconf 88' lang='lat' dir='ltr'><strong>domus</strong></span> <span class='ocrx_word' id='word_1_480' title='bbox 2798 481 2914 540; x_wconf 90' lang='lat' dir='ltr'><strong>Dei.</strong></span> <span class='ocrx_word' id='word_1_481' title='bbox 2946 480 3005 539; x_wconf 86' lang='lat' dir='ltr'><strong>Si</strong></span> <span class='ocrx_word' id='word_1_482' title='bbox 3037 482 3214 539; x_wconf 80' lang='lat' dir='ltr'><strong>omnis</strong></span> <span class='ocrx_word' id='word_1_483' title='bbox 3250 489 3391 540; x_wconf 84' lang='lat' dir='ltr'><strong>terra</strong></span> <span class='ocrx_word' id='word_1_484' title='bbox 3417 482 3611 541; x_wconf 84' lang='lat' dir='ltr'><strong>domus</strong></span> <span class='ocrx_word' id='word_1_485' title='bbox 3646 484 3754 554; x_wconf 81' lang='lat' dir='ltr'><strong>Dei,</strong></span> <span class='ocrx_word' id='word_1_486' title='bbox 3780 490 3856 559; x_wconf 76' lang='lat' dir='ltr'><strong>qui</strong></span> 
     </span>
    </p>
   </div>
   <div class='ocr_carea' id='block_1_68' title="bbox 2301 574 3858 643">
    <p class='ocr_par' dir='ltr' id='par_1_68' title="bbox 2301 574 3858 643">
     <span class='ocr_line' id='line_1_68' title="bbox 2301 574 3858 643; baseline 0.004 -14"><span class='ocrx_word' id='word_1_487' title='bbox 2301 589 2408 630; x_wconf 89' lang='lat' dir='ltr'><strong>non</strong></span> <span class='ocrx_word' id='word_1_488' title='bbox 2439 574 2607 631; x_wconf 72' lang='lat' dir='ltr'><strong>hreret</strong></span> <span class='ocrx_word' id='word_1_489' title='bbox 2634 575 2780 630; x_wconf 87' lang='lat' dir='ltr'><strong>omni</strong></span> <span class='ocrx_word' id='word_1_490' title='bbox 2818 582 2997 643; x_wconf 65' lang='lat' dir='ltr'><strong>terrai,</strong></span> <span class='ocrx_word' id='word_1_491' title='bbox 3027 574 3181 630; x_wconf 88' lang='lat' dir='ltr'><strong>ruina</strong></span> <span class='ocrx_word' id='word_1_492' title='bbox 3209 582 3311 642; x_wconf 88' lang='lat' dir='ltr'><strong>est,</strong></span> <span class='ocrx_word' id='word_1_493' title='bbox 3340 590 3450 630; x_wconf 89' lang='lat' dir='ltr'><strong>non</strong></span> <span class='ocrx_word' id='word_1_494' title='bbox 3475 574 3696 643; x_wconf 63' lang='lat' dir='ltr'><strong>dantis;</strong></span> <span class='ocrx_word' id='word_1_495' title='bbox 3728 583 3858 636; x_wconf 84' lang='lat' dir='ltr'><strong>ruina</strong></span> 
     </span>
    </p>
   </div>
   <div class='ocr_carea' id='block_1_69' title="bbox 2300 666 3862 741">
    <p class='ocr_par' dir='ltr' id='par_1_69' title="bbox 2300 666 3862 741">
     <span class='ocr_line' id='line_1_69' title="bbox 2300 666 3862 741; baseline 0 -19"><span class='ocrx_word' id='word_1_496' title='bbox 2300 666 2389 733; x_wconf 74' lang='lat' dir='ltr'><strong>illa</strong></span> <span class='ocrx_word' id='word_1_497' title='bbox 2414 674 2592 736; x_wconf 84' lang='lat' dir='ltr'><strong>vetus,</strong></span> <span class='ocrx_word' id='word_1_498' title='bbox 2619 667 2775 738; x_wconf 80' lang='lat' dir='ltr'><strong>cujus</strong></span> <span class='ocrx_word' id='word_1_499' title='bbox 2797 667 3039 741; x_wconf 79' lang='lat' dir='ltr'><strong>umbram</strong></span> <span class='ocrx_word' id='word_1_500' title='bbox 3078 667 3307 725; x_wconf 81' lang='lat' dir='ltr'><strong>habebat</strong></span> <span class='ocrx_word' id='word_1_501' title='bbox 3329 667 3591 737; x_wconf 72' lang='lat' dir='ltr'><strong>templum</strong></span> <span class='ocrx_word' id='word_1_502' title='bbox 3621 668 3744 731; x_wconf 80' lang='lat' dir='ltr'><strong>illud</strong></span> <span class='ocrx_word' id='word_1_503' title='bbox 3783 687 3862 727; x_wconf 80' lang='lat' dir='ltr'><strong>ve.</strong></span> 
     </span>
    </p>
   </div>
   <div class='ocr_carea' id='block_1_70' title="bbox 2300 760 3861 825">
    <p class='ocr_par' dir='ltr' id='par_1_70' title="bbox 2300 760 3861 825">
     <span class='ocr_line' id='line_1_70' title="bbox 2300 760 3861 825; baseline 0.003 -8"><span class='ocrx_word' id='word_1_504' title='bbox 2300 769 2410 817; x_wconf 87' lang='lat' dir='ltr'><strong>tus.</strong></span> <span class='ocrx_word' id='word_1_505' title='bbox 2436 760 2511 817; x_wconf 86' lang='lat' dir='ltr'><strong>lbi</strong></span> <span class='ocrx_word' id='word_1_506' title='bbox 2538 760 2683 819; x_wconf 85' lang='lat' dir='ltr'><strong>enim</strong></span> <span class='ocrx_word' id='word_1_507' title='bbox 2708 760 3017 819; x_wconf 79' lang='lat' dir='ltr'><strong>diruebatar</strong></span> <span class='ocrx_word' id='word_1_508' title='bbox 3038 766 3299 824; x_wconf 62' lang='lat' dir='ltr'><strong>mutatas.</strong></span> <span class='ocrx_word' id='word_1_509' title='bbox 3327 769 3386 817; x_wconf 84' lang='lat' dir='ltr'><strong>ut</strong></span> <span class='ocrx_word' id='word_1_510' title='bbox 3411 761 3626 825; x_wconf 77' lang='lat' dir='ltr'><strong>novitas</strong></span> <span class='ocrx_word' id='word_1_511' title='bbox 3644 762 3861 821; x_wconf 68' lang='lat' dir='ltr'><strong>adiﬁca-</strong></span> 
     </span>
    </p>
   </div>
   <div class='ocr_carea' id='block_1_71' title="bbox 2301 850 3857 923">
    <p class='ocr_par' dir='ltr' id='par_1_71' title="bbox 2301 850 3857 923">
     <span class='ocr_line' id='line_1_71' title="bbox 2301 850 3857 923; baseline -0.001 -14"><span class='ocrx_word' id='word_1_512' title='bbox 2301 861 2467 909; x_wconf 85' lang='lat' dir='ltr'><strong>retur.</strong></span> <span class='ocrx_word' id='word_1_513' title='bbox 2481 850 2555 908; x_wconf 87' lang='lat' dir='ltr'><strong>Et</strong></span> <span class='ocrx_word' id='word_1_514' title='bbox 2573 851 2842 923; x_wconf 80' lang='lat' dir='ltr'><strong>quomodo</strong></span> <span class='ocrx_word' id='word_1_515' title='bbox 2858 851 3087 908; x_wconf 79' lang='lat' dir='ltr'><strong>dit-uitur</strong></span> <span class='ocrx_word' id='word_1_516' title='bbox 3113 850 3384 915; x_wconf 66' lang='lat' dir='ltr'><strong>vetustas?</strong></span> <span class='ocrx_word' id='word_1_517' title='bbox 3404 850 3572 913; x_wconf 74' lang='lat' dir='ltr'><strong>Arnen</strong></span> <span class='ocrx_word' id='word_1_518' title='bbox 3597 851 3710 913; x_wconf 77' lang='lat' dir='ltr'><strong>dico</strong></span> <span class='ocrx_word' id='word_1_519' title='bbox 3723 852 3857 919; x_wconf 66' lang='lat' dir='ltr'><strong>nobis,</strong></span> 
     </span>
    </p>
   </div>
   <div class='ocr_carea' id='block_1_72' title="bbox 2300 943 3865 1016">
    <p class='ocr_par' dir='ltr' id='par_1_72' title="bbox 2300 943 3865 1016">
     <span class='ocr_line' id='line_1_72' title="bbox 2300 943 3865 1016; baseline 0.003 -17"><span class='ocrx_word' id='word_1_520' title='bbox 2300 943 2491 1015; x_wconf 82' lang='lat' dir='ltr'><strong>inquit,</strong></span> <span class='ocrx_word' id='word_1_521' title='bbox 2529 962 2631 1003; x_wconf 81' lang='lat' dir='ltr'><strong>non</strong></span> <span class='ocrx_word' id='word_1_522' title='bbox 2667 945 2977 1014; x_wconf 75' lang='lat' dir='ltr'><strong>relinquetur</strong></span> <span class='ocrx_word' id='word_1_523' title='bbox 3017 944 3150 1014; x_wconf 75' lang='lat' dir='ltr'><strong>lapis</strong></span> <span class='ocrx_word' id='word_1_524' title='bbox 3185 960 3340 1015; x_wconf 79' lang='lat' dir='ltr'><strong>super</strong></span> <span class='ocrx_word' id='word_1_525' title='bbox 3381 944 3630 1016; x_wconf 73' lang='lat' dir='ltr'><strong>lapidein,</strong></span> <span class='ocrx_word' id='word_1_526' title='bbox 3662 947 3743 1014; x_wconf 79' lang='lat' dir='ltr'><strong>qui</strong></span> <span class='ocrx_word' id='word_1_527' title='bbox 3774 964 3865 1003; x_wconf 80' lang='lat' dir='ltr'><strong>non</strong></span> 
     </span>
    </p>
   </div>
   <div class='ocr_carea' id='block_1_73' title="bbox 2298 1036 3861 1109">
    <p class='ocr_par' dir='ltr' id='par_1_73' title="bbox 2298 1036 3861 1109">
     <span class='ocr_line' id='line_1_73' title="bbox 2298 1036 3861 1109; baseline 0.004 -18"><span class='ocrx_word' id='word_1_528' title='bbox 2298 1037 2604 1093; x_wconf 71' lang='lat' dir='ltr'><strong>destruetur.</strong></span> <span class='ocrx_word' id='word_1_529' title='bbox 2648 1037 2809 1108; x_wconf 74' lang='lat' dir='ltr'><strong>Lapis</strong></span> <span class='ocrx_word' id='word_1_530' title='bbox 2841 1036 3086 1095; x_wconf 82' lang='lat' dir='ltr'><strong>Christus</strong></span> <span class='ocrx_word' id='word_1_531' title='bbox 3111 1049 3235 1093; x_wconf 83' lang='lat' dir='ltr'><strong>est:</strong></span> <span class='ocrx_word' id='word_1_532' title='bbox 3266 1036 3398 1095; x_wconf 82' lang='lat' dir='ltr'><strong>dicit</strong></span> <span class='ocrx_word' id='word_1_533' title='bbox 3423 1046 3609 1097; x_wconf 77' lang='lat' dir='ltr'><strong>autem</strong></span> <span class='ocrx_word' id='word_1_534' title='bbox 3652 1040 3861 1109; x_wconf 76' lang='lat' dir='ltr'><strong>Aposto-</strong></span> 
     </span>
    </p>
   </div>
   <div class='ocr_carea' id='block_1_74' title="bbox 2302 1130 3861 1202">
    <p class='ocr_par' dir='ltr' id='par_1_74' title="bbox 2302 1130 3861 1202">
     <span class='ocr_line' id='line_1_74' title="bbox 2302 1130 3861 1202; baseline 0.003 -16"><span class='ocrx_word' id='word_1_535' title='bbox 2302 1131 2406 1197; x_wconf 86' lang='lat' dir='ltr'><strong>lus,</strong></span> <span class='ocrx_word' id='word_1_536' title='bbox 2430 1131 2687 1202; x_wconf 78' lang='lat' dir='ltr'><strong>Quetquot</strong></span> <span class='ocrx_word' id='word_1_537' title='bbox 2703 1131 2759 1185; x_wconf 82' lang='lat' dir='ltr'><strong>in</strong></span> <span class='ocrx_word' id='word_1_538' title='bbox 2776 1130 2976 1187; x_wconf 72' lang='lat' dir='ltr'><strong>Christo</strong></span> <span class='ocrx_word' id='word_1_539' title='bbox 2999 1131 3241 1202; x_wconf 71' lang='lat' dir='ltr'><strong>baptismi</strong></span> <span class='ocrx_word' id='word_1_540' title='bbox 3264 1131 3407 1197; x_wconf 71' lang='lat' dir='ltr'><strong>etiis,</strong></span> <span class='ocrx_word' id='word_1_541' title='bbox 3440 1130 3697 1191; x_wconf 71' lang='lat' dir='ltr'><strong>Christum</strong></span> <span class='ocrx_word' id='word_1_542' title='bbox 3714 1133 3861 1191; x_wconf 69' lang='lat' dir='ltr'><strong>indui-</strong></span> 
     </span>
    </p>
   </div>
   <div class='ocr_carea' id='block_1_75' title="bbox 2300 1220 3862 1294">
    <p class='ocr_par' dir='ltr' id='par_1_75' title="bbox 2300 1220 3862 1294">
     <span class='ocr_line' id='line_1_75' title="bbox 2300 1220 3862 1294; baseline 0.003 -16"><span class='ocrx_word' id='word_1_543' title='bbox 2300 1223 2392 1278; x_wconf 61' lang='lat' dir='ltr'><strong>sti:</strong></span> <span class='ocrx_word' id='word_1_544' title='bbox 2403 1220 2602 1294; x_wconf 77' lang='lat' dir='ltr'><strong>(Galat.</strong></span> <span class='ocrx_word' id='word_1_545' title='bbox 2627 1237 2707 1290; x_wconf 79' lang='lat' dir='ltr'><strong>tu.</strong></span> <span class='ocrx_word' id='word_1_546' title='bbox 2722 1222 2841 1294; x_wconf 74' lang='grc'><strong>27).</strong></span> <span class='ocrx_word' id='word_1_547' title='bbox 2856 1221 2913 1278; x_wconf 87' lang='lat' dir='ltr'><strong>Si</strong></span> <span class='ocrx_word' id='word_1_548' title='bbox 2926 1221 3193 1283; x_wconf 81' lang='lat' dir='ltr'><strong>Christum</strong></span> <span class='ocrx_word' id='word_1_549' title='bbox 3216 1221 3639 1293; x_wconf 77' lang='lat' dir='ltr'><strong>indaitquisquia</strong></span> <span class='ocrx_word' id='word_1_550' title='bbox 3652 1222 3862 1293; x_wconf 80' lang='lat' dir='ltr'><strong>beptiaa-</strong></span> 
     </span>
    </p>
   </div>
   <div class='ocr_carea' id='block_1_76' title="bbox 2302 1312 3862 1386">
    <p class='ocr_par' dir='ltr' id='par_1_76' title="bbox 2302 1312 3862 1386">
     <span class='ocr_line' id='line_1_76' title="bbox 2302 1312 3862 1386; baseline 0.003 -18"><span class='ocrx_word' id='word_1_551' title='bbox 2302 1323 2389 1371; x_wconf 88' lang='lat' dir='ltr'><strong>tur</strong></span> <span class='ocrx_word' id='word_1_552' title='bbox 2404 1315 2457 1370; x_wconf 90' lang='lat' dir='ltr'><strong>in</strong></span> <span class='ocrx_word' id='word_1_553' title='bbox 2473 1314 2721 1381; x_wconf 81' lang='lat' dir='ltr'><strong>Christo;</strong></span> <span class='ocrx_word' id='word_1_554' title='bbox 2738 1315 2858 1386; x_wconf 83' lang='lat' dir='ltr'><strong>quis</strong></span> <span class='ocrx_word' id='word_1_555' title='bbox 2878 1314 3027 1385; x_wconf 86' lang='lat' dir='ltr'><strong>ponit</strong></span> <span class='ocrx_word' id='word_1_556' title='bbox 3048 1313 3277 1384; x_wconf 82' lang='lat' dir='ltr'><strong>lapidem</strong></span> <span class='ocrx_word' id='word_1_557' title='bbox 3304 1328 3469 1385; x_wconf 82' lang='lat' dir='ltr'><strong>super</strong></span> <span class='ocrx_word' id='word_1_558' title='bbox 3492 1312 3741 1383; x_wconf 73' lang='lat' dir='ltr'><strong>lapidem,</strong></span> <span class='ocrx_word' id='word_1_559' title='bbox 3774 1316 3862 1373; x_wconf 75' lang='lat' dir='ltr'><strong>nisi</strong></span> 
     </span>
    </p>
   </div>
   <div class='ocr_carea' id='block_1_77' title="bbox 2300 1403 3862 1478">
    <p class='ocr_par' dir='ltr' id='par_1_77' title="bbox 2300 1403 3862 1478">
     <span class='ocr_line' id='line_1_77' title="bbox 2300 1403 3862 1478; baseline 0.002 -17"><span class='ocrx_word' id='word_1_560' title='bbox 2300 1406 2392 1477; x_wconf 86' lang='lat' dir='ltr'><strong>qui</strong></span> <span class='ocrx_word' id='word_1_561' title='bbox 2416 1406 2743 1478; x_wconf 82' lang='lat' dir='ltr'><strong>Baptismqu</strong></span> <span class='ocrx_word' id='word_1_562' title='bbox 2763 1422 2923 1476; x_wconf 82' lang='lat' dir='ltr'><strong>super</strong></span> <span class='ocrx_word' id='word_1_563' title='bbox 2942 1405 3271 1478; x_wconf 77' lang='lat' dir='ltr'><strong>Baptismum</strong></span> <span class='ocrx_word' id='word_1_564' title='bbox 3287 1403 3518 1476; x_wconf 76' lang='lat' dir='ltr'><strong>impenit</strong></span> <span class='ocrx_word' id='word_1_565' title='bbox 3541 1405 3565 1462; x_wconf 69' lang='grc' dir='ltr'><strong>ι</strong></span> <span class='ocrx_word' id='word_1_566' title='bbox 3585 1405 3687 1463; x_wconf 79' lang='lat' dir='ltr'><strong>Sed</strong></span> <span class='ocrx_word' id='word_1_567' title='bbox 3717 1408 3862 1464; x_wconf 82' lang='lat' dir='ltr'><strong>nolite</strong></span> 
     </span>
    </p>
   </div>
   <div class='ocr_carea' id='block_1_78' title="bbox 2301 1498 3860 1571">
    <p class='ocr_par' dir='ltr' id='par_1_78' title="bbox 2301 1498 3860 1571">
     <span class='ocr_line' id='line_1_78' title="bbox 2301 1498 3860 1571; baseline 0.001 -15"><span class='ocrx_word' id='word_1_568' title='bbox 2301 1500 2524 1567; x_wconf 86' lang='lat' dir='ltr'><strong>terreri;</strong></span> <span class='ocrx_word' id='word_1_569' title='bbox 2556 1516 2658 1555; x_wconf 81' lang='lat' dir='ltr'><strong>non</strong></span> <span class='ocrx_word' id='word_1_570' title='bbox 2685 1498 2994 1571; x_wconf 77' lang='lat' dir='ltr'><strong>relinquetur</strong></span> <span class='ocrx_word' id='word_1_571' title='bbox 3036 1500 3124 1569; x_wconf 81' lang='lat' dir='ltr'><strong>qui</strong></span> <span class='ocrx_word' id='word_1_572' title='bbox 3168 1516 3273 1556; x_wconf 81' lang='lat' dir='ltr'><strong>nea</strong></span> <span class='ocrx_word' id='word_1_573' title='bbox 3313 1499 3621 1561; x_wconf 67' lang='lat' dir='ltr'><strong>destruetur.</strong></span> <span class='ocrx_word' id='word_1_574' title='bbox 3658 1499 3860 1570; x_wconf 73' lang='lat' dir='ltr'><strong>Lapides</strong></span> 
     </span>
    </p>
   </div>
   <div class='ocr_carea' id='block_1_79' title="bbox 2302 1592 3865 1665">
    <p class='ocr_par' dir='ltr' id='par_1_79' title="bbox 2302 1592 3865 1665">
     <span class='ocr_line' id='line_1_79' title="bbox 2302 1592 3865 1665; baseline -0.001 -15"><span class='ocrx_word' id='word_1_575' title='bbox 2302 1594 2444 1650; x_wconf 85' lang='lat' dir='ltr'><strong>enim</strong></span> <span class='ocrx_word' id='word_1_576' title='bbox 2472 1593 2540 1649; x_wconf 90' lang='lat' dir='ltr'><strong>ad</strong></span> <span class='ocrx_word' id='word_1_577' title='bbox 2583 1594 2835 1651; x_wconf 78' lang='lat' dir='ltr'><strong>fabricam</strong></span> <span class='ocrx_word' id='word_1_578' title='bbox 2877 1608 3094 1659; x_wconf 65' lang='lat' dir='ltr'><strong>nonut.</strong></span> <span class='ocrx_word' id='word_1_579' title='bbox 3144 1608 3265 1664; x_wconf 64' lang='lat' dir='ltr'><strong>qua</strong></span> <span class='ocrx_word' id='word_1_580' title='bbox 3306 1592 3606 1655; x_wconf 66' lang='lat' dir='ltr'><strong>aediﬁcant!</strong></span> <span class='ocrx_word' id='word_1_581' title='bbox 3646 1604 3762 1665; x_wconf 67' lang='lat' dir='ltr'><strong>poet</strong></span> <span class='ocrx_word' id='word_1_582' title='bbox 3789 1609 3865 1649; x_wconf 89' lang='lat' dir='ltr'><strong>ca-</strong></span> 
     </span>
    </p>
   </div>
   <div class='ocr_carea' id='block_1_80' title="bbox 2301 1682 3860 1756">
    <p class='ocr_par' dir='ltr' id='par_1_80' title="bbox 2301 1682 3860 1756">
     <span class='ocr_line' id='line_1_80' title="bbox 2301 1682 3860 1756; baseline -0.003 -13"><span class='ocrx_word' id='word_1_583' title='bbox 2301 1686 2636 1756; x_wconf 78' lang='lat' dir='ltr'><strong>ptivitatem,</strong></span> <span class='ocrx_word' id='word_1_584' title='bbox 2671 1686 2751 1741; x_wconf 85' lang='lat' dir='ltr'><strong>sic</strong></span> <span class='ocrx_word' id='word_1_585' title='bbox 2781 1685 3122 1756; x_wconf 84' lang='lat' dir='ltr'><strong>colliguntur,</strong></span> <span class='ocrx_word' id='word_1_586' title='bbox 3168 1691 3228 1742; x_wconf 84' lang='lat' dir='ltr'><strong>et</strong></span> <span class='ocrx_word' id='word_1_587' title='bbox 3266 1685 3348 1741; x_wconf 86' lang='lat' dir='ltr'><strong>sic</strong></span> <span class='ocrx_word' id='word_1_588' title='bbox 3391 1684 3519 1742; x_wconf 81' lang='lat' dir='ltr'><strong>illos</strong></span> <span class='ocrx_word' id='word_1_589' title='bbox 3555 1682 3781 1742; x_wconf 77' lang='lat' dir='ltr'><strong>eharitae</strong></span> <span class='ocrx_word' id='word_1_590' title='bbox 3816 1685 3860 1740; x_wconf 89' lang='lat' dir='ltr'><strong>in</strong></span> 
     </span>
    </p>
   </div>
   <div class='ocr_carea' id='block_1_81' title="bbox 2304 1775 3860 1849">
    <p class='ocr_par' dir='ltr' id='par_1_81' title="bbox 2304 1775 3860 1849">
     <span class='ocr_line' id='line_1_81' title="bbox 2304 1775 3860 1849; baseline -0.002 -14"><span class='ocrx_word' id='word_1_591' title='bbox 2304 1777 2507 1835; x_wconf 84' lang='lat' dir='ltr'><strong>unitate</strong></span> <span class='ocrx_word' id='word_1_592' title='bbox 2526 1779 2859 1849; x_wconf 79' lang='lat' dir='ltr'><strong>constringit,</strong></span> <span class='ocrx_word' id='word_1_593' title='bbox 2879 1787 2939 1833; x_wconf 91' lang='lat' dir='ltr'><strong>ut</strong></span> <span class='ocrx_word' id='word_1_594' title='bbox 2960 1792 3070 1832; x_wconf 85' lang='lat' dir='ltr'><strong>non</strong></span> <span class='ocrx_word' id='word_1_595' title='bbox 3097 1776 3169 1835; x_wconf 87' lang='lat' dir='ltr'><strong>sit</strong></span> <span class='ocrx_word' id='word_1_596' title='bbox 3187 1776 3501 1847; x_wconf 81' lang='lat' dir='ltr'><strong>lapis-super</strong></span> <span class='ocrx_word' id='word_1_597' title='bbox 3528 1775 3767 1845; x_wconf 79' lang='lat' dir='ltr'><strong>lapidem,</strong></span> <span class='ocrx_word' id='word_1_598' title='bbox 3781 1775 3860 1832; x_wconf 85' lang='lat' dir='ltr'><strong>sed</strong></span> 
     </span>
    </p>
   </div>
   <div class='ocr_carea' id='block_1_82' title="bbox 2302 1868 3860 1941">
    <p class='ocr_par' dir='ltr' id='par_1_82' title="bbox 2302 1868 3860 1941">
     <span class='ocr_line' id='line_1_82' title="bbox 2302 1868 3860 1941; baseline -0.002 -15"><span class='ocrx_word' id='word_1_599' title='bbox 2302 1885 2438 1926; x_wconf 88' lang='lat' dir='ltr'><strong>unus</strong></span> <span class='ocrx_word' id='word_1_600' title='bbox 2463 1869 2597 1939; x_wconf 83' lang='lat' dir='ltr'><strong>lapis</strong></span> <span class='ocrx_word' id='word_1_601' title='bbox 2617 1869 2724 1925; x_wconf 88' lang='lat' dir='ltr'><strong>sint</strong></span> <span class='ocrx_word' id='word_1_602' title='bbox 2743 1884 2932 1926; x_wconf 87' lang='lat' dir='ltr'><strong>omnes</strong></span> <span class='ocrx_word' id='word_1_603' title='bbox 2951 1869 3172 1941; x_wconf 80' lang='lat' dir='ltr'><strong>lapides.</strong></span> <span class='ocrx_word' id='word_1_604' title='bbox 3191 1868 3273 1927; x_wconf 69' lang='lat' dir='ltr'><strong>ille</strong></span> <span class='ocrx_word' id='word_1_605' title='bbox 3290 1869 3565 1929; x_wconf 73' lang='lat' dir='ltr'><strong>miremini</strong></span> <span class='ocrx_word' id='word_1_606' title='bbox 3595 1886 3610 1924; x_wconf 86' lang='lat'><strong>:</strong></span> <span class='ocrx_word' id='word_1_607' title='bbox 3638 1869 3735 1927; x_wconf 84' lang='lat' dir='ltr'><strong>hoc</strong></span> <span class='ocrx_word' id='word_1_608' title='bbox 3759 1869 3860 1925; x_wconf 78' lang='lat' dir='ltr'><strong>fecit</strong></span> 
     </span>
    </p>
   </div>
   <div class='ocr_carea' id='block_1_83' title="bbox 2302 1960 3857 2029">
    <p class='ocr_par' dir='ltr' id='par_1_83' title="bbox 2302 1960 3857 2029">
     <span class='ocr_line' id='line_1_83' title="bbox 2302 1960 3857 2029; baseline -0.002 -13"><span class='ocrx_word' id='word_1_609' title='bbox 2302 1962 2567 2017; x_wconf 87' lang='lat' dir='ltr'><strong>canticum</strong></span> <span class='ocrx_word' id='word_1_610' title='bbox 2587 1977 2804 2029; x_wconf 88' lang='lat' dir='ltr'><strong>novum,</strong></span> <span class='ocrx_word' id='word_1_611' title='bbox 2818 1960 2870 2015; x_wconf 90' lang='lat' dir='ltr'><strong>id</strong></span> <span class='ocrx_word' id='word_1_612' title='bbox 2885 1970 2991 2028; x_wconf 88' lang='lat' dir='ltr'><strong>est,</strong></span> <span class='ocrx_word' id='word_1_613' title='bbox 3012 1961 3115 2016; x_wconf 89' lang='lat' dir='ltr'><strong>hoc</strong></span> <span class='ocrx_word' id='word_1_614' title='bbox 3138 1960 3266 2019; x_wconf 71' lang='lat' dir='ltr'><strong>fecit</strong></span> <span class='ocrx_word' id='word_1_615' title='bbox 3288 1962 3570 2017; x_wconf 76' lang='lat' dir='ltr'><strong>innovatis</strong></span> <span class='ocrx_word' id='word_1_616' title='bbox 3594 1961 3857 2017; x_wconf 85' lang='lat' dir='ltr'><strong>eharitatis.</strong></span> 
     </span>
    </p>
   </div>
   <div class='ocr_carea' id='block_1_84' title="bbox 2302 2052 3854 2124">
    <p class='ocr_par' dir='ltr' id='par_1_84' title="bbox 2302 2052 3854 2124">
     <span class='ocr_line' id='line_1_84' title="bbox 2302 2052 3854 2124; baseline -0.001 -16"><span class='ocrx_word' id='word_1_617' title='bbox 2302 2052 2386 2108; x_wconf 78' lang='lat' dir='ltr'><strong>Ad</strong></span> <span class='ocrx_word' id='word_1_618' title='bbox 2435 2052 2603 2121; x_wconf 85' lang='lat' dir='ltr'><strong>ipsam</strong></span> <span class='ocrx_word' id='word_1_619' title='bbox 2646 2061 2965 2109; x_wconf 77' lang='lat' dir='ltr'><strong>structuram</strong></span> <span class='ocrx_word' id='word_1_620' title='bbox 3010 2068 3108 2108; x_wconf 79' lang='lat' dir='ltr'><strong>nos</strong></span> <span class='ocrx_word' id='word_1_621' title='bbox 3149 2053 3444 2124; x_wconf 77' lang='lat' dir='ltr'><strong>eompingit</strong></span> <span class='ocrx_word' id='word_1_622' title='bbox 3489 2052 3784 2123; x_wconf 82' lang='lat' dir='ltr'><strong>Apostolus,</strong></span> <span class='ocrx_word' id='word_1_623' title='bbox 3810 2060 3854 2108; x_wconf 87' lang='lat' dir='ltr'><strong>et</strong></span> 
     </span>
    </p>
   </div>
   <div class='ocr_carea' id='block_1_85' title="bbox 2305 2145 3857 2216">
    <p class='ocr_par' dir='ltr' id='par_1_85' title="bbox 2305 2145 3857 2216">
     <span class='ocr_line' id='line_1_85' title="bbox 2305 2145 3857 2216; baseline -0.002 -15"><span class='ocrx_word' id='word_1_624' title='bbox 2305 2145 2372 2201; x_wconf 78' lang='lat' dir='ltr'><strong>in</strong></span> <span class='ocrx_word' id='word_1_625' title='bbox 2403 2146 2491 2203; x_wconf 88' lang='lat' dir='ltr'><strong>illa</strong></span> <span class='ocrx_word' id='word_1_626' title='bbox 2536 2147 2737 2202; x_wconf 84' lang='lat' dir='ltr'><strong>unitate</strong></span> <span class='ocrx_word' id='word_1_627' title='bbox 2779 2162 2875 2202; x_wconf 77' lang='lat' dir='ltr'><strong>nos</strong></span> <span class='ocrx_word' id='word_1_628' title='bbox 2910 2146 3229 2203; x_wconf 78' lang='lat' dir='ltr'><strong>constrictos</strong></span> <span class='ocrx_word' id='word_1_629' title='bbox 3271 2146 3635 2216; x_wconf 79' lang='lat' dir='ltr'><strong>compaginat,</strong></span> <span class='ocrx_word' id='word_1_630' title='bbox 3661 2145 3857 2201; x_wconf 86' lang='lat' dir='ltr'><strong>dicens:</strong></span> 
     </span>
    </p>
   </div>
   <div class='ocr_carea' id='block_1_86' title="bbox 2305 2236 3859 2305">
    <p class='ocr_par' dir='ltr' id='par_1_86' title="bbox 2305 2236 3859 2305">
     <span class='ocr_line' id='line_1_86' title="bbox 2305 2236 3859 2305; baseline -0.001 -12"><span class='ocrx_word' id='word_1_631' title='bbox 2305 2236 2618 2305; x_wconf 76' lang='lat' dir='ltr'><strong>Sit/ferentes</strong></span> <span class='ocrx_word' id='word_1_632' title='bbox 2638 2239 2852 2301; x_wconf 77' lang='lat' dir='ltr'><strong>invicem</strong></span> <span class='ocrx_word' id='word_1_633' title='bbox 2874 2239 2930 2293; x_wconf 87' lang='lat' dir='ltr'><strong>in</strong></span> <span class='ocrx_word' id='word_1_634' title='bbox 2960 2238 3245 2303; x_wconf 77' lang='lat' dir='ltr'><strong>dilectione,</strong></span> <span class='ocrx_word' id='word_1_635' title='bbox 3268 2239 3531 2295; x_wconf 77' lang='lat' dir='ltr'><strong>studentes</strong></span> <span class='ocrx_word' id='word_1_636' title='bbox 3551 2253 3742 2294; x_wconf 75' lang='lat' dir='ltr'><strong>mare</strong></span> <span class='ocrx_word' id='word_1_637' title='bbox 3763 2237 3859 2292; x_wconf 80' lang='lat' dir='ltr'><strong>uni-</strong></span> 
     </span>
    </p>
   </div>
   <div class='ocr_carea' id='block_1_87' title="bbox 2305 2329 3859 2405">
    <p class='ocr_par' dir='ltr' id='par_1_87' title="bbox 2305 2329 3859 2405">
     <span class='ocr_line' id='line_1_87' title="bbox 2305 2329 3859 2405; baseline 0.001 -18"><span class='ocrx_word' id='word_1_638' title='bbox 2305 2342 2456 2388; x_wconf 84' lang='lat' dir='ltr'><strong>tatem</strong></span> <span class='ocrx_word' id='word_1_639' title='bbox 2492 2334 2724 2402; x_wconf 72' lang='lat' dir='ltr'><strong>spiritus,</strong></span> <span class='ocrx_word' id='word_1_640' title='bbox 2746 2333 2807 2389; x_wconf 76' lang='lat' dir='ltr'><strong>in</strong></span> <span class='ocrx_word' id='word_1_641' title='bbox 2835 2332 3036 2389; x_wconf 79' lang='lat' dir='ltr'><strong>uinculo</strong></span> <span class='ocrx_word' id='word_1_642' title='bbox 3075 2333 3218 2402; x_wconf 76' lang='lat' dir='ltr'><strong>pacis</strong></span> <span class='ocrx_word' id='word_1_643' title='bbox 3247 2329 3468 2405; x_wconf 71' lang='lat' dir='ltr'><strong>(Epha.</strong></span> <span class='ocrx_word' id='word_1_644' title='bbox 3501 2347 3575 2399; x_wconf 81' lang='lat' dir='ltr'><strong>tv,</strong></span> <span class='ocrx_word' id='word_1_645' title='bbox 3603 2331 3658 2393; x_wconf 66' lang='lat'><strong>3,</strong></span> <span class='ocrx_word' id='word_1_646' title='bbox 3683 2329 3754 2403; x_wconf 74' lang='lat'><strong>5).</strong></span> <span class='ocrx_word' id='word_1_647' title='bbox 3780 2329 3859 2389; x_wconf 84' lang='lat' dir='ltr'><strong>Ubi</strong></span> 
     </span>
    </p>
   </div>
   <div class='ocr_carea' id='block_1_88' title="bbox 2305 2422 3857 2495">
    <p class='ocr_par' dir='ltr' id='par_1_88' title="bbox 2305 2422 3857 2495">
     <span class='ocr_line' id='line_1_88' title="bbox 2305 2422 3857 2495; baseline -0.001 -15"><span class='ocrx_word' id='word_1_648' title='bbox 2305 2426 2483 2480; x_wconf 88' lang='lat' dir='ltr'><strong>unitas</strong></span> <span class='ocrx_word' id='word_1_649' title='bbox 2513 2424 2762 2495; x_wconf 88' lang='lat' dir='ltr'><strong>Spiritus,</strong></span> <span class='ocrx_word' id='word_1_650' title='bbox 2796 2438 2935 2480; x_wconf 85' lang='lat' dir='ltr'><strong>unus</strong></span> <span class='ocrx_word' id='word_1_651' title='bbox 2965 2425 3128 2493; x_wconf 86' lang='lat' dir='ltr'><strong>lapis;</strong></span> <span class='ocrx_word' id='word_1_652' title='bbox 3154 2423 3249 2481; x_wconf 85' lang='lat' dir='ltr'><strong>sed</strong></span> <span class='ocrx_word' id='word_1_653' title='bbox 3277 2440 3419 2480; x_wconf 85' lang='lat' dir='ltr'><strong>unus</strong></span> <span class='ocrx_word' id='word_1_654' title='bbox 3446 2424 3580 2494; x_wconf 79' lang='lat' dir='ltr'><strong>lapis</strong></span> <span class='ocrx_word' id='word_1_655' title='bbox 3607 2423 3672 2480; x_wconf 87' lang='lat' dir='ltr'><strong>de</strong></span> <span class='ocrx_word' id='word_1_656' title='bbox 3708 2422 3857 2478; x_wconf 77' lang='lat' dir='ltr'><strong>multis</strong></span> 
     </span>
    </p>
   </div>
   <div class='ocr_carea' id='block_1_89' title="bbox 2304 2514 3860 2585">
    <p class='ocr_par' dir='ltr' id='par_1_89' title="bbox 2304 2514 3860 2585">
     <span class='ocr_line' id='line_1_89' title="bbox 2304 2514 3860 2585; baseline -0.002 -14"><span class='ocrx_word' id='word_1_657' title='bbox 2304 2515 2496 2573; x_wconf 78' lang='lat' dir='ltr'><strong>factus.</strong></span> <span class='ocrx_word' id='word_1_658' title='bbox 2527 2516 2808 2585; x_wconf 85' lang='lat' dir='ltr'><strong>Quomodo</strong></span> <span class='ocrx_word' id='word_1_659' title='bbox 2844 2516 2912 2573; x_wconf 84' lang='lat' dir='ltr'><strong>de</strong></span> <span class='ocrx_word' id='word_1_660' title='bbox 2940 2516 3121 2575; x_wconf 85' lang='lat' dir='ltr'><strong>multis</strong></span> <span class='ocrx_word' id='word_1_661' title='bbox 3166 2531 3305 2572; x_wconf 86' lang='lat' dir='ltr'><strong>unus</strong></span> <span class='ocrx_word' id='word_1_662' title='bbox 3347 2515 3561 2573; x_wconf 76' lang='lat' dir='ltr'><strong>factus?</strong></span> <span class='ocrx_word' id='word_1_663' title='bbox 3584 2514 3860 2571; x_wconf 61' lang='lat' dir='ltr'><strong>Sudor-endo</strong></span> 
     </span>
    </p>
   </div>
   <div class='ocr_carea' id='block_1_90' title="bbox 2306 2604 3857 2678">
    <p class='ocr_par' dir='ltr' id='par_1_90' title="bbox 2306 2604 3857 2678">
     <span class='ocr_line' id='line_1_90' title="bbox 2306 2604 3857 2678; baseline -0.004 -12"><span class='ocrx_word' id='word_1_664' title='bbox 2306 2610 2536 2667; x_wconf 85' lang='lat' dir='ltr'><strong>invicem</strong></span> <span class='ocrx_word' id='word_1_665' title='bbox 2564 2611 2620 2666; x_wconf 86' lang='lat' dir='ltr'><strong>in</strong></span> <span class='ocrx_word' id='word_1_666' title='bbox 2642 2608 2948 2666; x_wconf 86' lang='lat' dir='ltr'><strong>dilectione.</strong></span> <span class='ocrx_word' id='word_1_667' title='bbox 2976 2607 3291 2669; x_wconf 64' lang='lat' dir='ltr'><strong>tEdiiicatur</strong></span> <span class='ocrx_word' id='word_1_668' title='bbox 3316 2623 3450 2678; x_wconf 86' lang='lat' dir='ltr'><strong>ergo</strong></span> <span class='ocrx_word' id='word_1_669' title='bbox 3475 2607 3660 2669; x_wconf 78' lang='lat' dir='ltr'><strong>domus</strong></span> <span class='ocrx_word' id='word_1_670' title='bbox 3684 2604 3857 2661; x_wconf 80' lang='lat' dir='ltr'><strong>Domini</strong></span> 
     </span>
    </p>
   </div>
   <div class='ocr_carea' id='block_1_91' title="bbox 2307 2700 3847 2772">
    <p class='ocr_par' dir='ltr' id='par_1_91' title="bbox 2307 2700 3847 2772">
     <span class='ocr_line' id='line_1_91' title="bbox 2307 2700 3847 2772; baseline -0.006 -9"><span class='ocrx_word' id='word_1_671' title='bbox 2307 2705 2405 2763; x_wconf 85' lang='lat' dir='ltr'><strong>Dei</strong></span> <span class='ocrx_word' id='word_1_672' title='bbox 2434 2704 2622 2771; x_wconf 86' lang='lat' dir='ltr'><strong>nostri,</strong></span> <span class='ocrx_word' id='word_1_673' title='bbox 2645 2704 2940 2761; x_wconf 64' lang='lat' dir='ltr'><strong>aediﬁcatur</strong></span> <span class='ocrx_word' id='word_1_674' title='bbox 2970 2721 2984 2758; x_wconf 89' lang='lat'><strong>:</strong></span> <span class='ocrx_word' id='word_1_675' title='bbox 3014 2703 3117 2758; x_wconf 87' lang='lat' dir='ltr'><strong>hoc</strong></span> <span class='ocrx_word' id='word_1_676' title='bbox 3146 2701 3229 2769; x_wconf 84' lang='lat' dir='ltr'><strong>(it,</strong></span> <span class='ocrx_word' id='word_1_677' title='bbox 3255 2701 3360 2757; x_wconf 86' lang='lat' dir='ltr'><strong>hoc</strong></span> <span class='ocrx_word' id='word_1_678' title='bbox 3387 2701 3581 2772; x_wconf 86' lang='lat' dir='ltr'><strong>agitur,</strong></span> <span class='ocrx_word' id='word_1_679' title='bbox 3601 2700 3696 2755; x_wconf 87' lang='lat' dir='ltr'><strong>hoc</strong></span> <span class='ocrx_word' id='word_1_680' title='bbox 3717 2712 3847 2754; x_wconf 79' lang='lat' dir='ltr'><strong>voces</strong></span> 
     </span>
    </p>
   </div>
   <div class='ocr_carea' id='block_1_92' title="bbox 2308 2787 3856 2867">
    <p class='ocr_par' dir='ltr' id='par_1_92' title="bbox 2308 2787 3856 2867">
     <span class='ocr_line' id='line_1_92' title="bbox 2308 2787 3856 2867; baseline -0.006 -16"><span class='ocrx_word' id='word_1_681' title='bbox 2308 2796 2427 2852; x_wconf 78' lang='lat' dir='ltr'><strong>istae</strong></span> <span class='ocrx_word' id='word_1_682' title='bbox 2451 2804 2632 2867; x_wconf 88' lang='lat' dir='ltr'><strong>agunt,</strong></span> <span class='ocrx_word' id='word_1_683' title='bbox 2661 2794 2765 2850; x_wconf 85' lang='lat' dir='ltr'><strong>hoc</strong></span> <span class='ocrx_word' id='word_1_684' title='bbox 2811 2794 3090 2859; x_wconf 84' lang='lat' dir='ltr'><strong>lectiones,</strong></span> <span class='ocrx_word' id='word_1_685' title='bbox 3116 2791 3222 2851; x_wconf 85' lang='lat' dir='ltr'><strong>hoc</strong></span> <span class='ocrx_word' id='word_1_686' title='bbox 3265 2791 3578 2861; x_wconf 70' lang='lat' dir='ltr'><strong>praedicatio</strong></span> <span class='ocrx_word' id='word_1_687' title='bbox 3622 2787 3856 2859; x_wconf 73' lang='lat' dir='ltr'><strong>Evangelii</strong></span> 
     </span>
    </p>
   </div>
   <div class='ocr_carea' id='block_1_93' title="bbox 2308 2883 3855 2949">
    <p class='ocr_par' dir='ltr' id='par_1_93' title="bbox 2308 2883 3855 2949">
     <span class='ocr_line' id='line_1_93' title="bbox 2308 2883 3855 2949; baseline -0.005 -3"><span class='ocrx_word' id='word_1_688' title='bbox 2308 2898 2421 2947; x_wconf 89' lang='lat' dir='ltr'><strong>toto</strong></span> <span class='ocrx_word' id='word_1_689' title='bbox 2442 2889 2573 2945; x_wconf 84' lang='lat' dir='ltr'><strong>orbe</strong></span> <span class='ocrx_word' id='word_1_690' title='bbox 2600 2896 2897 2949; x_wconf 87' lang='lat' dir='ltr'><strong>terrarum;</strong></span> <span class='ocrx_word' id='word_1_691' title='bbox 2928 2886 3104 2943; x_wconf 83' lang='lat' dir='ltr'><strong>adhuc</strong></span> <span class='ocrx_word' id='word_1_692' title='bbox 3130 2886 3448 2943; x_wconf 72' lang='lat' dir='ltr'><strong>aediﬁcatur.</strong></span> <span class='ocrx_word' id='word_1_693' title='bbox 3461 2884 3641 2943; x_wconf 83' lang='lat' dir='ltr'><strong>Crevit</strong></span> <span class='ocrx_word' id='word_1_694' title='bbox 3667 2883 3855 2940; x_wconf 66' lang='lat' dir='ltr'><strong>multum</strong></span> 
     </span>
    </p>
   </div>
   <div class='ocr_carea' id='block_1_94' title="bbox 2306 2976 3855 3049">
    <p class='ocr_par' dir='ltr' id='par_1_94' title="bbox 2306 2976 3855 3049">
     <span class='ocr_line' id='line_1_94' title="bbox 2306 2976 3855 3049; baseline -0.006 -12"><span class='ocrx_word' id='word_1_695' title='bbox 2306 2980 2501 3037; x_wconf 84' lang='lat' dir='ltr'><strong>domus</strong></span> <span class='ocrx_word' id='word_1_696' title='bbox 2525 2980 2660 3044; x_wconf 71' lang='lat' dir='ltr'><strong>inec.</strong></span> <span class='ocrx_word' id='word_1_697' title='bbox 2690 2988 2747 3035; x_wconf 88' lang='lat' dir='ltr'><strong>et</strong></span> <span class='ocrx_word' id='word_1_698' title='bbox 2774 2978 2971 3037; x_wconf 82' lang='lat' dir='ltr'><strong>multas</strong></span> <span class='ocrx_word' id='word_1_699' title='bbox 3005 2985 3197 3049; x_wconf 88' lang='lat' dir='ltr'><strong>gentes</strong></span> <span class='ocrx_word' id='word_1_700' title='bbox 3224 2978 3467 3048; x_wconf 77' lang='lat' dir='ltr'><strong>implevit</strong></span> <span class='ocrx_word' id='word_1_701' title='bbox 3497 2996 3511 3032; x_wconf 90' lang='lat'><strong>:</strong></span> <span class='ocrx_word' id='word_1_702' title='bbox 3543 2976 3762 3033; x_wconf 83' lang='lat' dir='ltr'><strong>nondum</strong></span> <span class='ocrx_word' id='word_1_703' title='bbox 3796 2982 3855 3028; x_wconf 84' lang='lat' dir='ltr'><strong>ta-</strong></span> 
     </span>
    </p>
   </div>
   <div class='ocr_carea' id='block_1_95' title="bbox 2309 3066 3856 3144">
    <p class='ocr_par' dir='ltr' id='par_1_95' title="bbox 2309 3066 3856 3144">
     <span class='ocr_line' id='line_1_95' title="bbox 2309 3066 3856 3144; baseline -0.008 -12"><span class='ocrx_word' id='word_1_704' title='bbox 2309 3090 2433 3131; x_wconf 88' lang='lat' dir='ltr'><strong>men</strong></span> <span class='ocrx_word' id='word_1_705' title='bbox 2479 3086 2668 3130; x_wconf 89' lang='lat' dir='ltr'><strong>omnes</strong></span> <span class='ocrx_word' id='word_1_706' title='bbox 2708 3078 2898 3144; x_wconf 85' lang='lat' dir='ltr'><strong>gentes</strong></span> <span class='ocrx_word' id='word_1_707' title='bbox 2960 3072 3240 3142; x_wconf 76' lang='lat' dir='ltr'><strong>occupavit</strong></span> <span class='ocrx_word' id='word_1_708' title='bbox 3286 3087 3299 3124; x_wconf 89' lang='lat'><strong>:</strong></span> <span class='ocrx_word' id='word_1_709' title='bbox 3344 3068 3639 3127; x_wconf 85' lang='lat' dir='ltr'><strong>crescendo</strong></span> <span class='ocrx_word' id='word_1_710' title='bbox 3698 3066 3856 3124; x_wconf 85' lang='lat' dir='ltr'><strong>multas</strong></span> 
     </span>
    </p>
   </div>
   <div class='ocr_carea' id='block_1_96' title="bbox 2309 3158 3854 3236">
    <p class='ocr_par' dir='ltr' id='par_1_96' title="bbox 2309 3158 3854 3236">
     <span class='ocr_line' id='line_1_96' title="bbox 2309 3158 3854 3236; baseline -0.01 -9"><span class='ocrx_word' id='word_1_711' title='bbox 2309 3170 2497 3235; x_wconf 81' lang='lat' dir='ltr'><strong>tenuit,</strong></span> <span class='ocrx_word' id='word_1_712' title='bbox 2533 3182 2720 3223; x_wconf 88' lang='lat' dir='ltr'><strong>omnes</strong></span> <span class='ocrx_word' id='word_1_713' title='bbox 2749 3174 3072 3236; x_wconf 87' lang='lat' dir='ltr'><strong>occupatura</strong></span> <span class='ocrx_word' id='word_1_714' title='bbox 3097 3174 3210 3231; x_wconf 89' lang='lat' dir='ltr'><strong>est;</strong></span> <span class='ocrx_word' id='word_1_715' title='bbox 3240 3173 3297 3221; x_wconf 90' lang='lat' dir='ltr'><strong>et</strong></span> <span class='ocrx_word' id='word_1_716' title='bbox 3314 3163 3692 3220; x_wconf 87' lang='lat' dir='ltr'><strong>contradicitur</strong></span> <span class='ocrx_word' id='word_1_717' title='bbox 3715 3160 3775 3215; x_wconf 87' lang='lat' dir='ltr'><strong>ab</strong></span> <span class='ocrx_word' id='word_1_718' title='bbox 3793 3158 3854 3214; x_wconf 84' lang='lat' dir='ltr'><strong>eis</strong></span> 
     </span>
    </p>
   </div>
   <div class='ocr_carea' id='block_1_97' title="bbox 2306 3252 3851 3334">
    <p class='ocr_par' dir='ltr' id='par_1_97' title="bbox 2306 3252 3851 3334">
     <span class='ocr_line' id='line_1_97' title="bbox 2306 3252 3851 3334; baseline -0.008 -17"><span class='ocrx_word' id='word_1_719' title='bbox 2306 3263 2397 3334; x_wconf 85' lang='lat' dir='ltr'><strong>qui</strong></span> <span class='ocrx_word' id='word_1_720' title='bbox 2418 3262 2739 3317; x_wconf 88' lang='lat' dir='ltr'><strong>domesticos</strong></span> <span class='ocrx_word' id='word_1_721' title='bbox 2756 3260 2875 3330; x_wconf 84' lang='lat' dir='ltr'><strong>ejus</strong></span> <span class='ocrx_word' id='word_1_722' title='bbox 2900 3274 2959 3315; x_wconf 87' lang='lat' dir='ltr'><strong>se</strong></span> <span class='ocrx_word' id='word_1_723' title='bbox 2976 3274 3098 3316; x_wconf 89' lang='lat' dir='ltr'><strong>esse</strong></span> <span class='ocrx_word' id='word_1_724' title='bbox 3118 3259 3439 3329; x_wconf 71' lang='lat' dir='ltr'><strong>gloriantur,</strong></span> <span class='ocrx_word' id='word_1_725' title='bbox 3462 3268 3518 3313; x_wconf 90' lang='lat' dir='ltr'><strong>et</strong></span> <span class='ocrx_word' id='word_1_726' title='bbox 3539 3258 3735 3321; x_wconf 89' lang='lat' dir='ltr'><strong>dicitur,</strong></span> <span class='ocrx_word' id='word_1_727' title='bbox 3754 3252 3851 3310; x_wconf 76' lang='lat' dir='ltr'><strong>lant</strong></span> 
     </span>
    </p>
   </div>
   <div class='ocr_carea' id='block_1_98' title="bbox 2307 3350 3857 3418">
    <p class='ocr_par' dir='ltr' id='par_1_98' title="bbox 2307 3350 3857 3418">
     <span class='ocr_line' id='line_1_98' title="bbox 2307 3350 3857 3418; baseline -0.008 -8"><span class='ocrx_word' id='word_1_728' title='bbox 2307 3352 2565 3410; x_wconf 86' lang='lat' dir='ltr'><strong>decrevit.</strong></span> <span class='ocrx_word' id='word_1_729' title='bbox 2594 3352 2781 3407; x_wconf 81' lang='lat' dir='ltr'><strong>Adhuc</strong></span> <span class='ocrx_word' id='word_1_730' title='bbox 2804 3352 3022 3418; x_wconf 84' lang='lat' dir='ltr'><strong>crescit,</strong></span> <span class='ocrx_word' id='word_1_731' title='bbox 3048 3350 3224 3406; x_wconf 83' lang='lat' dir='ltr'><strong>adhuc</strong></span> <span class='ocrx_word' id='word_1_732' title='bbox 3251 3350 3538 3407; x_wconf 74' lang='lat' dir='ltr'><strong>creditura:</strong></span> <span class='ocrx_word' id='word_1_733' title='bbox 3563 3357 3677 3404; x_wconf 89' lang='lat' dir='ltr'><strong>sunt</strong></span> <span class='ocrx_word' id='word_1_734' title='bbox 3703 3358 3857 3401; x_wconf 84' lang='lat' dir='ltr'><strong>omnes</strong></span> 
     </span>
    </p>
   </div>
   <div class='ocr_carea' id='block_1_99' title="bbox 2308 3436 3855 3517">
    <p class='ocr_par' dir='ltr' id='par_1_99' title="bbox 2308 3436 3855 3517">
     <span class='ocr_line' id='line_1_99' title="bbox 2308 3436 3855 3517; baseline -0.006 -18"><span class='ocrx_word' id='word_1_735' title='bbox 2308 3452 2497 3517; x_wconf 79' lang='lat' dir='ltr'><strong>gentes</strong></span> <span class='ocrx_word' id='word_1_736' title='bbox 2537 3461 2657 3516; x_wconf 72' lang='lat' dir='ltr'><strong>quae</strong></span> <span class='ocrx_word' id='word_1_737' title='bbox 2705 3444 2942 3500; x_wconf 88' lang='lat' dir='ltr'><strong>nondum</strong></span> <span class='ocrx_word' id='word_1_738' title='bbox 2982 3442 3327 3501; x_wconf 83' lang='lat' dir='ltr'><strong>crediderunt</strong></span> <span class='ocrx_word' id='word_1_739' title='bbox 3359 3460 3373 3498; x_wconf 90' lang='lat'><strong>:</strong></span> <span class='ocrx_word' id='word_1_740' title='bbox 3405 3458 3474 3498; x_wconf 86' lang='lat' dir='ltr'><strong>ne</strong></span> <span class='ocrx_word' id='word_1_741' title='bbox 3501 3441 3617 3510; x_wconf 85' lang='lat' dir='ltr'><strong>quis</strong></span> <span class='ocrx_word' id='word_1_742' title='bbox 3640 3439 3783 3503; x_wconf 86' lang='lat' dir='ltr'><strong>dicat,</strong></span> <span class='ocrx_word' id='word_1_743' title='bbox 3807 3436 3855 3491; x_wconf 87' lang='lat' dir='ltr'><strong>Et</strong></span> 
     </span>
    </p>
   </div>
   <div class='ocr_carea' id='block_1_100' title="bbox 2309 3529 3855 3609">
    <p class='ocr_par' dir='ltr' id='par_1_100' title="bbox 2309 3529 3855 3609">
     <span class='ocr_line' id='line_1_100' title="bbox 2309 3529 3855 3609; baseline -0.008 -15"><span class='ocrx_word' id='word_1_744' title='bbox 2309 3540 2400 3595; x_wconf 90' lang='lat' dir='ltr'><strong>illa</strong></span> <span class='ocrx_word' id='word_1_745' title='bbox 2442 3539 2620 3609; x_wconf 87' lang='lat' dir='ltr'><strong>lingua</strong></span> <span class='ocrx_word' id='word_1_746' title='bbox 2668 3537 2939 3601; x_wconf 84' lang='lat' dir='ltr'><strong>creditura</strong></span> <span class='ocrx_word' id='word_1_747' title='bbox 2984 3536 3099 3592; x_wconf 76' lang='lat' dir='ltr'><strong>est?</strong></span> <span class='ocrx_word' id='word_1_748' title='bbox 3122 3545 3178 3592; x_wconf 89' lang='lat' dir='ltr'><strong>et</strong></span> <span class='ocrx_word' id='word_1_749' title='bbox 3205 3535 3429 3593; x_wconf 81' lang='lat' dir='ltr'><strong>Barbari</strong></span> <span class='ocrx_word' id='word_1_750' title='bbox 3460 3534 3702 3595; x_wconf 86' lang='lat' dir='ltr'><strong>credituri</strong></span> <span class='ocrx_word' id='word_1_751' title='bbox 3724 3529 3855 3586; x_wconf 76' lang='lat' dir='ltr'><strong>sunt?</strong></span> 
     </span>
    </p>
   </div>
   <div class='ocr_carea' id='block_1_101' title="bbox 2310 3622 3854 3704">
    <p class='ocr_par' dir='ltr' id='par_1_101' title="bbox 2310 3622 3854 3704">
     <span class='ocr_line' id='line_1_101' title="bbox 2310 3622 3854 3704; baseline -0.009 -15"><span class='ocrx_word' id='word_1_752' title='bbox 2310 3635 2379 3690; x_wconf 83' lang='lat' dir='ltr'><strong>Et</strong></span> <span class='ocrx_word' id='word_1_753' title='bbox 2403 3634 2533 3704; x_wconf 86' lang='lat' dir='ltr'><strong>quid</strong></span> <span class='ocrx_word' id='word_1_754' title='bbox 2562 3634 2661 3689; x_wconf 89' lang='lat' dir='ltr'><strong>sibi</strong></span> <span class='ocrx_word' id='word_1_755' title='bbox 2686 3632 2801 3689; x_wconf 85' lang='lat' dir='ltr'><strong>vult</strong></span> <span class='ocrx_word' id='word_1_756' title='bbox 2827 3630 2970 3703; x_wconf 84' lang='lat' dir='ltr'><strong>quod</strong></span> <span class='ocrx_word' id='word_1_757' title='bbox 3014 3630 3244 3702; x_wconf 78' lang='lat' dir='ltr'><strong>Spiritus</strong></span> <span class='ocrx_word' id='word_1_758' title='bbox 3291 3641 3514 3687; x_wconf 80' lang='lat' dir='ltr'><strong>sanctus</strong></span> <span class='ocrx_word' id='word_1_759' title='bbox 3553 3626 3781 3697; x_wconf 83' lang='lat' dir='ltr'><strong>apparuit</strong></span> <span class='ocrx_word' id='word_1_760' title='bbox 3812 3622 3854 3676; x_wconf 89' lang='lat' dir='ltr'><strong>in</strong></span> 
     </span>
    </p>
   </div>
   <div class='ocr_carea' id='block_1_102' title="bbox 2309 3714 3854 3797">
    <p class='ocr_par' dir='ltr' id='par_1_102' title="bbox 2309 3714 3854 3797">
     <span class='ocr_line' id='line_1_102' title="bbox 2309 3714 3854 3797; baseline -0.008 -16"><span class='ocrx_word' id='word_1_761' title='bbox 2309 3726 2502 3797; x_wconf 82' lang='lat' dir='ltr'><strong>linguis</strong></span> <span class='ocrx_word' id='word_1_762' title='bbox 2530 3726 2697 3795; x_wconf 84' lang='lat' dir='ltr'><strong>igneis</strong></span> <span class='ocrx_word' id='word_1_763' title='bbox 2726 3723 2863 3796; x_wconf 78' lang='lat' dir='ltr'><strong>(Act.</strong></span> <span class='ocrx_word' id='word_1_764' title='bbox 2891 3739 2947 3790; x_wconf 84' lang='lat' dir='ltr'><strong>tt,</strong></span> <span class='ocrx_word' id='word_1_765' title='bbox 2979 3722 3056 3794; x_wconf 67' lang='grc' dir='ltr'><strong>ὅ).</strong></span> <span class='ocrx_word' id='word_1_766' title='bbox 3081 3722 3184 3779; x_wconf 88' lang='lat' dir='ltr'><strong>nisi</strong></span> <span class='ocrx_word' id='word_1_767' title='bbox 3209 3724 3331 3794; x_wconf 79' lang='lat' dir='ltr'><strong>quia</strong></span> <span class='ocrx_word' id='word_1_768' title='bbox 3358 3722 3555 3783; x_wconf 83' lang='lat' dir='ltr'><strong>nullius</strong></span> <span class='ocrx_word' id='word_1_769' title='bbox 3579 3721 3751 3790; x_wconf 69' lang='lat' dir='ltr'><strong>lingua:</strong></span> <span class='ocrx_word' id='word_1_770' title='bbox 3773 3714 3854 3770; x_wconf 88' lang='lat' dir='ltr'><strong>du-</strong></span> 
     </span>
    </p>
   </div>
   <div class='ocr_carea' id='block_1_103' title="bbox 2311 3810 3852 3887">
    <p class='ocr_par' dir='ltr' id='par_1_103' title="bbox 2311 3810 3852 3887">
     <span class='ocr_line' id='line_1_103' title="bbox 2311 3810 3852 3887; baseline -0.008 -14"><span class='ocrx_word' id='word_1_771' title='bbox 2311 3818 2430 3873; x_wconf 88' lang='lat' dir='ltr'><strong>ritia</strong></span> <span class='ocrx_word' id='word_1_772' title='bbox 2455 3825 2537 3874; x_wconf 88' lang='lat' dir='ltr'><strong>est</strong></span> <span class='ocrx_word' id='word_1_773' title='bbox 2556 3830 2675 3887; x_wconf 75' lang='lat' dir='ltr'><strong>quis</strong></span> <span class='ocrx_word' id='word_1_774' title='bbox 2703 3831 2806 3871; x_wconf 91' lang='lat' dir='ltr'><strong>non</strong></span> <span class='ocrx_word' id='word_1_775' title='bbox 2838 3816 2930 3870; x_wconf 81' lang='lat' dir='ltr'><strong>Illo</strong></span> <span class='ocrx_word' id='word_1_776' title='bbox 2955 3815 3077 3886; x_wconf 87' lang='lat' dir='ltr'><strong>igne</strong></span> <span class='ocrx_word' id='word_1_777' title='bbox 3101 3814 3381 3871; x_wconf 76' lang='lat' dir='ltr'><strong>solvatur?</strong></span> <span class='ocrx_word' id='word_1_778' title='bbox 3402 3813 3585 3885; x_wconf 84' lang='lat' dir='ltr'><strong>Neque</strong></span> <span class='ocrx_word' id='word_1_779' title='bbox 3617 3810 3747 3867; x_wconf 89' lang='lat' dir='ltr'><strong>enim</strong></span> <span class='ocrx_word' id='word_1_780' title='bbox 3771 3819 3852 3861; x_wconf 85' lang='lat' dir='ltr'><strong>non</strong></span> 
     </span>
    </p>
   </div>
   <div class='ocr_carea' id='block_1_104' title="bbox 2310 3898 3853 3979">
    <p class='ocr_par' dir='ltr' id='par_1_104' title="bbox 2310 3898 3853 3979">
     <span class='ocr_line' id='line_1_104' title="bbox 2310 3898 3853 3979; baseline -0.01 -15"><span class='ocrx_word' id='word_1_781' title='bbox 2310 3908 2566 3965; x_wconf 84' lang='lat' dir='ltr'><strong>habemus</strong></span> <span class='ocrx_word' id='word_1_782' title='bbox 2614 3908 2728 3979; x_wconf 72' lang='lat' dir='ltr'><strong>iam</strong></span> <span class='ocrx_word' id='word_1_783' title='bbox 2783 3908 2977 3963; x_wconf 88' lang='lat' dir='ltr'><strong>multas</strong></span> <span class='ocrx_word' id='word_1_784' title='bbox 3030 3916 3219 3977; x_wconf 88' lang='lat' dir='ltr'><strong>gentes</strong></span> <span class='ocrx_word' id='word_1_785' title='bbox 3284 3906 3548 3963; x_wconf 77' lang='lat' dir='ltr'><strong>Barbarae</strong></span> <span class='ocrx_word' id='word_1_786' title='bbox 3603 3898 3853 3958; x_wconf 75' lang='lat' dir='ltr'><strong>credidisse</strong></span> 
     </span>
    </p>
   </div>
   <div class='ocr_carea' id='block_1_105' title="bbox 2310 3990 3852 4070">
    <p class='ocr_par' dir='ltr' id='par_1_105' title="bbox 2310 3990 3852 4070">
     <span class='ocr_line' id='line_1_105' title="bbox 2310 3990 3852 4070; baseline -0.008 -15"><span class='ocrx_word' id='word_1_787' title='bbox 2310 3999 2521 4056; x_wconf 87' lang='lat' dir='ltr'><strong>Christo</strong></span> <span class='ocrx_word' id='word_1_788' title='bbox 2550 4017 2566 4054; x_wconf 91' lang='lat'><strong>:</strong></span> <span class='ocrx_word' id='word_1_789' title='bbox 2592 4014 2699 4070; x_wconf 90' lang='lat' dir='ltr'><strong>quo</strong></span> <span class='ocrx_word' id='word_1_790' title='bbox 2726 3998 2959 4054; x_wconf 90' lang='lat' dir='ltr'><strong>nondum</strong></span> <span class='ocrx_word' id='word_1_791' title='bbox 2990 4005 3289 4068; x_wconf 79' lang='lat' dir='ltr'><strong>porrectum</strong></span> <span class='ocrx_word' id='word_1_792' title='bbox 3326 4008 3412 4054; x_wconf 76' lang='lat' dir='ltr'><strong>est</strong></span> <span class='ocrx_word' id='word_1_793' title='bbox 3456 3997 3737 4053; x_wconf 78' lang='lat' dir='ltr'><strong>Romanum</strong></span> <span class='ocrx_word' id='word_1_794' title='bbox 3777 3990 3852 4044; x_wconf 87' lang='lat' dir='ltr'><strong>im-</strong></span> 
     </span>
    </p>
   </div>
   <div class='ocr_carea' id='block_1_106' title="bbox 2312 4085 3846 4165">
    <p class='ocr_par' dir='ltr' id='par_1_106' title="bbox 2312 4085 3846 4165">
     <span class='ocr_line' id='line_1_106' title="bbox 2312 4085 3846 4165; baseline -0.009 -17"><span class='ocrx_word' id='word_1_795' title='bbox 2312 4093 2540 4165; x_wconf 89' lang='lat' dir='ltr'><strong>perium,</strong></span> <span class='ocrx_word' id='word_1_796' title='bbox 2566 4091 2675 4162; x_wconf 83' lang='lat' dir='ltr'><strong>jam</strong></span> <span class='ocrx_word' id='word_1_797' title='bbox 2704 4091 2951 4147; x_wconf 82' lang='lat' dir='ltr'><strong>Christus</strong></span> <span class='ocrx_word' id='word_1_798' title='bbox 2977 4090 3242 4160; x_wconf 84' lang='lat' dir='ltr'><strong>possidet;</strong></span> <span class='ocrx_word' id='word_1_799' title='bbox 3271 4090 3415 4159; x_wconf 89' lang='lat' dir='ltr'><strong>quod</strong></span> <span class='ocrx_word' id='word_1_800' title='bbox 3441 4088 3612 4144; x_wconf 85' lang='lat' dir='ltr'><strong>adhuc</strong></span> <span class='ocrx_word' id='word_1_801' title='bbox 3648 4085 3846 4140; x_wconf 85' lang='lat' dir='ltr'><strong>clausum</strong></span> 
     </span>
    </p>
   </div>
   <div class='ocr_carea' id='block_1_107' title="bbox 2311 4175 3849 4257">
    <p class='ocr_par' dir='ltr' id='par_1_107' title="bbox 2311 4175 3849 4257">
     <span class='ocr_line' id='line_1_107' title="bbox 2311 4175 3849 4257; baseline -0.01 -13"><span class='ocrx_word' id='word_1_802' title='bbox 2311 4197 2395 4244; x_wconf 88' lang='lat' dir='ltr'><strong>est</strong></span> <span class='ocrx_word' id='word_1_803' title='bbox 2409 4188 2488 4243; x_wconf 87' lang='lat' dir='ltr'><strong>eis</strong></span> <span class='ocrx_word' id='word_1_804' title='bbox 2504 4187 2592 4257; x_wconf 90' lang='lat' dir='ltr'><strong>qui</strong></span> <span class='ocrx_word' id='word_1_805' title='bbox 2620 4185 2761 4241; x_wconf 79' lang='lat' dir='ltr'><strong>ferro</strong></span> <span class='ocrx_word' id='word_1_806' title='bbox 2787 4193 3042 4256; x_wconf 88' lang='lat' dir='ltr'><strong>pugnant,</strong></span> <span class='ocrx_word' id='word_1_807' title='bbox 3062 4199 3168 4238; x_wconf 90' lang='lat' dir='ltr'><strong>non</strong></span> <span class='ocrx_word' id='word_1_808' title='bbox 3188 4191 3272 4239; x_wconf 89' lang='lat' dir='ltr'><strong>est</strong></span> <span class='ocrx_word' id='word_1_809' title='bbox 3291 4183 3529 4239; x_wconf 75' lang='lat' dir='ltr'><strong>clattsum</strong></span> <span class='ocrx_word' id='word_1_810' title='bbox 3555 4180 3626 4236; x_wconf 89' lang='lat' dir='ltr'><strong>illi</strong></span> <span class='ocrx_word' id='word_1_811' title='bbox 3646 4177 3725 4248; x_wconf 91' lang='lat' dir='ltr'><strong>qui</strong></span> <span class='ocrx_word' id='word_1_812' title='bbox 3739 4175 3849 4243; x_wconf 79' lang='lat' dir='ltr'><strong>ligno</strong></span> 
     </span>
    </p>
   </div>
   <div class='ocr_carea' id='block_1_108' title="bbox 2314 4261 3849 4351">
    <p class='ocr_par' dir='ltr' id='par_1_108' title="bbox 2314 4261 3849 4351">
     <span class='ocr_line' id='line_1_108' title="bbox 2314 4261 3849 4351; baseline -0.008 -17"><span class='ocrx_word' id='word_1_813' title='bbox 2314 4294 2529 4351; x_wconf 85' lang='lat' dir='ltr'><strong>pugnat.</strong></span> <span class='ocrx_word' id='word_1_814' title='bbox 2560 4280 2815 4335; x_wconf 87' lang='lat' dir='ltr'><strong>Dominus</strong></span> <span class='ocrx_word' id='word_1_815' title='bbox 2849 4279 2992 4334; x_wconf 89' lang='lat' dir='ltr'><strong>enim</strong></span> <span class='ocrx_word' id='word_1_816' title='bbox 3034 4278 3274 4347; x_wconf 85' lang='lat' dir='ltr'><strong>regnavit</strong></span> <span class='ocrx_word' id='word_1_817' title='bbox 3301 4292 3332 4333; x_wconf 87' lang='lat' dir='ltr'><strong>a</strong></span> <span class='ocrx_word' id='word_1_818' title='bbox 3355 4276 3519 4347; x_wconf 75' lang='lat' dir='ltr'><strong>ligno.</strong></span> <span class='ocrx_word' id='word_1_819' title='bbox 3546 4271 3669 4343; x_wconf 81' lang='lat' dir='ltr'><strong>Quis</strong></span> <span class='ocrx_word' id='word_1_820' title='bbox 3688 4261 3849 4334; x_wconf 77' lang='lat' dir='ltr'><strong>estqui</strong></span> 
     </span>
    </p>
   </div>
   <div class='ocr_carea' id='block_1_109' title="bbox 2313 4360 3849 4446">
    <p class='ocr_par' dir='ltr' id='par_1_109' title="bbox 2313 4360 3849 4446">
     <span class='ocr_line' id='line_1_109' title="bbox 2313 4360 3849 4446; baseline -0.006 -14"><span class='ocrx_word' id='word_1_821' title='bbox 2313 4375 2459 4444; x_wconf 81' lang='lat' dir='ltr'><strong>ligno</strong></span> <span class='ocrx_word' id='word_1_822' title='bbox 2486 4372 2719 4446; x_wconf 82' lang='lat' dir='ltr'><strong>pugnat?</strong></span> <span class='ocrx_word' id='word_1_823' title='bbox 2743 4372 3011 4428; x_wconf 87' lang='lat' dir='ltr'><strong>Christus.</strong></span> <span class='ocrx_word' id='word_1_824' title='bbox 3039 4371 3116 4427; x_wconf 87' lang='lat' dir='ltr'><strong>De</strong></span> <span class='ocrx_word' id='word_1_825' title='bbox 3142 4385 3303 4425; x_wconf 89' lang='lat' dir='ltr'><strong>cruce</strong></span> <span class='ocrx_word' id='word_1_826' title='bbox 3341 4385 3437 4424; x_wconf 88' lang='lat' dir='ltr'><strong>sua</strong></span> <span class='ocrx_word' id='word_1_827' title='bbox 3466 4367 3590 4424; x_wconf 87' lang='lat' dir='ltr'><strong>vicit</strong></span> <span class='ocrx_word' id='word_1_828' title='bbox 3635 4374 3785 4432; x_wconf 60' lang='lat' dir='ltr'><strong>reges.</strong></span> <span class='ocrx_word' id='word_1_829' title='bbox 3809 4360 3849 4409; x_wconf 66' lang='lat'><strong>9‘</strong></span> 
     </span>
    </p>
   </div>
   <div class='ocr_carea' id='block_1_110' title="bbox 2313 4453 3850 4537">
    <p class='ocr_par' dir='ltr' id='par_1_110' title="bbox 2313 4453 3850 4537">
     <span class='ocr_line' id='line_1_110' title="bbox 2313 4453 3850 4537; baseline -0.013 -15"><span class='ocrx_word' id='word_1_830' title='bbox 2313 4466 2611 4537; x_wconf 84' lang='lat' dir='ltr'><strong>subjugatis</strong></span> <span class='ocrx_word' id='word_1_831' title='bbox 2638 4465 2808 4534; x_wconf 88' lang='lat' dir='ltr'><strong>ipsam</strong></span> <span class='ocrx_word' id='word_1_832' title='bbox 2834 4478 3047 4519; x_wconf 87' lang='lat' dir='ltr'><strong>crucem</strong></span> <span class='ocrx_word' id='word_1_833' title='bbox 3074 4462 3128 4517; x_wconf 91' lang='lat' dir='ltr'><strong>in</strong></span> <span class='ocrx_word' id='word_1_834' title='bbox 3157 4462 3327 4517; x_wconf 81' lang='lat' dir='ltr'><strong>fronte</strong></span> <span class='ocrx_word' id='word_1_835' title='bbox 3350 4460 3499 4526; x_wconf 81' lang='lat' dir='ltr'><strong>ﬁxit;</strong></span> <span class='ocrx_word' id='word_1_836' title='bbox 3532 4465 3585 4513; x_wconf 90' lang='lat' dir='ltr'><strong>et</strong></span> <span class='ocrx_word' id='word_1_837' title='bbox 3601 4453 3850 4527; x_wconf 83' lang='lat' dir='ltr'><strong>gloriantur</strong></span> 
     </span>
    </p>
   </div>
   <div class='ocr_carea' id='block_1_111' title="bbox 2313 4545 3848 4627">
    <p class='ocr_par' dir='ltr' id='par_1_111' title="bbox 2313 4545 3848 4627">
     <span class='ocr_line' id='line_1_111' title="bbox 2313 4545 3848 4627; baseline -0.015 -12"><span class='ocrx_word' id='word_1_838' title='bbox 2313 4557 2381 4615; x_wconf 91' lang='lat' dir='ltr'><strong>de</strong></span> <span class='ocrx_word' id='word_1_839' title='bbox 2403 4558 2510 4624; x_wconf 87' lang='lat' dir='ltr'><strong>illa,</strong></span> <span class='ocrx_word' id='word_1_840' title='bbox 2536 4557 2658 4627; x_wconf 90' lang='lat' dir='ltr'><strong>quia</strong></span> <span class='ocrx_word' id='word_1_841' title='bbox 2686 4555 2759 4611; x_wconf 84' lang='lat' dir='ltr'><strong>ibi</strong></span> <span class='ocrx_word' id='word_1_842' title='bbox 2800 4564 2882 4611; x_wconf 86' lang='lat' dir='ltr'><strong>est</strong></span> <span class='ocrx_word' id='word_1_843' title='bbox 2900 4556 3045 4611; x_wconf 84' lang='lat' dir='ltr'><strong>salus</strong></span> <span class='ocrx_word' id='word_1_844' title='bbox 3070 4568 3275 4613; x_wconf 82' lang='lat' dir='ltr'><strong>eorum.</strong></span> <span class='ocrx_word' id='word_1_845' title='bbox 3306 4552 3425 4609; x_wconf 82' lang='lat' dir='ltr'><strong>Hoc</strong></span> <span class='ocrx_word' id='word_1_846' title='bbox 3455 4550 3640 4623; x_wconf 79' lang='lat' dir='ltr'><strong>agitur,</strong></span> <span class='ocrx_word' id='word_1_847' title='bbox 3667 4545 3736 4602; x_wconf 86' lang='lat' dir='ltr'><strong>sic</strong></span> <span class='ocrx_word' id='word_1_848' title='bbox 3755 4552 3848 4595; x_wconf 85' lang='lat' dir='ltr'><strong>cre-</strong></span> 
     </span>
    </p>
   </div>
   <div class='ocr_carea' id='block_1_112' title="bbox 2316 4628 3846 4715">
    <p class='ocr_par' dir='ltr' id='par_1_112' title="bbox 2316 4628 3846 4715">
     <span class='ocr_line' id='line_1_112' title="bbox 2316 4628 3846 4715; baseline -0.009 -8"><span class='ocrx_word' id='word_1_849' title='bbox 2316 4651 2417 4707; x_wconf 87' lang='lat' dir='ltr'><strong>scit</strong></span> <span class='ocrx_word' id='word_1_850' title='bbox 2445 4650 2656 4715; x_wconf 85' lang='lat' dir='ltr'><strong>demus,</strong></span> <span class='ocrx_word' id='word_1_851' title='bbox 2682 4649 2761 4705; x_wconf 87' lang='lat' dir='ltr'><strong>sic</strong></span> <span class='ocrx_word' id='word_1_852' title='bbox 2784 4648 3075 4703; x_wconf 57' lang='lat' dir='ltr'><strong>a‘diiicatur</strong></span> <span class='ocrx_word' id='word_1_853' title='bbox 3105 4664 3119 4701; x_wconf 84' lang='lat'><strong>:</strong></span> <span class='ocrx_word' id='word_1_854' title='bbox 3150 4655 3205 4703; x_wconf 87' lang='lat' dir='ltr'><strong>et</strong></span> <span class='ocrx_word' id='word_1_855' title='bbox 3228 4655 3289 4702; x_wconf 91' lang='lat' dir='ltr'><strong>ut</strong></span> <span class='ocrx_word' id='word_1_856' title='bbox 3328 4643 3601 4705; x_wconf 86' lang='lat' dir='ltr'><strong>noveritis,</strong></span> <span class='ocrx_word' id='word_1_857' title='bbox 3619 4628 3846 4707; x_wconf 54' lang='lat' dir='ltr'><strong>sequenti:t</strong></span> 
     </span>
    </p>
   </div>
   <div class='ocr_carea' id='block_1_113' title="bbox 2314 4721 3846 4810">
    <p class='ocr_par' dir='ltr' id='par_1_113' title="bbox 2314 4721 3846 4810">
     <span class='ocr_line' id='line_1_113' title="bbox 2314 4721 3846 4810; baseline -0.01 -12"><span class='ocrx_word' id='word_1_858' title='bbox 2314 4741 2512 4798; x_wconf 86' lang='lat' dir='ltr'><strong>Psalmi</strong></span> <span class='ocrx_word' id='word_1_859' title='bbox 2557 4739 2768 4805; x_wconf 89' lang='lat' dir='ltr'><strong>audite;</strong></span> <span class='ocrx_word' id='word_1_860' title='bbox 2814 4738 2989 4794; x_wconf 89' lang='lat' dir='ltr'><strong>videte</strong></span> <span class='ocrx_word' id='word_1_861' title='bbox 3029 4748 3311 4810; x_wconf 83' lang='lat' dir='ltr'><strong>operantes</strong></span> <span class='ocrx_word' id='word_1_862' title='bbox 3339 4746 3394 4797; x_wconf 84' lang='lat' dir='ltr'><strong>et.</strong></span> <span class='ocrx_word' id='word_1_863' title='bbox 3438 4733 3739 4791; x_wconf 76' lang='lat' dir='ltr'><strong>fabricantes</strong></span> <span class='ocrx_word' id='word_1_864' title='bbox 3771 4721 3846 4777; x_wconf 86' lang='lat' dir='ltr'><strong>d0-</strong></span> 
     </span>
    </p>
   </div>
   <div class='ocr_carea' id='block_1_114' title="bbox 2314 4812 3844 4893">
    <p class='ocr_par' dir='ltr' id='par_1_114' title="bbox 2314 4812 3844 4893">
     <span class='ocr_line' id='line_1_114' title="bbox 2314 4812 3844 4893; baseline -0.01 -2"><span class='ocrx_word' id='word_1_865' title='bbox 2314 4848 2482 4890; x_wconf 85' lang='lat' dir='ltr'><strong>mum.</strong></span> <span class='ocrx_word' id='word_1_866' title='bbox 2515 4833 2726 4888; x_wconf 85' lang='lat' dir='ltr'><strong>Cantate</strong></span> <span class='ocrx_word' id='word_1_867' title='bbox 2761 4830 2983 4886; x_wconf 83' lang='lat' dir='ltr'><strong>Domino</strong></span> <span class='ocrx_word' id='word_1_868' title='bbox 3021 4831 3275 4885; x_wconf 79' lang='lat' dir='ltr'><strong>canticum</strong></span> <span class='ocrx_word' id='word_1_869' title='bbox 3313 4844 3514 4893; x_wconf 74' lang='lat' dir='ltr'><strong>nouunt,</strong></span> <span class='ocrx_word' id='word_1_870' title='bbox 3542 4828 3725 4880; x_wconf 79' lang='lat' dir='ltr'><strong>cantate</strong></span> <span class='ocrx_word' id='word_1_871' title='bbox 3758 4812 3844 4869; x_wconf 73' lang='lat'><strong>00-</strong></span> 
     </span>
    </p>
   </div>
   <div class='ocr_carea' id='block_1_115' title="bbox 2315 4918 3901 4981">
    <p class='ocr_par' dir='ltr' id='par_1_115' title="bbox 2315 4918 3901 4981">
     <span class='ocr_line' id='line_1_115' title="bbox 2315 4918 3901 4981; baseline -0.008 0"><span class='ocrx_word' id='word_1_872' title='bbox 2315 4925 2452 4981; x_wconf 83' lang='lat' dir='ltr'><strong>mine</strong></span> <span class='ocrx_word' id='word_1_873' title='bbox 2479 4923 2642 4979; x_wconf 76' lang='lat' dir='ltr'><strong>omnia</strong></span> <span class='ocrx_word' id='word_1_874' title='bbox 2672 4932 2825 4976; x_wconf 85' lang='lat' dir='ltr'><strong>terra.</strong></span> <span class='ocrx_word' id='word_1_875' title='bbox 3896 4918 3901 4929; x_wconf 98' lang='lat'><em>‘</em></span> 
     </span>
    </p>
   </div>
   <div class='ocr_carea' id='block_1_116' title="bbox 2387 5006 3844 5088">
    <p class='ocr_par' dir='ltr' id='par_1_116' title="bbox 2387 5006 3844 5088">
     <span class='ocr_line' id='line_1_116' title="bbox 2387 5006 3844 5088; baseline -0.016 -16"><span class='ocrx_word' id='word_1_876' title='bbox 2387 5018 2438 5072; x_wconf 82' lang='lat'><strong>5.</strong></span> <span class='ocrx_word' id='word_1_877' title='bbox 2486 5015 2634 5088; x_wconf 82' lang='lat' dir='ltr'><strong>[vers.</strong></span> <span class='ocrx_word' id='word_1_878' title='bbox 2664 5014 2720 5082; x_wconf 61' lang='grc' dir='ltr'><strong>ἓ,</strong></span> <span class='ocrx_word' id='word_1_879' title='bbox 2749 5011 2826 5086; x_wconf 76' lang='lat'><strong>5].</strong></span> <span class='ocrx_word' id='word_1_880' title='bbox 2850 5012 3065 5068; x_wconf 87' lang='lat' dir='ltr'><strong>Cantate</strong></span> <span class='ocrx_word' id='word_1_881' title='bbox 3088 5011 3303 5068; x_wconf 86' lang='lat' dir='ltr'><strong>Domino</strong></span> <span class='ocrx_word' id='word_1_882' title='bbox 3335 5014 3375 5077; x_wconf 78' lang='grc' dir='ltr'><strong>ί,</strong></span> <span class='ocrx_word' id='word_1_883' title='bbox 3409 5006 3666 5065; x_wconf 82' lang='lat' dir='ltr'><strong>benedicitc</strong></span> <span class='ocrx_word' id='word_1_884' title='bbox 3700 5006 3844 5054; x_wconf 66' lang='lat' dir='ltr'><strong>natura</strong></span> 
     </span>
    </p>
   </div>
   <div class='ocr_carea' id='block_1_117' title="bbox 2314 5092 3850 5179">
    <p class='ocr_par' dir='ltr' id='par_1_117' title="bbox 2314 5092 3850 5179">
     <span class='ocr_line' id='line_1_117' title="bbox 2314 5092 3850 5179; baseline -0.017 -14"><span class='ocrx_word' id='word_1_885' title='bbox 2314 5108 2447 5179; x_wconf 75' lang='lat' dir='ltr'><strong>ejus,</strong></span> <span class='ocrx_word' id='word_1_886' title='bbox 2469 5106 2589 5162; x_wconf 74' lang='lat' dir='ltr'><strong>bene</strong></span> <span class='ocrx_word' id='word_1_887' title='bbox 2606 5106 2838 5160; x_wconf 81' lang='lat' dir='ltr'><strong>nuntiate</strong></span> <span class='ocrx_word' id='word_1_888' title='bbox 2858 5104 2921 5159; x_wconf 84' lang='lat' dir='ltr'><strong>de</strong></span> <span class='ocrx_word' id='word_1_889' title='bbox 2941 5103 3024 5158; x_wconf 85' lang='lat' dir='ltr'><strong>die</strong></span> <span class='ocrx_word' id='word_1_890' title='bbox 3047 5103 3099 5158; x_wconf 91' lang='lat' dir='ltr'><strong>in</strong></span> <span class='ocrx_word' id='word_1_891' title='bbox 3129 5103 3260 5159; x_wconf 81' lang='lat' dir='ltr'><strong>diem</strong></span> <span class='ocrx_word' id='word_1_892' title='bbox 3282 5104 3501 5159; x_wconf 79' lang='lat' dir='ltr'><strong>salutare</strong></span> <span class='ocrx_word' id='word_1_893' title='bbox 3523 5096 3643 5170; x_wconf 75' lang='lat' dir='ltr'><strong>ejus.</strong></span> <span class='ocrx_word' id='word_1_894' title='bbox 3660 5092 3850 5179; x_wconf 69' lang='lat' dir='ltr'><strong>Quomo-</strong></span> 
     </span>
    </p>
   </div>
   <div class='ocr_carea' id='block_1_118' title="bbox 2315 5176 3847 5269">
    <p class='ocr_par' dir='ltr' id='par_1_118' title="bbox 2315 5176 3847 5269">
     <span class='ocr_line' id='line_1_118' title="bbox 2315 5176 3847 5269; baseline -0.017 -11"><span class='ocrx_word' id='word_1_895' title='bbox 2315 5176 2386 5257; x_wconf 80' lang='lat' dir='ltr'><strong>do</strong></span> <span class='ocrx_word' id='word_1_896' title='bbox 2414 5199 2605 5261; x_wconf 77' lang='lat' dir='ltr'><strong>crescit</strong></span> <span class='ocrx_word' id='word_1_897' title='bbox 2638 5197 2956 5253; x_wconf 82' lang='lat' dir='ltr'><strong>a-diticiutn?</strong></span> <span class='ocrx_word' id='word_1_898' title='bbox 2978 5195 3136 5263; x_wconf 83' lang='lat' dir='ltr'><strong>Bene,</strong></span> <span class='ocrx_word' id='word_1_899' title='bbox 3165 5196 3356 5269; x_wconf 84' lang='lat' dir='ltr'><strong>inquit,</strong></span> <span class='ocrx_word' id='word_1_900' title='bbox 3393 5194 3609 5251; x_wconf 80' lang='lat' dir='ltr'><strong>nuntiate</strong></span> <span class='ocrx_word' id='word_1_901' title='bbox 3626 5186 3682 5241; x_wconf 70' lang='lat' dir='ltr'><strong>de</strong></span> <span class='ocrx_word' id='word_1_902' title='bbox 3705 5181 3774 5236; x_wconf 80' lang='lat' dir='ltr'><strong>die</strong></span> <span class='ocrx_word' id='word_1_903' title='bbox 3807 5176 3847 5269; x_wconf 61' lang='lat' dir='ltr'><strong>in</strong></span> 
     </span>
    </p>
   </div>
   <div class='ocr_carea' id='block_1_119' title="bbox 2317 5263 3846 5361">
    <p class='ocr_par' dir='ltr' id='par_1_119' title="bbox 2317 5263 3846 5361">
     <span class='ocr_line' id='line_1_119' title="bbox 2317 5263 3846 5361; baseline -0.007 -14"><span class='ocrx_word' id='word_1_904' title='bbox 2317 5292 2448 5347; x_wconf 84' lang='lat' dir='ltr'><strong>diem</strong></span> <span class='ocrx_word' id='word_1_905' title='bbox 2493 5291 2717 5346; x_wconf 77' lang='lat' dir='ltr'><strong>salutare</strong></span> <span class='ocrx_word' id='word_1_906' title='bbox 2753 5289 2883 5361; x_wconf 76' lang='lat' dir='ltr'><strong>ejus.</strong></span> <span class='ocrx_word' id='word_1_907' title='bbox 2930 5288 3005 5345; x_wconf 90' lang='lat' dir='ltr'><strong>De</strong></span> <span class='ocrx_word' id='word_1_908' title='bbox 3031 5287 3120 5344; x_wconf 90' lang='lat' dir='ltr'><strong>die</strong></span> <span class='ocrx_word' id='word_1_909' title='bbox 3158 5288 3211 5342; x_wconf 91' lang='lat' dir='ltr'><strong>in</strong></span> <span class='ocrx_word' id='word_1_910' title='bbox 3240 5263 3398 5345; x_wconf 70' lang='lat' dir='ltr'><strong>diem</strong></span> <span class='ocrx_word' id='word_1_911' title='bbox 3443 5281 3759 5357; x_wconf 75' lang='lat' dir='ltr'><strong>praedicetur;</strong></span> 
     </span>
    </p>
   </div>
   <div class='ocr_carea' id='block_1_120' title="bbox 2314 5359 3844 5453">
    <p class='ocr_par' dir='ltr' id='par_1_120' title="bbox 2314 5359 3844 5453">
     <span class='ocr_line' id='line_1_120' title="bbox 2314 5359 3844 5453; baseline -0.008 -12"><span class='ocrx_word' id='word_1_912' title='bbox 2314 5385 2404 5442; x_wconf 87' lang='lat' dir='ltr'><strong>die</strong></span> <span class='ocrx_word' id='word_1_913' title='bbox 2456 5385 2512 5440; x_wconf 88' lang='lat' dir='ltr'><strong>in</strong></span> <span class='ocrx_word' id='word_1_914' title='bbox 2566 5383 2732 5447; x_wconf 86' lang='lat' dir='ltr'><strong>diem,</strong></span> <span class='ocrx_word' id='word_1_915' title='bbox 2775 5359 2989 5453; x_wconf 71' lang='lat' dir='ltr'><strong>inquit,</strong></span> <span class='ocrx_word' id='word_1_916' title='bbox 3052 5379 3380 5446; x_wconf 74' lang='lat' dir='ltr'><strong>:cditicetur;</strong></span> <span class='ocrx_word' id='word_1_917' title='bbox 3428 5380 3654 5436; x_wconf 69' lang='lat' dir='ltr'><strong>crescat.</strong></span> <span class='ocrx_word' id='word_1_918' title='bbox 3700 5359 3844 5429; x_wconf 68' lang='lat' dir='ltr'><strong>illtiu&quot;</strong></span> 
     </span>
    </p>
   </div>
   <div class='ocr_carea' id='block_1_121' title="bbox 2382 5500 3839 5628">
    <p class='ocr_par' dir='ltr' id='par_1_121' title="bbox 2382 5500 3839 5628">
     <span class='ocr_line' id='line_1_121' title="bbox 2382 5500 3839 5628; baseline -0.001 0"><span class='ocrx_word' id='word_1_919' title='bbox 2382 5534 2627 5628; x_wconf 58' lang='lat' dir='ltr'><strong>Lens</strong></span> <span class='ocrx_word' id='word_1_920' title='bbox 2643 5500 3839 5628; x_wconf 35' lang='lat' dir='ltr'><strong>narisauresnares&quot;suam:</strong></span> 
     </span>
    </p>
   </div>
   <div class='ocr_carea' id='block_1_122' title="bbox 2316 5587 3771 5714">
    <p class='ocr_par' dir='ltr' id='par_1_122' title="bbox 2316 5587 3771 5714">
     <span class='ocr_line' id='line_1_122' title="bbox 2316 5587 3771 5714; baseline -0.023 -58"><span class='ocrx_word' id='word_1_921' title='bbox 2316 5587 2648 5714; x_wconf 40' lang='grc' dir='ltr'><strong>Βςὲἓιιὲῖᾶῐξὲιὲι,</strong></span> <span class='ocrx_word' id='word_1_922' title='bbox 2674 5596 2789 5648; x_wconf 85' lang='lat' dir='ltr'><strong>bene</strong></span> <span class='ocrx_word' id='word_1_923' title='bbox 2808 5595 3020 5648; x_wconf 82' lang='lat' dir='ltr'><strong>nuntiate</strong></span> <span class='ocrx_word' id='word_1_924' title='bbox 3041 5596 3169 5648; x_wconf 79' lang='lat' dir='ltr'><strong>diem</strong></span> <span class='ocrx_word' id='word_1_925' title='bbox 3185 5587 3254 5647; x_wconf 71' lang='lat' dir='ltr'><strong>ea:</strong></span> <span class='ocrx_word' id='word_1_926' title='bbox 3271 5587 3357 5648; x_wconf 64' lang='lat' dir='ltr'><strong>&#39;die</strong></span> <span class='ocrx_word' id='word_1_927' title='bbox 3383 5607 3400 5645; x_wconf 93' lang='lat'><strong><em>:</em></strong></span> <span class='ocrx_word' id='word_1_928' title='bbox 3421 5591 3507 5644; x_wconf 88' lang='lat' dir='ltr'><strong>sed</strong></span> <span class='ocrx_word' id='word_1_929' title='bbox 3539 5587 3636 5637; x_wconf 87' lang='lat' dir='ltr'><strong>aliis</strong></span> <span class='ocrx_word' id='word_1_930' title='bbox 3656 5587 3771 5631; x_wconf 81' lang='lat' dir='ltr'><strong>IOClS,</strong></span> 
     </span>
     <span class='ocr_line' id='line_1_123' title="bbox 2417 5675 2638 5712; baseline -0.023 1"><span class='ocrx_word' id='word_1_931' title='bbox 2417 5676 2433 5712; x_wconf 82' lang='grc' dir='ltr'><strong>ι</strong></span> <span class='ocrx_word' id='word_1_932' title='bbox 2527 5675 2543 5711; x_wconf 75' lang='grc' dir='ltr'><em>ι</em></span> <span class='ocrx_word' id='word_1_933' title='bbox 2626 5695 2638 5708; x_wconf 93' lang='grc'><strong>.</strong></span> 
     </span>
    </p>
   </div>
   <div class='ocr_carea' id='block_1_123' title="bbox 2316 5736 3836 5817">
    <p class='ocr_par' dir='ltr' id='par_1_123' title="bbox 2316 5736 3836 5817">
     <span class='ocr_line' id='line_1_124' title="bbox 2316 5736 3836 5817; baseline 0.001 0"><span class='ocrx_word' id='word_1_934' title='bbox 2316 5766 2457 5817; x_wconf 73' lang='lat' dir='ltr'><strong>datur</strong></span> <span class='ocrx_word' id='word_1_935' title='bbox 2496 5765 2634 5815; x_wconf 68' lang='lat' dir='ltr'><strong>lusce</strong></span> <span class='ocrx_word' id='word_1_936' title='bbox 2671 5765 2871 5814; x_wconf 83' lang='lat' dir='ltr'><strong>verbis:</strong></span> <span class='ocrx_word' id='word_1_937' title='bbox 2902 5782 2923 5811; x_wconf 76' lang='grc' dir='ltr'><strong><em>α</em></strong></span> <span class='ocrx_word' id='word_1_938' title='bbox 2942 5770 3127 5815; x_wconf 73' lang='lat' dir='ltr'><strong>testam</strong></span> <span class='ocrx_word' id='word_1_939' title='bbox 3150 5764 3346 5817; x_wconf 79' lang='lat' dir='ltr'><strong>quidem</strong></span> <span class='ocrx_word' id='word_1_940' title='bbox 3368 5764 3486 5817; x_wconf 69' lang='lat' dir='ltr'><strong>em,</strong></span> 
     </span>
    </p>
   </div>
   <div class='ocr_carea' id='block_1_124' title="bbox 2326 5777 3833 5890">
    <p class='ocr_par' dir='ltr' id='par_1_124' title="bbox 2326 5777 3833 5890">
     <span class='ocr_line' id='line_1_125' title="bbox 2326 5777 3833 5817; baseline -0.009 1"><span class='ocrx_word' id='word_1_941' title='bbox 2326 5777 2457 5817; x_wconf 72' lang='lat' dir='ltr'><strong>datur</strong></span> <span class='ocrx_word' id='word_1_942' title='bbox 2498 5777 2634 5815; x_wconf 73' lang='lat' dir='ltr'><strong>niueo</strong></span> <span class='ocrx_word' id='word_1_943' title='bbox 2671 5777 2871 5814; x_wconf 76' lang='lat' dir='ltr'><strong>vernis:</strong></span> <span class='ocrx_word' id='word_1_944' title='bbox 2902 5782 2923 5811; x_wconf 76' lang='grc' dir='ltr'><strong><em>α</em></strong></span> <span class='ocrx_word' id='word_1_945' title='bbox 2942 5777 3127 5815; x_wconf 69' lang='lat' dir='ltr'><strong>austum</strong></span> <span class='ocrx_word' id='word_1_946' title='bbox 3184 5777 3346 5815; x_wconf 73' lang='lat' dir='ltr'><strong>autem</strong></span> <span class='ocrx_word' id='word_1_947' title='bbox 3368 5777 3486 5817; x_wconf 77' lang='lat' dir='ltr'><strong>erat,</strong></span> <span class='ocrx_word' id='word_1_948' title='bbox 3517 5777 3765 5807; x_wconf 62' lang='lat' dir='ltr'><strong>cuum-vv</strong></span> <span class='ocrx_word' id='word_1_949' title='bbox 3798 5777 3833 5780; x_wconf 84' lang='grc'><strong><em>--</em></strong></span> 
     </span>
     <span class='ocr_line' id='line_1_126' title="bbox 2326 5777 3833 5890; baseline -0.009 -15"><span class='ocrx_word' id='word_1_950' title='bbox 2326 5846 2348 5875; x_wconf 68' lang='grc' dir='ltr'><strong>α</strong></span> <span class='ocrx_word' id='word_1_951' title='bbox 2368 5828 2569 5878; x_wconf 61' lang='lat' dir='ltr'><strong>lintrem</strong></span> <span class='ocrx_word' id='word_1_952' title='bbox 2600 5828 2762 5889; x_wconf 82' lang='lat' dir='ltr'><strong>potius</strong></span> <span class='ocrx_word' id='word_1_953' title='bbox 2797 5826 3077 5890; x_wconf 77' lang='lat' dir='ltr'><strong>audiremus</strong></span> <span class='ocrx_word' id='word_1_954' title='bbox 3108 5777 3346 5890; x_wconf 40' lang='lat' dir='ltr'><strong>adigam</strong></span> <span class='ocrx_word' id='word_1_955' title='bbox 3383 5830 3565 5890; x_wconf 45' lang='lat' dir='ltr'><strong>meum,</strong></span> 
     </span>
    </p>
   </div>
   <div class='ocr_carea' id='block_1_125' title="bbox 2327 5851 3830 5954">
    <p class='ocr_par' dir='ltr' id='par_1_125' title="bbox 2327 5851 3830 5954">
     <span class='ocr_line' id='line_1_127' title="bbox 2327 5851 3692 5890; baseline -0.01 -13"><span class='ocrx_word' id='word_1_956' title='bbox 2327 5851 2348 5875; x_wconf 77' lang='lat' dir='ltr'><strong>It</strong></span> <span class='ocrx_word' id='word_1_957' title='bbox 2372 5851 2569 5878; x_wconf 71' lang='lat' dir='ltr'><strong>Irmrcul</strong></span> <span class='ocrx_word' id='word_1_958' title='bbox 2603 5851 2762 5889; x_wconf 64' lang='lat' dir='ltr'><strong>puum:</strong></span> <span class='ocrx_word' id='word_1_959' title='bbox 2797 5851 3077 5875; x_wconf 69' lang='lat' dir='ltr'><strong>aumrcmua</strong></span> <span class='ocrx_word' id='word_1_960' title='bbox 3108 5851 3346 5890; x_wconf 59' lang='grc' dir='ltr'><strong>σωκ-,δοκι</strong></span> <span class='ocrx_word' id='word_1_961' title='bbox 3383 5851 3538 5872; x_wconf 65' lang='lat' dir='ltr'><strong>[licunt</strong></span> <span class='ocrx_word' id='word_1_962' title='bbox 3557 5879 3565 5886; x_wconf 80' lang='lat'><em>_</em></span> <span class='ocrx_word' id='word_1_963' title='bbox 3589 5851 3692 5878; x_wconf 37' lang='lat' dir='ltr'><strong>rw;</strong></span> 
     </span>
     <span class='ocr_line' id='line_1_128' title="bbox 2327 5851 3830 5954; baseline -0.006 -15"><span class='ocrx_word' id='word_1_964' title='bbox 2327 5912 2347 5939; x_wconf 65' lang='grc' dir='ltr'><strong>ει</strong></span> <span class='ocrx_word' id='word_1_965' title='bbox 2372 5892 2596 5941; x_wconf 79' lang='lat' dir='ltr'><strong>omnibus</strong></span> <span class='ocrx_word' id='word_1_966' title='bbox 2620 5890 2789 5941; x_wconf 86' lang='lat' dir='ltr'><strong>nobis:</strong></span> <span class='ocrx_word' id='word_1_967' title='bbox 2817 5896 2865 5938; x_wconf 89' lang='lat' dir='ltr'><strong>ct</strong></span> <span class='ocrx_word' id='word_1_968' title='bbox 2891 5889 3029 5938; x_wconf 83' lang='lat' dir='ltr'><strong>modo</strong></span> <span class='ocrx_word' id='word_1_969' title='bbox 3063 5904 3156 5939; x_wconf 85' lang='lat' dir='ltr'><strong>non</strong></span> <span class='ocrx_word' id='word_1_970' title='bbox 3183 5889 3398 5954; x_wconf 80' lang='lat' dir='ltr'><strong>negavit;</strong></span> <span class='ocrx_word' id='word_1_971' title='bbox 3422 5881 3505 5935; x_wconf 87' lang='lat' dir='ltr'><strong>sed</strong></span> <span class='ocrx_word' id='word_1_972' title='bbox 3524 5851 3733 5930; x_wconf 69' lang='lat' dir='ltr'><strong>distultto&quot;</strong></span> <span class='ocrx_word' id='word_1_973' title='bbox 3754 5863 3830 5909; x_wconf 60' lang='grc' dir='ltr'><strong>αθ*</strong></span> 
     </span>
    </p>
   </div>
  </div>
