4088 6446
186 496 342 562 Deus,
403 491 598 549 domus
643 505 780 547 mea.
826 490 898 547 Et
949 491 1100 561 quasi
1143 491 1409 546 diceretur
1463 490 1530 546 ab
1572 503 1762 560 opera-

182 588 302 653 riis,
360 585 468 642 Ubi
513 583 669 654 jubos
728 583 1025 639 adiﬁcari?
1078 583 1166 638 ubi
1229 583 1310 637 vis
1367 597 1612 638 crescere
1660 581 1761 637 do-

183 694 320 736 nium
372 676 557 733 tuam?
599 675 751 746 Elige
801 676 954 732 nobis
979 674 1208 746 aliquem
1257 673 1432 729 locum
1475 674 1758 745 aequalem,

181 775 404 844 aliquem
431 772 610 828 locum
641 769 954 840 spatiosum,
983 771 1028 824 si
1057 769 1150 825 tibi
1178 767 1411 838 amplam
1435 767 1652 822 domum
1680 767 1764 822 ris

179 866 447 922 :ediiieari.
489 865 588 922 Ubi
625 863 784 935 iubes
824 871 885 918 ut
929 862 1067 919 bene
1110 866 1418 922 nunticmus
1457 866 1528 921 de
1567 864 1658 920 die
1704 865 1760 917 in

179 958 353 1014 diem?
380 953 825 1012 Ostendil'ioem
860 973 874 1010 :
907 955 1216 1012 Annuntiato
1225 958 1278 1012 in
1298 959 1526 1030 gentibus
1545 957 1762 1028 glorians

177 1051 300 1121 ejus.
355 1048 608 1114 Gloriam,
658 1048 849 1120 inquit,
904 1048 1015 1120 ejus
1051 1051 1351 1104 annuntiate
1391 1051 1444 1104 in
1482 1051 1712 1122 gentibus
1739 1064 1758 1102 :

178 1143 392 1216 gloriam
417 1142 560 1212 ejus;
589 1155 694 1197 non
722 1141 944 1212 gloriam
969 1151 1220 1198 vestram.
1241 1141 1288 1198 0
1314 1151 1625 1209 structores,
1654 1142 1760 1211 glo-

177 1235 304 1289 riam
352 1233 478 1303 ejus
519 1233 659 1290 bene
707 1234 944 1289 nuntiate
989 1234 1042 1290 in
1086 1234 1351 1306 gentibus.
1421 1235 1478 1290 Si
1537 1233 1758 1304 gloriam

179 1339 404 1384 vestram
445 1328 768 1384 annuntiare
812 1327 1107 1391 volueritis.
1139 1328 1379 1393 cadetis;
1408 1328 1452 1382 si
1481 1327 1600 1398 eius
1625 1327 1759 1382 aedi-

178 1420 484 1485 ﬁcabiminl;
509 1433 634 1476 cura
680 1419 980 1476 ediﬁcetis.
1024 1419 1149 1476 Ideo
1204 1422 1298 1492 qui
1340 1421 1564 1492 gloriam
1607 1433 1761 1476 suam

181 1513 485 1569 atina-tiam
530 1512 828 1577 voluerunt,
875 1511 1160 1568 nolueth
1201 1513 1407 1569 essein
1434 1513 1534 1568 ista
1560 1512 1754 1580 domo;

181 1613 234 1661 et
256 1614 532 1675 propterea
561 1619 667 1659 non
697 1611 915 1659 cantant
935 1608 1198 1661 canticum
1226 1615 1420 1660 norum
1465 1619 1586 1660 eum
1609 1605 1758 1660 omni

187 1707 335 1755 terra.
362 1697 478 1753 Non
530 1697 676 1754 enim
715 1698 1113 1754 communicant
1149 1699 1398 1753 universo
1438 1698 1554 1754 orbi
1585 1707 1756 1752 terra-

184 1805 290 1846 rant
321 1807 333 1846 :
364 1797 415 1846 et
445 1788 572 1846 ideo
609 1799 718 1846 non
751 1799 879 1846 sunt
901 1790 1230 1846 aediﬁcantes
1257 1791 1309 1845 in
1333 1790 1516 1856 domo,
1543 1789 1636 1846 sed
1665 1805 1760 1861 pac

184 1883 356 1940 rietes.
373 1882 690 1939 dealbatam
727 1892 1033 1941 erexerunt.
1083 1885 1293 1952 Quanta
1336 1884 1570 1939 minatur
1613 1884 1756 1939 Deus

186 1978 356 2046 parieti
401 1977 696 2033 delibato?
724 1978 860 2034 Sunt
907 1979 1207 2035 testimonia
1254 1979 1644 2048 Prophetarum
1671 1978 1752 2032 in-

187 2082 408 2131 numera,
442 2069 594 2125 unde
637 2069 908 2127 mledieit
954 2071 1144 2141 parieti
1170 2068 1486 2125 dealbato’?
1513 2069 1646 2135 Quid
1675 2077 1760 2123 est

186 2160 341 2228 paries
391 2159 703 2227 dealbatus,
733 2162 834 2216 nisi
871 2161 1191 2232 hypocrisis,
1222 2161 1274 2216 id
1321 2169 1406 2216 est
1451 2159 1757 2216 simulatio?

186 2251 322 2306 Foris
343 2252 490 2308 lueet
511 2293 528 2316 ,
559 2253 703 2308 intus
751 2253 923 2308 lutum
971 2263 1076 2309 est.
1102 2253 1258 2322 Quod
1306 2253 1548 2308 dicturus
1594 2259 1712 2308 sum
1737 2293 1753 2318 ,

184 2344 276 2412 iam
324 2345 534 2401 dictum
571 2355 699 2413 est,
728 2345 824 2402 sed
867 2347 990 2414 quia
1031 2361 1098 2401 eo
1139 2345 1334 2416 spiritu
1374 2345 1573 2400 dictum
1632 2353 1753 2409 est,

187 2452 324 2506 quem
383 2437 550 2493 nobis
609 2451 824 2509 quoque
873 2439 1127 2493 Dtnuiuus-
1182 2438 1456 2508 impertire
1510 2435 1760 2506 dignatus

189 2539 286 2592 est,
313 2544 410 2585 nos
451 2529 596 2585 illud
643 2530 906 2596 diximus;-
950 2536 1005 2584 et
1053 2529 1306 2600 quidquid
1357 2527 1518 2584 modo
1565 2528 1758 2584 eodem

189 2621 369 2691 Spiritu
411 2623 692 2690 dicimus,
747 2623 827 2678 illi
871 2622 1129 2678 dixerunt
1176 2624 1270 2694 qui
1338 2621 1576 2679 luerumt
1634 2629 1764 2677 ante

189 2729 290 2770 nos.
335 2715 450 2771 Non
513 2725 600 2773 est
645 2732 776 2788 ergo
832 2715 1346 2787 przetcrmittendum
1369 2751 1386 2780 ,
1429 2716 1522 2772 sed
1570 2716 1759 2772 dicen-

190 2805 298 2862 dum
337 2817 438 2871 eat,
490 2809 622 2879 quia
651 2807 798 2863 dono
818 2809 912 2864 Dei
937 2808 1137 2863 dictum
1167 2813 1268 2863 est.
1298 2806 1530 2875 Quidam
1557 2806 1630 2862 de
1655 2808 1762 2862 isto

192 2900 370 2968 pariete
406 2899 664 2956 dealbato
707 2915 834 2955 earn
876 2899 1098 2966 diceret,
1125 2898 1227 2954 hoc
1273 2898 1347 2952 ait
1378 2916 1392 2953 :
1429 2915 1448 2949 s
1480 2897 1762 2967 Quomodo

191 2989 234 3043 in
260 2992 450 3059 pariete
505 3006 615 3046 non
653 2991 938 3060 conjuncta
965 2991 1086 3045 aliis
1116 2991 1422 3061 parietibus,
1449 2990 1542 3046 sed
1574 2989 1760 3060 singu-

192 3080 349 3138 lariter
396 3090 610 3149 ﬂecto,
657 3082 704 3138 si
749 3084 945 3138 ostium
989 3082 1168 3148 iacias,
1204 3083 1444 3154 quisquis
1482 3083 1759 3139 intraverit

193 3176 306 3233 loris
327 3187 438 3245 est;
473 3177 562 3234 sic
586 3178 646 3233 iu
672 3178 760 3233 illa
788 3187 936 3247 parte
980 3193 1101 3248 quae
1150 3178 1319 3232 noluit
1368 3187 1585 3234 cantare
1635 3190 1762 3232 cum

193 3268 330 3324 deuio
349 3272 370 3302 ⁸
387 3271 667 3326 canticum
694 3283 914 3336 novum,
940 3271 1034 3325 sed
1063 3271 1316 3340 parietem
1339 3271 1506 3326 voluit
1527 3280 1754 3336 struere,

194 3369 244 3416 et
265 3362 394 3418 hunc
443 3362 785 3429 dealbatam,
813 3377 921 3417 non
946 3360 1230 3418 antidotum
1247 3363 1268 3394 ⁸
1293 3363 1418 3433 quid
1451 3365 1590 3420 valet
1617 3362 1762 3433 quod

197 3453 335 3511 habet
377 3455 644 3526 ianuam?
673 3455 728 3512 Si
767 3455 1068 3521 intraveris,
1101 3454 1231 3510 foris
1271 3456 1543 3512 inveniris.
1580 3475 1600 3508 ι
1626 3456 1760 3524 Quia

197 3549 320 3604 estin
339 3551 452 3622 ipsi-
465 3565 583 3606 non
626 3553 726 3621 per
747 3550 966 3620 ianuam
994 3550 1328 3614 introierunt,
1356 3559 1411 3604 et
1430 3551 1590 3620 janna
1619 3551 1764 3620 ipso-

199 3657 298 3697 nun
320 3660 422 3700 non
464 3644 792 3699 Mittit.
824 3644 1080 3699 Dominus
1104 3644 1244 3699 enim
1291 3643 1420 3698 dicit
1451 3659 1465 3698 :
1497 3644 1610 3716 Ego
1649 3661 1763 3700 sunt

196 3733 370 3804 ﬁssus;
397 3752 494 3808 per
519 3749 604 3790 nte
623 3737 864 3790 intratur.
902 3735 1002 3803 Qui
1033 3739 1156 3790 sunt
1179 3735 1270 3804 qui
1297 3735 1494 3790 intrant
1541 3749 1634 3806 per
1673 3737 1759 3808 ja-

201 3827 372 3880 nuauti
419 3828 525 3895 Qui
578 3828 807 3897 gloriam
849 3828 1057 3882 Domini
1098 3837 1362 3897 qurcrunt,
1418 3843 1522 3882 non
1581 3843 1753 3884 suam.

199 3915 288 3982 Qui
314 3917 508 3972 intrant
535 3933 633 3988 per
653 3917 906 3988 hastam?
929 3917 1030 3985 Qui
1060 3917 1261 3973 faciunt
1277 3917 1416 3987 quod
1437 3917 1638 3973 dictum
1654 3927 1759 3985 est,

199 4005 323 4061 Bene
345 4011 567 4064 nantium
595 4010 649 4064 in
687 4010 916 4079 gentibus
949 4009 1164 4080 gloriam
1194 4010 1320 4080 ejus.
1349 4009 1451 4074 Qui
1482 4011 1637 4063 intrat
1673 4027 1763 4080 per

198 4099 414 4171 faustam,
464 4109 634 4172 pastor
671 4101 841 4155 solum
877 4108 970 4166 est,
1011 4100 1088 4154 ait
1129 4083 1418 4165 Dominus;
1463 4100 1550 4168 qui
1593 4111 1762 4154 autem

202 4208 281 4258 per
297 4192 440 4247 aliaat
462 4203 660 4264 partem
692 4193 936 4257 sscestdit,
960 4192 1047 4246 ille
1073 4192 1158 4260 fur
1174 4201 1245 4246 est
1275 4201 1322 4245 et
1344 4192 1476 4246 latro
1500 4191 1680 4261 (locis.
1702 4209 1760 4260 ι,

204 4281 252 4348 7,
275 4299 327 4354 9,
356 4287 411 4350 l,
435 4286 526 4356 2).
547 4285 648 4352 Qui
677 4297 773 4354 per
809 4285 1022 4355 ianuam
1054 4285 1232 4350 intrat,
1267 4285 1484 4340 humilis
1510 4295 1623 4351 est;
1672 4287 1766 4357 qui

205 4387 289 4442 per
311 4377 468 4432 aliam
492 4387 700 4447 partem
727 4376 990 4439 ascendit,
1016 4376 1275 4446 superbus
1305 4386 1392 4432 est
1422 4395 1436 4432 :
1465 4377 1584 4432 ideo
1615 4379 1765 4434 illum

204 4465 322 4522 dixit
347 4467 572 4535 intrare,
593 4469 741 4524 illum
769 4467 1081 4524 ascendere.
1112 4467 1217 4523 Sed
1255 4469 1345 4524 ille
1386 4469 1636 4525 intrando
1678 4485 1767 4526 re-

205 4558 409 4628 cipitur;
441 4561 539 4616 ille
560 4559 903 4616 ascendendo
943 4560 1330 4630 praeipitatur.
1358 4561 1665 4616 Aumatium
1713 4564 1768 4618 in

205 4651 408 4719 gentibus
425 4652 648 4723 glorians
656 4652 784 4722 ejus.
799 4649 936 4719 Quid
946 4659 1048 4715 est,
1063 4653 1114 4705 iu
1134 4653 1393 4722 gentibus?
1413 4651 1570 4710 Forte
1583 4664 1769 4724 gentes

206 4743 530 4800 noutiaautur
574 4754 634 4800 et
682 4759 892 4814 paucae;
920 4752 978 4799 et
1016 4743 1192 4798 adhuc
1243 4743 1402 4800 habet
1442 4745 1584 4816 quod
1631 4747 1772 4803 dicat

208 4831 282 4887 illa
309 4851 424 4905 pars
448 4853 574 4910 qua
599 4837 774 4893 erexit
798 4837 1056 4906 parietem
1084 4835 1386 4894 dealbatam
1421 4854 1434 4892 :
1463 4839 1638 4906 Quare
1663 4855 1770 4895 non

209 4941 372 4998 gentes
395 4945 524 4992 sunt
549 4934 782 5004 (κωκυ,
811 4935 1082 5002 Numidia,
1103 4935 1430 5000 Mauritania,
1458 4935 1771 5006 Byzacium?

211 5019 483 5082 Provinciis:
529 5036 722 5096 gentes
762 5027 938 5084 sunt‘.
986 5026 1210 5084 Auferat
1250 5041 1555 5083 sermonem
1600 5029 1770 5100 hypo-

212 5116 355 5171 crisi“
387 5120 580 5188 parieti
603 5119 871 5182 dealbato.
896 5135 1078 5176 sermo
1103 5120 1222 5185 Dei,
1249 5119 1520 5175 aediﬁcanti
1557 5119 1772 5174 domum

175 5211 182 5220 '
214 5215 316 5264 toto
337 5213 464 5270 orbe
488 5222 778 5270 terrarum.
805 5213 1005 5270 Parum
1022 5221 1107 5270 est
1131 5211 1275 5283 quod
1304 5211 1455 5280 dixit,
1473 5211 1778 5266 Annunts‘ate

273 5386 529 5460 {iterum
552 5398 684 5460 usa...
705 5390 954 5460 mare
975 5404 1028 5460 ξε
1065 5389 1208 5460 dicit.
1221 5391 1398 5460 parua
1419 5389 1654 5460 αεαωαιοο

271 5449 595 5514 'Lov.,'cum
892 5453 1065 5503 Verius
1109 5449 1232 5503 addi
1259 5452 1340 5502 alii
1386 5459 1439 5502 et
1485 5459 1625 5512 Mss,
1670 5466 1781 5504 cum

402 5584 508 5644 N839
519 5585 586 5644 At
604 5577 740 5644 Εᾶάτ,
765 5575 1123 5644 partem_voluit
1143 5582 1348 5644 struere,
1364 5581 1422 5644 _et
1443 5574 1566 5627 hanc
1585 5577 1780 5644 deniba—

220 5631 432 5747 n'on
465 5631 735 5690 δοιῑάαιαηί
745 5631 776 5690 τ’
787 5643 846 5690 ac
864 5637 1009 5702 paulo
1030 5645 1153 5703 post,
1176 5631 1346 5700 Ῑαηιιιί
1356 5639 1482 5704 ipsos
1503 5652 1598 5691 non
1632 5637 1781 5690 intro-

221 5707 296 5745 mu
353 5736 363 5746 .

281 5707 422 5812 ἔξω.
433 5797 447 5824 ,
470 5772 564 5824 non
579 5770 742 5824 σακε
763 5769 886 5815 sunt.
898 5801 906 5812 .
918 5800 928 5812 .
938 5800 969 5811 ..

226 5825 336 5869 non.
365 5825 723 5875 Emendaﬂmus
743 5825 802 5875 ad
828 5833 932 5874 MS.

282 5881 299 5914 '
316 5887 382 5937 sic
404 5885 578 5952 aliquot
597 5895 701 5938 Mss.
731 5896 782 5938 At
807 5888 941 5948 ΗΜ,
968 5885 1252 5952 hypocrisis.

1018 5762 1283 5815 Bistonium
1305 5763 1547 5827 prom‘ncm
1570 5764 1592 5814 ε)
1619 5772 1783 5816 Gentes

1305 372 1704 432 ENARRATIO
1729 373 1796 432 IN
1833 373 2155 432 ΡεΑιΜυΜ

3319 397 3460 456 1930

1872 489 1926 543 in
1953 490 2179 559 gentibus
2221 491 2435 560 gloriam
2480 493 2621 562 ejus;
2648 509 2717 550 ne
2765 493 2971 569 aliquas
2995 512 3180 573 gentes
3209 519 3460 581 exceptas

1869 592 2105 650 putares,
2137 583 2376 652 sequitur
2395 592 2450 638 et
2474 583 2622 651 dicit,
2650 584 2720 641 In
2756 590 2987 647 omnibus
3026 597 3228 666 populis
3253 602 3457 657 miratu.

1870 672 1943 726 lia
1961 675 2090 744 ejus.

1938 764 1993 819 4.
2027 763 2174 838 [νει-ε.
2203 764 2283 837 4.]
2315 766 2565 834 Quoniam
2591 785 2803 842 magnus
2829 771 3079 833 Dominus
3105 788 3153 834 et
3181 781 3457 837 laudabilis

1868 858 2034 912 nimis.
2076 859 2205 928 Quis
2231 859 2482 916 Dominus
2500 903 2515 928 ,
2547 863 2649 918 nisi
2673 862 2828 922 Iesus
2855 867 3132 939 Christus,-
3166 886 3379 944 ’παρῆκε
3408 887 3455 930 et

1868 949 2140 1005 laudabilis
2166 952 2360 1007 nimis?
2401 953 2580 1010 Nostis
2620 965 2764 1013 certe
2803 961 2926 1029 quia
2966 961 3126 1019 homo
3165 969 3449 1036 apparuit;

1867 1044 2040 1100 nostis
2063 1053 2212 1102 certe
2237 1048 2360 1117 quia
2389 1047 2442 1103 in
2470 1058 2626 1105 utero
2653 1049 2865 1108 feminis
2892 1062 3179 1126 conceptus
3207 1068 3288 1114 est
3305 1101 3317 1126 ,
3335 1050 3451 1116 no-

1866 1135 1964 1188 stis
1993 1136 2114 1203 quia
2145 1152 2208 1192 ea
2236 1145 2389 1195 utero
2418 1147 2574 1196 natus
2599 1150 2681 1197 est
2700 1184 2716 1210 ,
2750 1144 2919 1200 nostis
2945 1147 3065 1216 quia
3094 1148 3316 1206 iactatus
3345 1161 3449 1218 est,

1867 1228 1988 1296 quia
2030 1229 2276 1286 manibus
2317 1234 2552 1301 portatus
2592 1243 2693 1300 est,
2742 1236 2864 1306 quia
2907 1238 3284 1304 circumcisus,
3328 1244 3453 1313 quia

1867 1318 2037 1375 hostia
2065 1333 2164 1394 pro
2198 1323 2292 1378 illo
2319 1325 2498 1380 oblata
2525 1335 2628 1393 est,
2658 1326 2780 1397 quia
2810 1330 3016 1396 crevit;
3043 1341 3322 1401 postremo
3352 1347 3449 1388 no-

1865 1413 1964 1469 stis
1983 1416 2106 1485 quia
2131 1419 2466 1488 expalmtus
2493 1429 2595 1486 est,
2621 1429 2929 1491 consputus,
2955 1424 3123 1493 spinis
3142 1437 3452 1496 coronatus,

1865 1507 2150 1566 cruciﬁxus
2187 1519 2303 1577 est,
2345 1523 2587 1568 mortuus
2626 1522 2738 1580 est,
2773 1514 2961 1571 lancea
3005 1527 3290 1587 percussus
3331 1527 3448 1586 est;

1865 1603 2036 1657 nostis
2077 1604 2200 1673 quia
2247 1605 2362 1660 hinc
2405 1607 2584 1660 omnia
2634 1617 2822 1676 passus
2865 1615 2950 1663 est
2987 1617 3000 1663 ξ
3043 1609 3265 1682 Magnus
3292 1621 3376 1667 est
3403 1622 3452 1667 et

1865 1691 2136 1775 laudabilis
2163 1697 2331 1751 nimis.
2373 1694 2548 1753 Nolite
2581 1707 2926 1756 contemnere
2960 1713 3179 1772 parvum
3199 1743 3213 1766 ,
3251 1705 3452 1761 intelli-

1864 1785 1973 1854 gite
1997 1799 2268 1857 magnum.
2313 1788 2517 1844 Parvus
2564 1790 2732 1844 lactus
2759 1796 2874 1857 est,
2903 1791 3026 1858 quia
3067 1793 3214 1863 parvi
3241 1796 3448 1862 eratis;

1864 1876 2187 1950 intelligatur
2225 1895 2475 1952 magnus,
2508 1891 2564 1938 et
2591 1884 2643 1937 in
2672 1881 2760 1938 illo
2789 1882 2966 1956 magni
2989 1885 3158 1941 eritis.
3189 1885 3281 1943 Sic
3306 1889 3449 1947 enim

1864 1970 2158 2025 aediﬁcatur
2183 1971 2392 2037 domus,
2425 1974 2504 2028 sic
2533 1974 2808 2044 eriguntur
2837 1975 3007 2031 moles
3033 1979 3085 2031 lu
3116 1979 3225 2048 ipsa
3255 1977 3448 2034 domo:

1863 2075 2114 2119 crescunt
2155 2066 2357 2134 lapides
2385 2067 2474 2136 qui
2499 2066 2768 2123 ducuntur
2790 2064 2859 2124 ad
2882 2068 3189 2126 aedilicium.
3215 2069 3454 2127 Crescite
3500 2089 3560 2155 δ(

1863 2169 2028 2226 ergo,
2070 2158 2654 2232 intelligiiejhrigtnm
2694 2173 2940 2232 magnum
2982 2167 3081 2219 :et
3110 2177 3302 2232 parvus
3340 2179 3452 2219 ma-

1861 2259 2000 2319 gnus
2027 2256 2112 2304 est
2129 2229 3056 2320 Wa
3087 2229 3344 2310 {volebat
3371 2255 3454 2310 di-

1862 2357 1988 2398 cere
2013 2352 2268 2414 quantum
2295 2357 2551 2415 magnus:
2581 2346 2680 2400 etsi
2714 2354 2820 2400 tota
2846 2345 2934 2402 die
2962 2346 3180 2412 diceret,
3209 2347 3449 2418 Magnus,

1863 2449 2107 2506 magnus,
2141 2437 2266 2508 quid
2296 2433 2543 2493 diceret?
2569 2435 2701 2492 Tota
2728 2439 2817 2494 die
2845 2438 3051 2507 dicens,
3082 2439 3300 2510 Magnus
3329 2439 3451 2494 (lni-

1863 2538 1950 2586 τοι
1990 2531 2315 2602 aliquando;
2366 2532 2492 2602 quia
2533 2532 2712 2586 linitur
2753 2532 2870 2587 dies
2911 2543 2925 2585 ε
2969 2533 3276 2603 magnitudo
3312 2533 3453 2588 illius

1865 2630 1992 2678 ante
2018 2623 2167 2690 dies,
2211 2623 2349 2678 ultra
2378 2621 2528 2690 dies,
2559 2624 2677 2679 sine
2712 2623 2819 2678 dic.-
2864 2623 3008 2694 Ergo
3036 2621 3162 2694 quid
3206 2624 3457 2680 diceret?

1867 2713 2119 2778 Quoniam
2165 2727 2376 2785 magnus
2412 2713 2661 2769 Dominus
2702 2721 2750 2769 et
2791 2711 3065 2770 laudabilis
3103 2715 3271 2770 nimis.
3316 2713 3454 2783 Quid

1863 2808 2004 2862 enim
2050 2807 2256 2862 dictura
2303 2810 2384 2862 est
2431 2806 2608 2877 lingua
2657 2817 2819 2876 parva
2860 2801 2930 2862 ad
2975 2806 3296 2863 laudandum
3335 2821 3454 2861 mao

1864 2911 2022 2969 gnum
2041 2898 2068 2952 ?
2095 2895 2328 2954 Dicendo
2346 2939 2361 2965 ,
2387 2899 2567 2964 nimis,
2601 2898 2779 2954 emisit
2806 2911 2990 2954 vocem
3009 2940 3022 2966 ,
3056 2905 3110 2954 et
3137 2897 3283 2953 dedit
3312 2898 3456 2968 cogi-

1866 2989 2053 3044 tationi
2083 2988 2222 3060 quod
2262 2989 2482 3059 sapiat:
2517 2995 2764 3059 tanquam
2805 2989 3022 3055 dicens,
3069 2989 3220 3056 Quod
3266 2999 3460 3044 sonare

1864 3093 1971 3135 non
2004 3091 2256 3150 possum,
2306 3087 2361 3135 tu
2390 3081 2601 3152 cogita;
2649 3088 2850 3136 etcum
2885 3079 3234 3150 cogitaveris,
3268 3093 3455 3149 parum

1865 3175 1984 3230 erit.
2028 3173 2179 3241 Quod
2221 3173 2476 3244 cogitatio
2503 3172 2700 3226 nullius
2721 3173 2984 3242 explicat,
3018 3172 3192 3242 lingua
3234 3170 3460 3240 alicujus

1865 3265 2094 3334 explicat
2112 3265 2137 3318 ’ἶ
2177 3263 2398 3336 Magnas
2434 3263 2688 3318 Dominus
2723 3272 2767 3316 et
2808 3261 3079 3317 laudabilis
3117 3264 3286 3317 nimis.
3343 3263 3457 3333 Ipse

1865 3351 2140 3422 laudetur,
2173 3356 2288 3426 ipso
2330 3353 2685 3426 praedicetur,
2711 3354 2830 3424 ejus
2861 3355 3030 3425 gloria
3065 3355 3368 3423 nuntietur,
3403 3365 3462 3410 et

1865 3445 2161 3502 addicatur
2197 3445 2389 3501 domus
2410 3446 2450 3498 ⁸.

1936 3536 1986 3594 5.
2021 3535 2284 3592 Terribilis
2321 3547 2395 3592 est
2436 3551 2587 3608 super
2627 3549 2798 3592 omnes
2837 3536 2975 3590 deos.
3024 3534 3162 3592 Sunt
3201 3535 3344 3592 enim
3385 3535 3460 3591 dii

1864 3637 2026 3700 super
2055 3642 2190 3700 quos
2227 3629 2299 3684 sit
2326 3629 2578 3684 terribilis
2607 3628 2739 3684 ille?
2776 3627 3060 3683 Videamus
3081 3630 3102 3660 '
3131 3641 3265 3697 quos
3293 3627 3458 3689 dicat.

1865 3730 1921 3776 et
1944 3720 2244 3777 videbimus
2275 3735 2440 3791 quare
2485 3721 2648 3775 dicat.
2702 3719 2922 3774 Interim
2964 3723 3248 3789 antequam
3295 3720 3456 3786 dicat,-

1867 3810 2168 3866 charissimi
2189 3851 2204 3876 ,
2236 3811 2515 3867 advertite.
2564 3811 2658 3866 Ille
2698 3811 2786 3880 qui
2829 3812 2979 3880 quasi
3011 3811 3225 3865 territus
3252 3810 3462 3865 videtur

1869 3903 2008 3960 inter
2037 3903 2284 3958 homines
2303 3945 2318 3968 ,
2347 3903 2586 3957 terribilis
2621 3909 2696 3957 est
2723 3919 2874 3970 super
2902 3917 3073 3956 omnes
3106 3903 3244 3954 deos.
3291 3901 3460 3955 Num-

1867 3996 1995 4065 quid
2059 4012 2168 4050 non
2231 3995 2561 4050 fremuerunt
2599 3996 2826 4064 gentes?
2877 3994 3131 4064 numquid
3193 4008 3298 4048 non
3360 4009 3461 4064 po-

1865 4089 1977 4158 puli
2040 4088 2280 4143 meditati
2335 4097 2462 4144 sunt
2526 4087 2701 4142 inania
2757 4087 3015 4142 adversus
3068 4087 3354 4142 Dominum
3407 4095 3463 4143 et

1868 4179 2128 4234 adversus
2149 4178 2421 4234 Christum
2466 4178 2580 4248 ejus
2613 4177 2798 4249 (Paul.
2824 4194 2893 4244 tt,
2924 4179 2950 4232 i
2971 4177 3036 4250 )?
3079 4177 3346 4248 Numquid
3387 4177 3463 4233 i—lii

1869 4271 2008 4325 tauri
2053 4270 2278 4340 pingues
2330 4286 2435 4325 non
2481 4269 2947 4325 circumdederunt
2992 4269 3159 4324 cum?
3207 4269 3464 4340 numquid

1871 4380 1975 4421 non
2019 4365 2108 4419 leo
2135 4364 2220 4418 ille
2250 4363 2468 4434 rugiens
2510 4361 2728 4418 fremuit
2764 4377 2924 4432 super
2960 4362 3109 4416 illum
3137 4360 3320 4433 (Psal.
3352 4379 3464 4428 xxi,

1871 4458 1960 4518 i3.
1993 4457 2096 4528 Η)
2119 4497 2132 4520 ,
2162 4463 2222 4511 et.
2247 4456 2456 4510 intrans
2483 4456 2538 4510 in
2564 4455 2730 4510 corda
2757 4456 3094 4510 saevientium
3125 4456 3464 4520 exeiainavit,

1872 4548 2158 4620 Cruci/iga,
2181 4549 2420 4619 cruciﬁge
2450 4547 2663 4621 (Matth.
2693 4563 2868 4613 xxvn,
2893 4548 2986 4620 25)
3011 4563 3029 4614 ;-
3059 4548 3208 4618 quasi
3239 4548 3329 4604 ille
3365 4549 3468 4604 isto

1875 4642 2096 4698 fremitu
2124 4651 2415 4696 terreretur
2444 4641 2533 4711 qui
2559 4640 2794 4696 terribilis
2822 4652 2926 4707 est,
2958 4656 3064 4694 non
3093 4655 3254 4708 super
3278 4655 3466 4694 (nones

1876 4733 2142 4798 homines,
2171 4733 2263 4788 sed
2294 4742 2447 4803 super
2474 4749 2648 4787 omnes
2678 4733 2839 4787 deos?
2867 4730 2965 4788 Ubi
2995 4732 3141 4786 enim
3167 4730 3284 4785 vult
3303 4730 3466 4784 sedili-

1876 4842 2000 4884 care
2043 4828 2282 4891 domoin,
2331 4827 2484 4881 locus
2523 4827 2638 4896 ipse
2680 4826 2910 4880 silvosus
2946 4833 3058 4889 est,
3090 4824 3232 4879 unde
3267 4823 3466 4878 dictum

1876 4930 1959 4976 est
1998 4919 2252 4975 hesterno
2279 4920 2366 4973 die
2386 4958 2400 4983 ,
2431 4917 2730 4974 Invenimus
2754 4933 2868 4972 eam
2899 4917 2954 4970 in
2984 4915 3175 4986 eampis
3201 4914 3342 4969 silva
3367 4912 3466 4982 (α).

1879 5011 2105 5066 Domum
2133 5011 2276 5065 enim
2314 5011 2490 5080 ipsum
2514 5011 2810 5081 qmehat,
2839 5025 2962 5063 cum
2987 5008 3210 5072 diceret,
3236 5005 3303 5060 In
3327 5022 3469 5060 cant-

1881 5104 1959 5176 pis
1987 5104 2148 5158 silete.
2181 5104 2248 5158 Et
2275 5103 2420 5158 unde
2453 5103 2682 5158 silvosus
2707 5113 2790 5156 est
2817 5102 2967 5155 locus
2998 5100 3130 5156 ille?
3175 5099 3469 5156 Simulacra

1881 5194 2133 5249 colebant
2173 5193 2462 5249 homines:
2493 5209 2601 5248 non
2648 5192 2840 5247 mirum
2883 5191 3009 5261 quia
3052 5205 3244 5260 porcos
3283 5205 3471 5261 pasce-

1883 5287 2034 5342 bant.
2079 5285 2252 5341 Filius
2291 5285 2434 5341 enim
2478 5284 2570 5337 ille
2615 5294 2732 5339 erat
2773 5284 2864 5353 qui
2907 5282 3112 5337 dimisit
3149 5291 3390 5352 patrem,
3421 5289 3475 5336 et

1883 5381 2064 5435 oninia
2091 5393 2186 5432 sua
2229 5374 2558 5444 consumpsit
2599 5374 2652 5427 in
2696 5373 3098 5435 meretricibus.
3136 5375 3322 5428 vivens
3351 5387 3474 5442 pro:

1885 5473 2046 5543 elige;
2088 5469 2340 5541 pascebat
2367 5481 2558 5538 porcos
2583 5465 2732 5540 (Luc.
2758 5483 2848 5531 xv,
2876 5468 3092 5537 42-55),
3124 5467 3178 5522 id
3202 5475 3304 5532 est,
3331 5465 3474 5520 cole-

1885 5565 1979 5621 bat
2003 5562 2268 5620 (immania
2299 5579 2311 5616 :
2343 5570 2400 5617 et
2440 5561 2552 5632 ipsa
2581 5561 2962 5633 superstitione
2985 5560 3271 5618 Gentilium
3294 5601 3307 5626 ,
3339 5558 3472 5614 silva

1954 5703 1969 5734 ¹
1995 5702 2069 5751 sic
2089 5698 2274 5766 aliquot
2298 5706 2402 5766 Mss.
2430 5705 2485 5748 At.
2516 5699 2651 5757 ιω,
2675 5703 2720 5766 _et
2743 5697 3222 5766 (Btﬁﬁt't’ltltdms.
3254 5764 3283 5766 Β

1952 5767 1970 5794 ²
1995 5769 2099 5811 MSS.
2125 5751 2321 5823 qliidtmt
2347 5760 2435 5809 hor
2460 5768 2510 5823 ut.
2549 5751 2769 5823 pro'ximo
2799 5751 2918 5816 Io'm,
2941 5759 3223 5810 ridebimus.
3253 5751 3471 5804 δίκηιιοὶὶί

1891 5832 2052 5874 autem
2075 5821 2284 5885 utroque
2309 5821 2430 5878 loco,
2459 5821 2699 5872 rideamus
2726 5837 2736 5869 :
2764 5831 2812 5870 et
2831 5825 2898 5870 sic
2924 5832 3017 5869 Aur.

1957 5887 2026 5949 (tl)
2066 5885 2161 5934 Vill.
2185 5889 2344 5933 [manu
2374 5885 2559 5934 iuJ'sul.
2588 5900 2750 5946 CXXXI,
2791 5899 2836 5931 ιι.
2872 5885 2939 5932 ll.
