  <div class='ocr_page' id='page_1' title='image "/cluster/home/n/w/nwhite01/storage/ocr_20150623/37/uva.x000827106/113.png"; bbox 0 0 4088 6454; ppageno 0'>
   <div class='ocr_carea' id='block_1_1' title="bbox 621 379 746 440">
    <p class='ocr_par' dir='ltr' id='par_1_1' title="bbox 621 379 746 440">
     <span class='ocr_line' id='line_1_1' title="bbox 621 379 746 440; baseline -0.008 -2"><span class='ocrx_word' id='word_1_1' title='bbox 621 379 746 440; x_wconf 62' lang='lat' dir='ltr'><strong>lui</strong></span> 
     </span>
    </p>
   </div>
   <div class='ocr_carea' id='block_1_2' title="bbox 614 482 2203 555">
    <p class='ocr_par' dir='ltr' id='par_1_2' title="bbox 614 482 2203 555">
     <span class='ocr_line' id='line_1_2' title="bbox 614 482 2203 555; baseline -0.009 -3"><span class='ocrx_word' id='word_1_2' title='bbox 614 495 752 552; x_wconf 84' lang='lat' dir='ltr'><strong>tacta</strong></span> <span class='ocrx_word' id='word_1_3' title='bbox 780 498 897 551; x_wconf 88' lang='lat' dir='ltr'><strong>erat</strong></span> <span class='ocrx_word' id='word_1_4' title='bbox 920 490 1096 549; x_wconf 87' lang='lat' dir='ltr'><strong>omnis</strong></span> <span class='ocrx_word' id='word_1_5' title='bbox 1120 496 1282 545; x_wconf 80' lang='lat' dir='ltr'><strong>terra.</strong></span> <span class='ocrx_word' id='word_1_6' title='bbox 1313 482 1421 543; x_wconf 91' lang='lat' dir='ltr'><strong>Sed</strong></span> <span class='ocrx_word' id='word_1_7' title='bbox 1456 484 1718 555; x_wconf 71' lang='lat' dir='ltr'><strong>exstirpat</strong></span> <span class='ocrx_word' id='word_1_8' title='bbox 1741 482 1927 539; x_wconf 81' lang='lat' dir='ltr'><strong>silvam</strong></span> <span class='ocrx_word' id='word_1_9' title='bbox 1959 482 2048 554; x_wconf 88' lang='lat' dir='ltr'><strong>qui</strong></span> <span class='ocrx_word' id='word_1_10' title='bbox 2075 482 2203 538; x_wconf 83' lang='lat' dir='ltr'><strong>aedi-</strong></span> 
     </span>
    </p>
   </div>
   <div class='ocr_carea' id='block_1_3' title="bbox 616 572 2202 651">
    <p class='ocr_par' dir='ltr' id='par_1_3' title="bbox 616 572 2202 651">
     <span class='ocr_line' id='line_1_3' title="bbox 616 572 2202 651; baseline -0.009 -7"><span class='ocrx_word' id='word_1_11' title='bbox 616 588 741 644; x_wconf 87' lang='lat' dir='ltr'><strong>ﬁcat</strong></span> <span class='ocrx_word' id='word_1_12' title='bbox 775 584 1034 648; x_wconf 90' lang='lat' dir='ltr'><strong>domum;</strong></span> <span class='ocrx_word' id='word_1_13' title='bbox 1083 589 1139 638; x_wconf 91' lang='lat' dir='ltr'><strong>et</strong></span> <span class='ocrx_word' id='word_1_14' title='bbox 1166 585 1448 651; x_wconf 74' lang='lat' dir='ltr'><strong>propterea</strong></span> <span class='ocrx_word' id='word_1_15' title='bbox 1487 575 1687 632; x_wconf 89' lang='lat' dir='ltr'><strong>dictum</strong></span> <span class='ocrx_word' id='word_1_16' title='bbox 1714 584 1827 642; x_wconf 84' lang='lat' dir='ltr'><strong>est,</strong></span> <span class='ocrx_word' id='word_1_17' title='bbox 1855 572 1983 631; x_wconf 88' lang='lat' dir='ltr'><strong>Cum</strong></span> <span class='ocrx_word' id='word_1_18' title='bbox 2020 576 2202 629; x_wconf 90' lang='lat' dir='ltr'><strong>domus</strong></span> 
     </span>
    </p>
   </div>
   <div class='ocr_carea' id='block_1_4' title="bbox 617 664 2204 748">
    <p class='ocr_par' dir='ltr' id='par_1_4' title="bbox 617 664 2204 748">
     <span class='ocr_line' id='line_1_4' title="bbox 617 664 2204 748; baseline -0.009 -14"><span class='ocrx_word' id='word_1_19' title='bbox 617 677 954 748; x_wconf 73' lang='lat' dir='ltr'><strong>cdi/icaretur</strong></span> <span class='ocrx_word' id='word_1_20' title='bbox 978 680 1088 745; x_wconf 87' lang='lat' dir='ltr'><strong>post</strong></span> <span class='ocrx_word' id='word_1_21' title='bbox 1110 669 1471 741; x_wconf 74' lang='lat' dir='ltr'><strong>captivitatem.</strong></span> <span class='ocrx_word' id='word_1_22' title='bbox 1499 666 1840 724; x_wconf 77' lang='lat' dir='ltr'><strong>Tenebantur</strong></span> <span class='ocrx_word' id='word_1_23' title='bbox 1860 665 2003 722; x_wconf 89' lang='lat' dir='ltr'><strong>enim</strong></span> <span class='ocrx_word' id='word_1_24' title='bbox 2033 664 2204 720; x_wconf 84' lang='lat' dir='ltr'><strong>homi-</strong></span> 
     </span>
    </p>
   </div>
   <div class='ocr_carea' id='block_1_5' title="bbox 616 756 2203 836">
    <p class='ocr_par' dir='ltr' id='par_1_5' title="bbox 616 756 2203 836">
     <span class='ocr_line' id='line_1_5' title="bbox 616 756 2203 836; baseline -0.009 -11"><span class='ocrx_word' id='word_1_25' title='bbox 616 782 716 825; x_wconf 89' lang='lat' dir='ltr'><strong>nes</strong></span> <span class='ocrx_word' id='word_1_26' title='bbox 742 762 936 836; x_wconf 78' lang='lat' dir='ltr'><strong>captivi</strong></span> <span class='ocrx_word' id='word_1_27' title='bbox 979 762 1082 818; x_wconf 85' lang='lat' dir='ltr'><strong>sub</strong></span> <span class='ocrx_word' id='word_1_28' title='bbox 1108 760 1357 828; x_wconf 82' lang='lat' dir='ltr'><strong>diabolo,</strong></span> <span class='ocrx_word' id='word_1_29' title='bbox 1388 769 1440 815; x_wconf 78' lang='lat' dir='ltr'><strong>et</strong></span> <span class='ocrx_word' id='word_1_30' title='bbox 1482 757 1817 823; x_wconf 86' lang='lat' dir='ltr'><strong>daemonibus</strong></span> <span class='ocrx_word' id='word_1_31' title='bbox 1858 756 2160 814; x_wconf 85' lang='lat' dir='ltr'><strong>serviebant</strong></span> <span class='ocrx_word' id='word_1_32' title='bbox 2188 775 2203 826; x_wconf 91' lang='lat'><strong>;</strong></span> 
     </span>
    </p>
   </div>
   <div class='ocr_carea' id='block_1_6' title="bbox 616 851 2209 929">
    <p class='ocr_par' dir='ltr' id='par_1_6' title="bbox 616 851 2209 929">
     <span class='ocr_line' id='line_1_6' title="bbox 616 851 2209 929; baseline -0.009 -11"><span class='ocrx_word' id='word_1_33' title='bbox 616 859 710 918; x_wconf 80' lang='lat' dir='ltr'><strong>sed</strong></span> <span class='ocrx_word' id='word_1_34' title='bbox 742 856 1004 929; x_wconf 86' lang='lat' dir='ltr'><strong>redempti</strong></span> <span class='ocrx_word' id='word_1_35' title='bbox 1040 865 1166 911; x_wconf 92' lang='lat' dir='ltr'><strong>sunt</strong></span> <span class='ocrx_word' id='word_1_36' title='bbox 1198 870 1231 909; x_wconf 90' lang='lat' dir='ltr'><strong>a</strong></span> <span class='ocrx_word' id='word_1_37' title='bbox 1274 852 1600 926; x_wconf 79' lang='lat' dir='ltr'><strong>captivitate.</strong></span> <span class='ocrx_word' id='word_1_38' title='bbox 1631 851 1875 908; x_wconf 83' lang='lat' dir='ltr'><strong>Vendere</strong></span> <span class='ocrx_word' id='word_1_39' title='bbox 1915 866 1975 907; x_wconf 89' lang='lat' dir='ltr'><strong>se</strong></span> <span class='ocrx_word' id='word_1_40' title='bbox 2022 861 2209 922; x_wconf 82' lang='lat' dir='ltr'><strong>potue-</strong></span> 
     </span>
    </p>
   </div>
   <div class='ocr_carea' id='block_1_7' title="bbox 558 944 2205 1033">
    <p class='ocr_par' dir='ltr' id='par_1_7' title="bbox 558 944 2205 1033">
     <span class='ocr_line' id='line_1_7' title="bbox 558 944 2205 1033; baseline -0.007 -23"><span class='ocrx_word' id='word_1_41' title='bbox 558 1014 564 1033; x_wconf 49' lang='grc'><strong><em>,</em></strong></span> <span class='ocrx_word' id='word_1_42' title='bbox 615 961 760 1019; x_wconf 91' lang='lat' dir='ltr'><strong>runt,</strong></span> <span class='ocrx_word' id='word_1_43' title='bbox 801 949 898 1008; x_wconf 87' lang='lat' dir='ltr'><strong>sed</strong></span> <span class='ocrx_word' id='word_1_44' title='bbox 924 948 1192 1006; x_wconf 85' lang='lat' dir='ltr'><strong>redimere</strong></span> <span class='ocrx_word' id='word_1_45' title='bbox 1216 962 1324 1004; x_wconf 91' lang='lat' dir='ltr'><strong>non</strong></span> <span class='ocrx_word' id='word_1_46' title='bbox 1348 954 1651 1018; x_wconf 89' lang='lat' dir='ltr'><strong>potuerunt.</strong></span> <span class='ocrx_word' id='word_1_47' title='bbox 1683 944 1838 1001; x_wconf 82' lang='lat' dir='ltr'><strong>Venit</strong></span> <span class='ocrx_word' id='word_1_48' title='bbox 1858 945 2205 1014; x_wconf 83' lang='lat' dir='ltr'><strong>Redemptor,</strong></span> 
     </span>
    </p>
   </div>
   <div class='ocr_carea' id='block_1_8' title="bbox 548 1036 2204 1132">
    <p class='ocr_par' dir='ltr' id='par_1_8' title="bbox 548 1036 2204 1132">
     <span class='ocr_line' id='line_1_8' title="bbox 548 1036 2204 1132; baseline -0.005 -31"><span class='ocrx_word' id='word_1_49' title='bbox 548 1036 561 1132; x_wconf 54' lang='grc' dir='ltr'><em>Ι</em></span> <span class='ocrx_word' id='word_1_50' title='bbox 616 1054 669 1101; x_wconf 83' lang='lat' dir='ltr'><strong>et</strong></span> <span class='ocrx_word' id='word_1_51' title='bbox 697 1042 846 1101; x_wconf 89' lang='lat' dir='ltr'><strong>dedit</strong></span> <span class='ocrx_word' id='word_1_52' title='bbox 874 1042 1100 1114; x_wconf 90' lang='lat' dir='ltr'><strong>pretium</strong></span> <span class='ocrx_word' id='word_1_53' title='bbox 1126 1056 1143 1107; x_wconf 91' lang='lat'><strong>;</strong></span> <span class='ocrx_word' id='word_1_54' title='bbox 1174 1040 1303 1095; x_wconf 87' lang='lat' dir='ltr'><strong>fudit</strong></span> <span class='ocrx_word' id='word_1_55' title='bbox 1323 1039 1635 1111; x_wconf 85' lang='lat' dir='ltr'><strong>sanguinem</strong></span> <span class='ocrx_word' id='word_1_56' title='bbox 1657 1053 1833 1101; x_wconf 86' lang='lat' dir='ltr'><strong>suum,</strong></span> <span class='ocrx_word' id='word_1_57' title='bbox 1860 1039 1992 1094; x_wconf 91' lang='lat' dir='ltr'><strong>emit</strong></span> <span class='ocrx_word' id='word_1_58' title='bbox 2018 1038 2204 1093; x_wconf 89' lang='lat' dir='ltr'><strong>orbem</strong></span> 
     </span>
    </p>
   </div>
   <div class='ocr_carea' id='block_1_9' title="bbox 618 1127 2210 1202">
    <p class='ocr_par' dir='ltr' id='par_1_9' title="bbox 618 1127 2210 1202">
     <span class='ocr_line' id='line_1_9' title="bbox 618 1127 2210 1202; baseline -0.006 -10"><span class='ocrx_word' id='word_1_59' title='bbox 618 1143 901 1192; x_wconf 88' lang='lat' dir='ltr'><strong>terrarum.</strong></span> <span class='ocrx_word' id='word_1_60' title='bbox 949 1131 1202 1202; x_wconf 64' lang='lat' dir='ltr'><strong>Quaeritis</strong></span> <span class='ocrx_word' id='word_1_61' title='bbox 1237 1129 1364 1202; x_wconf 92' lang='lat' dir='ltr'><strong>quid</strong></span> <span class='ocrx_word' id='word_1_62' title='bbox 1394 1129 1629 1186; x_wconf 87' lang='lat' dir='ltr'><strong>emerit?</strong></span> <span class='ocrx_word' id='word_1_63' title='bbox 1659 1128 1846 1185; x_wconf 84' lang='lat' dir='ltr'><strong>Videte</strong></span> <span class='ocrx_word' id='word_1_64' title='bbox 1882 1128 2009 1199; x_wconf 87' lang='lat' dir='ltr'><strong>quid</strong></span> <span class='ocrx_word' id='word_1_65' title='bbox 2042 1127 2210 1183; x_wconf 86' lang='lat' dir='ltr'><strong>dede-</strong></span> 
     </span>
    </p>
   </div>
   <div class='ocr_carea' id='block_1_10' title="bbox 617 1213 2209 1296">
    <p class='ocr_par' dir='ltr' id='par_1_10' title="bbox 617 1213 2209 1296">
     <span class='ocr_line' id='line_1_10' title="bbox 617 1213 2209 1296; baseline -0.006 -12"><span class='ocrx_word' id='word_1_66' title='bbox 617 1227 709 1295; x_wconf 85' lang='lat' dir='ltr'><strong>rit,</strong></span> <span class='ocrx_word' id='word_1_67' title='bbox 736 1236 793 1284; x_wconf 89' lang='lat' dir='ltr'><strong>et</strong></span> <span class='ocrx_word' id='word_1_68' title='bbox 817 1213 1053 1282; x_wconf 80' lang='lat' dir='ltr'><strong>invenite</strong></span> <span class='ocrx_word' id='word_1_69' title='bbox 1076 1222 1205 1296; x_wconf 90' lang='lat' dir='ltr'><strong>quid</strong></span> <span class='ocrx_word' id='word_1_70' title='bbox 1234 1223 1447 1280; x_wconf 85' lang='lat' dir='ltr'><strong>emerit.</strong></span> <span class='ocrx_word' id='word_1_71' title='bbox 1475 1221 1703 1290; x_wconf 84' lang='lat' dir='ltr'><strong>Sanguis</strong></span> <span class='ocrx_word' id='word_1_72' title='bbox 1730 1220 1947 1286; x_wconf 77' lang='lat' dir='ltr'><strong>Christi;</strong></span> <span class='ocrx_word' id='word_1_73' title='bbox 1981 1221 2209 1291; x_wconf 89' lang='lat' dir='ltr'><strong>pretium</strong></span> 
     </span>
    </p>
   </div>
   <div class='ocr_carea' id='block_1_11' title="bbox 618 1315 2209 1390">
    <p class='ocr_par' dir='ltr' id='par_1_11' title="bbox 618 1315 2209 1390">
     <span class='ocr_line' id='line_1_11' title="bbox 618 1315 2209 1390; baseline -0.004 -13"><span class='ocrx_word' id='word_1_74' title='bbox 618 1331 722 1378; x_wconf 88' lang='lat' dir='ltr'><strong>est.</strong></span> <span class='ocrx_word' id='word_1_75' title='bbox 757 1320 913 1376; x_wconf 87' lang='lat' dir='ltr'><strong>Tanti</strong></span> <span class='ocrx_word' id='word_1_76' title='bbox 952 1318 1079 1390; x_wconf 93' lang='lat' dir='ltr'><strong>quid</strong></span> <span class='ocrx_word' id='word_1_77' title='bbox 1109 1318 1289 1373; x_wconf 85' lang='lat' dir='ltr'><strong>valet?</strong></span> <span class='ocrx_word' id='word_1_78' title='bbox 1326 1316 1497 1386; x_wconf 83' lang='lat' dir='ltr'><strong>Quid,</strong></span> <span class='ocrx_word' id='word_1_79' title='bbox 1527 1316 1626 1370; x_wconf 87' lang='lat' dir='ltr'><strong>nisi</strong></span> <span class='ocrx_word' id='word_1_80' title='bbox 1671 1324 1813 1371; x_wconf 88' lang='lat' dir='ltr'><strong>totus</strong></span> <span class='ocrx_word' id='word_1_81' title='bbox 1842 1315 2031 1372; x_wconf 80' lang='lat' dir='ltr'><strong>orbis?</strong></span> <span class='ocrx_word' id='word_1_82' title='bbox 2060 1315 2209 1386; x_wconf 90' lang='lat' dir='ltr'><strong>quid,</strong></span> 
     </span>
    </p>
   </div>
   <div class='ocr_carea' id='block_1_12' title="bbox 618 1406 2210 1480">
    <p class='ocr_par' dir='ltr' id='par_1_12' title="bbox 618 1406 2210 1480">
     <span class='ocr_line' id='line_1_12' title="bbox 618 1406 2210 1480; baseline -0.004 -12"><span class='ocrx_word' id='word_1_83' title='bbox 618 1412 725 1470; x_wconf 89' lang='lat' dir='ltr'><strong>nisi</strong></span> <span class='ocrx_word' id='word_1_84' title='bbox 768 1426 958 1467; x_wconf 89' lang='lat' dir='ltr'><strong>omnes</strong></span> <span class='ocrx_word' id='word_1_85' title='bbox 998 1410 1231 1480; x_wconf 83' lang='lat' dir='ltr'><strong>gentes?</strong></span> <span class='ocrx_word' id='word_1_86' title='bbox 1278 1407 1441 1463; x_wconf 90' lang='lat' dir='ltr'><strong>Valde</strong></span> <span class='ocrx_word' id='word_1_87' title='bbox 1484 1407 1675 1477; x_wconf 87' lang='lat' dir='ltr'><strong>ingrati</strong></span> <span class='ocrx_word' id='word_1_88' title='bbox 1715 1415 1839 1461; x_wconf 87' lang='lat' dir='ltr'><strong>sunt</strong></span> <span class='ocrx_word' id='word_1_89' title='bbox 1881 1406 2057 1478; x_wconf 91' lang='lat' dir='ltr'><strong>pretio</strong></span> <span class='ocrx_word' id='word_1_90' title='bbox 2091 1420 2210 1473; x_wconf 91' lang='lat' dir='ltr'><strong>suo,</strong></span> 
     </span>
    </p>
   </div>
   <div class='ocr_carea' id='block_1_13' title="bbox 620 1496 2213 1571">
    <p class='ocr_par' dir='ltr' id='par_1_13' title="bbox 620 1496 2213 1571">
     <span class='ocr_line' id='line_1_13' title="bbox 620 1496 2213 1571; baseline -0.004 -12"><span class='ocrx_word' id='word_1_91' title='bbox 620 1513 714 1560; x_wconf 89' lang='lat' dir='ltr'><strong>aut</strong></span> <span class='ocrx_word' id='word_1_92' title='bbox 748 1502 972 1557; x_wconf 89' lang='lat' dir='ltr'><strong>multum</strong></span> <span class='ocrx_word' id='word_1_93' title='bbox 1002 1499 1216 1571; x_wconf 88' lang='lat' dir='ltr'><strong>superbi</strong></span> <span class='ocrx_word' id='word_1_94' title='bbox 1246 1507 1406 1563; x_wconf 90' lang='lat' dir='ltr'><strong>sunt,</strong></span> <span class='ocrx_word' id='word_1_95' title='bbox 1434 1497 1524 1568; x_wconf 87' lang='lat' dir='ltr'><strong>qui</strong></span> <span class='ocrx_word' id='word_1_96' title='bbox 1553 1496 1770 1565; x_wconf 90' lang='lat' dir='ltr'><strong>dicunt,</strong></span> <span class='ocrx_word' id='word_1_97' title='bbox 1818 1506 1911 1551; x_wconf 91' lang='lat' dir='ltr'><strong>aut</strong></span> <span class='ocrx_word' id='word_1_98' title='bbox 1948 1496 2078 1552; x_wconf 92' lang='lat' dir='ltr'><strong>illud</strong></span> <span class='ocrx_word' id='word_1_99' title='bbox 2107 1507 2213 1552; x_wconf 90' lang='lat' dir='ltr'><strong>tam</strong></span> 
     </span>
    </p>
   </div>
   <div class='ocr_carea' id='block_1_14' title="bbox 619 1591 2213 1670">
    <p class='ocr_par' dir='ltr' id='par_1_14' title="bbox 619 1591 2213 1670">
     <span class='ocr_line' id='line_1_14' title="bbox 619 1591 2213 1670; baseline -0.004 -18"><span class='ocrx_word' id='word_1_100' title='bbox 619 1611 842 1670; x_wconf 82' lang='lat' dir='ltr'><strong>parvum</strong></span> <span class='ocrx_word' id='word_1_101' title='bbox 871 1609 1023 1659; x_wconf 88' lang='lat' dir='ltr'><strong>esse,</strong></span> <span class='ocrx_word' id='word_1_102' title='bbox 1056 1603 1109 1648; x_wconf 93' lang='lat' dir='ltr'><strong>ut</strong></span> <span class='ocrx_word' id='word_1_103' title='bbox 1139 1593 1285 1648; x_wconf 90' lang='lat' dir='ltr'><strong>solos</strong></span> <span class='ocrx_word' id='word_1_104' title='bbox 1312 1591 1472 1647; x_wconf 84' lang='lat' dir='ltr'><strong>Afros</strong></span> <span class='ocrx_word' id='word_1_105' title='bbox 1499 1592 1726 1658; x_wconf 88' lang='lat' dir='ltr'><strong>emerit;</strong></span> <span class='ocrx_word' id='word_1_106' title='bbox 1757 1599 1852 1647; x_wconf 91' lang='lat' dir='ltr'><strong>aut</strong></span> <span class='ocrx_word' id='word_1_107' title='bbox 1875 1606 1935 1647; x_wconf 88' lang='lat' dir='ltr'><strong>se</strong></span> <span class='ocrx_word' id='word_1_108' title='bbox 1961 1600 2067 1646; x_wconf 88' lang='lat' dir='ltr'><strong>tam</strong></span> <span class='ocrx_word' id='word_1_109' title='bbox 2095 1606 2213 1646; x_wconf 90' lang='lat' dir='ltr'><strong>ma-</strong></span> 
     </span>
    </p>
   </div>
   <div class='ocr_carea' id='block_1_15' title="bbox 619 1684 2214 1761">
    <p class='ocr_par' dir='ltr' id='par_1_15' title="bbox 619 1684 2214 1761">
     <span class='ocr_line' id='line_1_15' title="bbox 619 1684 2214 1761; baseline -0.003 -17"><span class='ocrx_word' id='word_1_110' title='bbox 619 1704 754 1761; x_wconf 88' lang='lat' dir='ltr'><strong>gnos</strong></span> <span class='ocrx_word' id='word_1_111' title='bbox 778 1702 899 1746; x_wconf 86' lang='lat' dir='ltr'><strong>esse</strong></span> <span class='ocrx_word' id='word_1_112' title='bbox 918 1727 936 1754; x_wconf 95' lang='lat'><strong>,</strong></span> <span class='ocrx_word' id='word_1_113' title='bbox 967 1701 1064 1758; x_wconf 87' lang='lat' dir='ltr'><strong>pro</strong></span> <span class='ocrx_word' id='word_1_114' title='bbox 1088 1686 1281 1757; x_wconf 85' lang='lat' dir='ltr'><strong>quibus</strong></span> <span class='ocrx_word' id='word_1_115' title='bbox 1306 1684 1437 1740; x_wconf 89' lang='lat' dir='ltr'><strong>solis</strong></span> <span class='ocrx_word' id='word_1_116' title='bbox 1476 1684 1606 1740; x_wconf 91' lang='lat' dir='ltr'><strong>illud</strong></span> <span class='ocrx_word' id='word_1_117' title='bbox 1650 1684 1721 1739; x_wconf 86' lang='lat' dir='ltr'><strong>sit</strong></span> <span class='ocrx_word' id='word_1_118' title='bbox 1758 1684 1938 1739; x_wconf 89' lang='lat' dir='ltr'><strong>datum</strong></span> <span class='ocrx_word' id='word_1_119' title='bbox 1967 1684 2067 1755; x_wconf 89' lang='lat' dir='ltr'><strong>(a).</strong></span> <span class='ocrx_word' id='word_1_120' title='bbox 2100 1684 2214 1739; x_wconf 85' lang='lat' dir='ltr'><strong>Non</strong></span> 
     </span>
    </p>
   </div>
   <div class='ocr_carea' id='block_1_16' title="bbox 619 1774 2213 1851">
    <p class='ocr_par' dir='ltr' id='par_1_16' title="bbox 619 1774 2213 1851">
     <span class='ocr_line' id='line_1_16' title="bbox 619 1774 2213 1851; baseline -0.002 -18"><span class='ocrx_word' id='word_1_121' title='bbox 619 1794 749 1851; x_wconf 87' lang='lat' dir='ltr'><strong>ergo</strong></span> <span class='ocrx_word' id='word_1_122' title='bbox 790 1778 1131 1845; x_wconf 68' lang='lat' dir='ltr'><strong>exsultent‘,</strong></span> <span class='ocrx_word' id='word_1_123' title='bbox 1181 1790 1290 1831; x_wconf 91' lang='lat' dir='ltr'><strong>non</strong></span> <span class='ocrx_word' id='word_1_124' title='bbox 1330 1774 1643 1847; x_wconf 88' lang='lat' dir='ltr'><strong>superbiant</strong></span> <span class='ocrx_word' id='word_1_125' title='bbox 1690 1792 1701 1828; x_wconf 90' lang='lat'>:</span> <span class='ocrx_word' id='word_1_126' title='bbox 1749 1790 1846 1845; x_wconf 92' lang='lat' dir='ltr'><strong>pro</strong></span> <span class='ocrx_word' id='word_1_127' title='bbox 1890 1783 2001 1830; x_wconf 92' lang='lat' dir='ltr'><strong>toto</strong></span> <span class='ocrx_word' id='word_1_128' title='bbox 2044 1774 2213 1843; x_wconf 85' lang='lat' dir='ltr'><strong>dedit,</strong></span> 
     </span>
    </p>
   </div>
   <div class='ocr_carea' id='block_1_17' title="bbox 621 1868 2216 1945">
    <p class='ocr_par' dir='ltr' id='par_1_17' title="bbox 621 1868 2216 1945">
     <span class='ocr_line' id='line_1_17' title="bbox 621 1868 2216 1945; baseline -0.003 -17"><span class='ocrx_word' id='word_1_129' title='bbox 621 1882 877 1945; x_wconf 88' lang='lat' dir='ltr'><strong>quantum</strong></span> <span class='ocrx_word' id='word_1_130' title='bbox 910 1871 1076 1928; x_wconf 89' lang='lat' dir='ltr'><strong>dedit.</strong></span> <span class='ocrx_word' id='word_1_131' title='bbox 1117 1868 1273 1925; x_wconf 88' lang='lat' dir='ltr'><strong>Novit</strong></span> <span class='ocrx_word' id='word_1_132' title='bbox 1300 1869 1425 1939; x_wconf 87' lang='lat' dir='ltr'><strong>quid</strong></span> <span class='ocrx_word' id='word_1_133' title='bbox 1450 1868 1675 1937; x_wconf 89' lang='lat' dir='ltr'><strong>emerit,</strong></span> <span class='ocrx_word' id='word_1_134' title='bbox 1705 1869 1828 1939; x_wconf 90' lang='lat' dir='ltr'><strong>quia</strong></span> <span class='ocrx_word' id='word_1_135' title='bbox 1857 1868 2005 1923; x_wconf 93' lang='lat' dir='ltr'><strong>novit</strong></span> <span class='ocrx_word' id='word_1_136' title='bbox 2031 1869 2216 1939; x_wconf 89' lang='lat' dir='ltr'><strong>quanti</strong></span> 
     </span>
    </p>
   </div>
   <div class='ocr_carea' id='block_1_18' title="bbox 623 1962 2216 2039">
    <p class='ocr_par' dir='ltr' id='par_1_18' title="bbox 623 1962 2216 2039">
     <span class='ocr_line' id='line_1_18' title="bbox 623 1962 2216 2039; baseline -0.003 -18"><span class='ocrx_word' id='word_1_137' title='bbox 623 1964 835 2021; x_wconf 86' lang='lat' dir='ltr'><strong>emerit.</strong></span> <span class='ocrx_word' id='word_1_138' title='bbox 869 1963 997 2020; x_wconf 90' lang='lat' dir='ltr'><strong>Inde</strong></span> <span class='ocrx_word' id='word_1_139' title='bbox 1032 1963 1154 2032; x_wconf 91' lang='lat' dir='ltr'><strong>quia</strong></span> <span class='ocrx_word' id='word_1_140' title='bbox 1184 1962 1446 2033; x_wconf 89' lang='lat' dir='ltr'><strong>redempti</strong></span> <span class='ocrx_word' id='word_1_141' title='bbox 1484 1976 1669 2017; x_wconf 85' lang='lat' dir='ltr'><strong>sumus</strong></span> <span class='ocrx_word' id='word_1_142' title='bbox 1707 1970 1827 2031; x_wconf 91' lang='lat' dir='ltr'><strong>post</strong></span> <span class='ocrx_word' id='word_1_143' title='bbox 1854 1962 2216 2039; x_wconf 82' lang='lat' dir='ltr'><strong>captivitatem</strong></span> 
     </span>
    </p>
   </div>
   <div class='ocr_carea' id='block_1_19' title="bbox 623 2052 2217 2125">
    <p class='ocr_par' dir='ltr' id='par_1_19' title="bbox 623 2052 2217 2125">
     <span class='ocr_line' id='line_1_19' title="bbox 623 2052 2217 2125; baseline -0.002 -14"><span class='ocrx_word' id='word_1_144' title='bbox 623 2055 919 2113; x_wconf 85' lang='lat' dir='ltr'><strong>aediﬁcatur</strong></span> <span class='ocrx_word' id='word_1_145' title='bbox 946 2054 1158 2111; x_wconf 90' lang='lat' dir='ltr'><strong>domus.</strong></span> <span class='ocrx_word' id='word_1_146' title='bbox 1208 2053 1279 2110; x_wconf 87' lang='lat' dir='ltr'><strong>Et</strong></span> <span class='ocrx_word' id='word_1_147' title='bbox 1304 2052 1396 2125; x_wconf 91' lang='lat' dir='ltr'><strong>qui</strong></span> <span class='ocrx_word' id='word_1_148' title='bbox 1441 2062 1565 2108; x_wconf 91' lang='lat' dir='ltr'><strong>sunt</strong></span> <span class='ocrx_word' id='word_1_149' title='bbox 1609 2054 1700 2123; x_wconf 91' lang='lat' dir='ltr'><strong>qui</strong></span> <span class='ocrx_word' id='word_1_150' title='bbox 1730 2069 1828 2109; x_wconf 89' lang='lat' dir='ltr'><strong>nos</strong></span> <span class='ocrx_word' id='word_1_151' title='bbox 1874 2054 2123 2109; x_wconf 87' lang='lat' dir='ltr'><strong>tenebant</strong></span> <span class='ocrx_word' id='word_1_152' title='bbox 2164 2055 2217 2108; x_wconf 91' lang='lat' dir='ltr'><strong>in</strong></span> 
     </span>
    </p>
   </div>
   <div class='ocr_carea' id='block_1_20' title="bbox 622 2144 2216 2219">
    <p class='ocr_par' dir='ltr' id='par_1_20' title="bbox 622 2144 2216 2219">
     <span class='ocr_line' id='line_1_20' title="bbox 622 2144 2216 2219; baseline -0.001 -17"><span class='ocrx_word' id='word_1_153' title='bbox 622 2146 968 2219; x_wconf 80' lang='lat' dir='ltr'><strong>captivitate?</strong></span> <span class='ocrx_word' id='word_1_154' title='bbox 1010 2146 1140 2215; x_wconf 93' lang='lat' dir='ltr'><strong>Quia</strong></span> <span class='ocrx_word' id='word_1_155' title='bbox 1172 2145 1244 2200; x_wconf 89' lang='lat' dir='ltr'><strong>illi</strong></span> <span class='ocrx_word' id='word_1_156' title='bbox 1278 2145 1469 2215; x_wconf 90' lang='lat' dir='ltr'><strong>quibus</strong></span> <span class='ocrx_word' id='word_1_157' title='bbox 1495 2144 1723 2209; x_wconf 89' lang='lat' dir='ltr'><strong>dicitur,</strong></span> <span class='ocrx_word' id='word_1_158' title='bbox 1751 2144 2089 2212; x_wconf 83' lang='lat' dir='ltr'><strong>Annuntiate,</strong></span> <span class='ocrx_word' id='word_1_159' title='bbox 2120 2160 2216 2201; x_wconf 85' lang='lat' dir='ltr'><strong>ex-</strong></span> 
     </span>
    </p>
   </div>
   <div class='ocr_carea' id='block_1_21' title="bbox 623 2235 2220 2306">
    <p class='ocr_par' dir='ltr' id='par_1_21' title="bbox 623 2235 2220 2306">
     <span class='ocr_line' id='line_1_21' title="bbox 623 2235 2220 2306; baseline 0 -14"><span class='ocrx_word' id='word_1_160' title='bbox 623 2236 942 2306; x_wconf 87' lang='lat' dir='ltr'><strong>stirpatores</strong></span> <span class='ocrx_word' id='word_1_161' title='bbox 969 2235 1117 2292; x_wconf 66' lang='lat' dir='ltr'><strong>silvae</strong></span> <span class='ocrx_word' id='word_1_162' title='bbox 1144 2244 1269 2291; x_wconf 91' lang='lat' dir='ltr'><strong>sunt</strong></span> <span class='ocrx_word' id='word_1_163' title='bbox 1297 2252 1310 2289; x_wconf 91' lang='lat'><strong>:</strong></span> <span class='ocrx_word' id='word_1_164' title='bbox 1345 2244 1404 2291; x_wconf 91' lang='lat' dir='ltr'><strong>ut</strong></span> <span class='ocrx_word' id='word_1_165' title='bbox 1427 2238 1725 2305; x_wconf 86' lang='lat' dir='ltr'><strong>exstirpent</strong></span> <span class='ocrx_word' id='word_1_166' title='bbox 1750 2236 1962 2304; x_wconf 88' lang='lat' dir='ltr'><strong>silvam,</strong></span> <span class='ocrx_word' id='word_1_167' title='bbox 1992 2236 2220 2303; x_wconf 85' lang='lat' dir='ltr'><strong>liberem</strong></span> 
     </span>
    </p>
   </div>
   <div class='ocr_carea' id='block_1_22' title="bbox 624 2326 2219 2400">
    <p class='ocr_par' dir='ltr' id='par_1_22' title="bbox 624 2326 2219 2400">
     <span class='ocr_line' id='line_1_22' title="bbox 624 2326 2219 2400; baseline -0.001 -15"><span class='ocrx_word' id='word_1_168' title='bbox 624 2328 693 2385; x_wconf 91' lang='lat' dir='ltr'><strong>de</strong></span> <span class='ocrx_word' id='word_1_169' title='bbox 722 2330 1030 2400; x_wconf 85' lang='lat' dir='ltr'><strong>captivitate</strong></span> <span class='ocrx_word' id='word_1_170' title='bbox 1077 2338 1272 2385; x_wconf 89' lang='lat' dir='ltr'><strong>terram</strong></span> <span class='ocrx_word' id='word_1_171' title='bbox 1292 2370 1309 2397; x_wconf 93' lang='lat'><strong>,</strong></span> <span class='ocrx_word' id='word_1_172' title='bbox 1342 2336 1399 2385; x_wconf 92' lang='lat' dir='ltr'><strong>et</strong></span> <span class='ocrx_word' id='word_1_173' title='bbox 1422 2338 1653 2395; x_wconf 90' lang='lat' dir='ltr'><strong>struant,</strong></span> <span class='ocrx_word' id='word_1_174' title='bbox 1682 2326 1948 2383; x_wconf 81' lang='lat' dir='ltr'><strong>aediﬁcent</strong></span> <span class='ocrx_word' id='word_1_175' title='bbox 1967 2370 1982 2395; x_wconf 94' lang='lat'><strong>,</strong></span> <span class='ocrx_word' id='word_1_176' title='bbox 2012 2344 2219 2384; x_wconf 85' lang='lat' dir='ltr'><strong>annun-</strong></span> 
     </span>
    </p>
   </div>
   <div class='ocr_carea' id='block_1_23' title="bbox 624 2419 2219 2493">
    <p class='ocr_par' dir='ltr' id='par_1_23' title="bbox 624 2419 2219 2493">
     <span class='ocr_line' id='line_1_23' title="bbox 624 2419 2219 2493; baseline 0 -17"><span class='ocrx_word' id='word_1_177' title='bbox 624 2420 809 2476; x_wconf 91' lang='lat' dir='ltr'><strong>tiando</strong></span> <span class='ocrx_word' id='word_1_178' title='bbox 836 2420 1252 2493; x_wconf 72' lang='lat' dir='ltr'><strong>magnitudinem</strong></span> <span class='ocrx_word' id='word_1_179' title='bbox 1279 2420 1476 2477; x_wconf 91' lang='lat' dir='ltr'><strong>domus</strong></span> <span class='ocrx_word' id='word_1_180' title='bbox 1501 2420 1731 2476; x_wconf 92' lang='lat' dir='ltr'><strong>Domini.</strong></span> <span class='ocrx_word' id='word_1_181' title='bbox 1766 2419 1919 2478; x_wconf 87' lang='lat' dir='ltr'><strong>Unde</strong></span> <span class='ocrx_word' id='word_1_182' title='bbox 1948 2421 2082 2476; x_wconf 85' lang='lat' dir='ltr'><strong>silva</strong></span> <span class='ocrx_word' id='word_1_183' title='bbox 2110 2421 2219 2476; x_wconf 75' lang='lat' dir='ltr'><strong>dte-</strong></span> 
     </span>
    </p>
   </div>
   <div class='ocr_carea' id='block_1_24' title="bbox 622 2512 2219 2584">
    <p class='ocr_par' dir='ltr' id='par_1_24' title="bbox 622 2512 2219 2584">
     <span class='ocr_line' id='line_1_24' title="bbox 622 2512 2219 2584; baseline -0.001 -16"><span class='ocrx_word' id='word_1_184' title='bbox 622 2526 844 2568; x_wconf 84' lang='lat' dir='ltr'><strong>monum</strong></span> <span class='ocrx_word' id='word_1_185' title='bbox 881 2513 1228 2582; x_wconf 82' lang='lat' dir='ltr'><strong>exstirpatur,</strong></span> <span class='ocrx_word' id='word_1_186' title='bbox 1276 2512 1379 2568; x_wconf 90' lang='lat' dir='ltr'><strong>nisi</strong></span> <span class='ocrx_word' id='word_1_187' title='bbox 1425 2512 1745 2584; x_wconf 73' lang='lat' dir='ltr'><strong>pracdicctur</strong></span> <span class='ocrx_word' id='word_1_188' title='bbox 1795 2513 1885 2568; x_wconf 89' lang='lat' dir='ltr'><strong>ille</strong></span> <span class='ocrx_word' id='word_1_189' title='bbox 1923 2514 2014 2584; x_wconf 89' lang='lat' dir='ltr'><strong>qui</strong></span> <span class='ocrx_word' id='word_1_190' title='bbox 2057 2529 2219 2584; x_wconf 89' lang='lat' dir='ltr'><strong>super</strong></span> 
     </span>
    </p>
   </div>
   <div class='ocr_carea' id='block_1_25' title="bbox 622 2603 2221 2677">
    <p class='ocr_par' dir='ltr' id='par_1_25' title="bbox 622 2603 2221 2677">
     <span class='ocr_line' id='line_1_25' title="bbox 622 2603 2221 2677; baseline 0 -16"><span class='ocrx_word' id='word_1_191' title='bbox 622 2618 812 2661; x_wconf 87' lang='lat' dir='ltr'><strong>omnes</strong></span> <span class='ocrx_word' id='word_1_192' title='bbox 848 2605 973 2661; x_wconf 81' lang='lat' dir='ltr'><strong>est?</strong></span> <span class='ocrx_word' id='word_1_193' title='bbox 1014 2604 1155 2677; x_wconf 85' lang='lat' dir='ltr'><strong>Ergo</strong></span> <span class='ocrx_word' id='word_1_194' title='bbox 1195 2619 1383 2661; x_wconf 92' lang='lat' dir='ltr'><strong>omnes</strong></span> <span class='ocrx_word' id='word_1_195' title='bbox 1409 2614 1594 2677; x_wconf 89' lang='lat' dir='ltr'><strong>gentes</strong></span> <span class='ocrx_word' id='word_1_196' title='bbox 1637 2603 1903 2661; x_wconf 66' lang='lat' dir='ltr'><strong>daemonia</strong></span> <span class='ocrx_word' id='word_1_197' title='bbox 1952 2604 2221 2661; x_wconf 87' lang='lat' dir='ltr'><strong>habebant</strong></span> 
     </span>
    </p>
   </div>
   <div class='ocr_carea' id='block_1_26' title="bbox 623 2695 2219 2769">
    <p class='ocr_par' dir='ltr' id='par_1_26' title="bbox 623 2695 2219 2769">
     <span class='ocr_line' id='line_1_26' title="bbox 623 2695 2219 2769; baseline 0.001 -17"><span class='ocrx_word' id='word_1_198' title='bbox 623 2695 756 2752; x_wconf 89' lang='lat' dir='ltr'><strong>deos</strong></span> <span class='ocrx_word' id='word_1_199' title='bbox 783 2714 797 2751; x_wconf 92' lang='lat'><strong>:</strong></span> <span class='ocrx_word' id='word_1_200' title='bbox 826 2711 962 2768; x_wconf 89' lang='lat' dir='ltr'><strong>quos</strong></span> <span class='ocrx_word' id='word_1_201' title='bbox 985 2696 1234 2753; x_wconf 91' lang='lat' dir='ltr'><strong>dicebant</strong></span> <span class='ocrx_word' id='word_1_202' title='bbox 1260 2696 1391 2752; x_wconf 90' lang='lat' dir='ltr'><strong>deos</strong></span> <span class='ocrx_word' id='word_1_203' title='bbox 1410 2738 1426 2762; x_wconf 96' lang='lat'><strong>,</strong></span> <span class='ocrx_word' id='word_1_204' title='bbox 1454 2696 1716 2752; x_wconf 76' lang='lat' dir='ltr'><strong>dzemonia</strong></span> <span class='ocrx_word' id='word_1_205' title='bbox 1744 2707 1900 2752; x_wconf 92' lang='lat' dir='ltr'><strong>erant</strong></span> <span class='ocrx_word' id='word_1_206' title='bbox 1918 2738 1933 2759; x_wconf 87' lang='lat'><strong>,</strong></span> <span class='ocrx_word' id='word_1_207' title='bbox 1963 2698 2219 2769; x_wconf 88' lang='lat' dir='ltr'><strong>Apostolo</strong></span> 
     </span>
    </p>
   </div>
   <div class='ocr_carea' id='block_1_27' title="bbox 623 2786 2219 2859">
    <p class='ocr_par' dir='ltr' id='par_1_27' title="bbox 623 2786 2219 2859">
     <span class='ocr_line' id='line_1_27' title="bbox 623 2786 2219 2859; baseline 0 -16"><span class='ocrx_word' id='word_1_208' title='bbox 623 2788 834 2843; x_wconf 78' lang='lat' dir='ltr'><strong>dicente</strong></span> <span class='ocrx_word' id='word_1_209' title='bbox 857 2788 1118 2858; x_wconf 79' lang='lat' dir='ltr'><strong>apertius,</strong></span> <span class='ocrx_word' id='word_1_210' title='bbox 1152 2786 1408 2854; x_wconf 79' lang='lat' dir='ltr'><strong>Quoniam</strong></span> <span class='ocrx_word' id='word_1_211' title='bbox 1433 2802 1548 2858; x_wconf 73' lang='lat' dir='ltr'><strong>qua:</strong></span> <span class='ocrx_word' id='word_1_212' title='bbox 1574 2788 1839 2841; x_wconf 87' lang='lat' dir='ltr'><strong>immolant</strong></span> <span class='ocrx_word' id='word_1_213' title='bbox 1871 2798 2042 2859; x_wconf 87' lang='lat' dir='ltr'><strong>gentes</strong></span> <span class='ocrx_word' id='word_1_214' title='bbox 2061 2828 2077 2853; x_wconf 93' lang='lat'><strong>,</strong></span> <span class='ocrx_word' id='word_1_215' title='bbox 2109 2790 2219 2844; x_wconf 80' lang='lat' dir='ltr'><strong>dat-</strong></span> 
     </span>
    </p>
   </div>
   <div class='ocr_carea' id='block_1_28' title="bbox 624 2876 2220 2950">
    <p class='ocr_par' dir='ltr' id='par_1_28' title="bbox 624 2876 2220 2950">
     <span class='ocr_line' id='line_1_28' title="bbox 624 2876 2220 2950; baseline -0.001 -16"><span class='ocrx_word' id='word_1_216' title='bbox 624 2879 808 2934; x_wconf 87' lang='lat' dir='ltr'><strong>moniis</strong></span> <span class='ocrx_word' id='word_1_217' title='bbox 834 2879 1119 2945; x_wconf 89' lang='lat' dir='ltr'><strong>immolant,</strong></span> <span class='ocrx_word' id='word_1_218' title='bbox 1145 2888 1191 2933; x_wconf 88' lang='lat' dir='ltr'><strong>et</strong></span> <span class='ocrx_word' id='word_1_219' title='bbox 1221 2895 1325 2933; x_wconf 89' lang='lat' dir='ltr'><strong>non</strong></span> <span class='ocrx_word' id='word_1_220' title='bbox 1347 2876 1454 2933; x_wconf 85' lang='lat' dir='ltr'><strong>Deo</strong></span> <span class='ocrx_word' id='word_1_221' title='bbox 1478 2878 1531 2949; x_wconf 91' lang='lat' dir='ltr'><strong>(l</strong></span> <span class='ocrx_word' id='word_1_222' title='bbox 1556 2877 1673 2933; x_wconf 82' lang='lat' dir='ltr'><strong>Cor.</strong></span> <span class='ocrx_word' id='word_1_223' title='bbox 1702 2894 1758 2943; x_wconf 75' lang='grc' dir='ltr'><strong>ι,</strong></span> <span class='ocrx_word' id='word_1_224' title='bbox 1784 2877 1899 2950; x_wconf 78' lang='grc'><strong>20).</strong></span> <span class='ocrx_word' id='word_1_225' title='bbox 1931 2878 2065 2945; x_wconf 88' lang='lat' dir='ltr'><strong>Quia</strong></span> <span class='ocrx_word' id='word_1_226' title='bbox 2091 2894 2220 2949; x_wconf 83' lang='lat' dir='ltr'><strong>ergo</strong></span> 
     </span>
    </p>
   </div>
   <div class='ocr_carea' id='block_1_29' title="bbox 624 2970 2216 3043">
    <p class='ocr_par' dir='ltr' id='par_1_29' title="bbox 624 2970 2216 3043">
     <span class='ocr_line' id='line_1_29' title="bbox 624 2970 2216 3043; baseline -0.001 -15"><span class='ocrx_word' id='word_1_227' title='bbox 624 2972 749 3029; x_wconf 91' lang='lat' dir='ltr'><strong>ideo</strong></span> <span class='ocrx_word' id='word_1_228' title='bbox 777 2980 930 3028; x_wconf 87' lang='lat' dir='ltr'><strong>erant</strong></span> <span class='ocrx_word' id='word_1_229' title='bbox 955 2972 1007 3027; x_wconf 89' lang='lat' dir='ltr'><strong>in</strong></span> <span class='ocrx_word' id='word_1_230' title='bbox 1033 2972 1360 3043; x_wconf 78' lang='lat' dir='ltr'><strong>captivitate,</strong></span> <span class='ocrx_word' id='word_1_231' title='bbox 1394 2970 1516 3041; x_wconf 87' lang='lat' dir='ltr'><strong>quia</strong></span> <span class='ocrx_word' id='word_1_232' title='bbox 1545 2970 1826 3027; x_wconf 67' lang='lat' dir='ltr'><strong>daemoniis</strong></span> <span class='ocrx_word' id='word_1_233' title='bbox 1853 2971 2216 3040; x_wconf 88' lang='lat' dir='ltr'><strong>immolabant,</strong></span> 
     </span>
    </p>
   </div>
   <div class='ocr_carea' id='block_1_30' title="bbox 624 3064 2219 3138">
    <p class='ocr_par' dir='ltr' id='par_1_30' title="bbox 624 3064 2219 3138">
     <span class='ocr_line' id='line_1_30' title="bbox 624 3064 2219 3138; baseline -0.003 -15"><span class='ocrx_word' id='word_1_234' title='bbox 624 3074 679 3123; x_wconf 90' lang='lat' dir='ltr'><strong>et</strong></span> <span class='ocrx_word' id='word_1_235' title='bbox 717 3074 1001 3138; x_wconf 88' lang='lat' dir='ltr'><strong>propterea</strong></span> <span class='ocrx_word' id='word_1_236' title='bbox 1033 3072 1141 3120; x_wconf 90' lang='lat' dir='ltr'><strong>tota</strong></span> <span class='ocrx_word' id='word_1_237' title='bbox 1187 3075 1324 3119; x_wconf 89' lang='lat' dir='ltr'><strong>terra</strong></span> <span class='ocrx_word' id='word_1_238' title='bbox 1360 3064 1556 3119; x_wconf 78' lang='lat' dir='ltr'><strong>silvosa</strong></span> <span class='ocrx_word' id='word_1_239' title='bbox 1598 3073 1966 3129; x_wconf 88' lang='lat' dir='ltr'><strong>remanserat;</strong></span> <span class='ocrx_word' id='word_1_240' title='bbox 2011 3078 2219 3119; x_wconf 86' lang='lat' dir='ltr'><strong>annun-</strong></span> 
     </span>
    </p>
   </div>
   <div class='ocr_carea' id='block_1_31' title="bbox 622 3157 1725 3232">
    <p class='ocr_par' dir='ltr' id='par_1_31' title="bbox 622 3157 1725 3232">
     <span class='ocr_line' id='line_1_31' title="bbox 622 3157 1725 3232; baseline -0.005 -15"><span class='ocrx_word' id='word_1_241' title='bbox 622 3161 785 3217; x_wconf 86' lang='lat' dir='ltr'><strong>tiatur</strong></span> <span class='ocrx_word' id='word_1_242' title='bbox 814 3161 914 3217; x_wconf 87' lang='lat' dir='ltr'><strong>iste</strong></span> <span class='ocrx_word' id='word_1_243' title='bbox 940 3175 1155 3232; x_wconf 85' lang='lat' dir='ltr'><strong>magnus</strong></span> <span class='ocrx_word' id='word_1_244' title='bbox 1180 3167 1228 3213; x_wconf 87' lang='lat' dir='ltr'><strong>et</strong></span> <span class='ocrx_word' id='word_1_245' title='bbox 1254 3157 1528 3213; x_wconf 87' lang='lat' dir='ltr'><strong>laudabilis</strong></span> <span class='ocrx_word' id='word_1_246' title='bbox 1553 3158 1725 3213; x_wconf 90' lang='lat' dir='ltr'><strong>nimis.</strong></span> 
     </span>
    </p>
   </div>
   <div class='ocr_carea' id='block_1_32' title="bbox 694 3248 2219 3327">
    <p class='ocr_par' dir='ltr' id='par_1_32' title="bbox 694 3248 2219 3327">
     <span class='ocr_line' id='line_1_32' title="bbox 694 3248 2219 3327; baseline -0.003 -18"><span class='ocrx_word' id='word_1_247' title='bbox 694 3252 748 3309; x_wconf 87' lang='lat'><strong>6.</strong></span> <span class='ocrx_word' id='word_1_248' title='bbox 792 3251 956 3327; x_wconf 67' lang='lat' dir='ltr'><strong>[rem</strong></span> <span class='ocrx_word' id='word_1_249' title='bbox 997 3250 1077 3325; x_wconf 80' lang='lat'><strong>5.]</strong></span> <span class='ocrx_word' id='word_1_250' title='bbox 1127 3250 1193 3305; x_wconf 87' lang='lat' dir='ltr'><strong>Et</strong></span> <span class='ocrx_word' id='word_1_251' title='bbox 1239 3249 1508 3322; x_wconf 92' lang='lat' dir='ltr'><strong>quomodo</strong></span> <span class='ocrx_word' id='word_1_252' title='bbox 1558 3248 1858 3305; x_wconf 90' lang='lat' dir='ltr'><strong>ostenditur</strong></span> <span class='ocrx_word' id='word_1_253' title='bbox 1908 3250 2219 3320; x_wconf 80' lang='lat' dir='ltr'><strong>magnitudo</strong></span> 
     </span>
    </p>
   </div>
   <div class='ocr_carea' id='block_1_33' title="bbox 622 3340 2219 3416">
    <p class='ocr_par' dir='ltr' id='par_1_33' title="bbox 622 3340 2219 3416">
     <span class='ocr_line' id='line_1_33' title="bbox 622 3340 2219 3416; baseline -0.003 -15"><span class='ocrx_word' id='word_1_254' title='bbox 622 3345 780 3416; x_wconf 85' lang='lat' dir='ltr'><strong>ejus,</strong></span> <span class='ocrx_word' id='word_1_255' title='bbox 831 3354 890 3400; x_wconf 93' lang='lat' dir='ltr'><strong>ut</strong></span> <span class='ocrx_word' id='word_1_256' title='bbox 936 3344 1173 3400; x_wconf 87' lang='lat' dir='ltr'><strong>eradicet</strong></span> <span class='ocrx_word' id='word_1_257' title='bbox 1218 3344 1335 3399; x_wconf 90' lang='lat' dir='ltr'><strong>illas</strong></span> <span class='ocrx_word' id='word_1_258' title='bbox 1387 3342 1833 3413; x_wconf 85' lang='lat' dir='ltr'><strong>superstitiones,</strong></span> <span class='ocrx_word' id='word_1_259' title='bbox 1880 3340 1982 3396; x_wconf 91' lang='lat' dir='ltr'><strong>sub</strong></span> <span class='ocrx_word' id='word_1_260' title='bbox 2028 3341 2219 3410; x_wconf 90' lang='lat' dir='ltr'><strong>quibus</strong></span> 
     </span>
    </p>
   </div>
   <div class='ocr_carea' id='block_1_34' title="bbox 622 3430 2221 3506">
    <p class='ocr_par' dir='ltr' id='par_1_34' title="bbox 622 3430 2221 3506">
     <span class='ocr_line' id='line_1_34' title="bbox 622 3430 2221 3506; baseline -0.003 -15"><span class='ocrx_word' id='word_1_261' title='bbox 622 3435 868 3506; x_wconf 88' lang='lat' dir='ltr'><strong>captivus</strong></span> <span class='ocrx_word' id='word_1_262' title='bbox 895 3435 1123 3506; x_wconf 90' lang='lat' dir='ltr'><strong>populus</strong></span> <span class='ocrx_word' id='word_1_263' title='bbox 1172 3434 1449 3489; x_wconf 89' lang='lat' dir='ltr'><strong>tenebatur</strong></span> <span class='ocrx_word' id='word_1_264' title='bbox 1469 3474 1483 3497; x_wconf 92' lang='lat'><strong>,</strong></span> <span class='ocrx_word' id='word_1_265' title='bbox 1514 3448 1671 3503; x_wconf 88' lang='lat' dir='ltr'><strong>quem</strong></span> <span class='ocrx_word' id='word_1_266' title='bbox 1712 3430 1982 3487; x_wconf 87' lang='lat' dir='ltr'><strong>redimere</strong></span> <span class='ocrx_word' id='word_1_267' title='bbox 2006 3431 2221 3486; x_wconf 86' lang='lat' dir='ltr'><strong>advenit</strong></span> 
     </span>
    </p>
   </div>
   <div class='ocr_carea' id='block_1_35' title="bbox 624 3524 2213 3599">
    <p class='ocr_par' dir='ltr' id='par_1_35' title="bbox 624 3524 2213 3599">
     <span class='ocr_line' id='line_1_35' title="bbox 624 3524 2213 3599; baseline -0.003 -15"><span class='ocrx_word' id='word_1_268' title='bbox 624 3527 863 3584; x_wconf 84' lang='lat' dir='ltr'><strong>terribilis</strong></span> <span class='ocrx_word' id='word_1_269' title='bbox 889 3544 1041 3599; x_wconf 89' lang='lat' dir='ltr'><strong>super</strong></span> <span class='ocrx_word' id='word_1_270' title='bbox 1078 3542 1251 3583; x_wconf 89' lang='lat' dir='ltr'><strong>omnes</strong></span> <span class='ocrx_word' id='word_1_271' title='bbox 1292 3526 1459 3581; x_wconf 79' lang='lat' dir='ltr'><strong>deos?</strong></span> <span class='ocrx_word' id='word_1_272' title='bbox 1505 3525 1574 3580; x_wconf 86' lang='lat' dir='ltr'><strong>Et</strong></span> <span class='ocrx_word' id='word_1_273' title='bbox 1612 3525 1762 3595; x_wconf 90' lang='lat' dir='ltr'><strong>quasi</strong></span> <span class='ocrx_word' id='word_1_274' title='bbox 1807 3524 2079 3580; x_wconf 87' lang='lat' dir='ltr'><strong>diceretur</strong></span> <span class='ocrx_word' id='word_1_275' title='bbox 2117 3525 2213 3592; x_wconf 90' lang='lat' dir='ltr'><strong>illi,</strong></span> 
     </span>
    </p>
   </div>
   <div class='ocr_carea' id='block_1_36' title="bbox 623 3617 2218 3691">
    <p class='ocr_par' dir='ltr' id='par_1_36' title="bbox 623 3617 2218 3691">
     <span class='ocr_line' id='line_1_36' title="bbox 623 3617 2218 3691; baseline -0.001 -16"><span class='ocrx_word' id='word_1_276' title='bbox 623 3620 802 3691; x_wconf 80' lang='lat' dir='ltr'><strong>Quare</strong></span> <span class='ocrx_word' id='word_1_277' title='bbox 845 3620 1066 3686; x_wconf 77' lang='lat' dir='ltr'><strong>dixisti,</strong></span> <span class='ocrx_word' id='word_1_278' title='bbox 1117 3636 1268 3691; x_wconf 89' lang='lat' dir='ltr'><strong>super</strong></span> <span class='ocrx_word' id='word_1_279' title='bbox 1314 3635 1484 3673; x_wconf 87' lang='lat' dir='ltr'><strong>omnes</strong></span> <span class='ocrx_word' id='word_1_280' title='bbox 1531 3617 1699 3673; x_wconf 84' lang='lat' dir='ltr'><strong>deos?</strong></span> <span class='ocrx_word' id='word_1_281' title='bbox 1744 3627 1870 3673; x_wconf 91' lang='lat' dir='ltr'><strong>sunt</strong></span> <span class='ocrx_word' id='word_1_282' title='bbox 1912 3618 2055 3674; x_wconf 89' lang='lat' dir='ltr'><strong>enim</strong></span> <span class='ocrx_word' id='word_1_283' title='bbox 2103 3618 2218 3673; x_wconf 81' lang='lat' dir='ltr'><strong>dii?</strong></span> 
     </span>
    </p>
   </div>
   <div class='ocr_carea' id='block_1_37' title="bbox 623 3707 2218 3787">
    <p class='ocr_par' dir='ltr' id='par_1_37' title="bbox 623 3707 2218 3787">
     <span class='ocr_line' id='line_1_37' title="bbox 623 3707 2218 3787; baseline -0.005 -16"><span class='ocrx_word' id='word_1_284' title='bbox 623 3714 868 3787; x_wconf 82' lang='lat' dir='ltr'><strong>sequitur</strong></span> <span class='ocrx_word' id='word_1_285' title='bbox 891 3722 946 3770; x_wconf 88' lang='lat' dir='ltr'><strong>et</strong></span> <span class='ocrx_word' id='word_1_286' title='bbox 981 3711 1133 3781; x_wconf 90' lang='lat' dir='ltr'><strong>dicit,</strong></span> <span class='ocrx_word' id='word_1_287' title='bbox 1167 3711 1421 3779; x_wconf 82' lang='lat' dir='ltr'><strong>Quoniam</strong></span> <span class='ocrx_word' id='word_1_288' title='bbox 1459 3726 1630 3764; x_wconf 88' lang='lat' dir='ltr'><strong>omnes</strong></span> <span class='ocrx_word' id='word_1_289' title='bbox 1659 3708 1733 3763; x_wconf 91' lang='lat' dir='ltr'><strong>dii</strong></span> <span class='ocrx_word' id='word_1_290' title='bbox 1762 3707 1998 3763; x_wconf 86' lang='lat' dir='ltr'><strong>Gentium</strong></span> <span class='ocrx_word' id='word_1_291' title='bbox 2023 3708 2218 3763; x_wconf 75' lang='lat' dir='ltr'><strong>daemo-</strong></span> 
     </span>
    </p>
   </div>
   <div class='ocr_carea' id='block_1_38' title="bbox 624 3799 2218 3871">
    <p class='ocr_par' dir='ltr' id='par_1_38' title="bbox 624 3799 2218 3871">
     <span class='ocr_line' id='line_1_38' title="bbox 624 3799 2218 3871; baseline -0.003 -10"><span class='ocrx_word' id='word_1_292' title='bbox 624 3806 733 3861; x_wconf 90' lang='lat' dir='ltr'><strong>nia.</strong></span> <span class='ocrx_word' id='word_1_293' title='bbox 765 3804 1011 3861; x_wconf 87' lang='lat' dir='ltr'><strong>intendat</strong></span> <span class='ocrx_word' id='word_1_294' title='bbox 1038 3802 1284 3861; x_wconf 88' lang='lat' dir='ltr'><strong>Charitas</strong></span> <span class='ocrx_word' id='word_1_295' title='bbox 1322 3809 1522 3858; x_wconf 91' lang='lat' dir='ltr'><strong>vestra.</strong></span> <span class='ocrx_word' id='word_1_296' title='bbox 1565 3799 1808 3871; x_wconf 81' lang='lat' dir='ltr'><strong>Magnum</strong></span> <span class='ocrx_word' id='word_1_297' title='bbox 1844 3799 2043 3871; x_wconf 90' lang='lat' dir='ltr'><strong>aliquid</strong></span> <span class='ocrx_word' id='word_1_298' title='bbox 2069 3799 2218 3857; x_wconf 89' lang='lat' dir='ltr'><strong>dice-</strong></span> 
     </span>
    </p>
   </div>
   <div class='ocr_carea' id='block_1_39' title="bbox 628 3894 2218 3971">
    <p class='ocr_par' dir='ltr' id='par_1_39' title="bbox 628 3894 2218 3971">
     <span class='ocr_line' id='line_1_39' title="bbox 628 3894 2218 3971; baseline -0.004 -14"><span class='ocrx_word' id='word_1_299' title='bbox 628 3901 715 3959; x_wconf 83' lang='lat' dir='ltr'><strong>bat</strong></span> <span class='ocrx_word' id='word_1_300' title='bbox 754 3899 913 3971; x_wconf 91' lang='lat' dir='ltr'><strong>paulo</strong></span> <span class='ocrx_word' id='word_1_301' title='bbox 940 3896 1096 3967; x_wconf 83' lang='lat' dir='ltr'><strong>ante,</strong></span> <span class='ocrx_word' id='word_1_302' title='bbox 1139 3896 1359 3969; x_wconf 78' lang='lat' dir='ltr'><strong>Magnus</strong></span> <span class='ocrx_word' id='word_1_303' title='bbox 1384 3895 1676 3958; x_wconf 81' lang='lat' dir='ltr'><strong>Dominus;</strong></span> <span class='ocrx_word' id='word_1_304' title='bbox 1706 3902 1761 3950; x_wconf 93' lang='lat' dir='ltr'><strong>et</strong></span> <span class='ocrx_word' id='word_1_305' title='bbox 1789 3902 2039 3966; x_wconf 88' lang='lat' dir='ltr'><strong>tanquam</strong></span> <span class='ocrx_word' id='word_1_306' title='bbox 2082 3894 2218 3951; x_wconf 91' lang='lat' dir='ltr'><strong>deﬁ-</strong></span> 
     </span>
    </p>
   </div>
   <div class='ocr_carea' id='block_1_40' title="bbox 625 3983 2221 4062">
    <p class='ocr_par' dir='ltr' id='par_1_40' title="bbox 625 3983 2221 4062">
     <span class='ocr_line' id='line_1_40' title="bbox 625 3983 2221 4062; baseline -0.004 -14"><span class='ocrx_word' id='word_1_307' title='bbox 625 3991 776 4047; x_wconf 87' lang='lat' dir='ltr'><strong>ciens</strong></span> <span class='ocrx_word' id='word_1_308' title='bbox 804 3991 858 4047; x_wconf 91' lang='lat' dir='ltr'><strong>in</strong></span> <span class='ocrx_word' id='word_1_309' title='bbox 889 3989 1033 4047; x_wconf 90' lang='lat' dir='ltr'><strong>laudi</strong></span> <span class='ocrx_word' id='word_1_310' title='bbox 1060 3989 1252 4062; x_wconf 90' lang='lat' dir='ltr'><strong>ipsius,</strong></span> <span class='ocrx_word' id='word_1_311' title='bbox 1287 3997 1334 4043; x_wconf 86' lang='lat' dir='ltr'><strong>et</strong></span> <span class='ocrx_word' id='word_1_312' title='bbox 1372 3986 1645 4042; x_wconf 86' lang='lat' dir='ltr'><strong>laudabilis</strong></span> <span class='ocrx_word' id='word_1_313' title='bbox 1690 3985 1859 4041; x_wconf 87' lang='lat' dir='ltr'><strong>nimis.</strong></span> <span class='ocrx_word' id='word_1_314' title='bbox 1900 3983 2091 4042; x_wconf 85' lang='lat' dir='ltr'><strong>Nonne</strong></span> <span class='ocrx_word' id='word_1_315' title='bbox 2117 3985 2221 4043; x_wconf 91' lang='lat' dir='ltr'><strong>hoc</strong></span> 
     </span>
    </p>
   </div>
   <div class='ocr_carea' id='block_1_41' title="bbox 626 4077 2221 4155">
    <p class='ocr_par' dir='ltr' id='par_1_41' title="bbox 626 4077 2221 4155">
     <span class='ocr_line' id='line_1_41' title="bbox 626 4077 2221 4155; baseline -0.003 -15"><span class='ocrx_word' id='word_1_316' title='bbox 626 4083 868 4140; x_wconf 78' lang='lat' dir='ltr'><strong>dixeram</strong></span> <span class='ocrx_word' id='word_1_317' title='bbox 889 4124 904 4150; x_wconf 88' lang='lat'><strong>,</strong></span> <span class='ocrx_word' id='word_1_318' title='bbox 935 4083 1060 4155; x_wconf 88' lang='lat' dir='ltr'><strong>quia</strong></span> <span class='ocrx_word' id='word_1_319' title='bbox 1090 4080 1295 4137; x_wconf 88' lang='lat' dir='ltr'><strong>dimisit</strong></span> <span class='ocrx_word' id='word_1_320' title='bbox 1322 4080 1413 4135; x_wconf 92' lang='lat' dir='ltr'><strong>tibi</strong></span> <span class='ocrx_word' id='word_1_321' title='bbox 1442 4079 1679 4149; x_wconf 88' lang='lat' dir='ltr'><strong>cogitare</strong></span> <span class='ocrx_word' id='word_1_322' title='bbox 1704 4077 1847 4151; x_wconf 92' lang='lat' dir='ltr'><strong>quod</strong></span> <span class='ocrx_word' id='word_1_323' title='bbox 1875 4092 1982 4134; x_wconf 91' lang='lat' dir='ltr'><strong>non</strong></span> <span class='ocrx_word' id='word_1_324' title='bbox 2012 4087 2221 4149; x_wconf 89' lang='lat' dir='ltr'><strong>poterat</strong></span> 
     </span>
    </p>
   </div>
   <div class='ocr_carea' id='block_1_42' title="bbox 625 4171 2216 4247">
    <p class='ocr_par' dir='ltr' id='par_1_42' title="bbox 625 4171 2216 4247">
     <span class='ocr_line' id='line_1_42' title="bbox 625 4171 2216 4247; baseline -0.003 -14"><span class='ocrx_word' id='word_1_325' title='bbox 625 4176 740 4247; x_wconf 88' lang='lat' dir='ltr'><strong>ipse</strong></span> <span class='ocrx_word' id='word_1_326' title='bbox 768 4174 947 4232; x_wconf 87' lang='lat' dir='ltr'><strong>verbis</strong></span> <span class='ocrx_word' id='word_1_327' title='bbox 974 4173 1286 4246; x_wconf 85' lang='lat' dir='ltr'><strong>explicare?</strong></span> <span class='ocrx_word' id='word_1_328' title='bbox 1325 4172 1618 4243; x_wconf 85' lang='lat' dir='ltr'><strong>Explicans</strong></span> <span class='ocrx_word' id='word_1_329' title='bbox 1655 4180 1832 4228; x_wconf 88' lang='lat' dir='ltr'><strong>autem</strong></span> <span class='ocrx_word' id='word_1_330' title='bbox 1873 4172 1990 4243; x_wconf 91' lang='lat' dir='ltr'><strong>ipse</strong></span> <span class='ocrx_word' id='word_1_331' title='bbox 2020 4171 2216 4239; x_wconf 89' lang='lat' dir='ltr'><strong>verbis,</strong></span> 
     </span>
    </p>
   </div>
   <div class='ocr_carea' id='block_1_43' title="bbox 626 4260 2219 4338">
    <p class='ocr_par' dir='ltr' id='par_1_43' title="bbox 626 4260 2219 4338">
     <span class='ocr_line' id='line_1_43' title="bbox 626 4260 2219 4338; baseline -0.002 -16"><span class='ocrx_word' id='word_1_332' title='bbox 626 4266 754 4337; x_wconf 90' lang='lat' dir='ltr'><strong>quid</strong></span> <span class='ocrx_word' id='word_1_333' title='bbox 798 4281 1048 4338; x_wconf 87' lang='lat' dir='ltr'><strong>magnum</strong></span> <span class='ocrx_word' id='word_1_334' title='bbox 1093 4264 1225 4320; x_wconf 88' lang='lat' dir='ltr'><strong>mihi</strong></span> <span class='ocrx_word' id='word_1_335' title='bbox 1260 4264 1394 4320; x_wconf 82' lang='lat' dir='ltr'><strong>dixit</strong></span> <span class='ocrx_word' id='word_1_336' title='bbox 1420 4263 1487 4319; x_wconf 89' lang='lat' dir='ltr'><strong>de</strong></span> <span class='ocrx_word' id='word_1_337' title='bbox 1516 4263 1742 4319; x_wconf 91' lang='lat' dir='ltr'><strong>Domino</strong></span> <span class='ocrx_word' id='word_1_338' title='bbox 1789 4261 1917 4319; x_wconf 87' lang='lat' dir='ltr'><strong>Jesu</strong></span> <span class='ocrx_word' id='word_1_339' title='bbox 1961 4260 2219 4319; x_wconf 86' lang='lat' dir='ltr'><strong>Christo?</strong></span> 
     </span>
    </p>
   </div>
   <div class='ocr_carea' id='block_1_44' title="bbox 629 4353 2222 4429">
    <p class='ocr_par' dir='ltr' id='par_1_44' title="bbox 629 4353 2222 4429">
     <span class='ocr_line' id='line_1_44' title="bbox 629 4353 2222 4429; baseline -0.002 -16"><span class='ocrx_word' id='word_1_340' title='bbox 629 4357 708 4414; x_wconf 76' lang='lat' dir='ltr'><strong>An</strong></span> <span class='ocrx_word' id='word_1_341' title='bbox 736 4358 858 4429; x_wconf 90' lang='lat' dir='ltr'><strong>quia</strong></span> <span class='ocrx_word' id='word_1_342' title='bbox 883 4372 1045 4427; x_wconf 88' lang='lat' dir='ltr'><strong>super</strong></span> <span class='ocrx_word' id='word_1_343' title='bbox 1068 4356 1246 4411; x_wconf 90' lang='lat' dir='ltr'><strong>omnia</strong></span> <span class='ocrx_word' id='word_1_344' title='bbox 1273 4354 1535 4410; x_wconf 59' lang='lat' dir='ltr'><strong>daemonia</strong></span> <span class='ocrx_word' id='word_1_345' title='bbox 1561 4354 1683 4410; x_wconf 87' lang='lat' dir='ltr'><strong>est?</strong></span> <span class='ocrx_word' id='word_1_346' title='bbox 1722 4353 1857 4410; x_wconf 88' lang='lat' dir='ltr'><strong>Cum</strong></span> <span class='ocrx_word' id='word_1_347' title='bbox 1885 4353 2027 4410; x_wconf 92' lang='lat' dir='ltr'><strong>enim</strong></span> <span class='ocrx_word' id='word_1_348' title='bbox 2055 4354 2222 4410; x_wconf 81' lang='lat' dir='ltr'><strong>dixis-</strong></span> 
     </span>
    </p>
   </div>
   <div class='ocr_carea' id='block_1_45' title="bbox 630 4444 2221 4517">
    <p class='ocr_par' dir='ltr' id='par_1_45' title="bbox 630 4444 2221 4517">
     <span class='ocr_line' id='line_1_45' title="bbox 630 4444 2221 4517; baseline -0.002 -13"><span class='ocrx_word' id='word_1_349' title='bbox 630 4455 734 4515; x_wconf 77' lang='lat' dir='ltr'><strong>set,</strong></span> <span class='ocrx_word' id='word_1_350' title='bbox 760 4446 1025 4503; x_wconf 82' lang='lat' dir='ltr'><strong>Terribilis</strong></span> <span class='ocrx_word' id='word_1_351' title='bbox 1063 4462 1215 4517; x_wconf 86' lang='lat' dir='ltr'><strong>super</strong></span> <span class='ocrx_word' id='word_1_352' title='bbox 1240 4461 1413 4500; x_wconf 89' lang='lat' dir='ltr'><strong>omnes</strong></span> <span class='ocrx_word' id='word_1_353' title='bbox 1440 4444 1598 4511; x_wconf 85' lang='lat' dir='ltr'><strong>deos;</strong></span> <span class='ocrx_word' id='word_1_354' title='bbox 1627 4445 1902 4516; x_wconf 83' lang='lat' dir='ltr'><strong>subjunin</strong></span> <span class='ocrx_word' id='word_1_355' title='bbox 1920 4486 1936 4512; x_wconf 92' lang='lat'><strong>,</strong></span> <span class='ocrx_word' id='word_1_356' title='bbox 1966 4445 2221 4511; x_wconf 81' lang='lat' dir='ltr'><strong>Quoniam</strong></span> 
     </span>
    </p>
   </div>
   <div class='ocr_carea' id='block_1_46' title="bbox 628 4535 2221 4607">
    <p class='ocr_par' dir='ltr' id='par_1_46' title="bbox 628 4535 2221 4607">
     <span class='ocr_line' id='line_1_46' title="bbox 628 4535 2221 4607; baseline 0 -13"><span class='ocrx_word' id='word_1_357' title='bbox 628 4555 801 4594; x_wconf 85' lang='lat' dir='ltr'><strong>omnes</strong></span> <span class='ocrx_word' id='word_1_358' title='bbox 830 4538 902 4593; x_wconf 88' lang='lat' dir='ltr'><strong>dii</strong></span> <span class='ocrx_word' id='word_1_359' title='bbox 941 4535 1177 4593; x_wconf 88' lang='lat' dir='ltr'><strong>Gentium</strong></span> <span class='ocrx_word' id='word_1_360' title='bbox 1210 4537 1483 4591; x_wconf 60' lang='lat' dir='ltr'><strong>daemonia.</strong></span> <span class='ocrx_word' id='word_1_361' title='bbox 1515 4535 1629 4591; x_wconf 86' lang='lat' dir='ltr'><strong>Non</strong></span> <span class='ocrx_word' id='word_1_362' title='bbox 1660 4542 1743 4592; x_wconf 91' lang='lat' dir='ltr'><strong>est</strong></span> <span class='ocrx_word' id='word_1_363' title='bbox 1782 4550 2032 4607; x_wconf 89' lang='lat' dir='ltr'><strong>magnum</strong></span> <span class='ocrx_word' id='word_1_364' title='bbox 2054 4578 2068 4603; x_wconf 93' lang='lat'><strong>,</strong></span> <span class='ocrx_word' id='word_1_365' title='bbox 2098 4553 2221 4594; x_wconf 90' lang='lat' dir='ltr'><strong>esse</strong></span> 
     </span>
    </p>
   </div>
   <div class='ocr_carea' id='block_1_47' title="bbox 628 4628 2220 4702">
    <p class='ocr_par' dir='ltr' id='par_1_47' title="bbox 628 4628 2220 4702">
     <span class='ocr_line' id='line_1_47' title="bbox 628 4628 2220 4702; baseline 0 -15"><span class='ocrx_word' id='word_1_366' title='bbox 628 4645 791 4702; x_wconf 88' lang='lat' dir='ltr'><strong>super</strong></span> <span class='ocrx_word' id='word_1_367' title='bbox 828 4630 1092 4686; x_wconf 71' lang='lat' dir='ltr'><strong>daemonia</strong></span> <span class='ocrx_word' id='word_1_368' title='bbox 1120 4646 1134 4684; x_wconf 90' lang='lat'><strong>:</strong></span> <span class='ocrx_word' id='word_1_369' title='bbox 1164 4638 1220 4686; x_wconf 88' lang='lat' dir='ltr'><strong>et</strong></span> <span class='ocrx_word' id='word_1_370' title='bbox 1259 4639 1352 4694; x_wconf 82' lang='lat' dir='ltr'><strong>tu;</strong></span> <span class='ocrx_word' id='word_1_371' title='bbox 1387 4629 1435 4685; x_wconf 86' lang='lat' dir='ltr'><strong>si</strong></span> <span class='ocrx_word' id='word_1_372' title='bbox 1472 4628 1741 4695; x_wconf 89' lang='lat' dir='ltr'><strong>volueris,</strong></span> <span class='ocrx_word' id='word_1_373' title='bbox 1772 4629 1919 4695; x_wconf 89' lang='lat' dir='ltr'><strong>eris;</strong></span> <span class='ocrx_word' id='word_1_374' title='bbox 1964 4628 2057 4684; x_wconf 91' lang='lat' dir='ltr'><strong>sed</strong></span> <span class='ocrx_word' id='word_1_375' title='bbox 2088 4630 2132 4686; x_wconf 87' lang='lat' dir='ltr'><strong>si</strong></span> <span class='ocrx_word' id='word_1_376' title='bbox 2165 4631 2220 4688; x_wconf 88' lang='lat' dir='ltr'><strong>in</strong></span> 
     </span>
    </p>
   </div>
   <div class='ocr_carea' id='block_1_48' title="bbox 626 4722 2215 4795">
    <p class='ocr_par' dir='ltr' id='par_1_48' title="bbox 626 4722 2215 4795">
     <span class='ocr_line' id='line_1_48' title="bbox 626 4722 2215 4795; baseline -0.002 -12"><span class='ocrx_word' id='word_1_377' title='bbox 626 4726 778 4783; x_wconf 90' lang='lat' dir='ltr'><strong>illum</strong></span> <span class='ocrx_word' id='word_1_378' title='bbox 801 4724 1114 4783; x_wconf 87' lang='lat' dir='ltr'><strong>credideris.</strong></span> <span class='ocrx_word' id='word_1_379' title='bbox 1144 4723 1292 4780; x_wconf 84' lang='lat' dir='ltr'><strong>itane</strong></span> <span class='ocrx_word' id='word_1_380' title='bbox 1318 4724 1431 4795; x_wconf 89' lang='lat' dir='ltr'><strong>ipsa</strong></span> <span class='ocrx_word' id='word_1_381' title='bbox 1456 4732 1540 4779; x_wconf 84' lang='lat' dir='ltr'><strong>est</strong></span> <span class='ocrx_word' id='word_1_382' title='bbox 1568 4723 1656 4778; x_wconf 90' lang='lat' dir='ltr'><strong>illa</strong></span> <span class='ocrx_word' id='word_1_383' title='bbox 1684 4722 1995 4793; x_wconf 87' lang='lat' dir='ltr'><strong>magnitudo</strong></span> <span class='ocrx_word' id='word_1_384' title='bbox 2022 4723 2215 4793; x_wconf 89' lang='lat' dir='ltr'><strong>laudis,</strong></span> 
     </span>
    </p>
   </div>
   <div class='ocr_carea' id='block_1_49' title="bbox 627 4815 2217 4891">
    <p class='ocr_par' dir='ltr' id='par_1_49' title="bbox 627 4815 2217 4891">
     <span class='ocr_line' id='line_1_49' title="bbox 627 4815 2217 4891; baseline -0.001 -17"><span class='ocrx_word' id='word_1_385' title='bbox 627 4817 854 4891; x_wconf 74' lang='lat' dir='ltr'><strong>Magnus</strong></span> <span class='ocrx_word' id='word_1_386' title='bbox 890 4817 1139 4873; x_wconf 79' lang='lat' dir='ltr'><strong>Dominus</strong></span> <span class='ocrx_word' id='word_1_387' title='bbox 1181 4826 1229 4872; x_wconf 87' lang='lat' dir='ltr'><strong>et</strong></span> <span class='ocrx_word' id='word_1_388' title='bbox 1276 4815 1547 4871; x_wconf 80' lang='lat' dir='ltr'><strong>laudabilis</strong></span> <span class='ocrx_word' id='word_1_389' title='bbox 1590 4816 1785 4870; x_wconf 82' lang='lat' dir='ltr'><strong>nimis?</strong></span> <span class='ocrx_word' id='word_1_390' title='bbox 1836 4815 2031 4871; x_wconf 82' lang='lat' dir='ltr'><strong>Volens</strong></span> <span class='ocrx_word' id='word_1_391' title='bbox 2072 4815 2217 4872; x_wconf 89' lang='lat' dir='ltr'><strong>enim</strong></span> 
     </span>
    </p>
   </div>
   <div class='ocr_carea' id='block_1_50' title="bbox 624 4906 2217 4982">
    <p class='ocr_par' dir='ltr' id='par_1_50' title="bbox 624 4906 2217 4982">
     <span class='ocr_line' id='line_1_50' title="bbox 624 4906 2217 4982; baseline -0.003 -13"><span class='ocrx_word' id='word_1_392' title='bbox 624 4912 927 4982; x_wconf 73' lang='lat' dir='ltr'><strong>esplicare,</strong></span> <span class='ocrx_word' id='word_1_393' title='bbox 978 4918 1036 4965; x_wconf 89' lang='lat' dir='ltr'><strong>ut</strong></span> <span class='ocrx_word' id='word_1_394' title='bbox 1087 4916 1294 4981; x_wconf 83' lang='lat' dir='ltr'><strong>poterat</strong></span> <span class='ocrx_word' id='word_1_395' title='bbox 1340 4907 1567 4963; x_wconf 86' lang='lat' dir='ltr'><strong>humana</strong></span> <span class='ocrx_word' id='word_1_396' title='bbox 1616 4906 1829 4978; x_wconf 82' lang='lat' dir='ltr'><strong>lingua,</strong></span> <span class='ocrx_word' id='word_1_397' title='bbox 1876 4916 1932 4962; x_wconf 88' lang='lat' dir='ltr'><strong>et</strong></span> <span class='ocrx_word' id='word_1_398' title='bbox 1973 4908 2217 4979; x_wconf 88' lang='lat' dir='ltr'><strong>quamvis</strong></span> 
     </span>
    </p>
   </div>
   <div class='ocr_carea' id='block_1_51' title="bbox 626 5002 2218 5079">
    <p class='ocr_par' dir='ltr' id='par_1_51' title="bbox 626 5002 2218 5079">
     <span class='ocr_line' id='line_1_51' title="bbox 626 5002 2218 5079; baseline -0.003 -17"><span class='ocrx_word' id='word_1_399' title='bbox 626 5022 854 5079; x_wconf 89' lang='lat' dir='ltr'><strong>magnus</strong></span> <span class='ocrx_word' id='word_1_400' title='bbox 881 5005 953 5061; x_wconf 87' lang='lat' dir='ltr'><strong>sit</strong></span> <span class='ocrx_word' id='word_1_401' title='bbox 983 5013 1153 5060; x_wconf 88' lang='lat' dir='ltr'><strong>tactur</strong></span> <span class='ocrx_word' id='word_1_402' title='bbox 1180 5004 1364 5076; x_wconf 85' lang='lat' dir='ltr'><strong>organi</strong></span> <span class='ocrx_word' id='word_1_403' title='bbox 1391 5002 1624 5074; x_wconf 90' lang='lat' dir='ltr'><strong>Spiritus</strong></span> <span class='ocrx_word' id='word_1_404' title='bbox 1648 5010 1887 5067; x_wconf 79' lang='lat' dir='ltr'><strong>sanctus,</strong></span> <span class='ocrx_word' id='word_1_405' title='bbox 1918 5010 2093 5057; x_wconf 90' lang='lat' dir='ltr'><strong>tamen</strong></span> <span class='ocrx_word' id='word_1_406' title='bbox 2120 5017 2218 5072; x_wconf 90' lang='lat' dir='ltr'><strong>per</strong></span> 
     </span>
    </p>
   </div>
   <div class='ocr_carea' id='block_1_52' title="bbox 623 5092 2214 5169">
    <p class='ocr_par' dir='ltr' id='par_1_52' title="bbox 623 5092 2214 5169">
     <span class='ocr_line' id='line_1_52' title="bbox 623 5092 2214 5169; baseline -0.004 -16"><span class='ocrx_word' id='word_1_407' title='bbox 623 5097 898 5169; x_wconf 85' lang='lat' dir='ltr'><strong>angustias</strong></span> <span class='ocrx_word' id='word_1_408' title='bbox 920 5097 941 5129; x_wconf 82' lang='grc'><strong><em>²</em></strong></span> <span class='ocrx_word' id='word_1_409' title='bbox 970 5096 1188 5167; x_wconf 89' lang='lat' dir='ltr'><strong>spiritus</strong></span> <span class='ocrx_word' id='word_1_410' title='bbox 1215 5094 1430 5149; x_wconf 85' lang='lat' dir='ltr'><strong>humani</strong></span> <span class='ocrx_word' id='word_1_411' title='bbox 1468 5094 1703 5166; x_wconf 85' lang='lat' dir='ltr'><strong>syllabas</strong></span> <span class='ocrx_word' id='word_1_412' title='bbox 1731 5101 1916 5159; x_wconf 88' lang='lat' dir='ltr'><strong>sonat,</strong></span> <span class='ocrx_word' id='word_1_413' title='bbox 1944 5092 2037 5147; x_wconf 90' lang='lat' dir='ltr'><strong>sed</strong></span> <span class='ocrx_word' id='word_1_414' title='bbox 2066 5093 2214 5162; x_wconf 83' lang='lat' dir='ltr'><strong>cogi-</strong></span> 
     </span>
    </p>
   </div>
   <div class='ocr_carea' id='block_1_53' title="bbox 627 5184 2214 5261">
    <p class='ocr_par' dir='ltr' id='par_1_53' title="bbox 627 5184 2214 5261">
     <span class='ocr_line' id='line_1_53' title="bbox 627 5184 2214 5261; baseline -0.003 -16"><span class='ocrx_word' id='word_1_415' title='bbox 627 5189 856 5245; x_wconf 87' lang='lat' dir='ltr'><strong>tatioucs</strong></span> <span class='ocrx_word' id='word_1_416' title='bbox 900 5197 1164 5261; x_wconf 85' lang='lat' dir='ltr'><strong>generat:</strong></span> <span class='ocrx_word' id='word_1_417' title='bbox 1196 5189 1462 5259; x_wconf 79' lang='lat' dir='ltr'><strong>explicare</strong></span> <span class='ocrx_word' id='word_1_418' title='bbox 1508 5201 1636 5258; x_wconf 85' lang='lat' dir='ltr'><strong>ergo</strong></span> <span class='ocrx_word' id='word_1_419' title='bbox 1681 5201 1776 5256; x_wconf 90' lang='lat' dir='ltr'><strong>per</strong></span> <span class='ocrx_word' id='word_1_420' title='bbox 1816 5184 1959 5241; x_wconf 81' lang='lat' dir='ltr'><strong>hanc</strong></span> <span class='ocrx_word' id='word_1_421' title='bbox 1986 5186 2214 5258; x_wconf 89' lang='lat' dir='ltr'><strong>linguam</strong></span> 
     </span>
    </p>
   </div>
   <div class='ocr_carea' id='block_1_54' title="bbox 623 5278 2211 5353">
    <p class='ocr_par' dir='ltr' id='par_1_54' title="bbox 623 5278 2211 5353">
     <span class='ocr_line' id='line_1_54' title="bbox 623 5278 2211 5353; baseline -0.003 -16"><span class='ocrx_word' id='word_1_422' title='bbox 623 5281 832 5347; x_wconf 82' lang='lat' dir='ltr'><strong>volens,</strong></span> <span class='ocrx_word' id='word_1_423' title='bbox 860 5282 986 5353; x_wconf 92' lang='lat' dir='ltr'><strong>quid</strong></span> <span class='ocrx_word' id='word_1_424' title='bbox 1014 5282 1130 5337; x_wconf 87' lang='lat' dir='ltr'><strong>ait?</strong></span> <span class='ocrx_word' id='word_1_425' title='bbox 1158 5280 1381 5353; x_wconf 75' lang='lat' dir='ltr'><strong>Magnus</strong></span> <span class='ocrx_word' id='word_1_426' title='bbox 1403 5279 1651 5335; x_wconf 81' lang='lat' dir='ltr'><strong>Dominus</strong></span> <span class='ocrx_word' id='word_1_427' title='bbox 1674 5288 1723 5334; x_wconf 89' lang='lat' dir='ltr'><strong>et</strong></span> <span class='ocrx_word' id='word_1_428' title='bbox 1747 5278 2016 5333; x_wconf 82' lang='lat' dir='ltr'><strong>laudabilis</strong></span> <span class='ocrx_word' id='word_1_429' title='bbox 2041 5278 2211 5333; x_wconf 88' lang='lat' dir='ltr'><strong>nimis.</strong></span> 
     </span>
    </p>
   </div>
   <div class='ocr_carea' id='block_1_55' title="bbox 623 5369 2211 5445">
    <p class='ocr_par' dir='ltr' id='par_1_55' title="bbox 623 5369 2211 5445">
     <span class='ocr_line' id='line_1_55' title="bbox 623 5369 2211 5445; baseline -0.002 -16"><span class='ocrx_word' id='word_1_430' title='bbox 623 5373 737 5440; x_wconf 89' lang='lat' dir='ltr'><strong>Dic,</strong></span> <span class='ocrx_word' id='word_1_431' title='bbox 769 5372 891 5439; x_wconf 91' lang='lat' dir='ltr'><strong>dic,</strong></span> <span class='ocrx_word' id='word_1_432' title='bbox 919 5383 1177 5445; x_wconf 89' lang='lat' dir='ltr'><strong>quantum</strong></span> <span class='ocrx_word' id='word_1_433' title='bbox 1207 5372 1525 5440; x_wconf 88' lang='lat' dir='ltr'><strong>laudabilis;</strong></span> <span class='ocrx_word' id='word_1_434' title='bbox 1553 5372 1660 5427; x_wconf 90' lang='lat' dir='ltr'><strong>dic.</strong></span> <span class='ocrx_word' id='word_1_435' title='bbox 1694 5369 1952 5426; x_wconf 84' lang='lat' dir='ltr'><strong>Terribilis</strong></span> <span class='ocrx_word' id='word_1_436' title='bbox 1990 5380 2061 5425; x_wconf 85' lang='lat' dir='ltr'><strong>est</strong></span> <span class='ocrx_word' id='word_1_437' title='bbox 2080 5412 2095 5437; x_wconf 89' lang='lat'><strong>,</strong></span> <span class='ocrx_word' id='word_1_438' title='bbox 2126 5371 2211 5426; x_wconf 88' lang='lat' dir='ltr'><strong>in-</strong></span> 
     </span>
    </p>
   </div>
   <div class='ocr_carea' id='block_1_56' title="bbox 618 5464 2213 5541">
    <p class='ocr_par' dir='ltr' id='par_1_56' title="bbox 618 5464 2213 5541">
     <span class='ocr_line' id='line_1_56' title="bbox 618 5464 2213 5541; baseline -0.004 -16"><span class='ocrx_word' id='word_1_439' title='bbox 618 5468 769 5541; x_wconf 86' lang='lat' dir='ltr'><strong>quit,</strong></span> <span class='ocrx_word' id='word_1_440' title='bbox 799 5483 954 5538; x_wconf 84' lang='lat' dir='ltr'><strong>super</strong></span> <span class='ocrx_word' id='word_1_441' title='bbox 979 5483 1152 5523; x_wconf 88' lang='lat' dir='ltr'><strong>omnes</strong></span> <span class='ocrx_word' id='word_1_442' title='bbox 1191 5467 1331 5521; x_wconf 87' lang='lat' dir='ltr'><strong>deos.</strong></span> <span class='ocrx_word' id='word_1_443' title='bbox 1378 5465 1556 5534; x_wconf 89' lang='lat' dir='ltr'><strong>Quare</strong></span> <span class='ocrx_word' id='word_1_444' title='bbox 1596 5464 1809 5526; x_wconf 84' lang='lat' dir='ltr'><strong>dixisti.</strong></span> <span class='ocrx_word' id='word_1_445' title='bbox 1848 5479 2000 5536; x_wconf 84' lang='lat' dir='ltr'><strong>super</strong></span> <span class='ocrx_word' id='word_1_446' title='bbox 2041 5479 2213 5519; x_wconf 88' lang='lat' dir='ltr'><strong>omnes</strong></span> 
     </span>
    </p>
   </div>
   <div class='ocr_carea' id='block_1_57' title="bbox 619 5557 2211 5632">
    <p class='ocr_par' dir='ltr' id='par_1_57' title="bbox 619 5557 2211 5632">
     <span class='ocr_line' id='line_1_57' title="bbox 619 5557 2211 5632; baseline -0.003 -11"><span class='ocrx_word' id='word_1_447' title='bbox 619 5578 742 5621; x_wconf 72' lang='lat' dir='ltr'><strong>uos</strong></span> <span class='ocrx_word' id='word_1_448' title='bbox 763 5561 792 5619; x_wconf 80' lang='lat'><strong>.’</strong></span> <span class='ocrx_word' id='word_1_449' title='bbox 822 5560 1077 5632; x_wconf 78' lang='lat' dir='ltr'><strong>Quoniam</strong></span> <span class='ocrx_word' id='word_1_450' title='bbox 1110 5576 1280 5617; x_wconf 82' lang='lat' dir='ltr'><strong>omnes</strong></span> <span class='ocrx_word' id='word_1_451' title='bbox 1301 5560 1378 5616; x_wconf 87' lang='lat' dir='ltr'><strong>dii</strong></span> <span class='ocrx_word' id='word_1_452' title='bbox 1408 5559 1648 5617; x_wconf 79' lang='lat' dir='ltr'><strong>Gentium</strong></span> <span class='ocrx_word' id='word_1_453' title='bbox 1682 5559 1955 5616; x_wconf 65' lang='lat' dir='ltr'><strong>damonia.</strong></span> <span class='ocrx_word' id='word_1_454' title='bbox 1999 5557 2066 5614; x_wconf 87' lang='lat' dir='ltr'><strong>Et</strong></span> <span class='ocrx_word' id='word_1_455' title='bbox 2094 5558 2211 5630; x_wconf 86' lang='lat' dir='ltr'><strong>ipsa</strong></span> 
     </span>
    </p>
   </div>
   <div class='ocr_carea' id='block_1_58' title="bbox 684 5739 1265 5805">
    <p class='ocr_par' dir='ltr' id='par_1_58' title="bbox 684 5739 1265 5805">
     <span class='ocr_line' id='line_1_58' title="bbox 684 5739 1265 5805; baseline -0.007 -9"><span class='ocrx_word' id='word_1_456' title='bbox 684 5745 701 5777; x_wconf 78' lang='grc'>⁸</span> <span class='ocrx_word' id='word_1_457' title='bbox 726 5751 849 5796; x_wconf 83' lang='lat' dir='ltr'><strong>&#39;rres</strong></span> <span class='ocrx_word' id='word_1_458' title='bbox 867 5749 999 5805; x_wconf 65' lang='grc' dir='ltr'><strong>ωε..</strong></span> <span class='ocrx_word' id='word_1_459' title='bbox 1020 5739 1265 5796; x_wconf 59' lang='lat' dir='ltr'><strong>insultent</strong></span> 
     </span>
    </p>
   </div>
   <div class='ocr_carea' id='block_1_59' title="bbox 681 5806 1983 5868">
    <p class='ocr_par' dir='ltr' id='par_1_59' title="bbox 681 5806 1983 5868">
     <span class='ocr_line' id='line_1_59' title="bbox 681 5806 1983 5868; baseline -0.005 -10"><span class='ocrx_word' id='word_1_460' title='bbox 681 5808 704 5841; x_wconf 79' lang='grc'>³</span> <span class='ocrx_word' id='word_1_461' title='bbox 723 5809 799 5858; x_wconf 81' lang='lat' dir='ltr'><strong>Sic</strong></span> <span class='ocrx_word' id='word_1_462' title='bbox 819 5814 919 5858; x_wconf 80' lang='lat' dir='ltr'><strong>Am.</strong></span> <span class='ocrx_word' id='word_1_463' title='bbox 946 5813 1020 5857; x_wconf 79' lang='lat' dir='ltr'><strong>Br.</strong></span> <span class='ocrx_word' id='word_1_464' title='bbox 1048 5812 1101 5859; x_wconf 78' lang='lat' dir='ltr'><strong>et</strong></span> <span class='ocrx_word' id='word_1_465' title='bbox 1122 5806 1273 5859; x_wconf 78' lang='lat' dir='ltr'><strong>nostri</strong></span> <span class='ocrx_word' id='word_1_466' title='bbox 1297 5811 1403 5855; x_wconf 69' lang='lat' dir='ltr'><strong>Mss.</strong></span> <span class='ocrx_word' id='word_1_467' title='bbox 1424 5812 1473 5855; x_wconf 78' lang='lat' dir='ltr'><strong>Al</strong></span> <span class='ocrx_word' id='word_1_468' title='bbox 1492 5811 1622 5865; x_wconf 82' lang='lat' dir='ltr'><strong>Lov.,</strong></span> <span class='ocrx_word' id='word_1_469' title='bbox 1646 5818 1728 5867; x_wconf 79' lang='lat' dir='ltr'><strong>per</strong></span> <span class='ocrx_word' id='word_1_470' title='bbox 1745 5812 1983 5868; x_wconf 75' lang='lat' dir='ltr'><strong>angustas.</strong></span> 
     </span>
    </p>
   </div>
   <div class='ocr_carea' id='block_1_60' title="bbox 678 5868 1060 5933">
    <p class='ocr_par' dir='ltr' id='par_1_60' title="bbox 678 5868 1060 5933">
     <span class='ocr_line' id='line_1_60' title="bbox 678 5868 1060 5933; baseline -0.005 -14"><span class='ocrx_word' id='word_1_471' title='bbox 678 5868 754 5933; x_wconf 74' lang='lat' dir='ltr'><strong>{al</strong></span> <span class='ocrx_word' id='word_1_472' title='bbox 789 5869 1060 5922; x_wconf 63' lang='lat' dir='ltr'><strong>Donatistae.</strong></span> 
     </span>
    </p>
   </div>
   <div class='ocr_carea' id='block_1_61' title="bbox 1838 364 2639 426">
    <p class='ocr_par' dir='ltr' id='par_1_61' title="bbox 1838 364 2639 426">
     <span class='ocr_line' id='line_1_61' title="bbox 1838 364 2639 426; baseline -0.006 0"><span class='ocrx_word' id='word_1_473' title='bbox 1838 369 1895 426; x_wconf 87' lang='lat' dir='ltr'><strong>S.</strong></span> <span class='ocrx_word' id='word_1_474' title='bbox 1935 364 2306 426; x_wconf 81' lang='lat' dir='ltr'><strong>AUGUSTINI</strong></span> <span class='ocrx_word' id='word_1_475' title='bbox 2334 366 2639 425; x_wconf 83' lang='lat' dir='ltr'><strong>EPISCOPI</strong></span> 
     </span>
    </p>
   </div>
   <div class='ocr_carea' id='block_1_62' title="bbox 3761 379 3883 438">
    <p class='ocr_par' dir='ltr' id='par_1_62' title="bbox 3761 379 3883 438">
     <span class='ocr_line' id='line_1_62' title="bbox 3761 379 3883 438; baseline 0.041 -4"><span class='ocrx_word' id='word_1_476' title='bbox 3761 379 3883 438; x_wconf 66' lang='grc'><strong>1252</strong></span> 
     </span>
    </p>
   </div>
   <div class='ocr_carea' id='block_1_63' title="bbox 2312 480 3883 564">
    <p class='ocr_par' dir='ltr' id='par_1_63' title="bbox 2312 480 3883 564">
     <span class='ocr_line' id='line_1_63' title="bbox 2312 480 3883 564; baseline 0.009 -26"><span class='ocrx_word' id='word_1_477' title='bbox 2312 493 2395 539; x_wconf 89' lang='lat' dir='ltr'><strong>est</strong></span> <span class='ocrx_word' id='word_1_478' title='bbox 2443 490 2552 537; x_wconf 90' lang='lat' dir='ltr'><strong>tota</strong></span> <span class='ocrx_word' id='word_1_479' title='bbox 2598 481 2713 536; x_wconf 89' lang='lat' dir='ltr'><strong>laus</strong></span> <span class='ocrx_word' id='word_1_480' title='bbox 2761 480 2902 536; x_wconf 90' lang='lat' dir='ltr'><strong>illius</strong></span> <span class='ocrx_word' id='word_1_481' title='bbox 2947 480 3035 551; x_wconf 92' lang='lat' dir='ltr'><strong>qui</strong></span> <span class='ocrx_word' id='word_1_482' title='bbox 3082 481 3363 540; x_wconf 88' lang='lat' dir='ltr'><strong>laudabilis</strong></span> <span class='ocrx_word' id='word_1_483' title='bbox 3406 493 3495 542; x_wconf 90' lang='lat' dir='ltr'><strong>est</strong></span> <span class='ocrx_word' id='word_1_484' title='bbox 3543 488 3729 559; x_wconf 87' lang='lat' dir='ltr'><strong>nimis,</strong></span> <span class='ocrx_word' id='word_1_485' title='bbox 3775 497 3883 564; x_wconf 87' lang='lat' dir='ltr'><strong>quia</strong></span> 
     </span>
    </p>
   </div>
   <div class='ocr_carea' id='block_1_64' title="bbox 2307 572 3883 647">
    <p class='ocr_par' dir='ltr' id='par_1_64' title="bbox 2307 572 3883 647">
     <span class='ocr_line' id='line_1_64' title="bbox 2307 572 3883 647; baseline 0.01 -16"><span class='ocrx_word' id='word_1_486' title='bbox 2307 583 2525 645; x_wconf 87' lang='lat' dir='ltr'><strong>superat</strong></span> <span class='ocrx_word' id='word_1_487' title='bbox 2564 588 2754 630; x_wconf 80' lang='lat' dir='ltr'><strong>omnes</strong></span> <span class='ocrx_word' id='word_1_488' title='bbox 2799 573 2932 630; x_wconf 90' lang='lat' dir='ltr'><strong>deos</strong></span> <span class='ocrx_word' id='word_1_489' title='bbox 2970 572 3243 643; x_wconf 86' lang='lat' dir='ltr'><strong>Gentium,</strong></span> <span class='ocrx_word' id='word_1_490' title='bbox 3288 577 3377 647; x_wconf 92' lang='lat' dir='ltr'><strong>qui</strong></span> <span class='ocrx_word' id='word_1_491' title='bbox 3424 589 3557 636; x_wconf 90' lang='lat' dir='ltr'><strong>sunt</strong></span> <span class='ocrx_word' id='word_1_492' title='bbox 3596 584 3883 645; x_wconf 69' lang='lat' dir='ltr'><strong>daemonia?</strong></span> 
     </span>
    </p>
   </div>
   <div class='ocr_carea' id='block_1_65' title="bbox 2308 665 3885 737">
    <p class='ocr_par' dir='ltr' id='par_1_65' title="bbox 2308 665 3885 737">
     <span class='ocr_line' id='line_1_65' title="bbox 2308 665 3885 737; baseline 0.007 -15"><span class='ocrx_word' id='word_1_493' title='bbox 2308 667 2608 737; x_wconf 85' lang='lat' dir='ltr'><strong>Exspecta,</strong></span> <span class='ocrx_word' id='word_1_494' title='bbox 2654 674 2710 722; x_wconf 88' lang='lat' dir='ltr'><strong>et</strong></span> <span class='ocrx_word' id='word_1_495' title='bbox 2750 665 2875 722; x_wconf 91' lang='lat' dir='ltr'><strong>audi</strong></span> <span class='ocrx_word' id='word_1_496' title='bbox 2922 666 3063 736; x_wconf 87' lang='lat' dir='ltr'><strong>quod</strong></span> <span class='ocrx_word' id='word_1_497' title='bbox 3105 668 3348 737; x_wconf 88' lang='lat' dir='ltr'><strong>sequitur</strong></span> <span class='ocrx_word' id='word_1_498' title='bbox 3387 688 3400 725; x_wconf 91' lang='lat'><strong>:</strong></span> <span class='ocrx_word' id='word_1_499' title='bbox 3443 670 3695 730; x_wconf 87' lang='lat' dir='ltr'><strong>Dominus</strong></span> <span class='ocrx_word' id='word_1_500' title='bbox 3737 665 3885 737; x_wconf 76' lang='lat' dir='ltr'><strong>autem</strong></span> 
     </span>
    </p>
   </div>
   <div class='ocr_carea' id='block_1_66' title="bbox 2308 759 3885 838">
    <p class='ocr_par' dir='ltr' id='par_1_66' title="bbox 2308 759 3885 838">
     <span class='ocr_line' id='line_1_66' title="bbox 2308 759 3885 838; baseline 0.006 -23"><span class='ocrx_word' id='word_1_501' title='bbox 2308 760 2462 816; x_wconf 71' lang='lat' dir='ltr'><strong>caelos</strong></span> <span class='ocrx_word' id='word_1_502' title='bbox 2487 759 2627 830; x_wconf 78' lang='lat' dir='ltr'><strong>fecit.</strong></span> <span class='ocrx_word' id='word_1_503' title='bbox 2654 759 2773 815; x_wconf 89' lang='lat' dir='ltr'><strong>Jam</strong></span> <span class='ocrx_word' id='word_1_504' title='bbox 2803 774 2932 831; x_wconf 90' lang='lat' dir='ltr'><strong>ergo</strong></span> <span class='ocrx_word' id='word_1_505' title='bbox 2963 774 3070 815; x_wconf 86' lang='lat' dir='ltr'><strong>non</strong></span> <span class='ocrx_word' id='word_1_506' title='bbox 3101 775 3264 830; x_wconf 86' lang='lat' dir='ltr'><strong>super</strong></span> <span class='ocrx_word' id='word_1_507' title='bbox 3292 760 3561 819; x_wconf 67' lang='lat' dir='ltr'><strong>daemonia</strong></span> <span class='ocrx_word' id='word_1_508' title='bbox 3587 767 3776 838; x_wconf 90' lang='lat' dir='ltr'><strong>solum,</strong></span> <span class='ocrx_word' id='word_1_509' title='bbox 3803 775 3885 831; x_wconf 86' lang='lat' dir='ltr'><strong>sed</strong></span> 
     </span>
    </p>
   </div>
   <div class='ocr_carea' id='block_1_67' title="bbox 2310 852 3887 932">
    <p class='ocr_par' dir='ltr' id='par_1_67' title="bbox 2310 852 3887 932">
     <span class='ocr_line' id='line_1_67' title="bbox 2310 852 3887 932; baseline 0.008 -24"><span class='ocrx_word' id='word_1_510' title='bbox 2310 867 2473 922; x_wconf 89' lang='lat' dir='ltr'><strong>super</strong></span> <span class='ocrx_word' id='word_1_511' title='bbox 2499 867 2689 909; x_wconf 89' lang='lat' dir='ltr'><strong>omnes</strong></span> <span class='ocrx_word' id='word_1_512' title='bbox 2716 852 2884 909; x_wconf 62' lang='lat' dir='ltr'><strong>caelos</strong></span> <span class='ocrx_word' id='word_1_513' title='bbox 2910 868 3045 922; x_wconf 91' lang='lat' dir='ltr'><strong>quos</strong></span> <span class='ocrx_word' id='word_1_514' title='bbox 3074 852 3221 909; x_wconf 89' lang='lat' dir='ltr'><strong>fecit.</strong></span> <span class='ocrx_word' id='word_1_515' title='bbox 3256 853 3312 911; x_wconf 93' lang='lat' dir='ltr'><strong>Si</strong></span> <span class='ocrx_word' id='word_1_516' title='bbox 3338 855 3580 926; x_wconf 88' lang='lat' dir='ltr'><strong>diceret,</strong></span> <span class='ocrx_word' id='word_1_517' title='bbox 3610 859 3772 932; x_wconf 88' lang='lat' dir='ltr'><strong>Super</strong></span> <span class='ocrx_word' id='word_1_518' title='bbox 3792 882 3887 920; x_wconf 85' lang='lat' dir='ltr'><strong>om-</strong></span> 
     </span>
    </p>
   </div>
   <div class='ocr_carea' id='block_1_68' title="bbox 2312 943 3886 1020">
    <p class='ocr_par' dir='ltr' id='par_1_68' title="bbox 2312 943 3886 1020">
     <span class='ocr_line' id='line_1_68' title="bbox 2312 943 3886 1020; baseline 0.011 -21"><span class='ocrx_word' id='word_1_519' title='bbox 2312 960 2400 1000; x_wconf 89' lang='lat' dir='ltr'><strong>nes</strong></span> <span class='ocrx_word' id='word_1_520' title='bbox 2428 943 2579 1011; x_wconf 89' lang='lat' dir='ltr'><strong>deos,</strong></span> <span class='ocrx_word' id='word_1_521' title='bbox 2605 945 2844 1015; x_wconf 86' lang='lat' dir='ltr'><strong>quoniam</strong></span> <span class='ocrx_word' id='word_1_522' title='bbox 2874 962 3047 1001; x_wconf 88' lang='lat' dir='ltr'><strong>omnes</strong></span> <span class='ocrx_word' id='word_1_523' title='bbox 3073 945 3147 1000; x_wconf 88' lang='lat' dir='ltr'><strong>dii</strong></span> <span class='ocrx_word' id='word_1_524' title='bbox 3177 945 3413 1003; x_wconf 86' lang='lat' dir='ltr'><strong>Gentium</strong></span> <span class='ocrx_word' id='word_1_525' title='bbox 3438 950 3691 1008; x_wconf 68' lang='lat' dir='ltr'><strong>demonia</strong></span> <span class='ocrx_word' id='word_1_526' title='bbox 3710 996 3724 1020; x_wconf 90' lang='lat'><strong>,</strong></span> <span class='ocrx_word' id='word_1_527' title='bbox 3750 968 3799 1014; x_wconf 90' lang='lat' dir='ltr'><strong>et</strong></span> <span class='ocrx_word' id='word_1_528' title='bbox 3823 960 3886 1017; x_wconf 87' lang='lat' dir='ltr'><strong>ibi</strong></span> 
     </span>
    </p>
   </div>
   <div class='ocr_carea' id='block_1_69' title="bbox 2313 1039 3888 1113">
    <p class='ocr_par' dir='ltr' id='par_1_69' title="bbox 2313 1039 3888 1113">
     <span class='ocr_line' id='line_1_69' title="bbox 2313 1039 3888 1113; baseline 0.009 -18"><span class='ocrx_word' id='word_1_529' title='bbox 2313 1039 2684 1095; x_wconf 90' lang='lat' dir='ltr'><strong>tantummodo</strong></span> <span class='ocrx_word' id='word_1_530' title='bbox 2708 1050 3010 1096; x_wconf 89' lang='lat' dir='ltr'><strong>remaneret</strong></span> <span class='ocrx_word' id='word_1_531' title='bbox 3035 1040 3271 1097; x_wconf 88' lang='lat' dir='ltr'><strong>laudatio</strong></span> <span class='ocrx_word' id='word_1_532' title='bbox 3295 1044 3532 1113; x_wconf 89' lang='lat' dir='ltr'><strong>Domini,</strong></span> <span class='ocrx_word' id='word_1_533' title='bbox 3561 1048 3733 1105; x_wconf 89' lang='lat' dir='ltr'><strong>minus</strong></span> <span class='ocrx_word' id='word_1_534' title='bbox 3756 1052 3888 1109; x_wconf 85' lang='lat' dir='ltr'><strong>dixe-</strong></span> 
     </span>
    </p>
   </div>
   <div class='ocr_carea' id='block_1_70' title="bbox 2312 1134 3879 1209">
    <p class='ocr_par' dir='ltr' id='par_1_70' title="bbox 2312 1134 3879 1209">
     <span class='ocr_line' id='line_1_70' title="bbox 2312 1134 3879 1209; baseline 0.009 -21"><span class='ocrx_word' id='word_1_535' title='bbox 2312 1142 2398 1188; x_wconf 90' lang='lat' dir='ltr'><strong>rat</strong></span> <span class='ocrx_word' id='word_1_536' title='bbox 2426 1149 2585 1204; x_wconf 88' lang='lat' dir='ltr'><strong>quam</strong></span> <span class='ocrx_word' id='word_1_537' title='bbox 2625 1148 2723 1189; x_wconf 91' lang='lat' dir='ltr'><strong>nos</strong></span> <span class='ocrx_word' id='word_1_538' title='bbox 2756 1134 2994 1190; x_wconf 90' lang='lat' dir='ltr'><strong>solemus</strong></span> <span class='ocrx_word' id='word_1_539' title='bbox 3018 1134 3085 1191; x_wconf 91' lang='lat' dir='ltr'><strong>de</strong></span> <span class='ocrx_word' id='word_1_540' title='bbox 3109 1134 3323 1192; x_wconf 90' lang='lat' dir='ltr'><strong>Christo</strong></span> <span class='ocrx_word' id='word_1_541' title='bbox 3347 1140 3591 1209; x_wconf 88' lang='lat' dir='ltr'><strong>cogitare</strong></span> <span class='ocrx_word' id='word_1_542' title='bbox 3622 1160 3635 1197; x_wconf 89' lang='lat'>:</span> <span class='ocrx_word' id='word_1_543' title='bbox 3665 1159 3779 1200; x_wconf 91' lang='lat' dir='ltr'><strong>cum</strong></span> <span class='ocrx_word' id='word_1_544' title='bbox 3801 1163 3879 1202; x_wconf 87' lang='lat' dir='ltr'><strong>au-</strong></span> 
     </span>
    </p>
   </div>
   <div class='ocr_carea' id='block_1_71' title="bbox 2316 1226 3884 1308">
    <p class='ocr_par' dir='ltr' id='par_1_71' title="bbox 2316 1226 3884 1308">
     <span class='ocr_line' id='line_1_71' title="bbox 2316 1226 3884 1308; baseline 0.009 -28"><span class='ocrx_word' id='word_1_545' title='bbox 2316 1234 2423 1281; x_wconf 86' lang='lat' dir='ltr'><strong>tem</strong></span> <span class='ocrx_word' id='word_1_546' title='bbox 2462 1226 2613 1290; x_wconf 80' lang='lat' dir='ltr'><strong>dixit,</strong></span> <span class='ocrx_word' id='word_1_547' title='bbox 2664 1226 2909 1281; x_wconf 87' lang='lat' dir='ltr'><strong>Dominus</strong></span> <span class='ocrx_word' id='word_1_548' title='bbox 2956 1236 3123 1281; x_wconf 88' lang='lat' dir='ltr'><strong>autem</strong></span> <span class='ocrx_word' id='word_1_549' title='bbox 3167 1228 3317 1284; x_wconf 73' lang='lat' dir='ltr'><strong>oculos</strong></span> <span class='ocrx_word' id='word_1_550' title='bbox 3364 1231 3532 1302; x_wconf 77' lang='lat' dir='ltr'><strong>fecit;</strong></span> <span class='ocrx_word' id='word_1_551' title='bbox 3573 1232 3743 1291; x_wconf 85' lang='lat' dir='ltr'><strong>videte</strong></span> <span class='ocrx_word' id='word_1_552' title='bbox 3778 1239 3884 1308; x_wconf 89' lang='lat' dir='ltr'><strong>quid</strong></span> 
     </span>
    </p>
   </div>
   <div class='ocr_carea' id='block_1_72' title="bbox 2316 1318 3886 1398">
    <p class='ocr_par' dir='ltr' id='par_1_72' title="bbox 2316 1318 3886 1398">
     <span class='ocr_line' id='line_1_72' title="bbox 2316 1318 3886 1398; baseline 0.008 -25"><span class='ocrx_word' id='word_1_553' title='bbox 2316 1318 2526 1374; x_wconf 90' lang='lat' dir='ltr'><strong>intersit</strong></span> <span class='ocrx_word' id='word_1_554' title='bbox 2551 1319 2690 1374; x_wconf 91' lang='lat' dir='ltr'><strong>inter</strong></span> <span class='ocrx_word' id='word_1_555' title='bbox 2708 1320 2877 1375; x_wconf 77' lang='lat' dir='ltr'><strong>etelos</strong></span> <span class='ocrx_word' id='word_1_556' title='bbox 2902 1328 2957 1375; x_wconf 91' lang='lat' dir='ltr'><strong>et</strong></span> <span class='ocrx_word' id='word_1_557' title='bbox 2982 1320 3279 1386; x_wconf 70' lang='lat' dir='ltr'><strong>daemonia;</strong></span> <span class='ocrx_word' id='word_1_558' title='bbox 3307 1333 3362 1378; x_wconf 91' lang='lat' dir='ltr'><strong>et</strong></span> <span class='ocrx_word' id='word_1_559' title='bbox 3384 1324 3570 1381; x_wconf 88' lang='lat' dir='ltr'><strong>videte</strong></span> <span class='ocrx_word' id='word_1_560' title='bbox 3592 1327 3717 1398; x_wconf 90' lang='lat' dir='ltr'><strong>quid</strong></span> <span class='ocrx_word' id='word_1_561' title='bbox 3743 1329 3886 1386; x_wconf 88' lang='lat' dir='ltr'><strong>inter-</strong></span> 
     </span>
    </p>
   </div>
   <div class='ocr_carea' id='block_1_73' title="bbox 2315 1412 3886 1489">
    <p class='ocr_par' dir='ltr' id='par_1_73' title="bbox 2315 1412 3886 1489">
     <span class='ocr_line' id='line_1_73' title="bbox 2315 1412 3886 1489; baseline 0.009 -22"><span class='ocrx_word' id='word_1_562' title='bbox 2315 1412 2388 1467; x_wconf 90' lang='lat' dir='ltr'><strong>sit</strong></span> <span class='ocrx_word' id='word_1_563' title='bbox 2414 1412 2553 1467; x_wconf 90' lang='lat' dir='ltr'><strong>inter</strong></span> <span class='ocrx_word' id='word_1_564' title='bbox 2592 1413 2738 1483; x_wconf 92' lang='lat' dir='ltr'><strong>ipsos</strong></span> <span class='ocrx_word' id='word_1_565' title='bbox 2763 1413 2929 1469; x_wconf 71' lang='lat' dir='ltr'><strong>caelos</strong></span> <span class='ocrx_word' id='word_1_566' title='bbox 2969 1424 3023 1470; x_wconf 91' lang='lat' dir='ltr'><strong>et</strong></span> <span class='ocrx_word' id='word_1_567' title='bbox 3066 1414 3216 1471; x_wconf 92' lang='lat' dir='ltr'><strong>illum</strong></span> <span class='ocrx_word' id='word_1_568' title='bbox 3257 1417 3348 1487; x_wconf 92' lang='lat' dir='ltr'><strong>qui</strong></span> <span class='ocrx_word' id='word_1_569' title='bbox 3391 1417 3520 1474; x_wconf 90' lang='lat' dir='ltr'><strong>fecit</strong></span> <span class='ocrx_word' id='word_1_570' title='bbox 3546 1421 3743 1489; x_wconf 70' lang='lat' dir='ltr'><strong>caelos;</strong></span> <span class='ocrx_word' id='word_1_571' title='bbox 3780 1439 3886 1482; x_wconf 85' lang='lat' dir='ltr'><strong>ecce</strong></span> 
     </span>
    </p>
   </div>
   <div class='ocr_carea' id='block_1_74' title="bbox 2316 1505 3885 1580">
    <p class='ocr_par' dir='ltr' id='par_1_74' title="bbox 2316 1505 3885 1580">
     <span class='ocr_line' id='line_1_74' title="bbox 2316 1505 3885 1580; baseline 0.009 -23"><span class='ocrx_word' id='word_1_572' title='bbox 2316 1512 2569 1574; x_wconf 89' lang='lat' dir='ltr'><strong>quantum</strong></span> <span class='ocrx_word' id='word_1_573' title='bbox 2601 1505 2846 1561; x_wconf 85' lang='lat' dir='ltr'><strong>excelsus</strong></span> <span class='ocrx_word' id='word_1_574' title='bbox 2874 1513 2958 1562; x_wconf 89' lang='lat' dir='ltr'><strong>est</strong></span> <span class='ocrx_word' id='word_1_575' title='bbox 2983 1506 3262 1564; x_wconf 88' lang='lat' dir='ltr'><strong>Dominus.</strong></span> <span class='ocrx_word' id='word_1_576' title='bbox 3307 1508 3425 1564; x_wconf 91' lang='lat' dir='ltr'><strong>Non</strong></span> <span class='ocrx_word' id='word_1_577' title='bbox 3459 1510 3629 1580; x_wconf 88' lang='lat' dir='ltr'><strong>dixit,</strong></span> <span class='ocrx_word' id='word_1_578' title='bbox 3658 1514 3885 1573; x_wconf 86' lang='lat' dir='ltr'><strong>Dominus</strong></span> 
     </span>
    </p>
   </div>
   <div class='ocr_carea' id='block_1_75' title="bbox 2317 1597 3885 1667">
    <p class='ocr_par' dir='ltr' id='par_1_75' title="bbox 2317 1597 3885 1667">
     <span class='ocr_line' id='line_1_75' title="bbox 2317 1597 3885 1667; baseline 0.01 -19"><span class='ocrx_word' id='word_1_579' title='bbox 2317 1604 2494 1650; x_wconf 88' lang='lat' dir='ltr'><strong>autem</strong></span> <span class='ocrx_word' id='word_1_580' title='bbox 2523 1610 2685 1667; x_wconf 89' lang='lat' dir='ltr'><strong>super</strong></span> <span class='ocrx_word' id='word_1_581' title='bbox 2726 1598 2893 1653; x_wconf 73' lang='lat' dir='ltr'><strong>ctelos</strong></span> <span class='ocrx_word' id='word_1_582' title='bbox 2929 1597 3117 1664; x_wconf 88' lang='lat' dir='ltr'><strong>sedet;</strong></span> <span class='ocrx_word' id='word_1_583' title='bbox 3168 1598 3397 1657; x_wconf 82' lang='lat' dir='ltr'><strong>fortasse</strong></span> <span class='ocrx_word' id='word_1_584' title='bbox 3439 1605 3586 1659; x_wconf 89' lang='lat' dir='ltr'><strong>enim</strong></span> <span class='ocrx_word' id='word_1_585' title='bbox 3630 1605 3760 1667; x_wconf 83' lang='lat' dir='ltr'><strong>alius</strong></span> <span class='ocrx_word' id='word_1_586' title='bbox 3787 1608 3885 1665; x_wconf 90' lang='lat' dir='ltr'><strong>illos</strong></span> 
     </span>
    </p>
   </div>
   <div class='ocr_carea' id='block_1_76' title="bbox 2319 1686 3879 1767">
    <p class='ocr_par' dir='ltr' id='par_1_76' title="bbox 2319 1686 3879 1767">
     <span class='ocr_line' id='line_1_76' title="bbox 2319 1686 3879 1767; baseline 0.008 -24"><span class='ocrx_word' id='word_1_587' title='bbox 2319 1686 2511 1745; x_wconf 88' lang='lat' dir='ltr'><strong>fecisse</strong></span> <span class='ocrx_word' id='word_1_588' title='bbox 2556 1698 2852 1759; x_wconf 88' lang='lat' dir='ltr'><strong>putaretur,</strong></span> <span class='ocrx_word' id='word_1_589' title='bbox 2906 1706 3066 1761; x_wconf 89' lang='lat' dir='ltr'><strong>super</strong></span> <span class='ocrx_word' id='word_1_590' title='bbox 3106 1708 3240 1763; x_wconf 91' lang='lat' dir='ltr'><strong>quos</strong></span> <span class='ocrx_word' id='word_1_591' title='bbox 3286 1694 3505 1750; x_wconf 89' lang='lat' dir='ltr'><strong>sederet</strong></span> <span class='ocrx_word' id='word_1_592' title='bbox 3552 1714 3565 1751; x_wconf 75' lang='grc' dir='ltr'><strong>ι</strong></span> <span class='ocrx_word' id='word_1_593' title='bbox 3616 1697 3705 1753; x_wconf 92' lang='lat' dir='ltr'><strong>sed</strong></span> <span class='ocrx_word' id='word_1_594' title='bbox 3754 1700 3879 1767; x_wconf 82' lang='lat' dir='ltr'><strong>dixit,</strong></span> 
     </span>
    </p>
   </div>
   <div class='ocr_carea' id='block_1_77' title="bbox 2319 1779 3885 1856">
    <p class='ocr_par' dir='ltr' id='par_1_77' title="bbox 2319 1779 3885 1856">
     <span class='ocr_line' id='line_1_77' title="bbox 2319 1779 3885 1856; baseline 0.007 -20"><span class='ocrx_word' id='word_1_595' title='bbox 2319 1779 2571 1837; x_wconf 85' lang='lat' dir='ltr'><strong>Dominus</strong></span> <span class='ocrx_word' id='word_1_596' title='bbox 2600 1792 2769 1837; x_wconf 84' lang='lat' dir='ltr'><strong>autem</strong></span> <span class='ocrx_word' id='word_1_597' title='bbox 2793 1782 2946 1838; x_wconf 71' lang='lat' dir='ltr'><strong>caelos</strong></span> <span class='ocrx_word' id='word_1_598' title='bbox 2972 1784 3107 1854; x_wconf 82' lang='lat' dir='ltr'><strong>fecit.</strong></span> <span class='ocrx_word' id='word_1_599' title='bbox 3141 1784 3194 1841; x_wconf 90' lang='lat' dir='ltr'><strong>Si</strong></span> <span class='ocrx_word' id='word_1_600' title='bbox 3225 1785 3394 1842; x_wconf 65' lang='lat' dir='ltr'><strong>caelos</strong></span> <span class='ocrx_word' id='word_1_601' title='bbox 3424 1785 3554 1843; x_wconf 83' lang='lat' dir='ltr'><strong>fecit</strong></span> <span class='ocrx_word' id='word_1_602' title='bbox 3574 1828 3589 1856; x_wconf 88' lang='lat'><strong>,</strong></span> <span class='ocrx_word' id='word_1_603' title='bbox 3619 1791 3769 1847; x_wconf 88' lang='lat' dir='ltr'><strong>etiam</strong></span> <span class='ocrx_word' id='word_1_604' title='bbox 3792 1794 3885 1847; x_wconf 81' lang='lat' dir='ltr'><strong>Au-</strong></span> 
     </span>
    </p>
   </div>
   <div class='ocr_carea' id='block_1_78' title="bbox 2318 1872 3880 1953">
    <p class='ocr_par' dir='ltr' id='par_1_78' title="bbox 2318 1872 3880 1953">
     <span class='ocr_line' id='line_1_78' title="bbox 2318 1872 3880 1953; baseline 0.009 -26"><span class='ocrx_word' id='word_1_605' title='bbox 2318 1872 2467 1944; x_wconf 83' lang='lat' dir='ltr'><strong>gelos</strong></span> <span class='ocrx_word' id='word_1_606' title='bbox 2506 1873 2635 1929; x_wconf 78' lang='lat' dir='ltr'><strong>fecit</strong></span> <span class='ocrx_word' id='word_1_607' title='bbox 2664 1893 2677 1928; x_wconf 87' lang='lat'><strong>:</strong></span> <span class='ocrx_word' id='word_1_608' title='bbox 2711 1874 2827 1944; x_wconf 89' lang='lat' dir='ltr'><strong>ipse</strong></span> <span class='ocrx_word' id='word_1_609' title='bbox 2856 1874 2980 1931; x_wconf 90' lang='lat' dir='ltr'><strong>fecit</strong></span> <span class='ocrx_word' id='word_1_610' title='bbox 3008 1877 3261 1947; x_wconf 87' lang='lat' dir='ltr'><strong>Angelos,</strong></span> <span class='ocrx_word' id='word_1_611' title='bbox 3294 1879 3413 1949; x_wconf 89' lang='lat' dir='ltr'><strong>ipse</strong></span> <span class='ocrx_word' id='word_1_612' title='bbox 3454 1878 3582 1937; x_wconf 87' lang='lat' dir='ltr'><strong>fecit</strong></span> <span class='ocrx_word' id='word_1_613' title='bbox 3608 1883 3880 1953; x_wconf 80' lang='lat' dir='ltr'><strong>Apostolus.</strong></span> 
     </span>
    </p>
   </div>
   <div class='ocr_carea' id='block_1_79' title="bbox 2320 1966 3883 2044">
    <p class='ocr_par' dir='ltr' id='par_1_79' title="bbox 2320 1966 3883 2044">
     <span class='ocr_line' id='line_1_79' title="bbox 2320 1966 3883 2044; baseline 0.009 -24"><span class='ocrx_word' id='word_1_614' title='bbox 2320 1966 2592 2035; x_wconf 87' lang='lat' dir='ltr'><strong>Apostolis</strong></span> <span class='ocrx_word' id='word_1_615' title='bbox 2619 1966 2882 2022; x_wconf 84' lang='lat' dir='ltr'><strong>cedebant</strong></span> <span class='ocrx_word' id='word_1_616' title='bbox 2920 1967 3182 2023; x_wconf 69' lang='lat' dir='ltr'><strong>dmmonia</strong></span> <span class='ocrx_word' id='word_1_617' title='bbox 3216 1990 3230 2025; x_wconf 94' lang='lat'><strong>:</strong></span> <span class='ocrx_word' id='word_1_618' title='bbox 3263 1971 3356 2026; x_wconf 88' lang='lat' dir='ltr'><strong>sed</strong></span> <span class='ocrx_word' id='word_1_619' title='bbox 3388 1970 3492 2041; x_wconf 89' lang='lat' dir='ltr'><strong>ipsi</strong></span> <span class='ocrx_word' id='word_1_620' title='bbox 3529 1976 3758 2044; x_wconf 80' lang='lat' dir='ltr'><strong>Apostoli</strong></span> <span class='ocrx_word' id='word_1_621' title='bbox 3784 1978 3883 2034; x_wconf 78' lang='lat' dir='ltr'><strong>cteli</strong></span> 
     </span>
    </p>
   </div>
   <div class='ocr_carea' id='block_1_80' title="bbox 2320 2059 3880 2137">
    <p class='ocr_par' dir='ltr' id='par_1_80' title="bbox 2320 2059 3880 2137">
     <span class='ocr_line' id='line_1_80' title="bbox 2320 2059 3880 2137; baseline 0.01 -23"><span class='ocrx_word' id='word_1_622' title='bbox 2320 2068 2471 2114; x_wconf 84' lang='lat' dir='ltr'><strong>erant</strong></span> <span class='ocrx_word' id='word_1_623' title='bbox 2492 2100 2508 2127; x_wconf 95' lang='lat'><strong>,</strong></span> <span class='ocrx_word' id='word_1_624' title='bbox 2551 2059 2642 2131; x_wconf 88' lang='lat' dir='ltr'><strong>qui</strong></span> <span class='ocrx_word' id='word_1_625' title='bbox 2673 2061 2956 2117; x_wconf 87' lang='lat' dir='ltr'><strong>Dominum</strong></span> <span class='ocrx_word' id='word_1_626' title='bbox 2991 2064 3289 2131; x_wconf 86' lang='lat' dir='ltr'><strong>portabant.</strong></span> <span class='ocrx_word' id='word_1_627' title='bbox 3341 2065 3411 2121; x_wconf 84' lang='lat' dir='ltr'><strong>Et</strong></span> <span class='ocrx_word' id='word_1_628' title='bbox 3446 2083 3607 2137; x_wconf 88' lang='lat' dir='ltr'><strong>quem</strong></span> <span class='ocrx_word' id='word_1_629' title='bbox 3636 2070 3880 2129; x_wconf 89' lang='lat' dir='ltr'><strong>Dominum</strong></span> 
     </span>
    </p>
   </div>
   <div class='ocr_carea' id='block_1_81' title="bbox 2321 2152 3881 2231">
    <p class='ocr_par' dir='ltr' id='par_1_81' title="bbox 2321 2152 3881 2231">
     <span class='ocr_line' id='line_1_81' title="bbox 2321 2152 3881 2231; baseline 0.01 -26"><span class='ocrx_word' id='word_1_630' title='bbox 2321 2152 2652 2221; x_wconf 82' lang='lat' dir='ltr'><strong>portabant?</strong></span> <span class='ocrx_word' id='word_1_631' title='bbox 2696 2155 2738 2208; x_wconf 86' lang='lat' dir='ltr'><strong>A</strong></span> <span class='ocrx_word' id='word_1_632' title='bbox 2766 2168 2874 2225; x_wconf 90' lang='lat' dir='ltr'><strong>quo</strong></span> <span class='ocrx_word' id='word_1_633' title='bbox 2913 2153 3031 2209; x_wconf 85' lang='lat' dir='ltr'><strong>facti</strong></span> <span class='ocrx_word' id='word_1_634' title='bbox 3073 2167 3247 2212; x_wconf 85' lang='lat' dir='ltr'><strong>erant.</strong></span> <span class='ocrx_word' id='word_1_635' title='bbox 3282 2158 3425 2213; x_wconf 80' lang='lat' dir='ltr'><strong>Audi</strong></span> <span class='ocrx_word' id='word_1_636' title='bbox 3451 2162 3575 2231; x_wconf 84' lang='lat' dir='ltr'><strong>quia</strong></span> <span class='ocrx_word' id='word_1_637' title='bbox 3604 2164 3719 2218; x_wconf 64' lang='grc' dir='ltr'><strong>ςαξΙὶ</strong></span> <span class='ocrx_word' id='word_1_638' title='bbox 3744 2175 3881 2221; x_wconf 87' lang='lat' dir='ltr'><strong>sunt:</strong></span> 
     </span>
    </p>
   </div>
   <div class='ocr_carea' id='block_1_82' title="bbox 2319 2241 3881 2325">
    <p class='ocr_par' dir='ltr' id='par_1_82' title="bbox 2319 2241 3881 2325">
     <span class='ocr_line' id='line_1_82' title="bbox 2319 2241 3881 2325; baseline 0.01 -27"><span class='ocrx_word' id='word_1_639' title='bbox 2319 2241 2444 2298; x_wconf 68' lang='lat' dir='ltr'><strong>Caeli</strong></span> <span class='ocrx_word' id='word_1_640' title='bbox 2472 2254 2713 2299; x_wconf 83' lang='lat' dir='ltr'><strong>enarrant</strong></span> <span class='ocrx_word' id='word_1_641' title='bbox 2738 2245 2957 2317; x_wconf 87' lang='lat' dir='ltr'><strong>gloriam</strong></span> <span class='ocrx_word' id='word_1_642' title='bbox 2983 2246 3081 2302; x_wconf 85' lang='lat' dir='ltr'><strong>Dei</strong></span> <span class='ocrx_word' id='word_1_643' title='bbox 3111 2248 3279 2319; x_wconf 83' lang='lat' dir='ltr'><strong>(Psal.</strong></span> <span class='ocrx_word' id='word_1_644' title='bbox 3308 2266 3466 2316; x_wconf 82' lang='lat' dir='ltr'><strong>xvnt,</strong></span> <span class='ocrx_word' id='word_1_645' title='bbox 3497 2252 3577 2325; x_wconf 74' lang='grc'><strong>2).</strong></span> <span class='ocrx_word' id='word_1_646' title='bbox 3608 2253 3734 2324; x_wconf 81' lang='lat' dir='ltr'><strong>ipsis</strong></span> <span class='ocrx_word' id='word_1_647' title='bbox 3758 2258 3881 2313; x_wconf 73' lang='lat' dir='ltr'><strong>cmlis</strong></span> 
     </span>
    </p>
   </div>
   <div class='ocr_carea' id='block_1_83' title="bbox 2320 2333 3881 2416">
    <p class='ocr_par' dir='ltr' id='par_1_83' title="bbox 2320 2333 3881 2416">
     <span class='ocr_line' id='line_1_83' title="bbox 2320 2333 3881 2416; baseline 0.01 -28"><span class='ocrx_word' id='word_1_648' title='bbox 2320 2333 2517 2389; x_wconf 89' lang='lat' dir='ltr'><strong>dicitur</strong></span> <span class='ocrx_word' id='word_1_649' title='bbox 2536 2378 2551 2403; x_wconf 92' lang='lat'><strong>,</strong></span> <span class='ocrx_word' id='word_1_650' title='bbox 2581 2336 2890 2392; x_wconf 79' lang='lat' dir='ltr'><strong>Annuutiate</strong></span> <span class='ocrx_word' id='word_1_651' title='bbox 2926 2338 2979 2393; x_wconf 89' lang='lat' dir='ltr'><strong>in</strong></span> <span class='ocrx_word' id='word_1_652' title='bbox 3006 2339 3231 2410; x_wconf 84' lang='lat' dir='ltr'><strong>gentibus</strong></span> <span class='ocrx_word' id='word_1_653' title='bbox 3258 2342 3483 2412; x_wconf 86' lang='lat' dir='ltr'><strong>gloriam</strong></span> <span class='ocrx_word' id='word_1_654' title='bbox 3511 2347 3639 2416; x_wconf 85' lang='lat' dir='ltr'><strong>ejus,</strong></span> <span class='ocrx_word' id='word_1_655' title='bbox 3670 2347 3719 2401; x_wconf 86' lang='lat' dir='ltr'><strong>in</strong></span> <span class='ocrx_word' id='word_1_656' title='bbox 3745 2350 3881 2402; x_wconf 85' lang='lat' dir='ltr'><strong>omni-</strong></span> 
     </span>
    </p>
   </div>
   <div class='ocr_carea' id='block_1_84' title="bbox 2321 2425 3881 2508">
    <p class='ocr_par' dir='ltr' id='par_1_84' title="bbox 2321 2425 3881 2508">
     <span class='ocr_line' id='line_1_84' title="bbox 2321 2425 3881 2508; baseline 0.011 -29"><span class='ocrx_word' id='word_1_657' title='bbox 2321 2425 2413 2482; x_wconf 89' lang='lat' dir='ltr'><strong>bus</strong></span> <span class='ocrx_word' id='word_1_658' title='bbox 2441 2427 2644 2499; x_wconf 78' lang='lat' dir='ltr'><strong>pOpulis</strong></span> <span class='ocrx_word' id='word_1_659' title='bbox 2673 2428 2925 2483; x_wconf 87' lang='lat' dir='ltr'><strong>mirabilia</strong></span> <span class='ocrx_word' id='word_1_660' title='bbox 2955 2431 3084 2501; x_wconf 85' lang='lat' dir='ltr'><strong>ejus.</strong></span> <span class='ocrx_word' id='word_1_661' title='bbox 3130 2431 3389 2498; x_wconf 87' lang='lat' dir='ltr'><strong>Quoniam</strong></span> <span class='ocrx_word' id='word_1_662' title='bbox 3428 2451 3643 2508; x_wconf 81' lang='lat' dir='ltr'><strong>magnus</strong></span> <span class='ocrx_word' id='word_1_663' title='bbox 3670 2436 3881 2495; x_wconf 75' lang='lat' dir='ltr'><strong>Dominus</strong></span> 
     </span>
    </p>
   </div>
   <div class='ocr_carea' id='block_1_85' title="bbox 2322 2520 3878 2596">
    <p class='ocr_par' dir='ltr' id='par_1_85' title="bbox 2322 2520 3878 2596">
     <span class='ocr_line' id='line_1_85' title="bbox 2322 2520 3878 2596; baseline 0.008 -23"><span class='ocrx_word' id='word_1_664' title='bbox 2322 2529 2368 2573; x_wconf 89' lang='lat' dir='ltr'><strong>et</strong></span> <span class='ocrx_word' id='word_1_665' title='bbox 2409 2520 2685 2576; x_wconf 86' lang='lat' dir='ltr'><strong>laudabilis</strong></span> <span class='ocrx_word' id='word_1_666' title='bbox 2730 2522 2913 2589; x_wconf 86' lang='lat' dir='ltr'><strong>nimis,</strong></span> <span class='ocrx_word' id='word_1_667' title='bbox 2963 2524 3200 2578; x_wconf 86' lang='lat' dir='ltr'><strong>terribilis</strong></span> <span class='ocrx_word' id='word_1_668' title='bbox 3240 2534 3316 2580; x_wconf 85' lang='lat' dir='ltr'><strong>est</strong></span> <span class='ocrx_word' id='word_1_669' title='bbox 3360 2543 3521 2596; x_wconf 81' lang='lat' dir='ltr'><strong>super</strong></span> <span class='ocrx_word' id='word_1_670' title='bbox 3562 2545 3726 2585; x_wconf 88' lang='lat' dir='ltr'><strong>omnes</strong></span> <span class='ocrx_word' id='word_1_671' title='bbox 3765 2531 3878 2586; x_wconf 66' lang='lat' dir='ltr'><strong>deos.</strong></span> 
     </span>
    </p>
   </div>
   <div class='ocr_carea' id='block_1_86' title="bbox 2322 2611 3877 2680">
    <p class='ocr_par' dir='ltr' id='par_1_86' title="bbox 2322 2611 3877 2680">
     <span class='ocr_line' id='line_1_86' title="bbox 2322 2611 3877 2680; baseline 0.006 -13"><span class='ocrx_word' id='word_1_672' title='bbox 2322 2611 2469 2680; x_wconf 86' lang='lat' dir='ltr'><strong>Quos</strong></span> <span class='ocrx_word' id='word_1_673' title='bbox 2511 2613 2686 2668; x_wconf 85' lang='lat' dir='ltr'><strong>deos?</strong></span> <span class='ocrx_word' id='word_1_674' title='bbox 2736 2612 2990 2679; x_wconf 88' lang='lat' dir='ltr'><strong>Quoniam</strong></span> <span class='ocrx_word' id='word_1_675' title='bbox 3028 2633 3200 2671; x_wconf 88' lang='lat' dir='ltr'><strong>omnes</strong></span> <span class='ocrx_word' id='word_1_676' title='bbox 3242 2618 3315 2672; x_wconf 89' lang='lat' dir='ltr'><strong>dii</strong></span> <span class='ocrx_word' id='word_1_677' title='bbox 3364 2619 3605 2676; x_wconf 84' lang='lat' dir='ltr'><strong>Gentium</strong></span> <span class='ocrx_word' id='word_1_678' title='bbox 3647 2623 3877 2677; x_wconf 67' lang='lat' dir='ltr'><strong>daemonia.</strong></span> 
     </span>
    </p>
   </div>
   <div class='ocr_carea' id='block_1_87' title="bbox 2322 2703 3878 2777">
    <p class='ocr_par' dir='ltr' id='par_1_87' title="bbox 2322 2703 3878 2777">
     <span class='ocr_line' id='line_1_87' title="bbox 2322 2703 3878 2777; baseline 0.006 -18"><span class='ocrx_word' id='word_1_679' title='bbox 2322 2703 2391 2759; x_wconf 90' lang='lat' dir='ltr'><strong>Et</strong></span> <span class='ocrx_word' id='word_1_680' title='bbox 2419 2704 2535 2775; x_wconf 89' lang='lat' dir='ltr'><strong>ipse</strong></span> <span class='ocrx_word' id='word_1_681' title='bbox 2571 2712 2656 2759; x_wconf 90' lang='lat' dir='ltr'><strong>est</strong></span> <span class='ocrx_word' id='word_1_682' title='bbox 2700 2705 2954 2761; x_wconf 86' lang='lat' dir='ltr'><strong>terribilis</strong></span> <span class='ocrx_word' id='word_1_683' title='bbox 2982 2722 3145 2777; x_wconf 89' lang='lat' dir='ltr'><strong>super</strong></span> <span class='ocrx_word' id='word_1_684' title='bbox 3173 2725 3362 2765; x_wconf 89' lang='lat' dir='ltr'><strong>omnes</strong></span> <span class='ocrx_word' id='word_1_685' title='bbox 3395 2711 3529 2767; x_wconf 86' lang='lat' dir='ltr'><strong>istos</strong></span> <span class='ocrx_word' id='word_1_686' title='bbox 3558 2713 3703 2769; x_wconf 91' lang='lat' dir='ltr'><strong>deos.</strong></span> <span class='ocrx_word' id='word_1_687' title='bbox 3731 2713 3878 2769; x_wconf 86' lang='lat' dir='ltr'><strong>Domi-</strong></span> 
     </span>
    </p>
   </div>
   <div class='ocr_carea' id='block_1_88' title="bbox 2322 2796 3880 2873">
    <p class='ocr_par' dir='ltr' id='par_1_88' title="bbox 2322 2796 3880 2873">
     <span class='ocr_line' id='line_1_88' title="bbox 2322 2796 3880 2873; baseline 0.01 -23"><span class='ocrx_word' id='word_1_688' title='bbox 2322 2813 2418 2852; x_wconf 86' lang='lat' dir='ltr'><strong>nus</strong></span> <span class='ocrx_word' id='word_1_689' title='bbox 2439 2807 2606 2851; x_wconf 87' lang='lat' dir='ltr'><strong>autem</strong></span> <span class='ocrx_word' id='word_1_690' title='bbox 2634 2796 2787 2854; x_wconf 73' lang='lat' dir='ltr'><strong>caelos</strong></span> <span class='ocrx_word' id='word_1_691' title='bbox 2827 2800 2965 2871; x_wconf 83' lang='lat' dir='ltr'><strong>fecit.</strong></span> <span class='ocrx_word' id='word_1_692' title='bbox 2997 2799 3043 2855; x_wconf 90' lang='lat'><strong>0</strong></span> <span class='ocrx_word' id='word_1_693' title='bbox 3067 2802 3219 2869; x_wconf 81' lang='lat' dir='ltr'><strong>cteli,</strong></span> <span class='ocrx_word' id='word_1_694' title='bbox 3249 2819 3391 2873; x_wconf 84' lang='lat' dir='ltr'><strong>quos</strong></span> <span class='ocrx_word' id='word_1_695' title='bbox 3422 2804 3581 2869; x_wconf 77' lang='lat' dir='ltr'><strong>fecit,</strong></span> <span class='ocrx_word' id='word_1_696' title='bbox 3612 2808 3880 2865; x_wconf 84' lang='lat' dir='ltr'><strong>annuntiate</strong></span> 
     </span>
    </p>
   </div>
   <div class='ocr_carea' id='block_1_89' title="bbox 2323 2889 3878 2970">
    <p class='ocr_par' dir='ltr' id='par_1_89' title="bbox 2323 2889 3878 2970">
     <span class='ocr_line' id='line_1_89' title="bbox 2323 2889 3878 2970; baseline 0.007 -26"><span class='ocrx_word' id='word_1_697' title='bbox 2323 2889 2375 2944; x_wconf 88' lang='lat' dir='ltr'><strong>in</strong></span> <span class='ocrx_word' id='word_1_698' title='bbox 2389 2889 2636 2959; x_wconf 87' lang='lat' dir='ltr'><strong>gentibus</strong></span> <span class='ocrx_word' id='word_1_699' title='bbox 2650 2890 2873 2961; x_wconf 89' lang='lat' dir='ltr'><strong>gloriam</strong></span> <span class='ocrx_word' id='word_1_700' title='bbox 2892 2892 3008 2962; x_wconf 88' lang='lat' dir='ltr'><strong>ejus</strong></span> <span class='ocrx_word' id='word_1_701' title='bbox 3026 2894 3039 2948; x_wconf 86' lang='lat'><strong>!</strong></span> <span class='ocrx_word' id='word_1_702' title='bbox 3054 2892 3379 2951; x_wconf 63' lang='lat' dir='ltr'><strong>IEdiﬁcetur</strong></span> <span class='ocrx_word' id='word_1_703' title='bbox 3398 2897 3589 2953; x_wconf 88' lang='lat' dir='ltr'><strong>domus</strong></span> <span class='ocrx_word' id='word_1_704' title='bbox 3600 2914 3693 2970; x_wconf 89' lang='lat' dir='ltr'><strong>per</strong></span> <span class='ocrx_word' id='word_1_705' title='bbox 3703 2914 3878 2955; x_wconf 87' lang='lat' dir='ltr'><strong>omnem</strong></span> 
     </span>
    </p>
   </div>
   <div class='ocr_carea' id='block_1_90' title="bbox 2324 2984 3680 3047">
    <p class='ocr_par' dir='ltr' id='par_1_90' title="bbox 2324 2984 3680 3047">
     <span class='ocr_line' id='line_1_90' title="bbox 2324 2984 3680 3047; baseline 0.007 -13"><span class='ocrx_word' id='word_1_706' title='bbox 2324 2988 2551 3047; x_wconf 89' lang='lat' dir='ltr'><strong>terram,</strong></span> <span class='ocrx_word' id='word_1_707' title='bbox 2584 2990 2763 3037; x_wconf 87' lang='lat' dir='ltr'><strong>cantet</strong></span> <span class='ocrx_word' id='word_1_708' title='bbox 2789 2984 2965 3037; x_wconf 89' lang='lat' dir='ltr'><strong>omnis</strong></span> <span class='ocrx_word' id='word_1_709' title='bbox 2994 2993 3135 3040; x_wconf 89' lang='lat' dir='ltr'><strong>terra</strong></span> <span class='ocrx_word' id='word_1_710' title='bbox 3163 2990 3438 3044; x_wconf 82' lang='lat' dir='ltr'><strong>canticum</strong></span> <span class='ocrx_word' id='word_1_711' title='bbox 3468 3004 3680 3046; x_wconf 89' lang='lat' dir='ltr'><strong>novum.</strong></span> 
     </span>
    </p>
   </div>
   <div class='ocr_carea' id='block_1_91' title="bbox 2394 3070 3876 3153">
    <p class='ocr_par' dir='ltr' id='par_1_91' title="bbox 2394 3070 3876 3153">
     <span class='ocr_line' id='line_1_91' title="bbox 2394 3070 3876 3153; baseline 0.007 -28"><span class='ocrx_word' id='word_1_712' title='bbox 2394 3072 2445 3126; x_wconf 90' lang='lat'><strong>7.</strong></span> <span class='ocrx_word' id='word_1_713' title='bbox 2477 3070 2643 3145; x_wconf 87' lang='lat' dir='ltr'><strong>[vers.</strong></span> <span class='ocrx_word' id='word_1_714' title='bbox 2670 3071 2749 3147; x_wconf 85' lang='lat'><strong>6.]</strong></span> <span class='ocrx_word' id='word_1_715' title='bbox 2789 3074 3049 3146; x_wconf 77' lang='lat' dir='ltr'><strong>Confessio</strong></span> <span class='ocrx_word' id='word_1_716' title='bbox 3090 3087 3139 3133; x_wconf 87' lang='lat' dir='ltr'><strong>et</strong></span> <span class='ocrx_word' id='word_1_717' title='bbox 3183 3080 3516 3149; x_wconf 83' lang='lat' dir='ltr'><strong>pulchritudo</strong></span> <span class='ocrx_word' id='word_1_718' title='bbox 3562 3083 3615 3137; x_wconf 84' lang='lat' dir='ltr'><strong>in</strong></span> <span class='ocrx_word' id='word_1_719' title='bbox 3652 3091 3876 3153; x_wconf 78' lang='lat' dir='ltr'><strong>conspectu</strong></span> 
     </span>
    </p>
   </div>
   <div class='ocr_carea' id='block_1_92' title="bbox 2322 3165 3873 3246">
    <p class='ocr_par' dir='ltr' id='par_1_92' title="bbox 2322 3165 3873 3246">
     <span class='ocr_line' id='line_1_92' title="bbox 2322 3165 3873 3246; baseline 0.006 -27"><span class='ocrx_word' id='word_1_720' title='bbox 2322 3165 2452 3235; x_wconf 84' lang='lat' dir='ltr'><strong>ejus.</strong></span> <span class='ocrx_word' id='word_1_721' title='bbox 2481 3165 2940 3223; x_wconf 86' lang='lat' dir='ltr'><strong>Pulchritudincm</strong></span> <span class='ocrx_word' id='word_1_722' title='bbox 2986 3172 3178 3226; x_wconf 87' lang='lat' dir='ltr'><strong>amas?</strong></span> <span class='ocrx_word' id='word_1_723' title='bbox 3218 3172 3300 3228; x_wconf 89' lang='lat' dir='ltr'><strong>vis</strong></span> <span class='ocrx_word' id='word_1_724' title='bbox 3335 3189 3461 3231; x_wconf 89' lang='lat' dir='ltr'><strong>esse</strong></span> <span class='ocrx_word' id='word_1_725' title='bbox 3486 3175 3738 3246; x_wconf 76' lang='lat' dir='ltr'><strong>pulcher?</strong></span> <span class='ocrx_word' id='word_1_726' title='bbox 3762 3176 3873 3231; x_wconf 45' lang='lat' dir='ltr'><strong>Con.</strong></span> 
     </span>
    </p>
   </div>
   <div class='ocr_carea' id='block_1_93' title="bbox 2323 3256 3873 3334">
    <p class='ocr_par' dir='ltr' id='par_1_93' title="bbox 2323 3256 3873 3334">
     <span class='ocr_line' id='line_1_93' title="bbox 2323 3256 3873 3334; baseline 0.006 -22"><span class='ocrx_word' id='word_1_727' title='bbox 2323 3256 2494 3313; x_wconf 89' lang='lat' dir='ltr'><strong>ﬁtere.</strong></span> <span class='ocrx_word' id='word_1_728' title='bbox 2521 3257 2638 3314; x_wconf 85' lang='lat' dir='ltr'><strong>Non</strong></span> <span class='ocrx_word' id='word_1_729' title='bbox 2663 3259 2815 3327; x_wconf 87' lang='lat' dir='ltr'><strong>dixit,</strong></span> <span class='ocrx_word' id='word_1_730' title='bbox 2845 3260 3191 3318; x_wconf 82' lang='lat' dir='ltr'><strong>Pulchritudo</strong></span> <span class='ocrx_word' id='word_1_731' title='bbox 3217 3273 3272 3320; x_wconf 91' lang='lat' dir='ltr'><strong>et</strong></span> <span class='ocrx_word' id='word_1_732' title='bbox 3297 3267 3605 3334; x_wconf 81' lang='lat' dir='ltr'><strong>confessio;</strong></span> <span class='ocrx_word' id='word_1_733' title='bbox 3642 3267 3749 3331; x_wconf 89' lang='lat' dir='ltr'><strong>sed,</strong></span> <span class='ocrx_word' id='word_1_734' title='bbox 3769 3266 3873 3323; x_wconf 86' lang='lat' dir='ltr'><strong>Con-</strong></span> 
     </span>
    </p>
   </div>
   <div class='ocr_carea' id='block_1_94' title="bbox 2321 3348 3875 3423">
    <p class='ocr_par' dir='ltr' id='par_1_94' title="bbox 2321 3348 3875 3423">
     <span class='ocr_line' id='line_1_94' title="bbox 2321 3348 3875 3423; baseline 0.007 -20"><span class='ocrx_word' id='word_1_735' title='bbox 2321 3348 2476 3419; x_wconf 77' lang='lat' dir='ltr'><strong>fessio</strong></span> <span class='ocrx_word' id='word_1_736' title='bbox 2511 3359 2558 3404; x_wconf 89' lang='lat' dir='ltr'><strong>et</strong></span> <span class='ocrx_word' id='word_1_737' title='bbox 2601 3351 2949 3419; x_wconf 82' lang='lat' dir='ltr'><strong>pulchritudo.</strong></span> <span class='ocrx_word' id='word_1_738' title='bbox 2996 3354 3196 3411; x_wconf 72' lang='lat' dir='ltr'><strong>Fcedus</strong></span> <span class='ocrx_word' id='word_1_739' title='bbox 3238 3372 3363 3414; x_wconf 89' lang='lat' dir='ltr'><strong>eras</strong></span> <span class='ocrx_word' id='word_1_740' title='bbox 3386 3401 3401 3423; x_wconf 88' lang='lat'><strong>.</strong></span> <span class='ocrx_word' id='word_1_741' title='bbox 3440 3360 3693 3416; x_wconf 87' lang='lat' dir='ltr'><strong>conﬁtere</strong></span> <span class='ocrx_word' id='word_1_742' title='bbox 3731 3371 3780 3414; x_wconf 91' lang='lat' dir='ltr'><strong>ut</strong></span> <span class='ocrx_word' id='word_1_743' title='bbox 3816 3358 3875 3414; x_wconf 81' lang='lat' dir='ltr'><strong>sis</strong></span> 
     </span>
    </p>
   </div>
   <div class='ocr_carea' id='block_1_95' title="bbox 2324 3442 3872 3522">
    <p class='ocr_par' dir='ltr' id='par_1_95' title="bbox 2324 3442 3872 3522">
     <span class='ocr_line' id='line_1_95' title="bbox 2324 3442 3872 3522; baseline 0.006 -27"><span class='ocrx_word' id='word_1_744' title='bbox 2324 3442 2546 3512; x_wconf 89' lang='lat' dir='ltr'><strong>pulcher</strong></span> <span class='ocrx_word' id='word_1_745' title='bbox 2576 3461 2590 3498; x_wconf 89' lang='lat'><strong>:</strong></span> <span class='ocrx_word' id='word_1_746' title='bbox 2618 3454 2869 3514; x_wconf 89' lang='lat' dir='ltr'><strong>peccator</strong></span> <span class='ocrx_word' id='word_1_747' title='bbox 2895 3462 3046 3513; x_wconf 89' lang='lat' dir='ltr'><strong>eras,</strong></span> <span class='ocrx_word' id='word_1_748' title='bbox 3074 3448 3339 3507; x_wconf 89' lang='lat' dir='ltr'><strong>conﬁtere</strong></span> <span class='ocrx_word' id='word_1_749' title='bbox 3369 3460 3429 3506; x_wconf 90' lang='lat' dir='ltr'><strong>ut</strong></span> <span class='ocrx_word' id='word_1_750' title='bbox 3458 3452 3533 3507; x_wconf 87' lang='lat' dir='ltr'><strong>sis</strong></span> <span class='ocrx_word' id='word_1_751' title='bbox 3556 3452 3738 3522; x_wconf 83' lang='lat' dir='ltr'><strong>justus.</strong></span> <span class='ocrx_word' id='word_1_752' title='bbox 3775 3451 3872 3505; x_wconf 65' lang='lat' dir='ltr'><strong>Fco</strong></span> 
     </span>
    </p>
   </div>
   <div class='ocr_carea' id='block_1_96' title="bbox 2322 3532 3870 3613">
    <p class='ocr_par' dir='ltr' id='par_1_96' title="bbox 2322 3532 3870 3613">
     <span class='ocr_line' id='line_1_96' title="bbox 2322 3532 3870 3613; baseline 0.005 -25"><span class='ocrx_word' id='word_1_753' title='bbox 2322 3532 2453 3589; x_wconf 88' lang='lat' dir='ltr'><strong>dare</strong></span> <span class='ocrx_word' id='word_1_754' title='bbox 2500 3544 2551 3589; x_wconf 89' lang='lat' dir='ltr'><strong>te</strong></span> <span class='ocrx_word' id='word_1_755' title='bbox 2597 3537 2864 3605; x_wconf 75' lang='lat' dir='ltr'><strong>potuisti;</strong></span> <span class='ocrx_word' id='word_1_756' title='bbox 2914 3536 3207 3594; x_wconf 90' lang='lat' dir='ltr'><strong>formosum</strong></span> <span class='ocrx_word' id='word_1_757' title='bbox 3260 3550 3314 3597; x_wconf 92' lang='lat' dir='ltr'><strong>te</strong></span> <span class='ocrx_word' id='word_1_758' title='bbox 3364 3541 3544 3600; x_wconf 87' lang='lat' dir='ltr'><strong>facere</strong></span> <span class='ocrx_word' id='word_1_759' title='bbox 3588 3559 3688 3598; x_wconf 89' lang='lat' dir='ltr'><strong>non</strong></span> <span class='ocrx_word' id='word_1_760' title='bbox 3732 3552 3870 3613; x_wconf 81' lang='lat' dir='ltr'><strong>potes.</strong></span> 
     </span>
    </p>
   </div>
   <div class='ocr_carea' id='block_1_97' title="bbox 2322 3625 3868 3706">
    <p class='ocr_par' dir='ltr' id='par_1_97' title="bbox 2322 3625 3868 3706">
     <span class='ocr_line' id='line_1_97' title="bbox 2322 3625 3868 3706; baseline 0.004 -26"><span class='ocrx_word' id='word_1_761' title='bbox 2322 3625 2505 3695; x_wconf 82' lang='lat' dir='ltr'><strong>Qualis</strong></span> <span class='ocrx_word' id='word_1_762' title='bbox 2533 3636 2710 3685; x_wconf 89' lang='lat' dir='ltr'><strong>autem</strong></span> <span class='ocrx_word' id='word_1_763' title='bbox 2739 3640 2821 3685; x_wconf 91' lang='lat' dir='ltr'><strong>est</strong></span> <span class='ocrx_word' id='word_1_764' title='bbox 2855 3645 3087 3701; x_wconf 90' lang='lat' dir='ltr'><strong>sponsus</strong></span> <span class='ocrx_word' id='word_1_765' title='bbox 3113 3642 3316 3699; x_wconf 89' lang='lat' dir='ltr'><strong>noster,</strong></span> <span class='ocrx_word' id='word_1_766' title='bbox 3346 3635 3441 3706; x_wconf 91' lang='lat' dir='ltr'><strong>qui</strong></span> <span class='ocrx_word' id='word_1_767' title='bbox 3473 3634 3662 3693; x_wconf 64' lang='lat' dir='ltr'><strong>foedam</strong></span> <span class='ocrx_word' id='word_1_768' title='bbox 3690 3633 3868 3698; x_wconf 87' lang='lat' dir='ltr'><strong>amavit,</strong></span> 
     </span>
    </p>
   </div>
   <div class='ocr_carea' id='block_1_98' title="bbox 2323 3720 3869 3799">
    <p class='ocr_par' dir='ltr' id='par_1_98' title="bbox 2323 3720 3869 3799">
     <span class='ocr_line' id='line_1_98' title="bbox 2323 3720 3869 3799; baseline 0.003 -26"><span class='ocrx_word' id='word_1_769' title='bbox 2323 3728 2383 3775; x_wconf 90' lang='lat' dir='ltr'><strong>ut</strong></span> <span class='ocrx_word' id='word_1_770' title='bbox 2406 3720 2683 3789; x_wconf 90' lang='lat' dir='ltr'><strong>pulchram</strong></span> <span class='ocrx_word' id='word_1_771' title='bbox 2713 3720 2962 3779; x_wconf 81' lang='lat' dir='ltr'><strong>faceret?</strong></span> <span class='ocrx_word' id='word_1_772' title='bbox 3003 3723 3300 3793; x_wconf 91' lang='lat' dir='ltr'><strong>Quomodo,</strong></span> <span class='ocrx_word' id='word_1_773' title='bbox 3349 3728 3427 3782; x_wconf 90' lang='lat' dir='ltr'><strong>ait</strong></span> <span class='ocrx_word' id='word_1_774' title='bbox 3468 3728 3670 3799; x_wconf 85' lang='lat' dir='ltr'><strong>aliquis,</strong></span> <span class='ocrx_word' id='word_1_775' title='bbox 3711 3725 3869 3783; x_wconf 71' lang='lat' dir='ltr'><strong>{tedam</strong></span> 
     </span>
    </p>
   </div>
   <div class='ocr_carea' id='block_1_99' title="bbox 2321 3812 3869 3893">
    <p class='ocr_par' dir='ltr' id='par_1_99' title="bbox 2321 3812 3869 3893">
     <span class='ocr_line' id='line_1_99' title="bbox 2321 3812 3869 3893; baseline 0.001 -27"><span class='ocrx_word' id='word_1_776' title='bbox 2321 3814 2562 3868; x_wconf 83' lang='lat' dir='ltr'><strong>amavit?</strong></span> <span class='ocrx_word' id='word_1_777' title='bbox 2604 3812 2725 3869; x_wconf 86' lang='lat' dir='ltr'><strong>Non</strong></span> <span class='ocrx_word' id='word_1_778' title='bbox 2751 3816 2861 3870; x_wconf 82' lang='lat' dir='ltr'><strong>ueni</strong></span> <span class='ocrx_word' id='word_1_779' title='bbox 2880 3857 2893 3880; x_wconf 93' lang='lat'><strong>,</strong></span> <span class='ocrx_word' id='word_1_780' title='bbox 2923 3817 3127 3888; x_wconf 91' lang='lat' dir='ltr'><strong>inquit,</strong></span> <span class='ocrx_word' id='word_1_781' title='bbox 3154 3833 3334 3873; x_wconf 82' lang='lat' dir='ltr'><strong>vocare</strong></span> <span class='ocrx_word' id='word_1_782' title='bbox 3349 3821 3542 3893; x_wconf 86' lang='lat' dir='ltr'><strong>justas,</strong></span> <span class='ocrx_word' id='word_1_783' title='bbox 3568 3819 3654 3874; x_wconf 84' lang='lat' dir='ltr'><strong>sed</strong></span> <span class='ocrx_word' id='word_1_784' title='bbox 3676 3825 3869 3890; x_wconf 85' lang='lat' dir='ltr'><strong>peccato-</strong></span> 
     </span>
    </p>
   </div>
   <div class='ocr_carea' id='block_1_100' title="bbox 2325 3907 3868 3984">
    <p class='ocr_par' dir='ltr' id='par_1_100' title="bbox 2325 3907 3868 3984">
     <span class='ocr_line' id='line_1_100' title="bbox 2325 3907 3868 3984; baseline 0.001 -22"><span class='ocrx_word' id='word_1_785' title='bbox 2325 3924 2405 3963; x_wconf 88' lang='lat' dir='ltr'><strong>res</strong></span> <span class='ocrx_word' id='word_1_786' title='bbox 2450 3907 2661 3982; x_wconf 74' lang='lat' dir='ltr'><strong>(Matth.</strong></span> <span class='ocrx_word' id='word_1_787' title='bbox 2688 3925 2762 3976; x_wconf 76' lang='grc' dir='ltr'><strong>ιι,</strong></span> <span class='ocrx_word' id='word_1_788' title='bbox 2790 3911 2901 3982; x_wconf 77' lang='grc'><strong>15).</strong></span> <span class='ocrx_word' id='word_1_789' title='bbox 2928 3911 3076 3978; x_wconf 93' lang='lat' dir='ltr'><strong>Quos</strong></span> <span class='ocrx_word' id='word_1_790' title='bbox 3101 3927 3261 3969; x_wconf 82' lang='lat' dir='ltr'><strong>voeas</strong></span> <span class='ocrx_word' id='word_1_791' title='bbox 3288 3922 3627 3984; x_wconf 87' lang='lat' dir='ltr'><strong>peccatores,</strong></span> <span class='ocrx_word' id='word_1_792' title='bbox 3651 3922 3704 3967; x_wconf 94' lang='lat' dir='ltr'><strong>ut</strong></span> <span class='ocrx_word' id='word_1_793' title='bbox 3728 3924 3868 3967; x_wconf 73' lang='lat' dir='ltr'><strong>rema-</strong></span> 
     </span>
    </p>
   </div>
   <div class='ocr_carea' id='block_1_101' title="bbox 2327 4004 3865 4077">
    <p class='ocr_par' dir='ltr' id='par_1_101' title="bbox 2327 4004 3865 4077">
     <span class='ocr_line' id='line_1_101' title="bbox 2327 4004 3865 4077; baseline -0.001 -20"><span class='ocrx_word' id='word_1_794' title='bbox 2327 4010 2488 4057; x_wconf 85' lang='lat' dir='ltr'><strong>neant</strong></span> <span class='ocrx_word' id='word_1_795' title='bbox 2531 4004 2927 4074; x_wconf 74' lang='lat' dir='ltr'><strong>peccatorcs‘?</strong></span> <span class='ocrx_word' id='word_1_796' title='bbox 2971 4004 3125 4072; x_wconf 87' lang='lat' dir='ltr'><strong>Non,</strong></span> <span class='ocrx_word' id='word_1_797' title='bbox 3170 4007 3359 4077; x_wconf 91' lang='lat' dir='ltr'><strong>inquit.</strong></span> <span class='ocrx_word' id='word_1_798' title='bbox 3410 4008 3477 4064; x_wconf 86' lang='lat' dir='ltr'><strong>Et</strong></span> <span class='ocrx_word' id='word_1_799' title='bbox 3514 4004 3763 4077; x_wconf 89' lang='lat' dir='ltr'><strong>quomodo</strong></span> <span class='ocrx_word' id='word_1_800' title='bbox 3786 4016 3865 4058; x_wconf 90' lang='lat' dir='ltr'><strong>non</strong></span> 
     </span>
    </p>
   </div>
   <div class='ocr_carea' id='block_1_102' title="bbox 2325 4096 3867 4171">
    <p class='ocr_par' dir='ltr' id='par_1_102' title="bbox 2325 4096 3867 4171">
     <span class='ocr_line' id='line_1_102' title="bbox 2325 4096 3867 4171; baseline 0.001 -19"><span class='ocrx_word' id='word_1_801' title='bbox 2325 4105 2482 4152; x_wconf 89' lang='lat' dir='ltr'><strong>erunt</strong></span> <span class='ocrx_word' id='word_1_802' title='bbox 2504 4097 2852 4168; x_wconf 87' lang='lat' dir='ltr'><strong>peccatores?</strong></span> <span class='ocrx_word' id='word_1_803' title='bbox 2879 4096 3139 4170; x_wconf 76' lang='lat' dir='ltr'><strong>Confessio</strong></span> <span class='ocrx_word' id='word_1_804' title='bbox 3164 4109 3210 4154; x_wconf 89' lang='lat' dir='ltr'><strong>et</strong></span> <span class='ocrx_word' id='word_1_805' title='bbox 3231 4100 3559 4171; x_wconf 80' lang='lat' dir='ltr'><strong>pulchritudo</strong></span> <span class='ocrx_word' id='word_1_806' title='bbox 3577 4101 3629 4154; x_wconf 90' lang='lat' dir='ltr'><strong>in</strong></span> <span class='ocrx_word' id='word_1_807' title='bbox 3650 4101 3867 4168; x_wconf 73' lang='lat' dir='ltr'><strong>conspr</strong></span> 
     </span>
    </p>
   </div>
   <div class='ocr_carea' id='block_1_103' title="bbox 2324 4183 3865 4262">
    <p class='ocr_par' dir='ltr' id='par_1_103' title="bbox 2324 4183 3865 4262">
     <span class='ocr_line' id='line_1_103' title="bbox 2324 4183 3865 4262; baseline -0.002 -21"><span class='ocrx_word' id='word_1_808' title='bbox 2324 4188 2453 4259; x_wconf 85' lang='lat' dir='ltr'><strong>ejus.</strong></span> <span class='ocrx_word' id='word_1_809' title='bbox 2503 4188 2843 4246; x_wconf 91' lang='lat' dir='ltr'><strong>Conﬁtentur</strong></span> <span class='ocrx_word' id='word_1_810' title='bbox 2889 4191 3031 4246; x_wconf 91' lang='lat' dir='ltr'><strong>enim</strong></span> <span class='ocrx_word' id='word_1_811' title='bbox 3083 4201 3297 4262; x_wconf 87' lang='lat' dir='ltr'><strong>peccata</strong></span> <span class='ocrx_word' id='word_1_812' title='bbox 3345 4207 3465 4262; x_wconf 90' lang='lat' dir='ltr'><strong>sua,</strong></span> <span class='ocrx_word' id='word_1_813' title='bbox 3511 4200 3720 4248; x_wconf 89' lang='lat' dir='ltr'><strong>vomunt</strong></span> <span class='ocrx_word' id='word_1_814' title='bbox 3759 4183 3865 4243; x_wconf 85' lang='lat' dir='ltr'><strong>mala</strong></span> 
     </span>
    </p>
   </div>
   <div class='ocr_carea' id='block_1_104' title="bbox 2323 4278 3864 4353">
    <p class='ocr_par' dir='ltr' id='par_1_104' title="bbox 2323 4278 3864 4353">
     <span class='ocr_line' id='line_1_104' title="bbox 2323 4278 3864 4353; baseline -0.002 -17"><span class='ocrx_word' id='word_1_815' title='bbox 2323 4296 2443 4353; x_wconf 85' lang='lat' dir='ltr'><strong>quae</strong></span> <span class='ocrx_word' id='word_1_816' title='bbox 2492 4282 2647 4339; x_wconf 91' lang='lat' dir='ltr'><strong>avide</strong></span> <span class='ocrx_word' id='word_1_817' title='bbox 2705 4292 3060 4350; x_wconf 86' lang='lat' dir='ltr'><strong>voraverant;</strong></span> <span class='ocrx_word' id='word_1_818' title='bbox 3110 4300 3216 4340; x_wconf 89' lang='lat' dir='ltr'><strong>non</strong></span> <span class='ocrx_word' id='word_1_819' title='bbox 3269 4285 3501 4342; x_wconf 90' lang='lat' dir='ltr'><strong>redeunt</strong></span> <span class='ocrx_word' id='word_1_820' title='bbox 3543 4283 3608 4339; x_wconf 89' lang='lat' dir='ltr'><strong>ad</strong></span> <span class='ocrx_word' id='word_1_821' title='bbox 3652 4278 3864 4337; x_wconf 85' lang='lat' dir='ltr'><strong>vomitum</strong></span> 
     </span>
    </p>
   </div>
   <div class='ocr_carea' id='block_1_105' title="bbox 2324 4366 3864 4448">
    <p class='ocr_par' dir='ltr' id='par_1_105' title="bbox 2324 4366 3864 4448">
     <span class='ocr_line' id='line_1_105' title="bbox 2324 4366 3864 4448; baseline -0.005 -18"><span class='ocrx_word' id='word_1_822' title='bbox 2324 4390 2502 4442; x_wconf 91' lang='lat' dir='ltr'><strong>suum,</strong></span> <span class='ocrx_word' id='word_1_823' title='bbox 2532 4377 2671 4432; x_wconf 91' lang='lat' dir='ltr'><strong>sicut</strong></span> <span class='ocrx_word' id='word_1_824' title='bbox 2693 4376 2841 4432; x_wconf 88' lang='lat' dir='ltr'><strong>canis</strong></span> <span class='ocrx_word' id='word_1_825' title='bbox 2868 4376 3175 4433; x_wconf 88' lang='lat' dir='ltr'><strong>immundus</strong></span> <span class='ocrx_word' id='word_1_826' title='bbox 3209 4377 3281 4448; x_wconf 91' lang='lat' dir='ltr'><strong>(ll</strong></span> <span class='ocrx_word' id='word_1_827' title='bbox 3314 4378 3457 4434; x_wconf 86' lang='lat' dir='ltr'><strong>Petr.</strong></span> <span class='ocrx_word' id='word_1_828' title='bbox 3481 4394 3537 4441; x_wconf 79' lang='grc' dir='ltr'><strong>ιι,</strong></span> <span class='ocrx_word' id='word_1_829' title='bbox 3563 4375 3654 4446; x_wconf 74' lang='grc'><strong>22)</strong></span> <span class='ocrx_word' id='word_1_830' title='bbox 3678 4391 3689 4429; x_wconf 90' lang='lat'>:</span> <span class='ocrx_word' id='word_1_831' title='bbox 3716 4381 3761 4427; x_wconf 91' lang='lat' dir='ltr'><strong>et</strong></span> <span class='ocrx_word' id='word_1_832' title='bbox 3785 4366 3864 4423; x_wconf 83' lang='lat' dir='ltr'><strong>crit</strong></span> 
     </span>
    </p>
   </div>
   <div class='ocr_carea' id='block_1_106' title="bbox 2324 4466 3860 4543">
    <p class='ocr_par' dir='ltr' id='par_1_106' title="bbox 2324 4466 3860 4543">
     <span class='ocr_line' id='line_1_106' title="bbox 2324 4466 3860 4543; baseline -0.007 -18"><span class='ocrx_word' id='word_1_833' title='bbox 2324 4467 2592 4526; x_wconf 84' lang='lat' dir='ltr'><strong>confessio</strong></span> <span class='ocrx_word' id='word_1_834' title='bbox 2617 4478 2673 4526; x_wconf 90' lang='lat' dir='ltr'><strong>et</strong></span> <span class='ocrx_word' id='word_1_835' title='bbox 2708 4470 3064 4541; x_wconf 89' lang='lat' dir='ltr'><strong>pulchritudo.</strong></span> <span class='ocrx_word' id='word_1_836' title='bbox 3117 4472 3379 4527; x_wconf 84' lang='lat' dir='ltr'><strong>Amamus</strong></span> <span class='ocrx_word' id='word_1_837' title='bbox 3429 4466 3860 4543; x_wconf 80' lang='lat' dir='ltr'><strong>pulchritudinem;</strong></span> 
     </span>
    </p>
   </div>
   <div class='ocr_carea' id='block_1_107' title="bbox 2323 4551 3861 4635">
    <p class='ocr_par' dir='ltr' id='par_1_107' title="bbox 2323 4551 3861 4635">
     <span class='ocr_line' id='line_1_107' title="bbox 2323 4551 3861 4635; baseline -0.008 -16"><span class='ocrx_word' id='word_1_838' title='bbox 2323 4562 2471 4634; x_wconf 89' lang='lat' dir='ltr'><strong>prius</strong></span> <span class='ocrx_word' id='word_1_839' title='bbox 2511 4562 2769 4635; x_wconf 86' lang='lat' dir='ltr'><strong>eligamus</strong></span> <span class='ocrx_word' id='word_1_840' title='bbox 2808 4563 3224 4631; x_wconf 84' lang='lat' dir='ltr'><strong>confessionem,</strong></span> <span class='ocrx_word' id='word_1_841' title='bbox 3273 4573 3331 4621; x_wconf 91' lang='lat' dir='ltr'><strong>ut</strong></span> <span class='ocrx_word' id='word_1_842' title='bbox 3374 4574 3625 4635; x_wconf 87' lang='lat' dir='ltr'><strong>sequatur</strong></span> <span class='ocrx_word' id='word_1_843' title='bbox 3666 4551 3861 4630; x_wconf 82' lang='lat' dir='ltr'><strong>pulchri-</strong></span> 
     </span>
    </p>
   </div>
   <div class='ocr_carea' id='block_1_108' title="bbox 2323 4651 3862 4730">
    <p class='ocr_par' dir='ltr' id='par_1_108' title="bbox 2323 4651 3862 4730">
     <span class='ocr_line' id='line_1_108' title="bbox 2323 4651 3862 4730; baseline -0.005 -19"><span class='ocrx_word' id='word_1_844' title='bbox 2323 4656 2473 4712; x_wconf 91' lang='lat' dir='ltr'><strong>tudo.</strong></span> <span class='ocrx_word' id='word_1_845' title='bbox 2526 4656 2722 4713; x_wconf 90' lang='lat' dir='ltr'><strong>lterum</strong></span> <span class='ocrx_word' id='word_1_846' title='bbox 2766 4657 2947 4714; x_wconf 85' lang='lat' dir='ltr'><strong>existit</strong></span> <span class='ocrx_word' id='word_1_847' title='bbox 2987 4658 3077 4728; x_wconf 90' lang='lat' dir='ltr'><strong>qui</strong></span> <span class='ocrx_word' id='word_1_848' title='bbox 3125 4668 3267 4713; x_wconf 86' lang='lat' dir='ltr'><strong>amat</strong></span> <span class='ocrx_word' id='word_1_849' title='bbox 3310 4662 3622 4730; x_wconf 87' lang='lat' dir='ltr'><strong>potentiam,</strong></span> <span class='ocrx_word' id='word_1_850' title='bbox 3664 4658 3785 4707; x_wconf 86' lang='lat' dir='ltr'><strong>amat</strong></span> <span class='ocrx_word' id='word_1_851' title='bbox 3820 4651 3862 4700; x_wconf 76' lang='lat' dir='ltr'><strong>ei</strong></span> 
     </span>
    </p>
   </div>
   <div class='ocr_carea' id='block_1_109' title="bbox 2323 4734 3858 4823">
    <p class='ocr_par' dir='ltr' id='par_1_109' title="bbox 2323 4734 3858 4823">
     <span class='ocr_line' id='line_1_109' title="bbox 2323 4734 3858 4823; baseline -0.007 -18"><span class='ocrx_word' id='word_1_852' title='bbox 2323 4750 2808 4821; x_wconf 85' lang='lat' dir='ltr'><strong>magniﬁcentiam;</strong></span> <span class='ocrx_word' id='word_1_853' title='bbox 2843 4750 2955 4806; x_wconf 91' lang='lat' dir='ltr'><strong>vult</strong></span> <span class='ocrx_word' id='word_1_854' title='bbox 2998 4765 3118 4807; x_wconf 90' lang='lat' dir='ltr'><strong>esse</strong></span> <span class='ocrx_word' id='word_1_855' title='bbox 3162 4766 3385 4823; x_wconf 86' lang='lat' dir='ltr'><strong>magnus</strong></span> <span class='ocrx_word' id='word_1_856' title='bbox 3428 4744 3686 4821; x_wconf 70' lang='lat' dir='ltr'><strong>quomodo</strong></span> <span class='ocrx_word' id='word_1_857' title='bbox 3707 4734 3858 4807; x_wconf 74' lang='lat' dir='ltr'><strong>Angeli</strong></span> 
     </span>
    </p>
   </div>
   <div class='ocr_carea' id='block_1_110' title="bbox 2322 4837 3859 4915">
    <p class='ocr_par' dir='ltr' id='par_1_110' title="bbox 2322 4837 3859 4915">
     <span class='ocr_line' id='line_1_110' title="bbox 2322 4837 3859 4915; baseline -0.007 -18"><span class='ocrx_word' id='word_1_858' title='bbox 2322 4852 2470 4897; x_wconf 86' lang='lat' dir='ltr'><strong>sunt.</strong></span> <span class='ocrx_word' id='word_1_859' title='bbox 2498 4842 2888 4913; x_wconf 82' lang='lat' dir='ltr'><strong>Magniﬁcentia</strong></span> <span class='ocrx_word' id='word_1_860' title='bbox 2931 4842 3172 4915; x_wconf 69' lang='lat' dir='ltr'><strong>quaedam</strong></span> <span class='ocrx_word' id='word_1_861' title='bbox 3200 4855 3281 4898; x_wconf 74' lang='grc' dir='ltr'><strong>εει</strong></span> <span class='ocrx_word' id='word_1_862' title='bbox 3312 4844 3363 4898; x_wconf 94' lang='lat' dir='ltr'><strong>in</strong></span> <span class='ocrx_word' id='word_1_863' title='bbox 3391 4841 3641 4912; x_wconf 84' lang='lat' dir='ltr'><strong>Angelis;</strong></span> <span class='ocrx_word' id='word_1_864' title='bbox 3678 4843 3725 4890; x_wconf 89' lang='lat' dir='ltr'><strong>et</strong></span> <span class='ocrx_word' id='word_1_865' title='bbox 3747 4837 3859 4887; x_wconf 78' lang='lat' dir='ltr'><strong>tanla</strong></span> 
     </span>
    </p>
   </div>
   <div class='ocr_carea' id='block_1_111' title="bbox 2323 4920 3859 5009">
    <p class='ocr_par' dir='ltr' id='par_1_111' title="bbox 2323 4920 3859 5009">
     <span class='ocr_line' id='line_1_111' title="bbox 2323 4920 3859 5009; baseline -0.013 -18"><span class='ocrx_word' id='word_1_866' title='bbox 2323 4937 2583 5006; x_wconf 90' lang='lat' dir='ltr'><strong>potentia,</strong></span> <span class='ocrx_word' id='word_1_867' title='bbox 2609 4947 2664 4992; x_wconf 90' lang='lat' dir='ltr'><strong>ut</strong></span> <span class='ocrx_word' id='word_1_868' title='bbox 2690 4936 2736 4992; x_wconf 93' lang='lat' dir='ltr'><strong>si</strong></span> <span class='ocrx_word' id='word_1_869' title='bbox 2765 4936 2960 4992; x_wconf 88' lang='lat' dir='ltr'><strong>faciant</strong></span> <span class='ocrx_word' id='word_1_870' title='bbox 2986 4938 3174 5009; x_wconf 84' lang='lat' dir='ltr'><strong>Angeli</strong></span> <span class='ocrx_word' id='word_1_871' title='bbox 3203 4936 3453 5008; x_wconf 90' lang='lat' dir='ltr'><strong>quidquid</strong></span> <span class='ocrx_word' id='word_1_872' title='bbox 3484 4939 3707 5006; x_wconf 64' lang='lat' dir='ltr'><strong>possunt,</strong></span> <span class='ocrx_word' id='word_1_873' title='bbox 3733 4920 3859 4980; x_wconf 87' lang='lat' dir='ltr'><strong>susti-</strong></span> 
     </span>
    </p>
   </div>
   <div class='ocr_carea' id='block_1_112' title="bbox 2322 5016 3855 5100">
    <p class='ocr_par' dir='ltr' id='par_1_112' title="bbox 2322 5016 3855 5100">
     <span class='ocr_line' id='line_1_112' title="bbox 2322 5016 3855 5100; baseline -0.008 -16"><span class='ocrx_word' id='word_1_874' title='bbox 2322 5029 2435 5084; x_wconf 86' lang='lat' dir='ltr'><strong>neri</strong></span> <span class='ocrx_word' id='word_1_875' title='bbox 2467 5044 2572 5085; x_wconf 91' lang='lat' dir='ltr'><strong>non</strong></span> <span class='ocrx_word' id='word_1_876' title='bbox 2602 5030 2789 5100; x_wconf 84' lang='lat' dir='ltr'><strong>possit.</strong></span> <span class='ocrx_word' id='word_1_877' title='bbox 2831 5030 2897 5085; x_wconf 86' lang='lat' dir='ltr'><strong>Et</strong></span> <span class='ocrx_word' id='word_1_878' title='bbox 2935 5030 3109 5085; x_wconf 92' lang='lat' dir='ltr'><strong>omnis</strong></span> <span class='ocrx_word' id='word_1_879' title='bbox 3141 5031 3301 5085; x_wconf 86' lang='lat' dir='ltr'><strong>homo</strong></span> <span class='ocrx_word' id='word_1_880' title='bbox 3328 5028 3588 5084; x_wconf 89' lang='lat' dir='ltr'><strong>desiderat</strong></span> <span class='ocrx_word' id='word_1_881' title='bbox 3612 5016 3855 5094; x_wconf 78' lang='lat' dir='ltr'><strong>potentiam</strong></span> 
     </span>
    </p>
   </div>
   <div class='ocr_carea' id='block_1_113' title="bbox 2321 5105 3881 5197">
    <p class='ocr_par' dir='ltr' id='par_1_113' title="bbox 2321 5105 3881 5197">
     <span class='ocr_line' id='line_1_113' title="bbox 2321 5105 3881 5197; baseline -0.014 -20"><span class='ocrx_word' id='word_1_882' title='bbox 2321 5121 2668 5193; x_wconf 77' lang='lat' dir='ltr'><strong>Angelorum,</strong></span> <span class='ocrx_word' id='word_1_883' title='bbox 2690 5120 2783 5176; x_wconf 91' lang='lat' dir='ltr'><strong>sed</strong></span> <span class='ocrx_word' id='word_1_884' title='bbox 2804 5121 3062 5192; x_wconf 89' lang='lat' dir='ltr'><strong>justitiam</strong></span> <span class='ocrx_word' id='word_1_885' title='bbox 3082 5124 3405 5194; x_wconf 84' lang='lat' dir='ltr'><strong>Angelorum</strong></span> <span class='ocrx_word' id='word_1_886' title='bbox 3434 5135 3535 5175; x_wconf 92' lang='lat' dir='ltr'><strong>non</strong></span> <span class='ocrx_word' id='word_1_887' title='bbox 3561 5122 3708 5171; x_wconf 89' lang='lat' dir='ltr'><strong>amat.</strong></span> <span class='ocrx_word' id='word_1_888' title='bbox 3732 5105 3855 5163; x_wconf 83' lang='lat' dir='ltr'><strong>Prius</strong></span> <span class='ocrx_word' id='word_1_889' title='bbox 3866 5184 3881 5197; x_wconf 31' lang='grc' dir='ltr'><strong><em>η</em></strong></span> 
     </span>
    </p>
   </div>
   <div class='ocr_carea' id='block_1_114' title="bbox 2315 5198 3851 5286">
    <p class='ocr_par' dir='ltr' id='par_1_114' title="bbox 2315 5198 3851 5286">
     <span class='ocr_line' id='line_1_114' title="bbox 2315 5198 3851 5286; baseline -0.014 -20"><span class='ocrx_word' id='word_1_890' title='bbox 2315 5211 2576 5283; x_wconf 88' lang='lat' dir='ltr'><strong>justitiam</strong></span> <span class='ocrx_word' id='word_1_891' title='bbox 2620 5213 2801 5285; x_wconf 86' lang='lat' dir='ltr'><strong>dilige,</strong></span> <span class='ocrx_word' id='word_1_892' title='bbox 2831 5223 2885 5268; x_wconf 91' lang='lat' dir='ltr'><strong>et</strong></span> <span class='ocrx_word' id='word_1_893' title='bbox 2928 5224 3186 5284; x_wconf 88' lang='lat' dir='ltr'><strong>sequetur</strong></span> <span class='ocrx_word' id='word_1_894' title='bbox 3218 5224 3269 5271; x_wconf 91' lang='lat' dir='ltr'><strong>te</strong></span> <span class='ocrx_word' id='word_1_895' title='bbox 3310 5214 3565 5286; x_wconf 89' lang='lat' dir='ltr'><strong>potentia.</strong></span> <span class='ocrx_word' id='word_1_896' title='bbox 3594 5202 3717 5275; x_wconf 88' lang='lat' dir='ltr'><strong>Quid</strong></span> <span class='ocrx_word' id='word_1_897' title='bbox 3740 5198 3851 5253; x_wconf 68' lang='lat' dir='ltr'><strong>cutim</strong></span> 
     </span>
    </p>
   </div>
   <div class='ocr_carea' id='block_1_115' title="bbox 2320 5286 3852 5380">
    <p class='ocr_par' dir='ltr' id='par_1_115' title="bbox 2320 5286 3852 5380">
     <span class='ocr_line' id='line_1_115' title="bbox 2320 5286 3852 5380; baseline -0.003 -21"><span class='ocrx_word' id='word_1_898' title='bbox 2320 5306 2560 5376; x_wconf 85' lang='lat' dir='ltr'><strong>sequitur</strong></span> <span class='ocrx_word' id='word_1_899' title='bbox 2587 5314 2641 5361; x_wconf 89' lang='lat' dir='ltr'><strong>et</strong></span> <span class='ocrx_word' id='word_1_900' title='bbox 2668 5305 2753 5361; x_wconf 91' lang='lat' dir='ltr'><strong>hic</strong></span> <span class='ocrx_word' id='word_1_901' title='bbox 2773 5306 2799 5358; x_wconf 88' lang='lat'><strong>?</strong></span> <span class='ocrx_word' id='word_1_902' title='bbox 2837 5304 3097 5362; x_wconf 82' lang='lat' dir='ltr'><strong>Sanctitas</strong></span> <span class='ocrx_word' id='word_1_903' title='bbox 3124 5317 3170 5362; x_wconf 89' lang='lat' dir='ltr'><strong>et</strong></span> <span class='ocrx_word' id='word_1_904' title='bbox 3198 5304 3567 5380; x_wconf 77' lang='lat' dir='ltr'><strong>magniﬁcentia</strong></span> <span class='ocrx_word' id='word_1_905' title='bbox 3588 5302 3635 5355; x_wconf 83' lang='lat' dir='ltr'><strong>in</strong></span> <span class='ocrx_word' id='word_1_906' title='bbox 3665 5286 3852 5354; x_wconf 59' lang='lat' dir='ltr'><strong>sancti/7‘</strong></span> 
     </span>
    </p>
   </div>
   <div class='ocr_carea' id='block_1_116' title="bbox 2319 5381 3851 5473">
    <p class='ocr_par' dir='ltr' id='par_1_116' title="bbox 2319 5381 3851 5473">
     <span class='ocr_line' id='line_1_116' title="bbox 2319 5381 3851 5473; baseline -0.01 -21"><span class='ocrx_word' id='word_1_907' title='bbox 2319 5401 2516 5454; x_wconf 88' lang='lat' dir='ltr'><strong>catione</strong></span> <span class='ocrx_word' id='word_1_908' title='bbox 2542 5400 2668 5469; x_wconf 75' lang='lat' dir='ltr'><strong>ejus.</strong></span> <span class='ocrx_word' id='word_1_909' title='bbox 2701 5399 2781 5454; x_wconf 85' lang='lat' dir='ltr'><strong>&#39;l‘u</strong></span> <span class='ocrx_word' id='word_1_910' title='bbox 2800 5398 2909 5469; x_wconf 88' lang='lat' dir='ltr'><strong>jam</strong></span> <span class='ocrx_word' id='word_1_911' title='bbox 2937 5400 3215 5473; x_wconf 66' lang='lat' dir='ltr'><strong>quaerebas</strong></span> <span class='ocrx_word' id='word_1_912' title='bbox 3243 5395 3670 5471; x_wconf 79' lang='lat' dir='ltr'><strong>magniﬁcentiam</strong></span> <span class='ocrx_word' id='word_1_913' title='bbox 3698 5406 3709 5443; x_wconf 89' lang='lat'><strong>:</strong></span> <span class='ocrx_word' id='word_1_914' title='bbox 3737 5381 3851 5454; x_wconf 83' lang='lat' dir='ltr'><strong>prius</strong></span> 
     </span>
    </p>
   </div>
   <div class='ocr_carea' id='block_1_117' title="bbox 2317 5475 3849 5573">
    <p class='ocr_par' dir='ltr' id='par_1_117' title="bbox 2317 5475 3849 5573">
     <span class='ocr_line' id='line_1_117' title="bbox 2317 5475 3849 5573; baseline -0.007 -26"><span class='ocrx_word' id='word_1_915' title='bbox 2317 5490 2480 5563; x_wconf 89' lang='lat' dir='ltr'><strong>dilige</strong></span> <span class='ocrx_word' id='word_1_916' title='bbox 2505 5493 2883 5562; x_wconf 87' lang='lat' dir='ltr'><strong>sanctitatem;</strong></span> <span class='ocrx_word' id='word_1_917' title='bbox 2926 5510 3047 5550; x_wconf 92' lang='lat' dir='ltr'><strong>cum</strong></span> <span class='ocrx_word' id='word_1_918' title='bbox 3091 5495 3449 5552; x_wconf 87' lang='lat' dir='ltr'><strong>sanctiﬁcatus</strong></span> <span class='ocrx_word' id='word_1_919' title='bbox 3491 5487 3668 5549; x_wconf 89' lang='lat' dir='ltr'><strong>fueris,</strong></span> <span class='ocrx_word' id='word_1_920' title='bbox 3694 5475 3849 5573; x_wconf 39' lang='lat' dir='ltr'><strong>eris?</strong></span> 
     </span>
    </p>
   </div>
   <div class='ocr_carea' id='block_1_118' title="bbox 2316 5570 3846 5661">
    <p class='ocr_par' dir='ltr' id='par_1_118' title="bbox 2316 5570 3846 5661">
     <span class='ocr_line' id='line_1_118' title="bbox 2316 5570 3846 5661; baseline -0.017 -17"><span class='ocrx_word' id='word_1_921' title='bbox 2316 5586 2651 5660; x_wconf 82' lang='lat' dir='ltr'><strong>magniﬁcus.</strong></span> <span class='ocrx_word' id='word_1_922' title='bbox 2696 5587 2830 5644; x_wconf 85' lang='lat' dir='ltr'><strong>Nam</strong></span> <span class='ocrx_word' id='word_1_923' title='bbox 2875 5588 2922 5645; x_wconf 92' lang='lat' dir='ltr'><strong>si</strong></span> <span class='ocrx_word' id='word_1_924' title='bbox 2965 5599 3295 5661; x_wconf 68' lang='lat' dir='ltr'><strong>praepostere</strong></span> <span class='ocrx_word' id='word_1_925' title='bbox 3335 5586 3482 5661; x_wconf 91' lang='lat' dir='ltr'><strong>prius</strong></span> <span class='ocrx_word' id='word_1_926' title='bbox 3514 5593 3627 5639; x_wconf 87' lang='lat' dir='ltr'><strong>esse</strong></span> <span class='ocrx_word' id='word_1_927' title='bbox 3650 5570 3846 5630; x_wconf 83' lang='lat' dir='ltr'><strong>volueris</strong></span> 
     </span>
    </p>
   </div>
   <div class='ocr_carea' id='block_1_119' title="bbox 2379 5762 3841 5857">
    <p class='ocr_par' dir='ltr' id='par_1_119' title="bbox 2379 5762 3841 5857">
     <span class='ocr_line' id='line_1_119' title="bbox 2379 5762 3841 5857; baseline -0.017 -8"><span class='ocrx_word' id='word_1_928' title='bbox 2379 5799 2395 5829; x_wconf 81' lang='grc' dir='ltr'>ί</span> <span class='ocrx_word' id='word_1_929' title='bbox 2425 5806 2496 5848; x_wconf 81' lang='lat' dir='ltr'><strong>Er.</strong></span> <span class='ocrx_word' id='word_1_930' title='bbox 2536 5807 2654 5849; x_wconf 77' lang='lat' dir='ltr'><strong>ven.</strong></span> <span class='ocrx_word' id='word_1_931' title='bbox 2676 5804 2809 5856; x_wconf 84' lang='lat' dir='ltr'><strong>Lov.,</strong></span> <span class='ocrx_word' id='word_1_932' title='bbox 2834 5804 2957 5857; x_wconf 83' lang='lat' dir='ltr'><strong>Quos</strong></span> <span class='ocrx_word' id='word_1_933' title='bbox 2982 5804 3116 5844; x_wconf 70' lang='lat' dir='ltr'><strong>locus</strong></span> <span class='ocrx_word' id='word_1_934' title='bbox 3142 5772 3410 5855; x_wconf 65' lang='lat' dir='ltr'><strong>peccatores</strong></span> <span class='ocrx_word' id='word_1_935' title='bbox 3426 5785 3449 5837; x_wconf 77' lang='lat'><strong>.9</strong></span> <span class='ocrx_word' id='word_1_936' title='bbox 3466 5796 3531 5835; x_wconf 70' lang='lat' dir='ltr'><strong>.tn</strong></span> <span class='ocrx_word' id='word_1_937' title='bbox 3552 5779 3653 5832; x_wconf 79' lang='lat' dir='ltr'><strong>ideo</strong></span> <span class='ocrx_word' id='word_1_938' title='bbox 3671 5779 3784 5823; x_wconf 63' lang='lat' dir='ltr'><strong>voras</strong></span> <span class='ocrx_word' id='word_1_939' title='bbox 3800 5762 3841 5812; x_wconf 66' lang='grc' dir='ltr'><strong>νε</strong></span> 
     </span>
    </p>
   </div>
   <div class='ocr_carea' id='block_1_120' title="bbox 2315 5866 3018 5924">
    <p class='ocr_par' dir='ltr' id='par_1_120' title="bbox 2315 5866 3018 5924">
     <span class='ocr_line' id='line_1_120' title="bbox 2315 5866 3018 5924; baseline -0.009 -12"><span class='ocrx_word' id='word_1_940' title='bbox 2315 5868 2588 5913; x_wconf 73' lang='lat' dir='ltr'><strong>retttmtmttt</strong></span> <span class='ocrx_word' id='word_1_941' title='bbox 2616 5868 2903 5924; x_wconf 73' lang='lat' dir='ltr'><strong>peccatores.</strong></span> <span class='ocrx_word' id='word_1_942' title='bbox 2965 5866 3018 5905; x_wconf 75' lang='grc' dir='ltr'><strong>Μ.</strong></span> 
     </span>
    </p>
   </div>
  </div>
