4088 6430
180 460 309 520 1235

179 572 511 644 magniﬁcus,
543 581 670 627 ante
695 569 841 627 cadis
865 586 1023 641 quam
1054 585 1238 641 surgas
1272 589 1283 625 :
1314 584 1419 623 non
1456 568 1598 623 enim
1644 582 1765 621 sur-

178 667 271 738 gis,
298 664 394 722 sed
427 665 731 721 cxtolleris.
763 664 952 721 Melius
980 663 1152 734 surgis
1169 704 1187 731 ,
1213 663 1259 717 si
1288 670 1343 718 te
1366 660 1458 717 ille
1482 660 1651 732 erigat
1674 657 1767 730 qui

179 776 273 814 non
298 758 465 814 cadit.
500 757 792 814 Descendit
815 758 958 811 enim
999 755 1066 811 ad
1108 765 1159 810 te
1197 754 1288 811 ille
1325 756 1410 825 qui
1435 768 1539 809 non
1580 750 1764 807 cadit:

179 860 227 907 tu
269 850 577 914 occideras,
628 849 718 905 ille
747 848 1040 914 descendit,
1090 848 1329 920 porrexit
1374 847 1469 901 tibi
1508 859 1762 910 manum;

176 958 273 996 non
318 953 476 1011 potes
508 941 714 997 viribus
757 941 861 995 tuis
902 954 1141 1010 surgere,
1187 938 1511 1009 amplectere
1550 951 1763 992 manum

173 1034 554 1091 descendentis
574 1079 590 1100 ,
622 1045 679 1089 ut
705 1034 927 1106 erigaris
956 1049 987 1089 a
1018 1033 1160 1088 forti.

236 1127 287 1182 8.
320 1125 473 1199 [vers.
506 1125 591 1199 7.]
617 1126 755 1193 Quid
785 1125 960 1196 ergo?
1003 1124 1058 1181 Si
1098 1123 1345 1193 confessio
1370 1131 1413 1177 et
1440 1121 1765 1193 pulchritudo

174 1222 219 1275 in
245 1229 521 1289 conspectu
547 1222 677 1291 ejus,
706 1220 949 1273 sanctitas
978 1227 1023 1272 et
1054 1217 1431 1288 magniﬁcentia
1455 1216 1507 1270 in
1537 1216 1763 1283 sanctiﬁ-

173 1313 363 1365 catione
386 1312 504 1381 ejus
533 1311 677 1382 (hoc
720 1310 1130 1375 annuntiamus,
1160 1324 1283 1363 cum
1313 1306 1638 1362 tedilicamus
1663 1306 1763 1361 do-

174 1419 349 1469 mum;
396 1418 529 1459 ecce
580 1405 691 1472 jam
738 1403 1107 1458 annuutiatum
1157 1409 1239 1457 est
1281 1401 1588 1472 gentibus);
1635 1399 1764 1470 quid

176 1496 365 1550 debent
389 1494 573 1551 facere
601 1503 811 1565 gentes,
845 1494 1036 1564 quibus
1060 1494 1510 1548 annuntiaveruut
1531 1493 1547 1523 ¹
1575 1492 1644 1545 illi
1671 1490 1763 1562 qui

177 1586 350 1641 silvam
388 1588 871 1655 exstirpaverunt?
915 1586 1033 1640 lam
1076 1584 1143 1640 ad
1189 1586 1331 1653 ipsas
1374 1593 1561 1653 gentes
1599 1582 1751 1648 dicit,

180 1677 360 1745 Afferte
382 1676 611 1731 Domino
632 1679 812 1748 patria:
832 1678 1075 1747 gentium,
1096 1675 1277 1743 a/ferte
1302 1673 1521 1729 Domino
1545 1674 1761 1743 gloriam

182 1780 229 1825 et
254 1773 485 1825 honorem
508 1786 530 1825 :
564 1771 733 1826 nolite
762 1771 952 1834 vobis;
994 1770 1117 1840 quia
1154 1779 1207 1825 et
1246 1768 1317 1823 illi
1359 1767 1447 1837 qui
1489 1766 1636 1820 vobis
1662 1783 1759 1822 an-

180 1868 573 1934 nuntiaverunt,
608 1883 715 1921 non
740 1882 914 1931 suam,
946 1866 1039 1921 sed
1070 1866 1208 1920 illius
1233 1864 1455 1932 gloriam
1477 1861 1761 1917 annuntia-

178 1971 359 2017 vcrunt
389 1978 404 2015 :
437 1971 495 2017 et
520 1976 623 2017 vos
661 1960 842 2029 aﬂ'erte
881 1958 1100 2014 Domino
1139 1958 1352 2029 gloriam
1388 1966 1434 2010 et
1477 1956 1759 2020 honorem;

178 2065 223 2109 et
242 2053 431 2120 dicite,
465 2050 596 2107 Non
634 2052 809 2118 nobis,
840 2050 1087 2115 Domine,
1119 2066 1221 2104 non
1252 2048 1421 2112 nobis,
1452 2047 1539 2101 sed
1568 2045 1761 2100 nomini

176 2155 251 2199 ιιιο
269 2146 334 2199 da
356 2146 581 2217 gloriam
609 2144 782 2216 (Psal.
805 2159 958 2208 cxm,
987 2144 1063 2211 l).
1089 2140 1264 2195 Nolite
1287 2154 1435 2209 spem
1461 2138 1514 2193 in
1541 2137 1759 2192 homine

176 2255 379 2309 ponere.
425 2238 483 2295 Si
539 2239 844 2309 baptizatur
871 2237 1237 2307 unusquisque
1265 2241 1500 2288 vestrum
1520 2274 1534 2296 ,
1567 2230 1710 2286 dicat
1741 2248 1756 2285 :

176 2329 258 2386 ille
282 2346 362 2385 me
388 2331 665 2400 baptizat,
699 2330 767 2386 de
792 2345 898 2399 quo
922 2329 1125 2383 amicus
1149 2326 1332 2397 sponsi
1364 2325 1517 2388 dixit,
1556 2323 1656 2377 Hic
1687 2332 1758 2377 est

176 2424 247 2493 qui
266 2424 484 2496 baptth
506 2423 694 2497 (Joan.
722 2439 760 2489 ι,
784 2423 897 2493 33).
924 2421 978 2477 Si
1009 2421 1152 2476 enim
1179 2418 1291 2474 lucc
1314 2417 1573 2481 dixeritis,
1601 2416 1756 2470 alier-

175 2514 233 2567 tis
254 2512 477 2569 Domino
511 2514 741 2585 gloriam
768 2522 822 2567 et
848 2514 1107 2566 honorem
1137 2527 1151 2563 :
1180 2506 1370 2576 Aﬂ'erte
1396 2506 1615 2561 Domino
1643 2505 1758 2576 glo-

175 2604 284 2657 riam
308 2617 353 2659 et
388 2607 658 2661 tenorem.

231 2695 280 2752 9.
305 2694 450 2769 [vers.
477 2695 566 2772 8.]
619 2695 810 2765 A/ferte
862 2693 1083 2749 Domino
1121 2692 1335 2763 gloriam
1380 2690 1573 2745 nomini
1618 2691 1751 2761 ejus.

173 2788 273 2844 Non
292 2790 496 2846 nomini
514 2789 815 2855 hominum,
848 2802 952 2843 non
972 2786 1177 2842 nomini
1203 2793 1401 2849 vestro,
1436 2783 1528 2838 sed
1554 2782 1754 2837 nomini

174 2882 274 2949 ejus
294 2881 485 2939 afferte
515 2882 763 2954 gloriam.
791 2879 975 2935 Tollite
1000 2878 1212 2943 hostias,
1235 2886 1281 2931 et
1309 2876 1513 2929 introite
1541 2876 1593 2927 in
1622 2873 1754 2927 atria

176 2975 283 3045 ejtts.
311 2974 499 3030 Tollite
523 2976 717 3031 hostias
738 2991 759 3029 :
786 2975 913 3045 quid
939 2972 1148 3029 allaturi
1178 2972 1309 3027 estis
1329 3013 1343 3037 ,
1377 2979 1437 3025 ut
1478 2967 1754 3024 iutroeatis

176 3067 220 3122 in
243 3069 364 3123 atria
383 3069 546 3140 ejus?
570 3069 687 3124 Jam
725 3069 867 3125 enim
902 3067 1071 3123 crevit
1096 3066 1307 3129 domus,
1354 3073 1406 3118 et
1451 3064 1584 3117 facta
1632 3070 1756 3117 sunt

176 3162 323 3226 atria;
353 3164 440 3233 qui
469 3162 704 3218 alierum
725 3161 928 3217 hostias
947 3201 961 3225 ,
992 3160 1236 3214 intrent’
1264 3159 1314 3212 in
1341 3158 1494 3211 atria.
1546 3154 1753 3210 Tauros

177 3252 360 3309 allaturi
385 3269 601 3317 sumus,
633 3254 812 3308 hircos
840 3253 921 3306 vel
968 3252 1141 3306 oves?
1186 3249 1357 3304 Absit.
1405 3247 1464 3302 Si
1512 3247 1752 3301 valuisses

176 3348 462 3413 sacriﬁcium
484 3389 500 3412 ,
527 3346 777 3415 dedissem
817 3346 1007 3416 utique.
1041 3343 1133 3397 Ille
1162 3341 1315 3396 nobis
1346 3339 1571 3395 hostiam
1602 3352 1753 3392 com-

177 3440 460 3507 mendabat,
487 3456 649 3511 quam
675 3439 870 3495 ollerre
894 3438 1170 3492 debemus.
1206 3434 1395 3488 Videte
1444 3448 1510 3487 ne
1552 3431 1637 3485 illa
1682 3431 1753 3485 sit

177 3530 350 3601 hostia,
380 3536 450 3589 de
477 3550 585 3605 quo
610 3532 923 3603 jamdudum
961 3531 1095 3586 dixit
1115 3572 1131 3594 ,
1159 3527 1423 3595 Confessio
1449 3537 1493 3581 et
1526 3526 1753 3596 pulchri-

179 3624 282 3679 tudo
307 3626 357 3681 in
380 3636 659 3697 conspectu
684 3626 810 3699 ejus.
840 3621 1123 3679 Confessio
1170 3620 1341 3675 hostia
1395 3630 1476 3672 est
1526 3618 1654 3673 Deo.
1705 3616 1750 3671 Ο

177 3730 287 3787 ergo
307 3726 515 3788 gentes,
558 3718 602 3771 si
646 3715 806 3770 vultis
855 3714 1057 3768 intrare
1101 3712 1152 3765 in
1210 3709 1343 3765 atria
1401 3709 1537 3778 ejus,
1586 3708 1749 3762 nolite

177 3816 338 3861 vacuae
358 3809 584 3873 intrare,
616 3805 797 3861 Tollite
817 3805 1030 3860 hostias.
1058 3802 1203 3871 Quas
1242 3801 1445 3855 hostias
1472 3800 1746 3854 nobiscum

177 3903 416 3968 portaturi
433 3898 1002 3967 sumus?Sacri/icium
1042 3896 1146 3949 Deo
1185 3895 1395 3963 spiritus
1435 3892 1749 3947 contribula-

178 3999 287 4057 ttts;
325 4008 407 4047 cor
454 3993 723 4048 contritum
759 4000 806 4045 et
853 3990 1170 4045 humiliatum
1219 3985 1357 4040 Deus
1409 4001 1509 4037 non
1561 3983 1750 4053 spernit

179 4080 343 4148 (Psal.
372 4101 424 4151 ι,
457 4085 538 4148 18,
565 4084 675 4154 19).
706 4082 841 4140 Cum
870 4082 1054 4137 humili
1094 4078 1256 4133 corde
1282 4080 1415 4132 intra
1451 4078 1500 4130 in
1531 4076 1749 4133 domum

181 4173 502 4239 Dei,etcnm
544 4177 716 4231 hostia
759 4175 986 4231 intrasti.
1020 4172 1074 4227 Si
1124 4180 1303 4226 autem
1353 4167 1616 4236 superbus
1667 4180 1747 4233 es,

180 4265 336 4323 inanis
358 4270 547 4326 intras.
574 4268 709 4324 Nam
736 4268 875 4323 unde
904 4264 1229 4335 superbires.
1255 4262 1353 4315 nisi
1378 4259 1549 4315 inanis
1569 4257 1750 4313 esses?

180 4355 294 4415 Nam
319 4363 361 4416 si
386 4362 578 4432 plenus
607 4372 775 4424 esses,
804 4374 909 4414 non
942 4355 1224 4411 inﬂareris.
1256 4350 1535 4420 Quomodo
1564 4350 1750 4420 plenus

181 4455 349 4508 esses?
376 4452 433 4510 Si
464 4463 643 4510 tecum
674 4452 888 4508 tolleres
915 4450 1166 4512 hostiam,
1208 4461 1365 4516 quam
1398 4452 1642 4515 portares
1682 4441 1751 4497 ad

182 4547 300 4601 atria
330 4546 561 4605 Domini.
588 4546 706 4602 Jam
735 4560 805 4601 ne
831 4545 919 4600 diu
955 4552 1255 4607 teneamus,
1284 4551 1564 4594 curramus
1588 4545 1749 4590 caete-

182 4653 252 4694 ra.
282 4640 465 4697 Videte
493 4649 826 4696 crescentem
862 4638 1078 4693 domum
1103 4677 1116 4699 ,
1146 4633 1320 4689 videte
1348 4630 1629 4685 xdilicinm
1675 4629 1753 4683 ire

184 4742 450 4799 pertotum
477 4732 663 4788 orbem
703 4739 987 4786 terrarum.
1039 4725 1300 4790 Gaudete,
1342 4722 1463 4794 quia
1512 4719 1752 4775 intrastis

184 4823 231 4877 in
251 4827 409 4891 atria;
436 4824 684 4896 gaudete,
712 4823 835 4894 quia
864 4817 1197 4877 adiﬁcamini
1243 4816 1297 4870 in
1341 4812 1596 4883 templum
1634 4810 1750 4865 Dei.

185 4914 270 4983 Qui
291 4919 431 4975 enim
461 4918 681 4978 intrant,
712 4914 813 4985 ipsi
847 4912 1201 4972 adificantur,
1245 4906 1345 4977 ipsi
1398 4912 1520 4959 sunt
1561 4902 1754 4957 domus

186 5008 307 5066 Dei:
336 5013 427 5068 ille
461 5018 546 5067 est
585 5009 929 5073 inhabitator,
967 5005 1053 5059 cui
1104 5000 1396 5056 aediﬁcatur
1420 4996 1612 5051 domus
1644 5001 1752 5049 toto

186 5101 298 5158 Orbe
320 5113 582 5159 terrarum
602 5142 619 5167 ,
651 5110 706 5156 et
730 5099 834 5155 hoc
870 5104 993 5168 post
1017 5081 1400 5165 captivitatem.
1437 5086 1620 5142 Tollite
1664 5086 1753 5139 ho-

187 5193 311 5261 stias,
335 5204 383 5249 et
400 5194 604 5248 introite
632 5193 685 5246 in
706 5193 839 5246 atria
860 5190 989 5263 ejus.

248 5284 329 5341 10.
349 5283 501 5358 [vers.
523 5283 578 5348 9,
609 5280 724 5357 l0.]
759 5281 981 5336 Adorate
1010 5275 1286 5332 Dominum
1324 5273 1377 5327 in
1403 5271 1533 5325 atrio
1583 5276 1754 5324 sancto

187 5375 285 5443 ejus
304 5394 325 5432 :
348 5379 402 5433 in
420 5375 684 5434 catholica
710 5372 984 5436 Ecclesia;
1023 5373 1124 5424 hoc
1165 5378 1249 5423 est
1276 5368 1468 5419 atrium
1513 5372 1753 5416 sanctum

190 5466 309 5536 ejus.
336 5468 505 5525 Nemo
538 5468 719 5531 dicat,
750 5463 884 5520 Ecce
930 5463 1012 5516 hic
1057 5470 1128 5515 est
1169 5458 1420 5520 Christus,
1472 5469 1583 5508 ecce
1627 5452 1753 5506 illic.

191 5551 459 5633 Exsurgent
477 5559 609 5614 enim
636 5554 1106 5629 pseudoprOphetx.
1137 5551 1229 5606 Dic
1272 5549 1351 5603 eis
1396 5545 1534 5600 istud
1555 5586 1570 5610 ,
1600 5542 1756 5613 Lapis

192 5666 320 5723 δαρει-
355 5652 581 5725 lapidem
627 5666 731 5706 non
778 5649 1084 5716 relinquetur
1114 5685 1130 5711 ,
1178 5643 1264 5711 qui
1316 5656 1416 5694 non
1467 5637 1758 5692 destruatur

246 5834 263 5868 ι
278 5837 359 5908 ιειειΔ
368 5842 481 5908 μεθ.
504 5840 562 5887 At
582 5831 718 5894 edd.,
742 5830 860 5895 quid
877 5828 1081 5881 debeant
1101 5830 1278 5891 gentes.
1301 5822 1423 5884 Quid
1447 5818 1758 5871 annuntiave-

193 5903 289 5948 t'tntt
306 5898 399 5960 illi,
425 5903 521 5949 etc.

250 5961 268 5991 ¹
288 5962 358 6011 sic
379 5959 550 6024 plures
564 5965 672 6008 Mss.
704 5963 757 6008 At
776 5955 910 6016 ωτι..
933 5954 1129 6004 intrant.

1328 452 1722 511 ENABRATIO
1764 449 1829 507 IN
1870 452 2191 514 PSALMUM
2233 460 2385 518 XCV.

3324 466 3467 526 “3‘

1878 566 2089 637 (Matth.
2134 589 2281 643 xxiv,
2312 577 2402 645 35,
2445 580 2533 645 ει,
2563 579 2618 650 Ξ)
2672 598 2682 633 :
2740 580 2809 638 ad
2856 583 3111 652 parietem
3154 581 3462 644 dealbstum

1873 664 2107 729 vocatis;
2135 665 2189 721 in
2213 667 2350 722 atrio
2376 679 2562 726 sancto
2588 672 2755 729 adoro
2782 674 2949 731 Deum
2980 690 3181 732 meum.

1943 755 2033 810 11.
2072 756 2453 817 Commoveatur
2478 780 2511 817 a
2541 766 2669 835 facie
2701 768 2812 838 ejus
2841 769 3075 824 universa
3100 778 3236 825 terra
3264 787 3283 826 :
3310 772 3461 829 dicite

1869 848 1924 902 in
1942 850 2251 920 nationibus,
2276 851 2527 911 Dominus
2556 860 2778 929 regnavit
2807 876 2838 913 a
2868 861 3023 933 ligno.
3047 861 3249 918 Etenim
3275 880 3449 921 corre-

1868 940 1945 994 xit
1968 941 2136 997 orbem
2161 954 2327 1011 terra,
2358 949 2446 1017 qui
2478 964 2579 1004 non
2619 953 3025 1008 commovebitur.
3055 953 3187 1022 Quae
3213 956 3456 1013 testimoo

1869 1032 1955 1087 nia
1983 1034 2349 1094 azdificationis
2372 1039 2563 1097 domus
2590 1040 2679 1097 Dei
2700 1043 2713 1096 ι
2734 1042 2982 1100 lntonaut
3002 1045 3172 1101 nubes
3190 1047 3451 1102 cmlorum

1868 1142 1966 1195 per
1992 1137 2158 1183 totum
2186 1132 2370 1187 orbem
2404 1143 2671 1191 terrarum
2697 1135 2950 1193 aedificari
2988 1136 3205 1193 domum
3239 1139 3367 1205 Dei;
3400 1148 3458 1196 et

1867 1218 2098 1274 clamant
2120 1236 2263 1277 ranae
2290 1223 2358 1278 de
2382 1224 2591 1295 palude,
2622 1224 2729 1281 Nos
2773 1227 2872 1283 soli
2915 1243 3102 1284 sumus
3154 1228 3455 1286 christiani.

1866 1308 1994 1376 Quae
2044 1313 2341 1368 teStimnnia
2397 1315 2665 1384 profero?
2719 1316 2987 1373 Psalterii.
3040 1318 3263 1375 Profero
3307 1320 3453 1390 quod

1866 1402 2059 1459 surdus
2079 1415 2264 1461 cantas
2288 1425 2300 1461 :
2327 1411 2473 1477 aperi
2495 1425 2673 1477 aures,
2701 1419 2755 1465 tu
2775 1420 2960 1467 cantas
2980 1412 3109 1480 ista;
3133 1422 3317 1469 cantas
3340 1428 3458 1471 me-

1865 1510 2007 1559 cum,
2035 1508 2091 1552 et
2126 1514 2230 1553 non
2287 1501 2582 1557 concordas
2631 1517 2875 1567 mecum;
2923 1504 3102 1577 lingua
3160 1516 3246 1561 tua
3297 1514 3457 1563 sonat

1864 1591 2005 1658 quod
2037 1603 2192 1646 sonat
2218 1608 2356 1658 mea,
2397 1603 2451 1649 et
2475 1611 2571 1650 cor
2600 1605 2746 1651 tuum
2777 1596 3015 1652 dissonat
3041 1614 3069 1650 ιι
3096 1598 3259 1655 corde
3307 1616 3454 1658 meo.

1863 1680 2048 1735 Nonne
2072 1692 2125 1736 tu
2155 1695 2338 1740 cantas
2358 1686 2491 1740 ista?
2515 1686 2643 1742 Vide
2666 1688 2964 1743 testimonia
2986 1689 3133 1745 orbis
3146 1700 3408 1747 terrarum
3432 1708 3448 1747 :

1864 1771 2247 1829 Commoveatur
2268 1793 2299 1829 a
2324 1778 2454 1844 facie
2500 1778 2608 1849 ejus
2651 1779 2882 1833 universa
2908 1789 3040 1834 terra
3075 1796 3095 1834 :
3129 1791 3184 1835 et
3220 1791 3274 1836 tu
3315 1781 3453 1841 dicis

1862 1880 1968 1919 non
1998 1868 2320 1923 commoveri
2337 1869 2361 1923 ?
2378 1867 2547 1925 Dicite
2565 1871 2618 1925 in
2636 1872 2941 1940 nationibus,
2960 1871 3211 1928 Dominus
3225 1874 3454 1946 regnavit

1863 1974 1893 2010 a
1915 1957 2073 2028 ligno.
2102 1961 2183 2013 An
2215 1961 2349 2016 forte
2379 1960 2464 2016 hic
2493 1962 2826 2025 obtinebunt.
2859 1973 2911 2019 et
2933 1963 3114 2021 dicent
3142 1978 3202 2021 se
3227 1980 3453 2034 regnare

1862 2064 1891 2102 a
1923 2050 2086 2119 ligno,
2116 2053 2239 2121 quia
2270 2052 2498 2110 fustibus
2528 2054 3036 2111 Circumcellionum
3084 2056 3351 2128 regnant?
3376 2056 3451 2112 De

1861 2154 2021 2197 cruce
2048 2143 2246 2198 Christi
2270 2160 2452 2215 regna,
2481 2148 2525 2202 si
2573 2162 2605 2202 a
2655 2146 2798 2219 ligno
2851 2158 3167 2218 regnaturus
3207 2163 3286 2205 es.
3313 2146 3449 2204 Nam

1862 2232 2064 2301 lignum
2092 2234 2196 2291 hoc
2236 2245 2385 2291 tuum
2429 2236 2662 2308 ligneum
2702 2246 2755 2293 te
2800 2238 2923 2293 facit
2956 2257 2969 2292 :
3001 2239 3203 2310 lignum
3251 2236 3461 2296 Christi

1861 2340 1957 2395 per
1984 2341 2130 2381 mare
2162 2336 2213 2381 te
2244 2328 2461 2398 trajicit.
2499 2329 2665 2385 Audis
2691 2328 2962 2385 Psalmum
2987 2330 3253 2387 dicentem
3275 2372 3289 2396 ,
3323 2329 3451 2386 Cor-

1859 2420 1988 2474 rexit
2011 2422 2179 2475 orbem
2205 2430 2370 2486 terres,
2411 2423 2497 2494 qui
2523 2439 2625 2477 non
2648 2424 3073 2488 commovebitur;
3116 2433 3169 2479 ct
3211 2432 3268 2478 tu
3314 2422 3449 2480 dicis

1860 2529 1967 2568 non
1994 2515 2165 2568 solum
2186 2524 2388 2569 motum
2416 2526 2537 2585 post
2573 2518 2987 2579 correctionem,
3033 2514 3126 2571 sed
3157 2516 3316 2571 etiam
3360 2515 3445 2569 di-

1859 2606 2143 2661 minutum.
2172 2606 2250 2661 Tu
2302 2622 2483 2662 verum
2514 2606 2685 2672 dicis;
2735 2606 2836 2661 iste
2882 2605 3181 2661 mentitur?
3208 2604 3448 2661 Pseudo-

1859 2698 2135 2767 propheta:
2177 2698 2471 2754 clamantes
2489 2740 2504 2763 ,
2539 2697 2669 2752 Ecce
2694 2698 2776 2752 hic
2804 2708 2876 2753 est
2904 2696 3152 2764 Christus,
3175 2712 3289 2752 ecce
3316 2696 3445 2762 illic,

1861 2804 2048 2845 verum
2072 2789 2285 2854 dicunt;
2314 2798 2368 2845 et
2407 2789 2663 2860 prapbeta
2714 2791 2815 2846 iste
2864 2789 3161 2845 mentitur?
3210 2789 3445 2856 Fratres,

1855 2891 2043 2940 contra
2064 2882 2193 2937 istas
2213 2882 2576 2953 apertissimas
2602 2896 2763 2938 voces
2778 2882 2974 2939 auditis
3000 2882 3053 2937 in
3080 2882 3288 2952 angulis
3312 2890 3449 2936 stre-

1857 2974 2045 3045 pitum,
2082 2975 2172 3030 Ille
2194 2974 2425 3039 tradidit,
2456 2983 2510 3029 et
2540 2973 2628 3029 ille
2650 2973 2885 3029 tradidit.
2914 2973 3050 3041 Quid
3080 2972 3251 3028 dicis?
3274 2971 3450 3027 Voces

1859 3075 1963 3120 tute
1997 3066 2275 3121 audienda:
2321 3075 2463 3129 sunt.
2501 3081 2567 3121 an
2609 3080 2768 3121 voces
2821 3063 3185 3121 Dei?Etenim
3231 3065 3449 3119 correxit

1857 3161 2025 3215 orbem
2053 3172 2216 3227 terrm,
2249 3162 2333 3232 qui
2363 3178 2462 3215 non
2503 3160 2913 3215 commovebitur.
2964 3157 3079 3229 Ego
3123 3158 3214 3213 tibi
3258 3157 3444 3212 orbem

1859 3264 2117 3309 terrarum
2141 3253 2365 3308 ostendo
2390 3252 2745 3317 mdilicatum;
2772 3252 2896 3307 tolle
2926 3250 3152 3306 hostiam
3180 3290 3194 3313 ,
3219 3249 3357 3304 intra
3388 3250 3443 3304 in

1856 3347 1989 3400 atria
2024 3346 2252 3401 Domini.
2287 3346 2496 3400 Hostias
2533 3362 2637 3399 non
2686 3344 2871 3405 habes.
2902 3354 3182 3416 propterea
3211 3359 3318 3398 non
3364 3342 3447 3397 vis

1858 3440 2078 3495 intrare.
2102 3438 2241 3507 Quid
2272 3448 2354 3493 est
2378 3438 2515 3492 hoc?
2538 3438 2593 3492 Si
2630 3438 2856 3492 hostiam
2886 3437 2975 3491 tibi
3016 3435 3273 3497 indiceret
3304 3435 3444 3491 Deus

1858 3543 2089 3596 taurum,
2150 3532 2374 3596 hircum,
2420 3532 2663 3597 arietem,
2714 3530 2983 3586 invenires
3008 3527 3150 3599 quod
3178 3527 3439 3582 afferres:

1855 3624 2045 3679 indixit
2071 3624 2162 3679 tibi
2213 3622 2412 3679 humile
2441 3639 2554 3690 cor,
2585 3631 2638 3678 et
2668 3638 2771 3676 non
2803 3622 2885 3677 vis
2911 3623 3129 3677 intrare.
3162 3620 3273 3675 lloc
3296 3620 3442 3674 enim

1855 3717 1907 3771 in
1957 3726 2009 3772 te
2055 3733 2159 3772 non
2211 3717 2442 3783 invenis,
2500 3716 2621 3785 quia
2660 3714 2906 3785 superbia
2953 3711 3210 3768 tttmuisti.
3243 3710 3444 3765 Etenim

1854 3813 2069 3867 correxit
2095 3811 2262 3866 orbem
2294 3821 2459 3877 terrae,
2495 3810 2583 3876 qui
2614 3825 2714 3863 non
2739 3806 3144 3862 commovebitur.
3179 3801 3443 3857 Judicabit

1855 3907 2073 3978 populos
2091 3907 2144 3959 in
2170 3906 2424 3975 (equitate.
2457 3902 2605 3958 Tunc
2625 3919 2684 3956 se
2725 3901 2799 3955 illi
2835 3900 3106 3970 plangunt,
3132 3896 3222 3968 qui
3255 3896 3446 3951 nolunt

1854 3996 2015 4051 modo
2034 3995 2255 4065 diligere
2283 3995 2306 4026 '
2333 3992 2657 4063 aequitatem.

1929 4090 2017 4144 12.
2048 4087 2197 4161 [vers.
2242 4085 2355 4158 11.]
2388 4084 2748 4139 Jucundentur
2785 4083 2919 4149 cxli,
2954 4090 3002 4135 et
3050 4081 3235 4134 exultet
3280 4087 3439 4137 terra.

1856 4182 2223 4239 Jucundentur
2256 4179 2397 4244 caeli,
2426 4178 2515 4248 qui
2542 4182 2797 4230 enarrant
2822 4173 3046 4244 gloriam
3075 4171 3201 4235 Dei;
3243 4170 3437 4241 jucune

1855 4278 2052 4332 dentur
2092 4274 2252 4339 coeli,
2301 4285 2435 4343 quos
2496 4270 2753 4324 Dominus
2795 4266 2924 4324 fecit
2953 4285 2966 4321 :
2997 4263 3227 4321 exsultet
3277 4272 3437 4332 terra,

1856 4383 2016 4438 quam
2045 4365 2357 4435 complnunt
2380 4362 2524 4419 cmli.
2546 4360 2680 4416 Caeli
2704 4360 2848 4417 enim
2874 4356 3276 4429 praedicatores,
3302 4364 3437 4411 terra

1855 4460 2147 4516 auditores.
2180 4454 2566 4511 Commoveatur
2602 4468 2741 4506 mare
2764 4461 2811 4505 et
2837 4449 3098 4521 plenitudo
3129 4450 3261 4518 ejus.
3289 4447 3444 4516 Quod

1856 4549 2339 4609 mare?Saeculum.
2372 4547 2711 4603 Commotum
2745 4554 2829 4601 est
2855 4559 3033 4609 mare,
3075 4551 3130 4598 et
3167 4542 3445 4613 plenitudo

1857 4642 2021 4698 maris
2070 4660 2083 4696 :
2144 4654 2304 4696 omne
2364 4639 2616 4693 saeculum
2677 4636 3003 4691 concitatum
3056 4642 3140 4689 est
3187 4632 3447 4687 adversus

1860 4734 2176 4791 Ecclesium.
2217 4747 2338 4786 cum
2380 4730 2694 4785 dilataretur
2718 4736 2773 4782 et
2801 4725 3153 4780 xdilicaretur
3182 4732 3294 4777 toto
3314 4722 3446 4778 orbe

1857 4837 2144 4883 terrarum.
2178 4826 2249 4878 De
2276 4824 2388 4892 ipsa
2412 4818 2774 4876 commotione
2799 4816 3023 4871 audistis
3050 4815 3101 4868 in
3130 4812 3440 4883 Evangelio,

1860 4918 2082 4973 Tradent
2102 4932 2189 4970 vos
2208 4914 2276 4968 ad
2287 4914 2488 4986 judicia
2514 4909 2708 4983 (Marc.
2742 4923 2858 4974 χιιι,
2887 4906 2966 4974 9).
2996 4905 3332 4960 Commotum
3359 4910 3447 4959 est

1861 5029 2007 5068 mare
2041 5031 2053 5067 :
2083 5010 2177 5066 scd
2208 5007 2423 5080 quando
2475 5006 2716 5060 vinceret
2772 5016 2921 5056 mare
2963 5014 3086 5055 eum
3132 4996 3223 5067 qui
3274 4995 3445 5053 caelos

1858 5105 2023 5162 fecit?
3464 5147 3469 5153 .

1933 5198 2020 5253 15.
2053 5196 2203 5269 [vers.
2238 5193 2325 5261 i2,
2357 5189 2467 5263 15.]
2496 5185 2794 5245 Gaudebant
2823 5183 2987 5249 campi
3011 5223 3027 5248 ,
3052 5190 3100 5235 et
3132 5180 3303 5235 omnia
3333 5195 3449 5251 quc

1858 5293 1912 5347 in
1942 5291 2013 5345 eis
2032 5299 2169 5343 sunt.
2201 5287 2400 5342 Omnes
2427 5285 2594 5344 lenes,
2625 5290 2813 5333 omnes
2839 5274 3016 5339 mites,
3046 5286 3234 5328 omnes
3271 5272 3445 5341 aequi,

1861 5383 2032 5452 campi
2054 5390 2177 5436 sunt
2206 5378 2321 5434 Dei.
2348 5374 2489 5430 Tunc
2503 5369 2823 5427 exsultabant
2837 5367 3006 5420 omnia
3029 5366 3169 5433 ligna
3184 5365 3445 5419 silvarum.

1862 5480 2026 5549 Ligna
2047 5476 2319 5531 silvarum.
2356 5464 2553 5538 Pagaui
2605 5469 2747 5519 sunt.
2803 5460 2979 5530 Quare
3023 5460 3136 5530 jam
3180 5457 3450 5549 gaudent?

1862 5545 1994 5640 Quia
2027 5564 2231 5638 praecisi
2260 5568 2385 5616 sunt
2411 5559 2479 5614 de
2516 5557 2749 5611 oleastro
2776 5555 2821 5614 ².
2866 5560 2922 5607 et
2966 5549 3152 5606 inserti
3205 5548 3258 5603 in
3310 5545 3450 5602 oliva

1863 5639 2039 5734 (Rom.
2069 5673 2145 5721 χι,
2179 5653 2290 5727 17).
2321 5650 2466 5706 Tunc
2481 5645 2801 5705 exsultabant
2824 5642 2994 5698 omnia
3014 5642 3153 5712 ligna
3167 5639 3451 5693 silvarum:

1863 5732 1984 5827 quia
2012 5748 2247 5823 praecisae
2283 5754 2404 5801 sunt
2425 5745 2665 5814 ingentes
2690 5739 2911 5795 arbores
2948 5732 3180 5790 cedrium
3204 5739 3259 5787 et
3283 5745 3448 5801 cypa-

1929 5872 1943 5901 ι
1973 5865 2199 5929 μηθείρυὶ
2222 5870 2351 5929 Mss,
2375 5859 2568 5924 eligere.
2643 5918 2654 5927 _
2686 5915 2697 5929 .
2792 5920 2821 5929 γ’
2847 5910 3034 5929 Am“:

1928 5934 1949 5964 ’
1974 5910 2321 5979 λῆὶῗιίὀέιῐιῖί
2339 5910 2474 5983 Mss:
2502 5915 2697 5988 prxcisi
2714 5920 2823 5968 sunt
2838 5910 3047 5963 oleastri.
