4088 6456
654 460 793 521 1235

654 574 881 641 tissime,
915 583 966 629 et
997 569 1336 641 imputrihilia
1365 565 1505 637 ligna
1535 564 1789 621 translata
1811 574 1935 621 sunt
1970 563 2036 617 ad
2070 562 2240 617 rediti-

655 671 918 723 cationem
944 664 1153 719 domus.
1180 661 1343 731 Ligna
1364 658 1617 714 silvarum
1639 667 1813 726 erant,
1835 657 1929 712 sed
1956 666 2242 727 antequam

654 762 797 815 irent
825 760 877 812 in
918 756 1233 819 :cdiiicium;
1276 754 1415 824 ligna
1449 753 1703 827 silvarum
1740 761 1914 818 erant,
1954 751 2050 806 sed
2086 759 2241 806 ante-

655 868 811 924 quam
838 852 1030 907 olivam
1056 859 1309 923 parerent
1336 849 1374 901 ³.

724 945 811 1001 li.
854 943 996 998 Tunc
1051 943 1373 998 exsultabant
1410 942 1581 995 omnia
1625 940 1766 1009 tigna
1804 939 2080 1004 silvarum,
2129 947 2245 994 ante

596 1046 601 1115 ί
653 1044 835 1114 faciem
858 1041 1065 1095 Domini
1085 1084 1098 1108 ,
1133 1042 1371 1110 quoniam
1400 1039 1549 1103 venit,
1584 1038 1821 1108 quoniam
1844 1037 1975 1089 venit
2005 1036 2242 1105 judicare

653 1143 860 1187 terram.
894 1134 1073 1187 Primo
1101 1133 1267 1195 venit,
1310 1141 1365 1186 et
1414 1138 1593 1200 postea
1636 1139 1892 1183 venturus
1929 1136 2031 1182 est.
2064 1128 2241 1181 Primo

652 1226 799 1281 venit
820 1226 871 1280 in
905 1226 1137 1280 Ecclesia
1160 1224 1323 1278 suain
1348 1221 1596 1277 nubibus.
1620 1221 1753 1290 Qua:
1778 1230 1903 1276 sunt
1930 1220 2098 1275 nubes
2122 1236 2243 1290 quaa

652 1332 775 1372 eum
806 1318 1189 1387 portavernut?
1239 1314 1477 1384 Apostoli
1525 1313 1895 1383 praedicantes,
1940 1311 2007 1366 de
2049 1313 2241 1381 quibus

653 1408 898 1473 audistis,
929 1423 1050 1463 cum
1076 1408 1338 1477 legeretur
1361 1404 1643 1473 Apostolus
1673 1419 1685 1454 :
1726 1401 2015 1472 Legatione,
2051 1402 2235 1472 inquit,

654 1515 748 1570 P'O
769 1498 970 1554 θητίετο
994 1498 1276 1567 fungimur,
1301 1497 1615 1549 obsecrantes
1658 1510 1749 1564 pro
1781 1492 1981 1547 Christo
2013 1493 2241 1547 reconci».

653 1594 770 1647 Πανί
798 1592 908 1646 Deo
940 1591 1005 1664 (ll
1037 1591 1153 1646 Cor.
1186 1606 1238 1655 v,
1265 1587 1378 1661 20).
1410 1588 1541 1657 ipsa:
1568 1596 1691 1641 sunt
1742 1586 1910 1640 nubes
1950 1585 2003 1639 in
2050 1585 2241 1655 quibus

653 1686 826 1751 venit,
856 1690 1081 1753 excepto
1108 1682 1336 1736 adventu
1363 1694 1459 1734 suo
1490 1678 1789 1751 posteriore
1808 1719 1822 1742 ,
1854 1691 1959 1747 quo
1985 1684 2240 1731 venturus

653 1789 734 1834 est
758 1778 995 1849 judicare
1015 1778 1165 1831 vivos
1194 1784 1247 1829 ct
1272 1783 1530 1829 mortuos.
1550 1770 1711 1829 Venit
1727 1770 1897 1840 primo
1914 1770 1964 1824 in
1988 1769 2236 1824 nubibus.

654 1870 780 1925 llaec
809 1870 979 1940 primo
1020 1882 1119 1923 vox
1166 1868 1330 1937 ipsius
1368 1866 1544 1920 sonuit
1581 1866 1631 1918 in
1683 1862 1968 1931 Evangelia
1999 1878 2012 1916 :
2046 1863 2240 1915 Amodo

652 1962 879 2015 videbitis
904 1959 951 2014 Γ
950 1960 1097 2013 ilium
1118 1959 1334 2013 hominis
1360 1958 1632 2010 uenientem
1652 1955 1703 2007 in
1726 1953 1959 2007 nubibus.
1975 1953 2111 2020 Quid
2132 1962 2235 2020 est,

652 2052 887 2106 Amodo?
916 2050 1101 2106 Nonne
1131 2050 1388 2105 Dominus
1410 2057 1589 2117 postea
1610 2054 1867 2100 venturus
1891 2054 1994 2111 est,
2026 2044 2240 2114 quando

652 2160 712 2199 se
739 2145 988 2215 plangent
1016 2158 1203 2198 omnes
1237 2142 1404 2197 tribus
1440 2150 1595 2195 terra:
1615 2140 1637 2193 ?
1659 2140 1810 2194 Prius
1839 2138 1981 2192 venit
2019 2138 2070 2192 in
2103 2154 2239 2208 pra:-

649 2235 978 2290 dicatoribus
1007 2236 1115 2290 suis
1135 2276 1148 2299 ,
1189 2244 1243 2289 et
1272 2233 1511 2303 implevit
1540 2240 1705 2287 totum
1734 2231 1919 2285 orbem
1951 2240 2235 2286 terrarum.

650 2328 767 2385 Non
792 2329 1105 2384 resistamus
1135 2327 1307 2398 primo
1334 2325 1601 2391 adventui,
1636 2332 1808 2379 utnon
1825 2338 2240 2393 expavescemus

648 2422 965 2479 secundum.
998 2422 1062 2476 Et
1090 2437 1165 2476 ra:
1192 2430 1309 2474 tunc
1340 2419 1716 2491 prregnantibus
1744 2426 1793 2471 et
1828 2418 2233 2472 mammantibus.

647 2513 892 2571 Audistis
920 2513 1077 2567 modo
1106 2514 1156 2566 in
1190 2512 1479 2581 Evangeiio
1509 2527 1523 2563 :
1554 2510 1754 2576 Cavete,
1774 2510 1895 2579 quia
1916 2509 2117 2563 nescitis
2139 2526 2239 2581 qua

647 2606 777 2661 hora
795 2609 960 2661 veniat
996 2605 1184 2673 (More.
1210 2621 1325 2670 xm,
1351 2603 1444 2671 26,
1488 2604 1573 2669 i7,
1617 2600 1729 2665 53).
1780 2601 1834 2655 ln
1881 2602 2046 2673 iigura
2096 2603 2236 2659 dicta

647 2709 790 2756 sunt.
819 2699 947 2767 ane
967 2708 1089 2753 sunt
1114 2708 1448 2768 praegnantes
1474 2740 1487 2762 ,
1518 2706 1574 2752 et
1608 2711 1730 2767 quae
1773 2706 1897 2751 sunt
1935 2696 2238 2753 lactantes?

647 2790 990 2861 Praegnantes
1026 2791 1215 2845 anima:
1250 2791 1520 2856 dicuntur,
1570 2805 1687 2859 quia
1732 2789 1931 2845 habent
1981 2804 2130 2859 spem
2182 2791 2236 2846 in

647 2883 865 2937 sarculo.
893 2882 1022 2950 Quae
1046 2891 1222 2936 autem
1248 2881 1453 2951 adepta
1474 2890 1598 2935 stmt
1611 2882 1719 2949 jam
1740 2880 1881 2953 quod
1908 2881 2193 2950 sperabant
2218 2925 2234 2949 ,

648 2987 746 3044 pro
799 2973 1119 3027 lactantibus
1175 2979 1301 3027 stmt
1347 2971 1556 3041 posiae.
1611 2970 1771 3025 Verbi
1821 2973 2025 3041 gratia:
2058 2987 2239 3028 emere

548 3094 554 3100 -
647 3066 762 3122 vult
786 3067 999 3132 villam;
1035 3081 1313 3137 praegnans
1343 3074 1445 3129 est,
1477 3063 1711 3118 nondum
1738 3064 1881 3119 enim
1913 3063 2107 3119 factum
2132 3074 2235 3133 est,

646 3166 815 3214 tumet
838 3158 1089 3212 uterusin
1117 3172 1212 3227 spe
1241 3174 1251 3209 :
1284 3157 1449 3221 emit;
1484 3156 1710 3226 peperit,
1743 3155 1875 3217 adeo
1905 3156 2064 3211 iactat
2096 3156 2237 3227 quod

646 3251 794 3305 emit.
836 3249 925 3304 Vw
946 3251 1323 3322 pre’gnantibus
1347 3259 1394 3303 et
1422 3248 1811 3302 mammantibus
1836 3265 1854 3302 :
1877 3264 1956 3303 vae
1999 3250 2090 3320 qui
2137 3249 2238 3303 ha-

645 3342 775 3398 bent
799 3357 948 3413 spem
987 3343 1038 3395 in
1068 3342 1267 3398 stecnle
1289 3383 1305 3406 ,
1335 3357 1415 3394 va:
1442 3342 1529 3411 qui
1561 3340 1765 3395 haerent
1799 3340 1879 3394 his
1908 3342 2068 3397 rebus
2106 3357 2239 3412 quas

647 3434 714 3489 de
737 3434 919 3488 δεουιί
951 3448 1046 3503 spe
1070 3443 1395 3503 pepererunt
1422 3434 1462 3485 '.
1491 3432 1626 3501 Quid
1664 3448 1807 3503 ergo
1857 3433 2239 3503 πωπω-θ

647 3449 714 3489 ne
737 3449 919 3488 saeuit
951 3449 1046 3503 spe
1070 3449 1395 3503 pepererunt
1422 3449 1462 3485 -.
1491 3449 1626 3501 quid
1679 3449 1739 3488 er
1772 3449 1807 3485 o
1857 3449 2016 3493 acuet
2060 3449 2238 3490 tacere

647 3526 970 3582 christianns
986 3526 1011 3577 ἲ
1029 3525 1115 3580 Uti
1144 3524 1361 3588 mundo,
1393 3449 2136 3592 Immii
2154 3534 2238 3581 est

648 3603 1946 3688 ltocmmic
1978 3618 2125 3685 dicit,
2163 3620 2240 3675 sic

652 3714 898 3769 hortatur
924 3727 1060 3784 quos
1089 3725 1195 3766 non
1222 3712 1331 3765 vult
1369 3710 1593 3765 inveniri
1644 3726 1673 3764 a
1727 3710 1814 3765 die
1853 3710 1937 3764 illa
1986 3721 2237 3782 tanquam

648 3813 985 3875 pra-guantes
1029 3812 1084 3859 et
1128 3811 1499 3867 mammantes,
1545 3802 1622 3857 sic
1658 3816 1752 3856 eos
1804 3802 2083 3859 hortatur:
2120 3823 2139 3856 ι
2166 3805 2240 3860 De

650 3908 864 3963 caetero,
891 3897 1103 3962 fratres,
1135 3905 1345 3968 tempus
1394 3896 1557 3951 breve
1608 3905 1693 3951 est
1722 3898 2023 3967 :reliquum
2061 3907 2143 3953 est
2182 3908 2240 3957 ut

648 4001 704 4047 et
731 3991 780 4045 hi
804 3991 891 4060 qui
920 3990 1115 4044 habent
1146 4000 1340 4043 uxores
1361 4030 1376 4055 ,
1407 3995 1657 4058 tanquam
1684 4003 1791 4043 non
1822 3987 2078 4044 habentes
2099 3990 2236 4055 sint;

648 4092 703 4136 et
730 4081 820 4151 qui
858 4080 1004 4145 ﬂent,
1037 4089 1288 4150 tanquam
1333 4094 1441 4134 non
1491 4078 1713 4146 ﬂentes;
1751 4088 1804 4135 et
1856 4081 1945 4152 qui
1983 4082 2236 4151 gaudent,

648 4182 902 4242 tanquam
951 4188 1055 4226 non
1098 4171 1421 4242 gaudentes;
1456 4180 1511 4227 et
1559 4173 1648 4242 qui
1700 4181 1902 4239 emunt,
1931 4174 2081 4244 quasi
2133 4189 2240 4229 non

650 4273 900 4321 tenentes
928 4264 988 4329 ³;
1022 4273 1075 4319 et
1099 4264 1189 4335 qui
1218 4273 1439 4318 utuntur
1467 4264 1567 4318 hoc
1595 4265 1792 4319 mundo
1816 4306 1830 4329 ,
1859 4275 2104 4335 tanquam
2135 4281 2243 4321 non

650 4368 863 4415 utentes
894 4357 1171 4427 :prteterit
1195 4358 1337 4412 enim
1368 4356 1537 4426 ﬁgura
1568 4356 1726 4425 hujus
1755 4357 1957 4413 mundi.
1989 4358 2122 4412 Volo
2146 4374 2242 4414 vos

657 4451 777 4505 sine
812 4448 1170 4504 sollicitudine
1209 4461 1330 4503 esse
1360 4467 1379 4499 ι
1414 4447 1460 4515 (Ι
1488 4445 1605 4501 Cor.
1631 4462 1724 4513 vn,
1749 4445 1968 4518 εει-52).
1999 4448 2100 4516 Qui
2126 4450 2243 4505 sine

649 4540 1009 4598 sollicitudine
1053 4548 1173 4607 est,
1219 4552 1440 4594 securus
1480 4546 1757 4608 exspectat
1802 4540 2014 4609 quando
2066 4543 2244 4599 veniat

648 4636 911 4691 Dominus
940 4633 1127 4702 ipsius.
1159 4630 1292 4687 Nam
1319 4632 1489 4701 qualis
1518 4646 1671 4685 amor
1695 4642 1775 4685 est
1803 4631 2021 4699 Christi,
2055 4634 2243 4691 timere

649 4745 721 4785 ne
747 4725 957 4783 veniat?
995 4726 1228 4789 Fratres,
1263 4739 1370 4778 non
1409 4723 1809 4779 erubescimus?
1853 4726 2139 4793 Amemus,
2188 4736 2243 4783 et

650 4823 901 4877 timemus
928 4834 997 4873 ne
1024 4818 1221 4872 veniat.
1253 4815 1412 4872 Certe
1436 4817 1791 4873 amamus‘lan
1820 4826 2031 4887 peccata
2058 4827 2241 4875 nostra

647 4913 767 4985 plus
798 4910 1070 4965 amamus?
1099 4908 1238 4979 Ergo
1280 4908 1390 4977 ipsa
1430 4907 1701 4962 oderimus
1733 4917 1946 4977 peccata
1969 4951 1983 4974 ,
2015 4919 2069 4964 et
2096 4924 2243 4965 ame-

646 5021 769 5061 mus
798 5020 919 5060 eum
945 5002 1036 5073 qui
1063 5012 1321 5057 venturus
1360 5010 1441 5055 est
1472 5000 1538 5054 ad
1572 5000 1839 5070 punienda
1872 5011 2105 5069 peccata.
2130 5000 2238 5057 Ve-

612 5128 620 5137 -
648 5101 783 5161 niet,
808 5098 1071 5162 velimus,
1101 5095 1333 5149 nolimus
1364 5110 1377 5145 :
1412 5108 1515 5146 non
1570 5092 1713 5146 enim
1762 5093 1882 5161 quia
1934 5093 2093 5149 modo
2132 5107 2238 5151 non

649 5190 817 5254 venit,
860 5188 981 5242 ideo
1033 5194 1289 5241 venturus
1345 5199 1450 5238 non
1503 5190 1606 5237 est.
1666 5184 1873 5245 Veniet,
1920 5193 1975 5239 et
2030 5186 2240 5251 quando

646 5282 859 5344 nescis;
892 5288 946 5334 et
982 5280 1025 5332 si
1068 5288 1308 5347 paratum
1344 5287 1395 5331 te
1445 5276 1723 5339 invenerit,
1773 5275 1902 5330 nihil
1938 5276 2033 5331 tibi
2086 5278 2241 5333 obest

650 5372 772 5444 quia
804 5370 998 5425 nescis.
1038 5368 1184 5423 Tune
1222 5368 1545 5423 exsultabant
1579 5367 1749 5421 omnia
1780 5366 1917 5437 ligna
1958 5368 2201 5428 silvarum
2221 5412 2235 5435 ,

651 5472 770 5517 ante
799 5461 986 5533 faciem
1013 5458 1241 5523 Domini,
1281 5460 1519 5528 quoniam
1551 5458 1681 5512 uertit
1711 5472 1732 5511 .°
1763 5458 1927 5526 prius.
1962 5458 2026 5517 Et
2057 5470 2239 5528 postea

651 5554 819 5627 quid?
852 5552 1106 5620 Quoniam
1149 5552 1283 5605 venit
1318 5551 1551 5622 judicare
1582 5560 1785 5603 terram.
1816 5550 1881 5604 Et
1918 5551 2240 5611 exsultabant

653 5647 825 5701 omnia
848 5644 986 5716 ligna
1005 5641 1266 5698 silvarum.
1292 5642 1449 5697 Venit
1483 5642 1655 5712 primo
1676 5683 1689 5705 ,
1719 5647 1773 5695 et
1800 5649 1979 5709 postea
2000 5640 2240 5708 judicare

728 5802 733 5807 -
767 5778 895 5840 1.421.,
921 5781 1168 5840 pararent.
1196 5782 1251 5840 At
1266 5774 1491 5840 plerique
1515 5780 1639 5831 Mss,
1663 5778 1901 5833 parerent.

720 5841 740 5871 ³
758 5839 833 5888 sic
853 5835 953 5887 Mss.
978 5845 1032 5888 At
1055 5838 1189 5897 add,
1214 5835 1279 5886 de
1291 5835 1467 5885 swczilo
1491 5840 1794 5897 pepererunt.

722 5904 742 5933 ³
764 5902 836 5951 sic
857 5899 1089 5948 meJiores
1105 5906 1214 5949 llas.
1254 5905 1308 5948 Δι
1331 5906 1448 5957 am,
1469 5911 1562 5949 non
1587 5901 1782 5947 utentes.
1807 5901 1939 5955 Ima,
1964 5908 2055 5945 non
2078 5908 2238 5947 emen-

659 5972 727 6016 tes
765 5970 972 6023 Er.,non
1007 5966 1211 6011 ementes
1234 5971 1320 6009 nec
1358 5966 1551 6008 utentes.

1858 450 1916 507 Β.
1958 446 2325 507 AUGUSTINI
2367 448 2660 508 EPISCOPI

3793 459 3909 525 1156

2356 576 2549 620 terram
2594 584 2608 620 :
2654 564 2986 622 exsultantes
3040 566 3269 623 inveniet
3318 580 3411 626 eos
3459 568 3554 639 qui
3605 570 3772 641 primo
3813 576 3910 644 ejus

2352 660 2598 715 adventui
2621 660 2981 726 crediderunt,
3004 662 3244 728 quoniam
3262 662 3415 719 mit.

2422 755 2509 809 i5.
2553 754 2685 809 Nam
2716 797 2730 819 ,
2775 742 3032 809 Judicabit
3078 756 3248 810 orbem
3290 765 3547 812 tetrarum
3590 759 3910 831 haesitato:

2351 865 2457 904 non
2488 860 2710 919 partem,
2745 849 2867 919 quia
2906 864 3015 903 non
3045 858 3247 918 partem
3290 850 3442 905 emit.
3484 850 3677 907 Totum
3702 853 3913 922 judicare

2353 940 2529 1004 habet,
2554 940 2673 1009 quia
2710 956 2804 1009 pro
2840 948 2947 994 toto
2972 942 3197 1010 pretium
3223 940 3387 996 dedit.
3419 941 3665 999 Audistis
3696 945 3911 1019 Evange-

2352 1032 2501 1097 lium,
2534 1035 2654 1101 quia
2697 1048 2815 1086 cum
2866 1035 3091 1099 venerit,
3133 1034 3341 1104 inquit,
3385 1038 3713 1107 congregabit
3758 1040 3915 1099 eiectos

2350 1141 2468 1179 suos
2515 1142 2547 1177 a
2594 1134 2811 1196 quatuor
2850 1127 3008 1181 uentis
3057 1126 3249 1198 (Marc.
3298 1143 3431 1195 xm,
3478 1128 3597 1199 27).
3644 1130 3912 1204 Congregat

2351 1216 2552 1272 electos
2575 1233 2764 1272 omnes
2793 1233 2821 1270 a
2840 1227 3068 1289 quatuor
3092 1221 3266 1275 ventis
3287 1236 3300 1273 :
3324 1236 3455 1292 ergo
3473 1224 3542 1278 de
3565 1230 3676 1278 toto
3696 1225 3911 1287 θὼοιθτ.

2350 1328 2549 1367 rarum.
2572 1313 2705 1380 Quia
2723 1322 2777 1367 et
2804 1314 2916 1383 ipse
2934 1314 3098 1368 Adam
3112 1313 3417 1387 [aliquando
3442 1316 3547 1371 hoc
3567 1318 3797 1373 dixeram
3826 1321 3907 1394 (an

2349 1404 2534 1459 orbem
2593 1416 2852 1460 terrarum
2883 1405 3147 1474 signiﬁcat
3200 1408 3498 1462 secundum
3551 1424 3774 1479 gmcsm
3822 1413 3907 1467 lin-

2348 1513 2528 1568 guam.
2571 1499 2809 1564 Quatuor
2848 1498 2991 1553 enim
3032 1500 3223 1554 littera;
3274 1510 3419 1566 sunt,
3476 1502 3544 1569 Α,
3604 1503 3665 1567 D,
3695 1504 3903 1569 A,etll.

2349 1587 2499 1645 Sicut
2523 1600 2700 1644 autem
2742 1589 2913 1645 Graeci
2942 1591 3262 1661 loquuntur,
3292 1604 3531 1664 quatuor
3572 1595 3715 1651 orbis
3757 1609 3907 1667 partes

2349 1682 2446 1737 has
2477 1682 2531 1736 in
2556 1683 2729 1752 capite
2757 1683 2960 1737 litteras
3002 1684 3216 1751 habent,
3240 1692 3482 1746 Δνατολὴυ
3517 1687 3701 1742 dicunt
3742 1688 3901 1748 Orien-

2350 1785 2487 1843 tem;
2529 1782 2685 1843 sum,
2704 1774 3080 1843 Occidentem;
3109 1784 3300 1849 Αρκτον,
3340 1779 3697 1849 Aquilonem;
3728 1789 3903 1849 Μυημο

2348 1881 2501 1942 δρίαν,
2528 1872 2802 1927 Meridiem
2834 1892 2848 1927 :
2878 1875 3042 1931 habes
3061 1918 3075 1942 ,
3108 1875 3295 1931 Adam.
3328 1875 3450 1944 ipse
3478 1892 3607 1948 ergo
3634 1877 3790 1933 Adam
3811 1888 3901 1935 toto

2348 1965 2478 2020 orbe
2505 1974 2764 2021 terrarum
2788 1980 3003 2037 sparsus
3030 1977 3131 2022 est.
3164 1968 3221 2022 lu
3252 1983 3358 2022 uno
3383 1968 3509 2025 loco
3540 1967 3671 2034 fuit,
3701 1980 3754 2025 et
3786 1974 3901 2026 oeci.

2347 2057 2442 2122 dit,
2491 2066 2545 2112 et
2585 2058 2814 2129 quodam
2861 2059 3021 2114 modo
3058 2060 3420 2114 comminutas
3470 2060 3707 2130 implevit
3745 2062 3899 2119 orbem

2350 2158 2612 2205 terrarum
2653 2169 2665 2203 :
2710 2152 2805 2206 sed
2856 2151 3216 2206 misericordia
3284 2151 3377 2205 Dei
3441 2150 3677 2221 undique
3724 2154 3900 2223 collegit

2350 2243 2631 2308 fracturus,
2676 2251 2730 2298 et
2770 2242 3020 2297 conﬂavit
3066 2244 3185 2312 igne
3208 2242 3512 2311 charitatis,
3541 2251 3598 2298 et
3624 2244 3741 2298 fecit
3767 2260 3897 2301 mm

2348 2337 2488 2407 quod
2516 2337 2739 2392 fractum
2780 2345 2912 2390 erat.
2964 2336 3119 2390 Novit
3162 2337 3291 2391 illud
3343 2336 3527 2392 facere
3574 2339 3755 2393 artifex
3799 2339 3894 2405 ille;

2349 2443 2506 2483 nemo
2562 2428 2809 2497 desperet
2842 2443 2856 2477 :
2888 2427 3114 2481 multum
3162 2427 3379 2497 quidem
3426 2436 3529 2493 est,
3586 2428 3681 2487 sed
3724 2428 3805 2500 qui
3844 2430 3897 2485 sit

2349 2519 2541 2574 artifex
2563 2562 2578 2584 ,
2610 2521 2859 2589 cogitate.
2891 2518 2983 2573 ille
3014 2518 3225 2583 refecit,
3258 2520 3348 2590 qui
3371 2518 3531 2586 fecit;
3563 2520 3653 2577 ille
3678 2520 3897 2576 retorsis-

2349 2615 2441 2677 vit,
2462 2615 2548 2684 qui
2580 2613 2845 2667 formavit.
2866 2612 3125 2667 Judicabit
3148 2615 3316 2667 orbem
3336 2624 3593 2669 terrarum
3611 2615 3664 2669 in
3678 2617 3892 2683 (equitate,

2346 2716 2394 2762 et
2420 2706 2634 2777 papulas
2662 2708 2714 2759 in
2735 2707 2943 2760 veritate
2970 2722 3084 2761 sua.
3108 2705 3239 2773 Qum
3265 2715 3347 2761 est
3374 2709 3603 2777 aequitas
3626 2717 3678 2763 et
3697 2708 3893 2762 veritas?

2347 2800 2703 2869 Congregabit
2729 2814 2909 2853 secum
2952 2798 3154 2853 electos
3177 2813 3303 2854 suos
3334 2800 3407 2854 ad
3432 2799 3893 2869 judieandum,ec-

2349 2902 2496 2946 teres
2519 2899 2698 2945 autem
2719 2890 2986 2960 separabit
3010 2890 3079 2944 ab
3107 2890 3330 2945 invicem
3353 2908 3368 2945 :
3402 2892 3668 2961 positurus
3685 2900 3760 2947 est
3779 2891 3892 2948 enim

2347 2984 2484 3038 alios
2522 2983 2587 3037 ad
2616 2983 2909 3044 dexteram,
2943 2982 3076 3038 alios
3115 2982 3184 3037 ad
3226 2983 3528 3039 sinistram.
3574 2982 3705 3052 Quid
3751 2992 3891 3038 autem

2348 3075 2571 3144 aequius,
2601 3074 2725 3144 quid
2756 3075 2953 3140 verius,
2984 3089 3144 3143 quam
3187 3083 3246 3128 ut
3270 3091 3377 3130 non
3424 3085 3732 3147 exspectent
3766 3076 3891 3130 tuiss-

2348 3167 2632 3224 ricordiam
2664 3167 2729 3221 de
2752 3164 2951 3235 judice,
2984 3168 3072 3236 qui
3104 3167 3394 3222 noluerunt
3422 3167 3600 3224 facere
3637 3168 3891 3225 misericor-

2347 3261 2510 3327 diam,
2535 3268 2815 3328 antequam
2847 3256 3056 3313 veniret
3076 3257 3401 3326 judcx’lQui
3440 3268 3619 3314 autem
3656 3257 3890 3312 voluerunt

2350 3358 2525 3412 facere
2550 3350 2989 3417 misericordiam,
3016 3366 3136 3404 (mm
3153 3351 3525 3421 misericordia
3538 3350 3889 3422 judicabuutor.

2347 3449 2562 3504 Dicetur
2592 3448 2732 3501 enim
2764 3446 2842 3501 eis
2870 3446 2936 3500 ad
2971 3445 3243 3500 dexteram
3274 3446 3468 3515 positis
3496 3459 3515 3502 ε
3555 3444 3747 3509 Venite,
3770 3444 3889 3497 betu-

2348 3542 2473 3596 dieti
2492 3539 2666 3594 Ratris
2686 3539 2803 3606 mei,
2838 3539 3079 3609 percipite
3102 3554 3315 3609 regnum
3347 3540 3490 3611 quod
3526 3539 3661 3597 vobis
3699 3542 3889 3606 parum

2348 3643 2418 3690 est
2438 3635 2499 3687 ab
2520 3633 2713 3704 origine
2732 3631 2929 3685 mundi.
2962 3631 3026 3684 Et
3054 3630 3275 3700 imputat
3302 3646 3470 3700 opera
3500 3625 3847 3687 misericordia
3875 3640 3886 3673 ί

2350 3726 2553 3781 Εειινὶυἰ
2569 3726 2701 3779 enim
2722 3767 2735 3789 ,
2760 3733 2807 3778 et
2846 3723 3055 3776 dedistis
3076 3722 3200 3776 mihi
3221 3721 3537 3776 manducare
3555 3738 3574 3787 ;
3592 3720 3737 3782 sitivi.
3755 3724 3799 3773 et
3814 3729 3887 3785 νο-

2348 3820 2490 3874 lastis
2515 3835 2611 3882 me,
2637 3824 2931 3872 etcastera.
2962 3815 3164 3870 Rursus
3202 3813 3271 3869 ad
3307 3816 3582 3870 sinistram
3604 3811 3773 3883 positis
3789 3805 3887 3877 quid

2348 3911 2685 3983 imputatur?
2737 3910 2870 3976 Quia
2930 3909 3217 3963 noluerunt
3270 3906 3450 3963 facere
3498 3900 3884 3961 misericordiam.

2351 4002 2420 4059 Et
2445 4018 2549 4073 quo
2574 4001 2763 4056 ibunt?
2792 4002 2871 4053 Ite
2888 4000 2940 4053 in
2960 4000 3131 4071 ignem
3157 4009 3422 4053 (sternunt.
3449 3998 3552 4053 Iste
3588 3994 3780 4050 auditus
3797 4002 3884 4047 tm-

2348 4097 2433 4151 lus
2466 4109 2713 4165 magnum
2744 4092 2997 4164 gemitum
3046 4090 3204 4146 faciet
3235 4092 3273 4145 ί.
3307 4090 3416 4146 Sed
3459 4089 3587 4160 quid
3623 4086 3747 4141 dixit
3781 4080 3885 4135 sliat

2350 4187 2631 4263 psalmus?
2660 4186 2726 4239 In
2764 4185 3007 4239 memoria
3036 4195 3228 4238 (eterna
3265 4184 3360 4237 erit
3404 4185 3616 4257 justus;
3649 4178 3709 4233 sit
3743 4174 3882 4229 audit!

2350 4281 2484 4335 malo
2529 4297 2628 4334 non
2660 4278 2842 4333 timebit
2872 4276 3046 4343 (Paul.
3096 4292 3204 4341 cu,
3260 4276 3341 4347 7).
3394 4274 3535 4344 Quid
3574 4281 3673 4339 est,
3716 4265 3882 4322 aeditui

2349 4372 2561 4429 malus?
2583 4369 2663 4424 Ile
2681 4371 2731 4423 in
2759 4370 2924 4441 ignem
2946 4378 3205 4433 wternum,
3234 4368 3321 4437 qui
3346 4376 3557 4439 paratus
3575 4372 3641 4418 est
3666 4356 3882 4419 diabeted

2350 4464 2545 4535 angelis
2568 4465 2676 4535 ejus
2703 4462 2917 4532 (Matth.
2950 4474 3080 4522 xxv,
3106 4458 3316 4529 51—48).
3342 4458 3443 4527 Qui
3472 4452 3710 4529 gaudebit
3736 4447 3794 4505 ad
3812 4460 3883 4535 ιμ’

2350 4533 2517 4611 ditum
2541 4533 2758 4615 bonum,
2789 4570 2893 4607 non
2926 4551 3130 4606 timebit
3156 4551 3229 4604 ab
3258 4551 3441 4605 auditu
3468 4547 3627 4603 male.
3647 4533 3881 4610 Quom

2349 4647 2653 4723 gaudebunt
2683 4645 2748 4700 ad
2776 4644 3014 4699 auditum
3046 4643 3275 4698 bonum?
3307 4640 3517 4706 Venite,
3549 4632 3771 4694 (tradidi
3802 4626 3881 4685 Pr

2350 4745 2439 4799 tris
2461 4743 2575 4795 mei.
2612 4742 2675 4795 Et
2699 4756 2728 4794 a
2769 4754 2876 4810 quo
2903 4736 3083 4792 auditu
3119 4751 3226 4791 non
3252 4734 3554 4791 timebunt?
3581 4730 3659 4787 Ite
3681 4728 3728 4781 in
3750 4724 3878 4792 iam“

2349 4847 2593 4891 wternum
2614 4876 2629 4901 ,
2657 4832 2742 4903 qui
2773 4840 2983 4903 paratus
3022 4839 3094 4883 est
3119 4827 3320 4881 diabolo
3345 4837 3394 4889 et
3422 4825 3612 4897 augetis
3646 4822 3761 4889 ejus.
3784 4811 3879 4867 H10

2348 4940 2430 4987 est
2458 4929 2698 4998 mquitas,
2729 4926 2841 4979 haec
2877 4923 3095 4978 veritus.
3132 4920 3390 4975 ludicabit
3414 4920 3555 4973 enim
3580 4913 3735 4969 erilem
3755 4914 3878 4998 term

2349 5040 2464 5078 rum
2493 4996 2543 5075 in
2566 5018 2818 5093 wquitute,
2848 5024 2893 5069 et
2913 5015 3127 5087 populos
3164 5015 3221 5066 in
3252 5014 3459 5066 veritate
3474 5024 3582 5064 suo.
3611 5006 3685 5061 Att
3711 4996 3877 5093 quiti"

2348 5116 2577 5185 injustus
2601 5085 2679 5177 es,
2702 5110 2877 5180 justus
2899 5085 3006 5163 non
3026 5109 3127 5161 erit
3144 5106 3341 5177 iudex?
3365 5115 3455 5159 aut
3481 5103 3599 5172 quis
3626 5107 3675 5151 ιιι
3688 5085 3873 5191 διεξωιί

2348 5223 2427 5273 cs,
2460 5222 2621 5260 verax
2644 5220 2750 5258 non
2781 5202 2882 5256 erit
2912 5199 3151 5255 veritas?
3184 5199 3290 5257 Sed
3315 5200 3360 5253 si
3384 5199 3463 5251 vis
3492 5194 3677 5247 habere
3701 5191 3874 5271 miseris

2348 5298 2588 5361 cordcm,
2618 5305 2734 5351 esto
2756 5294 3059 5349 misericors
3086 5301 3368 5363 antequam
3397 5288 3570 5345 veniat
3597 5300 3611 5338 ι
3638 5275 3872 5363 dimitte?

2348 5390 2473 5463 quid
2502 5391 2554 5444 in
2578 5359 2635 5444 te
2664 5390 3008 5443 commissura
3039 5394 3142 5452 est,
3182 5359 3247 5439 da
3271 5401 3337 5442 ex
3359 5398 3425 5441 eo
3444 5396 3548 5452 quo
3574 5359 3873 5464 συνάπτει

2348 5395 2473 5463 quid
2502 5395 2554 5444 in
2586 5400 2635 5444 te
2664 5395 3008 5443 commissura
3039 5395 3142 5452 est,
3182 5395 3247 5439 da
3271 5401 3337 5442 ex
3359 5398 3425 5441 eo
3444 5396 3548 5452 quo
3574 5395 3804 5431 ουυιιιειιο
3825 5395 3873 5463 γε

2348 5484 2415 5539 de
2444 5483 2595 5553 cujus
2620 5482 2747 5575 das,
2898 5480 2965 5537 de
2992 5479 3174 5575 illius?
3374 5486 3464 5531 tuo

2351 5544 2535 5632 esset':
2566 5589 2684 5628 cum
2717 5544 2784 5627 de
2813 5572 2953 5641 illius
2974 5572 3090 5641 das,
3114 5571 3341 5626 redditio
3370 5576 3471 5625 est.
3649 5552 3773 5613 eniti

2351 5586 2495 5632 esset
2524 5591 2535 5626 :
2566 5589 2684 5628 cum
2717 5586 2784 5627 ae
2814 5586 2865 5626 ιιι
2974 5586 3068 5626 das
3114 5586 3341 5626 reanttto
3370 5586 3471 5625 est.
3496 5586 3623 5633 wn
3649 5586 3771 5613 ww-
3796 5586 3846 5641 -έ

2349 5667 2464 5731 bes,
2484 5665 2623 5735 quod
2647 5680 2750 5719 nou
2768 5586 3565 5735 mm
3585 5654 3696 5706 aut

2352 5759 2461 5813 Deo
2486 5756 2800 5827 gratissimae
2821 5797 2835 5821 ,
2864 5753 3264 5821 misericordia,
3299 5751 3589 5812 humilitas,
3619 5733 3864 5794 confessa).

2413 5894 2428 5922 ι
2456 5899 2556 5938 Duo
2577 5897 2705 5949 Mss,
2726 5886 2883 5939 habet.
3566 5936 3611 5949 ,Α
3652 5943 3675 5949 _
3718 5924 3745 5949 ,ί

2412 5921 2929 6015 ἑαῖ“ξῖίὸῗ⁰ῗῖὲέὲἷῗὸ’ίη
2952 5957 3107 6007 Joan.,
3132 5963 3181 6003 ιι.
3209 5949 3297 6010 tt;
3324 5957 3373 6001 α
3560 5936 3629 5995 ω,
3650 5943 3694 5980 α.
3718 5921 3778 5976 l2.
