4088 6448
626 373 764 449 4239

624 492 847 559 ῥυτίκείιί
889 501 1012 547 sunt
1058 490 1147 560 qui
1177 503 1283 545 non
1326 487 1689 559 qumsierant,
1732 486 1930 542 inventi
1960 495 2086 542 sunt
2115 486 2206 557 qui

622 585 756 640 nihil
784 583 1168 654 exspectabant
1195 599 1208 635 :
1240 596 1399 652 quem
1430 595 1535 636 non
1564 579 1821 636 tenebant
1851 580 2015 635 Deum
2048 580 2207 649 polli-

617 679 925 742 citatorem,
950 680 1265 732 invenerunt
1285 673 1700 745 redemptorem.
1724 674 1844 730 1am
1869 675 2011 730 enim
2034 676 2204 732 Judaei

621 772 874 828 tenebant
922 771 1085 825 Deum
1133 770 1581 839 pollicitatorem.
1629 770 1755 841 quia
1809 769 1881 825 ibi
1922 770 2202 838 Pmphetae

614 862 1361 933 Christum'prtedicaverant,
1390 864 1461 917 ibi
1498 859 1772 917 Christum
1809 863 2199 930 promiserant;

613 956 708 1011 sed
735 971 893 1025 quem
924 956 1243 1026 promissum
1281 955 1592 1019 audierant,
1628 964 1945 1024 praesentem
1974 969 2078 1009 non
2104 970 2200 1010 co-

611 1060 953 1121 gnoverant:
998 1049 1105 1105 illis
1148 1058 1327 1105 autem
1369 1049 1689 1117 promissum
1733 1048 1862 1103 nihil
1906 1057 2057 1115 erat;
2105 1048 2201 1104 sed

615 1151 797 1198 tamen
840 1142 893 1197 in
938 1142 1225 1211 Prophetis
1264 1142 1425 1198 etiam
1452 1140 1519 1197 de
1563 1141 1669 1196 ﬁde
1718 1141 1959 1210 ipsorum
1994 1141 2195 1196 dictum

609 1244 744 1288 erat.
771 1234 884 1289 Non
911 1234 1109 1290 dictum
1142 1244 1259 1289 erat
1287 1235 1416 1303 ipsis
1439 1277 1455 1300 ,
1481 1235 1573 1289 sed
1595 1234 1793 1289 dictum
1814 1240 1931 1289 erat
1950 1233 2019 1290 de
2044 1234 2193 1305 ipsis.

609 1326 827 1382 Missum
856 1338 937 1383 est
964 1338 1017 1383 et
1038 1329 1103 1383 ad
1135 1330 1252 1383 illos
1283 1346 1297 1383 :
1340 1340 1395 1385 et
1438 1330 1664 1384 audistis
1687 1345 1755 1385 ex
1793 1329 2196 1400 diSpensatione

610 1418 739 1481 Dei;
764 1420 874 1487 ipsa
902 1420 1044 1474 enim
1073 1421 1231 1475 lectio
1256 1420 1416 1474 modo
1436 1421 1587 1475 vobis
1619 1420 1755 1476 lecta
1783 1431 1866 1477 est
1897 1422 1948 1477 in
1973 1422 2195 1478 Actibus

606 1511 985 1579 Apostolorum
1006 1552 1022 1577 ,
1070 1512 1339 1582 quomodo
1367 1514 1611 1568 centurio
1630 1511 1912 1569 Cornelius
1937 1515 2187 1571 credidit.

605 1602 887 1659 Cornelius
906 1606 1048 1660 enim
1069 1607 1314 1662 centurio
1336 1622 1439 1662 non
1468 1617 1584 1661 erat
1598 1607 1665 1662 de
1684 1620 1843 1677 gente
1861 1609 2188 1666 Judmorum.

604 1694 834 1765 Orabat,
862 1698 1173 1767 jejunabat,
1204 1699 1575 1771 elcemosynas
1620 1700 1866 1757 faciebat.
1898 1702 2013 1758 Non
2043 1704 2191 1759 illum

602 1786 840 1843 deseruit
870 1789 1008 1845 Deus
1036 1792 1281 1861 quamvis
1320 1791 1373 1847 in
1420 1790 1680 1848 Gentibus
1709 1795 2091 1861 constitutum;
2138 1805 2194 1851 et

601 1882 800 1937 missus
825 1892 908 1937 est
936 1884 984 1938 ei
1012 1884 1255 1954 angelus,
1279 1885 1369 1955 qui
1393 1886 1463 1940 illi
1493 1888 1762 1943 nuntiaret
1785 1886 1928 1958 quod
1958 1889 2193 1945 eleemo-

601 1986 754 2044 synre
774 1983 827 2027 ct
852 1974 1124 2030 orationes
1152 1976 1317 2045 ipsius
1338 1987 1571 2047 accepta:
1600 1977 1797 2035 fuerint
1818 1980 1957 2049 apud
1986 1981 2149 2037 Deum
2174 2001 2187 2037 :

600 2063 849 2128 credidit,
882 2065 1141 2122 advocato
1166 2067 1231 2121 ad
1258 2084 1317 2122 se
1338 2068 1499 2125 Petro
1525 2070 1658 2139 (Act.
1687 2070 1761 2141 κ).
1790 2070 2058 2143 Numquid
2082 2090 2188 2130 non
2242 2112 2249 2120 .

600 2154 752 2210 illum
778 2165 985 2225 poterat
1014 2158 1207 2214 docere
1232 2160 1492 2230 angelus?
1513 2161 1653 2215 Misit
1683 2162 1830 2217 illum
1856 2164 1921 2217 ad
1945 2163 2182 2234 Petrum,

598 2256 659 2303 ut
685 2252 851 2319 magis
878 2266 971 2320 per
1000 2251 1268 2307 hominem
1295 2254 1367 2307 illi
1399 2254 1531 2308 fides
1570 2254 1750 2319 ﬁeret;
1777 2257 1897 2327 quia
1942 2257 2188 2314 homines

596 2338 850 2411 dignatus
889 2352 1003 2397 erat
1033 2343 1292 2399 Dominus
1333 2344 1550 2400 visitare
1594 2363 1607 2397 :
1651 2362 1753 2402 nec
1798 2347 2188 2419 dedignabatur

597 2432 792 2488 docere
822 2449 916 2503 per
942 2433 1213 2490 hominem
1237 2478 1251 2500 ,
1295 2436 1385 2506 qui
1432 2436 1681 2508 dignatus
1708 2447 1791 2494 est
1838 2455 1959 2495 esse
2001 2442 2183 2497 homo.

594 2524 686 2581 Sic
710 2540 837 2596 ergo
862 2528 1091 2581 restituta
1120 2537 1192 2582 est
1218 2538 1353 2583 terra
1378 2530 1491 2599 ejus
1507 2571 1523 2596 ,
1556 2545 1663 2585 uno
1715 2531 1917 2601 pariete
1938 2534 2185 2590 veniente

593 2618 661 2673 de
682 2617 912 2686 Jndaeis,
936 2621 1109 2675 altero
1140 2622 1341 2691 pariete
1368 2622 1617 2678 veniente
1640 2622 1709 2678 de
1728 2623 1992 2681 Gentibus
2016 2644 2030 2692 ;
2062 2628 2185 2698 qui-

592 2708 692 2763 bus
712 2709 920 2765 duobus
934 2712 1220 2780 parietibus
1234 2712 1304 2768 de
1319 2712 1536 2769 diverso
1555 2714 1893 2771 venientibus
1909 2725 2054 2772 esset
2067 2718 2182 2788 ipse

591 2798 727 2871 lapis
743 2804 1033 2873 angularis,
1055 2805 1143 2860 ubi
1165 2807 1322 2861 ambo
1348 2809 1733 2878 copularentur
1747 2809 1962 2881 (Ephes.
1986 2829 2042 2879 ιι,
2062 2812 2178 2886 20).

663 2898 717 2952 3.
747 2897 939 2953 Iterum
966 2900 1238 2969 quomodo
1265 2903 1590 2971 accipimus,
1616 2902 1744 2959 Cum
1786 2915 1920 2960 terra
1955 2908 2064 2978 ejus
2089 2924 2181 2965 re-

589 2988 917 3045 stitueretur?
940 2989 1075 3046 Cum
1103 3006 1231 3048 caro
1259 2993 1373 3061 ejus
1404 2995 1834 3051 resuscitaretur.
1864 2997 2014 3052 Alius
2033 3002 2176 3055 enim

589 3082 925 3151 intellectus,
970 3094 1149 3142 tamen
1191 3102 1221 3141 a
1259 3086 1473 3143 Christo
1499 3104 1605 3143 non
1634 3090 1925 3158 recedens,
1970 3093 2049 3148 sic
2077 3108 2178 3164 po-

590 3183 693 3229 test
724 3176 879 3232 nobis
907 3191 1195 3235 occurrere
1236 3197 1248 3233 :
1298 3190 1439 3236 terra
1470 3183 1717 3237 restituta
1737 3226 1753 3251 ,
1781 3199 1909 3240 caro
1938 3188 2177 3243 resuscio

586 3274 716 3321 tata.
747 3268 871 3323 Post
897 3272 1342 3349 resurrectionem
1370 3275 1511 3329 enim
1550 3274 1717 3347 ipsius
1756 3275 1892 3332 facta
1920 3289 2043 3334 sunt
2076 3280 2175 3335 ista

588 3360 768 3413 omnia
797 3376 913 3430 quae
938 3373 1223 3419 cantantur
1252 3364 1303 3418 in
1348 3365 1581 3420 Psalmo.
1623 3367 1919 3423 Audiamus
1956 3371 2064 3440 jam
2108 3370 2177 3427 de

588 3459 749 3506 teme
788 3452 1126 3509 restitutione
1169 3456 1434 3511 Psalmum
1462 3459 1679 3530 plenum
1705 3461 1921 3531 gaudio.
1967 3462 2175 3519 Excitet

586 3544 747 3599 nobis
790 3546 903 3613 ipse
950 3547 1205 3603 Dominus
1239 3550 1377 3603 Deus
1408 3562 1592 3605 noster
1631 3552 1847 3621 dignam
1897 3564 2056 3609 tantae
2096 3557 2174 3611 rei

586 3639 1041 3708 exspectationem
1064 3650 1119 3695 et
1143 3640 1585 3737 jucunditatemgl
1606 3643 1718 3712 ipse
1747 3659 2053 3701 sermonem
2080 3662 2176 3701 no-

584 3740 757 3786 strum
790 3732 1097 3789 moderetur
1122 3744 1302 3805 aptum
1325 3732 1577 3790 cordibus
1614 3738 1809 3792 vestris
1829 3780 1842 3802 ,
1874 3749 1931 3793 ttt
1955 3740 2175 3810 quiquid

584 3822 677 3878 hic
702 3826 935 3880 exsultat
963 3840 1057 3881 cor
1082 3836 1322 3881 nostrum
1353 3828 1403 3882 in
1436 3827 1632 3882 talibus
1662 3830 2014 3898 spectaculis,
2052 3847 2173 3901 per-

584 3916 747 3973 ducat
775 3918 840 3973 ad
874 3919 1105 3991 linguam
1132 3962 1146 3982 ,
1176 3929 1232 3976 et
1258 3920 1382 3976 inde
1425 3922 1476 3975 in
1508 3936 1667 3977 aures
1692 3932 1898 3979 vestras
1920 3966 1933 3989 ,
1976 3924 2173 3982 deinde

583 4008 639 4063 in
666 4024 761 4065 cor
783 4020 1014 4065 vestrum
1040 4052 1059 4078 ,
1101 4012 1227 4067 inde
1266 4014 1317 4066 in
1348 4012 1487 4067 facta
1516 4023 1712 4069 vestra.

653 4102 707 4155 4.
742 4100 990 4156 Dominus
1032 4105 1277 4174 regnavit.
1314 4105 1408 4161 Ille
1448 4105 1535 4177 qui
1581 4107 1729 4161 stetit
1753 4116 1876 4163 ante
1896 4108 2127 4179 judicem
2152 4152 2169 4179 ,

581 4190 674 4246 ille
712 4192 800 4260 qui
840 4193 1019 4264 alapas
1041 4196 1278 4265 accepit,
1318 4196 1408 4252 ille
1454 4198 1543 4267 qui
1590 4197 1887 4269 ﬂagellatus
1936 4209 2019 4255 est
2044 4203 2172 4263 ,ille

581 4281 672 4351 qui
697 4293 984 4352 consputus
1010 4293 1130 4351 est,
1154 4286 1243 4340 ille
1277 4288 1366 4357 qui
1411 4287 1577 4355 spinis
1619 4299 1906 4344 coronatus
1931 4299 2051 4356 est,
2082 4292 2173 4349 ille

581 4374 671 4442 qui
700 4373 936 4444 colaphis
960 4390 1131 4430 ctesus
1158 4387 1260 4441 est,
1284 4377 1373 4432 ille
1392 4378 1479 4447 qui
1503 4379 1553 4432 in
1586 4378 1729 4450 ligno
1755 4394 2047 4451 suspensus
2067 4392 2167 4450 est,

582 4466 671 4522 ille
708 4468 791 4521 cui
842 4467 1092 4537 pendenti
1125 4469 1175 4523 in
1222 4470 1362 4541 ligno
1406 4470 1711 4526 insultatum
1738 4481 1850 4539 est,
1884 4474 1972 4529 ille
1998 4475 2085 4545 qui
2116 4476 2168 4530 in

579 4573 739 4613 cruce
776 4568 1017 4615 mortuus
1044 4570 1157 4627 est;
1201 4561 1291 4617 ille
1314 4562 1402 4633 qui
1434 4562 1612 4618 lancea
1641 4579 1927 4634 percussus
1946 4576 2047 4632 est,
2083 4568 2170 4624 ille

576 4651 667 4721 qui
713 4652 950 4722 sepultus
978 4662 1096 4721 est,
1126 4653 1239 4725 ipse
1279 4658 1593 4711 resurrexit.
1628 4656 1878 4714 Dominus
1922 4662 2169 4731 regnavit.

576 4744 809 4801 Steviant
856 4758 1110 4817 quantum
1157 4760 1377 4819 possunt
1418 4766 1614 4821 regna;
1646 4752 1773 4821 quid
1803 4762 1927 4808 sunt
1967 4753 2165 4810 factura

574 4836 704 4909 Regi
761 4853 1044 4909 regnorum
1069 4882 1085 4906 ,
1135 4841 1356 4898 Domino
1402 4844 1637 4897 omnium
1677 4859 1862 4914 regum
1887 4886 1904 4912 ,
1928 4844 2168 4902 Creatori

573 4930 811 4985 omnium
844 4930 1197 4986 szecnlorum?
1220 4933 1299 4987 An
1332 4933 1452 4989 ideo
1491 4935 1881 5002 contemnitur,
1906 4938 2027 5007 quia
2061 4948 2165 4993 tam

573 5022 894 5087 submissus,
925 5032 981 5078 et
1009 5033 1113 5077 tam
1144 5024 1355 5081 humilis
1383 5027 1659 5096 apparuit?
1680 5027 2034 5083 Misericordia
2061 5040 2163 5098 est,

576 5127 682 5166 non
716 5114 1023 5184 impotentia
1055 5133 1074 5170 :
1105 5116 1193 5171 illc
1217 5117 1361 5172 enim
1389 5118 1602 5173 lmmilis
1642 5106 1915 5188 apparuit,
1946 5131 2002 5173 ut
2041 5137 2163 5177 eum

572 5219 907 5273 caperemus.
963 5206 1067 5262 Sed
1115 5208 1223 5277 jam
1264 5209 1539 5266 videamus
1572 5229 1583 5264 :
1616 5209 1867 5267 Dominus
1915 5215 2164 5284 regnavit;

573 5296 787 5349 exsultet
814 5307 946 5350 terra
968 5338 984 5363 ,
1000 5298 1349 5367 jucundentur
1371 5302 1556 5357 insulte
1578 5303 1769 5356 multat.
1804 5302 1897 5357 Est
1926 5304 2157 5372 quidem,

570 5387 692 5457 quia
721 5387 939 5443 verbum
973 5388 1065 5443 Dei
1104 5406 1209 5446 non
1256 5392 1307 5446 in
1338 5394 1449 5448 sola
1475 5394 1767 5450 continenti
1800 5404 1939 5451 terra
1968 5397 2161 5467 praedi-

570 5491 747 5536 catum
774 5492 895 5549 est,
928 5482 1023 5537 sed
1049 5483 1207 5539 etiam
1246 5486 1299 5541 in
1340 5487 1529 5543 insulis
1552 5504 1671 5559 qua:
1712 5489 2013 5545 constituue
2041 5501 2163 5548 sunt

571 5573 623 5629 in
652 5573 829 5629 medio
853 5575 987 5630 mari
1016 5585 1106 5631 :et
1137 5577 1265 5647 ipsa:
1296 5579 1465 5649 plena:
1489 5579 1810 5647 christianis,
1844 5582 2014 5653 plenae
2039 5592 2164 5640 sunt

571 5666 741 5719 servis
765 5664 883 5721 Dei.
908 5664 1022 5722 Non
1050 5669 1192 5723 enim
1222 5680 1433 5741 separat
1461 5687 1609 5727 mare
1637 5688 1757 5729 eum
1786 5674 1876 5744 qui
1904 5674 2027 5731 fecit
2049 5690 2162 5731 ma-

571 5771 649 5810 re.
680 5754 795 5824 Quo
824 5772 988 5815 naves
1023 5772 1243 5831 possunt
1270 5763 1554 5832 accedere,
1579 5766 1741 5821 verba
1779 5766 1872 5824 Dei
1909 5784 2013 5822 non
2041 5783 2163 5838 pos-

572 5849 735 5902 sunt?
761 5848 995 5918 Impletce
1031 5863 1155 5909 sunt
1184 5854 1389 5911 insulsa.
1416 5855 1795 5914 Verumtamen
1846 5868 2068 5929 possunt
2104 5869 2163 5917 et

1869 368 1927 424 S.
1972 366 2336 425 AUGUSTINI
2380 366 2680 425 EPISCOPI

3775 385 3893 443 1950

2317 485 2371 541 in
2404 485 2568 556 ﬁgura
2592 496 2736 543 recte
2763 488 2929 559 accipi
2962 488 3149 545 insulae
3174 532 3187 556 ,
3216 506 3409 547 omnes
3440 491 3715 551 Ecclesiae.
3740 496 3894 567 Quare

2316 576 2548 632 insulae?
2570 576 2702 647 Quia
2724 581 3191 639 ctrcutnlatrantur
3210 583 3464 640 ﬂuctibus
3486 587 3724 644 omnium
3746 599 3894 650 tenta-

2316 670 2538 725 tionttm.
2567 671 2673 727 Sed
2700 673 2968 743 quomodo
3004 675 3170 731 insula
3201 678 3443 747 undique
3462 678 3891 755 circumstrepen-

2315 764 2453 819 tibus
2475 764 2718 821 lluctibus
2741 768 2886 822 tundi
2916 778 3111 838 potest,
3143 768 3311 841 frangi
3343 787 3455 827 non
3490 784 3686 843 potest,
3714 780 3890 848 magis-

2311 872 2415 926 que
2458 858 2567 928 ipsa
2612 858 2802 930 frangit
2860 861 3048 917 lluctns
3087 863 3406 931 venientes,
3449 880 3613 935 quam
3661 866 3893 941 frangitur

2309 949 2379 1005 ab
2426 951 2505 1007 eis
2534 971 2546 1005 :
2574 953 2650 1008 sic
2686 962 2741 1009 et
2784 954 3037 1010 Ecclesia:
3087 957 3177 1011 Dei
3228 957 3559 1027 pullulantes
3609 976 3701 1030 per
3741 972 3889 1021 totum

2309 1043 2493 1098 orbem
2552 1053 2845 1112 terrarum,
2876 1063 3046 1117 passae
3098 1057 3221 1104 sunt
3289 1050 3697 1119 persecutiones
3748 1055 3886 1110 undi-

2307 1150 2409 1205 que
2457 1136 2794 1194 frementium
2845 1140 3176 1209 inlidelium,
3223 1151 3279 1197 et
3322 1158 3459 1199 ecce
3506 1145 3885 1217 stautin'sulte,

2306 1236 2359 1283 et
2380 1228 2489 1297 jam
2520 1230 2778 1299 placatum
2805 1241 2887 1287 est
2914 1248 3077 1288 mare.
3106 1232 3473 1290 Jucundentur
3508 1236 3691 1291 insula:
3717 1240 3884 1297 multo.

2374 1320 2427 1376 5.
2462 1318 2618 1393 [vers.
2646 1321 2725 1395 2.]
2762 1340 2779 1373 ι
2815 1322 2992 1379 Nubes
3019 1334 3073 1380 et
3097 1326 3266 1396 Caligo
3292 1327 3348 1381 in
3378 1327 3609 1383 circuitu
3636 1330 3782 1399 ejus;
3807 1331 3883 1399 ju-

2303 1412 2445 1467 stitia
2484 1424 2539 1469 et
2564 1415 2819 1483 judicium
2861 1415 3086 1472 directio
3117 1418 3257 1473 sedis
3286 1418 3429 1489 ejus.
3468 1438 3487 1472 ι
3520 1419 3722 1487 Quibus
3745 1440 3763 1473 ι
3797 1440 3884 1479 nu-

2300 1505 2397 1562 bes
2425 1516 2479 1561 et
2506 1508 2675 1577 caligo
2705 1510 2755 1562 in
2786 1510 3010 1565 circuitu
3036 1510 3183 1580 ejus?
3210 1530 3227 1562 ι
3248 1510 3462 1579 Quibus
3483 1530 3502 1562 ι
3520 1513 3720 1580 justitia
3746 1524 3796 1569 et
3812 1515 3881 1585 ju-

2300 1598 2495 1655 dicimn
2526 1600 2750 1656 dircctio
2772 1602 2915 1657 sedis
2940 1602 3094 1673 ejus?
3132 1623 3150 1656 ι
3186 1604 3367 1659 Nubes
3397 1613 3455 1660 et
3490 1604 3664 1677 caligo
3690 1606 3874 1677 impiis,

2299 1692 2388 1762 qui
2414 1707 2534 1748 eum
2577 1708 2679 1748 non
2712 1694 3117 1762 intellexerunt;
3135 1696 3339 1766 justitia
3364 1706 3419 1753 et
3441 1697 3701 1767 judicium
3733 1700 3879 1758 ﬁdeli-

2298 1785 2417 1849 bus,
2443 1787 2530 1856 qui
2566 1788 2618 1842 in
2644 1803 2764 1843 eum
2790 1788 3131 1845 crediderunt
3156 1808 3169 1844 :
3195 1790 3270 1845 illi
3302 1791 3450 1845 enim
3484 1806 3581 1861 per
3600 1793 3875 1861 superbiam

2298 1894 2402 1934 non
2438 1879 2722 1946 viderunt,
2752 1880 2823 1936 illi
2848 1896 2943 1953 per
2968 1881 3318 1938 humilitatem
3363 1882 3525 1953 dirigi
3572 1894 3871 1940 meruerunt.

2296 1972 2434 2027 Audi
2461 1971 2632 2027 nubes
2655 1982 2708 2028 et
2736 1973 3005 2035 nebulam,
3028 1983 3084 2029 et
3112 1974 3230 2030 audi
3255 1973 3524 2044 justitiam
3546 1984 3600 2029 et
3619 1974 3871 2044 judicium.

2296 2065 2317 2120 Ι
2323 2081 2415 2136 pse
2429 2066 2684 2121 Dominus
2699 2068 2803 2121 ait:
2822 2065 2884 2121 In
2898 2068 3145 2135 iudicium
3162 2084 3251 2139 ego
3273 2068 3325 2122 in
3344 2068 3485 2121 hunc
3505 2068 3743 2122 mundum
3758 2071 3869 2136 t'em',

2294 2166 2349 2211 ut
2386 2160 2471 2225 qui
2491 2174 2591 2212 non
2619 2158 2786 2214 vident
2807 2160 3024 2223 videant,
3046 2169 3091 2214 et
3110 2160 3196 2229 qui
3224 2160 3393 2213 vident
3418 2160 3540 2214 eieci
3557 2160 3682 2229 ﬁant
3702 2162 3719 2230 (
3736 2158 3869 2214 Joan.

2295 2264 2367 2315 tx,
2389 2250 2499 2321 59).
2523 2250 2658 2319 Quid
2690 2261 2792 2317 est,
2811 2252 2897 2322 qui
2927 2252 3097 2306 vident
3118 2252 3235 2305 caeci
3264 2253 3395 2321 ﬁant
3419 2251 3446 2306 7
3467 2251 3567 2317 Qui
3591 2252 3685 2307 sibi
3714 2250 3869 2307 videre

2293 2342 2558 2408 videntur,
2582 2344 2748 2414 quise
2764 2345 3031 2415 sapientes
3051 2354 3257 2415 putant,
3278 2344 3371 2415 qui
3391 2360 3499 2398 non
3514 2344 3614 2398 sibi
3629 2344 3867 2399 arbitran-

2293 2443 2378 2489 tur
2390 2437 2743 2492 necessariam
2758 2437 3198 2508 medicinam,ipsi
3212 2438 3339 2491 caeci
3357 2437 3617 2507 fiant,ipsi
3632 2452 3729 2492 non
3744 2437 3866 2491 intel-

2290 2526 2473 2597 ligant.
2488 2527 2587 2595 Qui
2605 2538 2779 2584 autem
2795 2546 2894 2584 non
2910 2529 3300 2594 vident,videant
3312 2546 3331 2583 :
3347 2530 3439 2599 qui
3457 2529 3743 2585 caecitatem
3758 2544 3866 2583 cou-

2291 2619 2528 2688 litentur,
2550 2623 2832 2677 illuminari
2851 2632 3173 2678 mereantur.
3196 2623 3276 2677 Sit
3292 2624 3306 2653 ‘
3329 2638 3464 2694 ergo
3485 2624 3535 2676 in
3551 2623 3753 2677 circuitu
3766 2623 3861 2691 ejus

2289 2712 2443 2767 nubes
2466 2722 2512 2767 et
2533 2714 2697 2785 caligo
2718 2756 2734 2781 ,
2768 2714 2850 2769 his
2875 2714 2964 2784 qui
2995 2729 3117 2769 eum
3148 2729 3255 2769 non
3284 2724 3656 2787 cognoverunt
3678 2731 3693 2780 ;
3715 2713 3860 2769 confl-

2288 2805 2522 2861 tentibus
2541 2815 2717 2861 autem
2739 2817 2793 2861 ct
2814 2806 3215 2861 humiliantibus
3231 2822 3313 2875 se,
3326 2808 3541 2878 justitia
3570 2816 3617 2862 et
3630 2806 3857 2878 judicium

2286 2899 2493 2953 directio
2513 2898 2644 2954 sedis
2669 2902 2796 2969 ejus.
2816 2899 3007 2954 Sedem
3021 2900 3136 2970 ejus
3147 2899 3277 2955 dicit
3294 2915 3392 2955 eos
3417 2902 3563 2971 ipsos
3583 2901 3669 2971 qui
3687 2901 3733 2954 in
3751 2914 3853 2955 eum

2285 2991 2627 3047 crediderunt
2652 3010 2663 3045 :
2693 2992 2761 3047 de
2785 2994 2909 3061 ipsis
2922 2993 3063 3048 enim
3083 2993 3182 3048 sibi
3205 2993 3331 3048 fecit
3350 2992 3562 3059 sedem,
3584 2994 3699 3064 quia
3720 2992 3765 3048 in
3788 2991 3854 3047 eis

2284 3082 2910 3154 sedetSapientiazFilius
2924 3086 3065 3141 enim
3085 3085 3483 3157 Dei,Sapientia
3502 3086 3595 3141 Dei
3618 3084 3740 3157 est(l
3754 3084 3850 3138 Cor.

2284 3189 2323 3240 ι,
2351 3174 2466 3244 24).
2497 3176 2808 3233 Audivimus
2833 3178 2852 3208 ²
2879 3186 3055 3232 autem
3083 3192 3150 3232 ex
3187 3176 3291 3232 alia
3318 3177 3594 3247 Scriptura
3630 3189 3847 3247 maguum

2283 3267 2441 3337 hujus
2486 3269 2844 3339 intelligentia:
2887 3270 3286 3327 documentum.
3329 3272 3517 3325 Anima
3542 3271 3704 3343 justi,
3729 3268 3849 3325 sedes

2280 3361 2560 3431 sapientior.
2594 3362 2731 3432 Ergo
2756 3363 2876 3433 quia
2921 3364 3005 3418 isti
3057 3363 3177 3417 facti
3204 3372 3327 3418 sunt
3358 3364 3522 3435 justi,
3550 3364 3636 3434 qui
3672 3364 3719 3417 in
3743 3376 3843 3416 eum

2280 3453 2668 3517 crediderunt;
2694 3454 2962 3524 justilicati
3006 3471 3069 3511 ex
3103 3456 3227 3523 fide,
3262 3456 3386 3513 facti
3427 3468 3552 3513 sunt
3597 3456 3743 3512 sedes
3782 3455 3846 3524 ip-

2280 3547 2433 3603 sius:
2462 3548 2613 3603 sedet
2652 3548 2702 3601 in
2748 3548 2874 3617 ipsis
2899 3590 2913 3615 ,
2950 3548 3194 3618 judicans
3235 3564 3299 3604 ex
3349 3549 3480 3620 ipsis
3506 3591 3520 3615 ,
3545 3558 3597 3604 et
3641 3548 3843 3617 dirigens

2280 3656 2394 3696 eos.
2426 3640 2639 3710 Quare?
2666 3641 2798 3708 Quia
2828 3651 3137 3697 mansuetos
3182 3642 3424 3706 invenit,
3456 3641 3840 3711 velutijumenta

2279 3733 2425 3787 mitia
2447 3774 2462 3801 ,
2490 3749 2593 3788 non
2625 3732 3041 3800 recalcitrantia,
3070 3749 3173 3787 non
3212 3733 3411 3787 collum
3453 3732 3728 3803 superbum
3759 3727 3837 3783 ad-

2278 3839 2466 3879 versus
2507 3828 2690 3896 jugum
2739 3826 2852 3895 ejus
2897 3826 3213 3881 excutieutia
3243 3867 3257 3891 ,
3302 3840 3411 3880 non
3441 3824 3699 3895 ﬂagellum
3742 3820 3838 3891 ejus

2279 3921 2576 3975 recusantia
2620 3938 2632 3975 :
2680 3921 2813 3976 facta
2866 3929 2990 3976 sunt
3028 3922 3266 3991 jutneuta
3321 3922 3442 3992 ejus
3483 3921 3656 3984 bona,
3706 3932 3834 3973 man-

2278 4020 2467 4075 sueta;
2519 4021 2573 4067 et
2626 4023 2930 4068 meruerunt
2974 4012 3116 4083 quod
3155 4014 3356 4069 dictum
3380 4024 3464 4070 est
3510 4014 3565 4069 in
3587 4011 3686 4067 alio
3721 4007 3835 4078 psal-

2277 4122 2387 4171 mo,
2409 4104 2601 4177 Diriget
2628 4108 2770 4161 mites
2796 4108 2849 4161 in
2859 4106 3076 4177 judicio,
3092 4107 3280 4161 docebit
3308 4118 3596 4163 mansuetos
3618 4106 3716 4159 vius
3735 4117 3833 4156 suos

2278 4198 2449 4271 (Psal.
2474 4214 2614 4267 χειν,
2639 4198 2713 4269 9).
2745 4199 3032 4267 Ρτονιεῑθει
3073 4214 3200 4271 ergo
3237 4199 3339 4254 illis
3381 4199 3537 4254 nubes
3581 4207 3625 4252 et
3660 4195 3828 4263 caligo.

2277 4294 2397 4363 quia
2445 4307 2549 4347 non
2598 4300 2721 4346 sunt
2770 4292 2901 4346 rcctl
2932 4292 2996 4357 8;
3052 4292 3341 4347 mansuetis
3401 4300 3617 4357 autem,
3655 4282 3829 4360 justitia

2276 4396 2323 4439 et
2342 4384 2598 4456 judicium
2626 4384 2834 4438 directio
2852 4384 2984 4440 sedis
3012 4386 3139 4455 ejus.

2347 4478 2399 4533 6.
2426 4476 2587 4549 luere.
2620 4474 2709 4549 3.]
2742 4474 2883 4547 Ignis
2912 4487 3028 4530 ante
3054 4474 3389 4544 eum,prceibit
3414 4516 3427 4541 ,
3457 4483 3504 4528 et
3527 4461 3826 4542 inﬂamntabit

2271 4570 2327 4624 in
2358 4570 2569 4623 circuitu
2607 4568 2835 4622 inimicos
2872 4570 2998 4638 ejus.
3032 4568 3103 4621 De
3143 4580 3249 4636 quo
3296 4566 3416 4635 igne
3442 4563 3567 4619 dicit
3589 4602 3603 4627 ,
3625 4558 3820 4613 fratres.

2274 4661 2421 4732 Ignis
2458 4672 2571 4715 ante
2608 4678 2719 4717 eum
2747 4660 2939 4731 praeibil
2958 4701 2972 4724 ,
3004 4668 3050 4713 et
3080 4660 3413 4729 inﬂammabit
3439 4658 3493 4712 in
3513 4652 3711 4710 circuitu
3737 4645 3819 4700 ini-

2273 4756 2428 4809 micos
2466 4754 2612 4825 ejus?
2636 4754 2751 4808 Non
2802 4753 3030 4807 arbitror
3071 4752 3138 4807 de
3185 4752 3275 4807 illo
3304 4752 3423 4823 igne
3449 4748 3582 4813 dici,
3616 4746 3662 4801 in
3686 4751 3817 4811 quem

2273 4846 2513 4904 mittendi
2540 4855 2662 4900 sunt
2685 4845 2829 4914 impii
2852 4845 2935 4899 illa
2959 4843 3334 4915 ultitnajudicii
3357 4839 3636 4903 sententia,
3655 4829 3818 4904 quibus

2272 4941 2335 4997 ad
2367 4941 2633 4996 sinistram
2656 4940 2934 5007 separatis,
2964 4939 3099 4994 sicut
3126 4940 3176 4993 in
3208 4938 3490 5009 Evangelio
3518 4934 3699 4988 lectum
3718 4935 3814 4977 me-

2272 5033 2554 5095 minimus,
2583 5030 2818 5087 dicturus
2838 5040 2948 5097 est,
2984 5029 3061 5085 Ite
3084 5032 3133 5084 in
3163 5032 3327 5101 ignem
3351 5039 3587 5085 wternum
3606 5065 3621 5086 ,
3645 5016 3815 5089 σαίρο-

2271 5135 2413 5178 ratus
2441 5134 2512 5177 est
2538 5123 2737 5177 diabolo
2757 5133 2802 5177 et
2830 5124 3022 5194 angelis
3048 5124 3158 5185 eius
3188 5122 3396 5192 (Matth.
3428 5133 3548 5181 xxv,
3572 5110 3655 5183 Η)
3684 5127 3694 5162 :
3725 5117 3811 5194 non

2270 5226 2398 5286 puto
2424 5215 2491 5270 de
2518 5215 2607 5269 illo
2636 5216 2757 5285 igne
2793 5193 2917 5270 dici.
2943 5214 3092 5270 Unde
3132 5214 3234 5270 hoc
3277 5230 3380 5270 non
3411 5209 3572 5284 puto?
3598 5203 3718 5274 Quia
3756 5193 3813 5250 dt‘.

2269 5308 2497 5379 quodam
2524 5308 2642 5378 igne
2669 5307 2831 5374 dicit,
2864 5308 2952 5377 qui
2983 5307 3190 5377 praeibit
3216 5316 3338 5362 ante
3368 5306 3530 5367 illum,
3557 5300 3805 5361 antequam

2269 5401 2447 5456 veniat
2470 5399 2534 5455 ad
2558 5398 2834 5470 judicium.
2868 5400 3070 5454 Dictum
3093 5408 3176 5455 est
3198 5400 3338 5455 enim
3368 5396 3551 5469 praeire
3576 5391 3731 5459 ί8¹³θ¹¹¹
3764 5381 3807 5430 ⁸⁸

2269 5492 2601 5547 inﬂammare
2624 5492 2675 5545 in
2703 5492 2947 5558 circuitu,
2974 5490 3027 5546 id
3056 5503 3138 5548 est
3162 5506 3254 5561 per
3277 5500 3438 5546 totum
3468 5483 3636 5539 orbem
3662 5483 3802 5572 terra-

2266 5602 2407 5654 rum,
2427 5586 2669 5641 inimicos
2694 5585 2827 5657 ejus.
2862 5585 2951 5641 Ille
2980 5585 3112 5657 ignis
3136 5594 3253 5657 post
3275 5585 3388 5657 ejus
3414 5580 3677 5637 adventum
3700 5568 3800 5624 erit;

2334 5744 2349 5774 ι
2377 5750 2441 5792 na
2463 5748 2567 5791 Mss.
2594 5751 2647 5791 At
2670 5742 2803 5804 Edd.,
2827 5744 2922 5793 sic.

2334 5805 2354 5835 ²
2376 5812 2581 5869 Quatuor
2607 5812 2733 5862 Mss.,
2758 5804 3033 5869 Δψάὶιηηιιδ.
3130 5868 3135 5869 ί
3159 5866 3169 5869 _
3487 5860 3513 5869 Δ,

2338 5868 2357 5899 ³
2376 5867 2561 5925 Aliquot.
2583 5873 2710 5926 Mss,
2743 5865 2918 5915 directi
2942 5879 2958 5915 :
2985 5875 3031 5915 ct
3057 5866 3267 5927 quidam,
3291 5865 3528 5916 nutrimen}
