4088 6434
928 372 948 382 ,,
965 348 1010 372 ,φ
1029 351 1035 356 ·

249 430 400 487 ηιί

243 546 360 602 iste
391 549 572 598 autem
605 536 740 610 ignis
778 543 904 590 ante
924 547 1045 590 eum
1078 527 1305 601 praeibit.
1333 525 1464 595 Quis
1483 535 1566 580 est
1601 535 1728 590 ergo
1758 521 1856 574 iste

246 635 440 710 ignis?
464 634 758 692 Possumus
797 644 919 685 eum
947 625 1190 696 accipere
1227 623 1279 678 in
1305 633 1520 694 pinnam
1547 614 1810 672 malorum
1837 652 1854 680 ,

246 706 552 803 possumus
573 727 629 783 in
653 724 876 781 salutem
903 720 1319 789 redemptorum.
1348 713 1405 769 ln
1436 724 1649 783 pinnam
1689 706 1861 762 malo-

215 863 219 866 -
248 800 381 880 rum
410 864 430 890 ,
462 815 768 892 quomodo?
801 814 934 884 Quia
980 826 1102 866 cum
1153 805 1535 880 prmdicaretur
1577 800 1819 858 Christus
1843 838 1860 862 ,

252 916 420 971 irata:
463 921 583 969 sunt
611 919 800 983 gentes
822 949 839 975 ,
867 912 923 961 et
948 907 1352 960 commoverunt
1389 893 1861 968 persecutionem:

251 1024 383 1081 quae
415 1009 494 1063 ira
521 1004 660 1076 ignis
701 1001 840 1067 fuit,
867 997 1036 1069 magis
1065 1005 1385 1052 consumens
1422 1003 1516 1045 eos
1556 986 1647 1058 qui
1687 999 1865 1056 perse-

252 1077 611 1172 quebantur,
660 1108 818 1166 quam
869 1106 963 1148 eos
1021 1103 1155 1160 quos
1211 1080 1686 1172 persequebantur.
1732 1077 1864 1132 Cum

254 1171 413 1248 enim
462 1189 705 1245 videmus
745 1185 914 1249 duos,
946 1195 1106 1237 unum
1137 1178 1482 1238 irascentem,
1511 1171 1737 1227 alterum
1770 1183 1866 1237 pa-

255 1285 468 1340 tienter
497 1282 756 1338 ferentem
776 1320 791 1345 ,
819 1277 937 1348 quis
961 1286 1146 1330 eorum
1171 1268 1390 1336 ardeat,
1411 1273 1648 1322 vestrum
1672 1269 1754 1317 est
1777 1259 1867 1330 ju-

257 1374 473 1431 dicare.
511 1370 745 1428 Potestis
783 1369 834 1423 in
863 1380 1058 1439 genere
1087 1363 1320 1418 humano
1357 1358 1460 1414 tale
1507 1352 1868 1426 spectaculum

260 1466 537 1524 contueri.
567 1463 758 1520 Ponite
772 1459 922 1515 vobis
943 1468 1066 1512 ante
1095 1453 1277 1511 oculos
1306 1450 1576 1506 hominem
1607 1446 1867 1516 iniquum,

262 1570 604 1619 commotum
631 1559 826 1620 animo,
854 1565 1053 1608 trucem
1078 1551 1244 1615 vultu,
1266 1542 1660 1602 ﬂammantibus
1679 1538 1865 1603 oculis,

267 1651 693 1709 scintillantihus
722 1645 895 1701 verbis
919 1686 932 1708 ,
968 1641 1094 1698 ferri
1121 1641 1172 1695 in
1197 1636 1430 1694 hominis
1456 1648 1664 1697 necem,
1696 1630 1748 1684 in
1775 1629 1871 1684 de-

270 1744 686 1819 prtedationem,
713 1741 765 1796 in
797 1737 1019 1809 injurias
1038 1778 1052 1798 ,
1085 1735 1137 1789 in
1164 1729 1534 1791 contumelias,
1569 1739 1672 1779 non
1699 1737 1758 1776 se
1785 1735 1875 1774 ca-

266 1815 435 1910 pere,
467 1854 578 1892 non
623 1850 681 1891 se
728 1843 941 1896 tenere;
970 1830 1194 1884 alterum
1232 1824 1494 1895 patienter
1519 1815 1871 1886 excipientem

265 1909 461 1996 verba,
495 1928 682 2000 plagas
702 1927 744 1992 ',
772 1919 1025 1994 quidquid
1053 1918 1143 1973 ille
1162 1918 1356 1972 inferre
1381 1909 1613 1967 voluerit
1631 1949 1646 1970 ,
1672 1914 1726 1961 et
1749 1918 1875 2000 per-

265 1994 513 2080 cutienti'
527 1994 820 2080 maxillam,
853 2021 1130 2084 parantem
1155 2016 1210 2063 et
1237 2007 1457 2060 alteram
1489 2019 1502 2055 :
1534 2015 1654 2056 cum
1679 1994 1876 2051 videris

266 2114 398 2171 hinc
446 2112 616 2168 furias
639 2149 653 2174 ,
685 2107 808 2164 inde
836 2105 1145 2165 lenitatem;
1175 2099 1300 2153 hinc
1325 2097 1456 2150 iram
1482 2135 1497 2158 ,
1525 2089 1648 2145 inde
1673 2087 1876 2158 patien-

268 2207 402 2261 tiam
427 2221 443 2270 ;
475 2203 605 2257 hinc
629 2199 891 2262 ﬂammas,
923 2193 1047 2249 inde
1075 2186 1430 2249 tolerantiam;
1460 2180 1728 2238 dubitabis
1751 2191 1877 2249 pro-

269 2269 535 2353 nuntiare
553 2293 669 2364 quis
684 2303 866 2346 eorum
889 2283 1074 2341 ardeat
1091 2291 1408 2353 poenamque
1431 2269 1696 2343 patiatur?
1718 2269 1876 2322 illene

268 2390 434 2460 cujus
461 2362 658 2456 corpus
686 2389 927 2444 vexatur,
952 2392 1018 2432 an
1041 2377 1190 2444 cujus
1215 2371 1424 2427 animus
1451 2363 1721 2422 vastatur?
1749 2362 1878 2416 Pro-

270 2455 463 2552 pterea
496 2488 554 2535 et
567 2455 732 2533 lsaias
757 2473 1014 2546 propheta
1037 2468 1169 2524 dixit
1195 2484 1209 2520 :
1237 2463 1302 2520 Et
1325 2478 1458 2517 nunc
1475 2459 1606 2532 ignis
1642 2455 1879 2509 adversa-

269 2544 374 2630 rios
424 2571 653 2628 comedet
699 2544 871 2640 (Isai.
918 2577 1081 2626 xxv1,
1112 2559 1173 2614 ll
1197 2565 1234 2628 ).
1283 2553 1418 2623 Quid
1461 2560 1578 2615 est,
1603 2548 1670 2603 Et
1699 2544 1880 2601 nunc?

273 2671 586 2739 Antequam
617 2663 793 2718 veniat
815 2659 930 2715 dies
959 2657 1047 2712 ille
1070 2651 1255 2723 judicii
1287 2660 1509 2718 magnus
1528 2687 1541 2707 ,
1561 2645 1669 2714 jam
1699 2640 1880 2695 l‘urore

272 2776 372 2817 suo
401 2732 602 2816 ardent
629 2755 721 2827 qui
751 2762 933 2824 postea
960 2746 1218 2819 supplicio
1242 2738 1550 2812 sempiterni
1573 2735 1716 2827 illius
1744 2732 1880 2827 ignis

275 2851 460 2909 arsuri
489 2821 769 2906 sunt.-Nisi
801 2842 939 2899 forte
962 2837 1181 2910 putatis,
1214 2836 1406 2889 iratres
1435 2828 1560 2890 mei,
1593 2825 1712 2895 quia
1742 2821 1880 2891 inju-

276 2944 457 3007 stitia,
486 2955 608 3012 qua:
637 2933 876 3008 procedit
900 2948 962 2986 ex
984 2928 1200 2986 homine
1228 2923 1293 2979 ad
1325 2918 1623 2977 laedendum
1651 2915 1877 2969 alterum

276 3007 562 3093 hominem
587 3075 600 3098 ,
631 3007 706 3086 illi
727 3027 792 3084 ad
814 3041 970 3097 quem
1004 3019 1244 3093 procedit
1267 3024 1425 3072 nocet
1448 3056 1463 3080 ,
1496 3019 1549 3067 et
1579 3009 1653 3065 illi
1679 3007 1746 3098 de
1773 3020 1880 3076 quo

276 3126 534 3200 procedit
564 3096 671 3179 non
701 3096 876 3175 nocet.
903 3114 1059 3172 Unde
1087 3112 1200 3166 ﬁeri
1228 3104 1443 3180 potest?
1472 3097 1772 3200 Aliquando
1789 3096 1878 3200 .l'a-

277 3188 403 3277 cula
437 3216 633 3274 ardens
658 3211 942 3284 apponitur
965 3207 1031 3262 ad
1061 3206 1260 3275 lignum
1293 3195 1569 3254 humidum
1596 3203 1649 3248 et
1672 3188 1840 3244 viride
1863 3231 1878 3255 ,

279 3327 331 3372 et
362 3329 482 3371 non
513 3309 641 3366 illud
667 3305 934 3368 incendit,
959 3303 1071 3371 ipsa
1107 3307 1283 3352 tamen
1311 3292 1494 3346 ardet:
1521 3289 1597 3343 sic
1627 3295 1682 3340 et
1707 3284 1883 3338 inimi-

279 3421 378 3464 cus
416 3415 558 3460 tuus.
583 3400 642 3458 Si
665 3398 786 3471 quis
820 3395 959 3451 forte
987 3391 1173 3448 existit
1203 3387 1430 3454 iujustus
1454 3380 1543 3452 qui
1575 3379 1667 3434 tibi
1698 3376 1883 3430 molia-

281 3510 368 3555 tur
402 3493 647 3558 insidias,
666 3469 751 3545 vel
772 3492 1036 3561 pra-paret
1057 3481 1286 3550 aliquam
1309 3471 1630 3533 molestiam,
1656 3469 1881 3535 iujustus

282 3603 365 3650 est
409 3610 421 3645 :
453 3600 509 3644 tu
534 3586 581 3642 si
608 3558 994 3651 viride—lignum
1018 3573 1183 3630 fueris
1207 3612 1221 3636 ,
1250 3569 1302 3623 id
1327 3575 1410 3623 est
1432 3607 1448 3632 ,
1481 3564 1525 3619 si
1547 3575 1708 3618 succo
1729 3558 1884 3628 Spiri-

283 3684 423 3742 tuali
445 3681 630 3753 vigens
647 3686 703 3733 et
719 3649 916 3738 virens,
933 3666 1159 3724 ﬂammis
1181 3658 1578 3717 inimicitiarum
1599 3649 1879 3714 restiteris,

287 3747 615 3843 orando'pro
642 3767 734 3823 illo
749 3764 839 3836 qui
863 3773 914 3818 te
933 3756 1292 3833 persequitur;
1312 3751 1402 3806 ille
1425 3747 1594 3810 ardet,
1621 3753 1676 3798 tu
1699 3754 1884 3796 manes

289 3835 539 3939 integer;
566 3872 621 3920 et
639 3857 894 3931 iniustitia
918 3853 1058 3909 illius
1085 3849 1159 3904 illi
1188 3852 1377 3908 nocet,
1405 3840 1498 3896 tibi
1534 3835 1666 3892 nihil
1705 3841 1882 3939 nocet;

290 3921 568 4016 Disiolorle
599 3921 752 4026 putas
777 3947 898 4020 quia
930 3951 1088 3999 nocet
1112 3938 1226 4002 tibi,
1255 3936 1300 3990 si
1326 3930 1659 4026 corporihtuo
1686 3921 1884 3994 aliquid

296 4049 508 4114 fecerit,
535 4055 588 4102 et
602 4019 785 4099 anima
798 4019 1015 4110 patiens
1041 4041 1097 4088 et
1117 4031 1418 4095 incorrupta
1446 4020 1511 4074 ad
1539 4019 1702 4073 Dettm
1729 4029 1888 4070 coro.

294 4140 472 4199 nanda
503 4133 825 4209 pervenerit,
854 4139 1084 4198 sequens
1103 4116 1404 4187 exemplum
1435 4109 1639 4166 Domini
1670 4107 1773 4170 sui,
1798 4104 1887 4174 qui

291 4235 401 4309 pati
432 4200 622 4288 maluit
665 4242 694 4281 a
735 4221 965 4285 Iudaeis,
999 4227 1054 4272 et
1077 4214 1165 4286 qui
1194 4215 1401 4282 poterat
1422 4220 1530 4309 non
1556 4200 1892 4309 tuom-mar:-

442 4330 546 4387 est,
579 4317 700 4390 quia
725 4323 779 4371 et
806 4313 894 4384 qui
928 4313 1134 4380 poterat
1162 4317 1266 4358 non
1292 4298 1459 4362 nasci,
1489 4302 1646 4349 natus
1673 4298 1777 4344 est.
1804 4287 1888 4342 Tu

291 4381 438 4476 enim
467 4381 772 4470 conditione
797 4381 952 4460 natus
977 4416 1054 4466 es,
1077 4398 1164 4453 ille
1179 4394 1479 4456 voluntate;
1503 4396 1557 4442 tu
1579 4381 1890 4441 conditione

291 4507 527 4568 moreris
550 4547 566 4570 ,
597 4503 687 4559 ille
729 4491 1117 4554 misericordia.
1146 4483 1427 4555 Quomodo
1465 4493 1592 4551 ergo
1632 4477 1709 4531 illi
1761 4472 1891 4528 nihil

296 4607 600 4659 nocuerunt
635 4593 832 4656 Jndzci;
867 4589 942 4643 sic
989 4600 1086 4640 nec
1131 4581 1222 4637 tibi
1269 4578 1546 4649 quisquam
1580 4576 1892 4642 persecutor

297 4696 554 4753 inimicus
585 4731 602 4761 ,
654 4689 699 4744 si
762 4695 820 4741 tu
876 4678 1104 4751 elegeris
1165 4687 1286 4729 esse
1345 4666 1644 4724 membrum
1705 4657 1894 4730 capitis

299 4972 354 5030 id
379 4982 466 5028 est
485 5011 500 5033 ,
526 4967 628 5021 hoc
672 4969 912 5031 tempore
941 4945 1344 5018 intelligendum
1375 4943 1428 4996 in
1462 4951 1673 5010 poenam
1705 4949 1918 5033 quam-.-

451 5022 744 5118 itilidelium
773 5022 826 5105 et
855 5049 1160 5116 iniquorum
1197 5055 1212 5092 :
1243 5034 1600 5103 intelligamus
1629 5027 1825 5096 ignem,
1850 5022 1894 5076 si

303 5165 611 5228 possumus,
639 5155 692 5201 et
717 5145 769 5198 in
799 5140 1025 5196 salutem
1057 5131 1491 5199 redemptorum;
1520 5121 1590 5174 ita
1611 5118 1751 5219 enim
1776 5130 1899 5218 pro-

301 5207 678 5322 posueramus.
703 5236 846 5291 Idem
879 5233 992 5301 ipse
1016 5224 1273 5282 Dominus
1297 5219 1370 5274 ait
1394 5235 1406 5271 :
1433 5213 1610 5286 Ignem
1639 5207 1749 5263 veni
1780 5207 1867 5260 mit
1885 5237 1896 5246 -

1030 5317 1097 5322 7“
1161 5315 1212 5322 -'
1276 5312 1288 5322 ⁵
1508 5321 1513 5322 ν
1553 5321 1559 5322 ί
1607 5302 1757 5322 κ---Ᾰ-
1793 5299 1870 5322 ..1,

308 5299 488 5396 iere—tn
512 5346 694 5390 terram
715 5326 864 5399 (Luc.
892 5299 986 5386 xu,
1015 5317 1130 5388 49).
1158 5315 1248 5370 Sic
1275 5312 1470 5383 ignem,
1495 5302 1762 5399 quomodo
1790 5299 1904 5370 gla-

313 5483 524 5581 mhiem
550 5519 602 5573 in
635 5483 829 5570 terrain
855 5551 870 5575 ,
896 5505 990 5562 sed
1016 5501 1248 5575 gladium
1281 5494 1491 5569 (Manli.
1522 5506 1558 5544 x
1577 5529 1590 5552 ,
1620 5488 1688 5542 54
1708 5488 1746 5556 ).
1775 5483 1902 5581 (ἶΙιιῖ

315 5617 462 5674 dium
506 5611 573 5668 ad
621 5603 1050 5677 separationem,
1103 5597 1278 5666 ignem
1324 5586 1390 5642 ad
1446 5584 1711 5639 ustionem
1754 5595 1767 5631 :
1809 5574 1903 5631 sed

316 5719 601 5776 utrumque
641 5673 908 5756 salubrem
935 5735 950 5759 ,
981 5690 1101 5760 quia
1131 5697 1186 5742 et
1205 5681 1411 5756 gladius
1440 5676 1587 5732 verbi
1620 5673 1793 5776 ipsius.
1819 5684 1905 5724 sa-

569 5809 666 5852 nos
701 5786 968 5860 separavit
1005 5799 1034 5838 a
1063 5773 1445 5836 consuetudine
1472 5769 1628 5825 mala.
1663 5762 1907 5820 Gladium

389 5969 406 6001 '
430 5968 503 6020 Sic
524 5971 630 6014 \tss.
657 5965 712 6010 At
728 5963 862 6012 t.ov..
885 5950 1082 6002 uerbera
1121 5959 1179 5997 ar
1203 5943 1385 6008 plagas.

1399 404 1794 467 ENARRATIO
1833 401 1896 456 ΙΝ
1939 400 2257 458 PSALMUM
2298 397 2479 455 XCVI.

3407 387 3548 447 1242

1967 521 2109 572 enim
2137 516 2334 582 attulit,
2358 524 2409 569 ct
2440 513 2709 587 separavit
2735 523 3166 583 unumquemque
3195 508 3428 566 ﬁdelium
3457 517 3551 565 aut

1964 623 1996 665 a
2039 617 2189 680 patre
2231 623 2328 662 suo
2368 605 2458 678 qui
2486 607 2536 660 in
2579 604 2848 660 Christum
2893 619 3001 659 non
3029 601 3366 670 crediderat,
3397 611 3490 658 aut
3517 617 3548 658 a

1965 709 2138 756 matre
2179 686 2428 754 similiter
2469 697 2667 754 inlideli
2693 713 2708 760 ;
2737 706 2828 752 aut
2857 705 3008 752 certe
3030 736 3046 759 ,
3073 697 3119 750 si
3149 694 3216 750 de
3241 695 3551 766 parentibus

1966 793 2251 849 christanis
2292 799 2447 847 natus
2485 800 2568 847 est
2591 833 2606 856 ,
2637 790 2824 845 saltem
2854 805 2882 842 a
2921 787 3177 859 progenie
3216 801 3310 841 sua
3351 787 3548 856 priore.

1967 887 2136 942 Nemo
2161 885 2302 941 enim
2327 894 2563 939 nostrum
2589 899 2692 937 non
2723 891 2813 936 aut
2836 897 3012 944 avum,
3036 889 3126 935 aut
3155 894 3430 948 proavum,
3461 886 3556 932 aut

1969 979 2197 1046 aliquam
2226 977 2496 1047 antiquam
2527 977 2784 1045 originem
2818 974 2870 1028 in
2897 972 3154 1029 Gentibus
3183 971 3386 1035 habuit,
3418 982 3472 1026 et
3500 971 3553 1025 in

1971 1073 2062 1128 illa
2082 1071 2392 1128 exsecrabili
2426 1071 2533 1124 Deo
2560 1068 2871 1123 infidelitate
2901 1085 2914 1121 :
2943 1065 3172 1134 separati
3197 1079 3382 1120 sumus
3403 1064 3469 1119 ab
3489 1078 3555 1118 eo

1971 1162 2112 1234 quod
2139 1176 2386 1226 eramus;
2415 1160 2507 1216 sed
2533 1159 2742 1231 gladius
2764 1157 3066 1213 intercessit
3094 1171 3378 1212 secernens
3406 1198 3422 1222 ,
3450 1170 3553 1210 non

1974 1255 2319 1312 interﬁciens.
2352 1254 2464 1310 Hoc
2496 1253 2654 1308 modo
2694 1261 2749 1308 et
2786 1252 2922 1322 ignis
2969 1249 3187 1322 :Igm’m
3216 1249 3323 1305 veni
3364 1258 3559 1303 nituere

1973 1348 2026 1402 in
2050 1357 2253 1403 terram.
2285 1347 2615 1402 Exarserunt
2643 1346 2884 1399 homines
2907 1343 3192 1398 credentes
3224 1343 3274 1397 in
3302 1356 3445 1406 cum,
3474 1356 3561 1397 ac-

1975 1450 2232 1511 ceperunt
2266 1439 2535 1494 ﬂammam
2567 1439 2881 1501 charitatis;
2913 1447 3193 1508 propterea
3218 1447 3273 1492 et
3302 1438 3418 1505 ipse
3441 1435 3564 1506 Spi-

1976 1535 2111 1590 ritus
2127 1545 2344 1589 sanctus
2361 1549 2480 1588 cum
2507 1532 2701 1587 missus
2716 1539 2859 1587 esset
2885 1530 3171 1599 Apostolis,
3194 1530 3270 1584 sic
3285 1529 3529 1600 apparuit
3548 1545 3561 1582 :

1990 1626 2120 1682 Visa:
2146 1636 2260 1681 sunt
2280 1626 2400 1689 illis,
2434 1625 2634 1696 inquit,
2662 1625 2849 1694 lingua:
2867 1622 3040 1676 divisa:
3057 1623 3189 1676 velut
3211 1622 3372 1693 ignis,
3399 1621 3488 1692 qui
3515 1628 3562 1674 et

1977 1718 2156 1773 insedit
2188 1735 2356 1787 super
2376 1733 2776 1787 unumquemque
2817 1715 3022 1769 illorum
3050 1715 3070 1785 (
3087 1713 3198 1768 Act.
3225 1729 3263 1768 ll
3288 1755 3302 1778 ,
3333 1713 3366 1769 5
3387 1713 3430 1784 ).
3458 1711 3565 1767 Isto

1978 1809 2100 1880 igne
2120 1809 2427 1863 inﬂammati
2456 1816 2736 1879 cmperunt
2761 1807 2837 1861 ire
2866 1821 2960 1876 per
2984 1804 3260 1868 mundum,
3285 1813 3339 1859 et
3363 1803 3567 1859 inﬂam-

1981 1918 2129 1958 mare
2153 1945 2167 1970 ,
2192 1913 2247 1958 et
2291 1901 2577 1958 incendere
2622 1902 2674 1956 in
2705 1900 2929 1956 circuitu
2972 1900 3216 1954 inimicos
3239 1899 3392 1969 .ejus.
3423 1899 3569 1968 Quos

1981 1995 2226 2050 inimicos
2250 1994 2402 2063 ejus?
2424 1995 2522 2062 Qui
2549 1993 2764 2049 deserto
2791 1993 2899 2048 Deo
2920 2008 2948 2046 a
2973 2008 3081 2063 quo
3102 1991 3225 2047 facti
3250 2000 3422 2055 erant,
3441 1991 3571 2046 ado-

1982 2085 2172 2140 rahant
2197 2085 2478 2140 simulacra
2505 2101 2624 2156 quae
2655 2085 2909 2139 fecerant.
2936 2083 3037 2153 Ipsi
3062 2083 3500 2150 incendebantur,
3524 2084 3571 2138 si

1982 2178 2108 2232 mali
2135 2185 2310 2242 erant,
2343 2176 2410 2232 ad
2427 2177 2925 2246 consumptionem;
2953 2177 2998 2231 si
3031 2175 3154 2230 boni
3179 2187 3363 2241 erant,
3393 2177 3458 2231 ad
3483 2191 3573 2232 re-

1984 2269 2310 2339 parationem
2344 2285 2358 2321 :
2389 2279 2480 2323 aut
2509 2269 2623 2339 ipse
2649 2267 3031 2324 incendebatur
3051 2309 3065 2334 ,
3096 2269 3184 2338 qui
3211 2269 3422 2324 nolebat
3452 2283 3574 2323 cre-

1983 2359 2133 2427 dere,
2161 2359 2252 2416 illo
2279 2360 2397 2431 igne
2415 2400 2432 2426 ,
2453 2359 2632 2416 audito
2661 2361 2824 2417 verbo
2852 2361 2942 2416 Dei
2968 2358 3137 2416 factus
3163 2360 3315 2431 pejor
3333 2402 3347 2426 ,
3379 2360 3574 2416 invidia

1985 2467 2078 2507 sua
2105 2462 2327 2507 exustus
2354 2461 2516 2523 atque
2543 2460 2930 2523 consumptus;
2963 2461 3055 2507 aut
3083 2452 3126 2506 si
3172 2461 3577 2507 converteretur

1985 2557 2039 2604 et
2063 2548 2336 2616 crederet,
2367 2564 2466 2605 nec
2484 2549 2632 2603 sicin
2658 2548 2746 2602 illo
2768 2547 2897 2602 nihil
2917 2547 3156 2602 arsisset.
3187 2548 3407 2601 Arserat
3432 2547 3575 2602 enim

1988 2641 2188 2706 fenum,
2218 2651 2277 2696 ut
2307 2649 2620 2711 purgaretnr
2643 2653 2853 2694 aurum.
2882 2639 3084 2693 Aurum
3117 2636 3247 2692 fides
3267 2644 3370 2700 est,
3397 2637 3574 2692 fenum

1985 2733 2216 2788 carnalis
2241 2732 2669 2803 concupiscentia
2696 2740 2798 2786 est.
2831 2727 3009 2784 Omnis
3037 2745 3156 2782 caro
3184 2733 3378 2799 fenum,
3408 2726 3573 2783 Isaias

1985 2823 2151 2890 dicit,
2180 2832 2225 2878 et
2255 2823 2415 2878 omnis
2444 2824 2604 2877 honor
2639 2821 2806 2876 carnis
2834 2830 2888 2875 ut
2917 2821 3012 2891 ﬂos
3045 2821 3147 2892 feni
3177 2820 3330 2892 (Isai.
3365 2834 3466 2886 xc,
3498 2817 3576 2889 6).

1985 2917 2250 2988 Quidquid
2281 2926 2364 2972 est
2381 2932 2511 2988 ergo
2538 2917 2590 2971 in
2621 2916 2836 2970 homine
2861 2914 3059 2970 carnali
3080 2922 3340 2985 appetens
3367 2927 3503 2968 vana
3525 2921 3581 2968 et

1986 3011 2261 3068 saecularia
2290 3053 2305 3080 ,
2339 3010 2516 3066 fenum
2559 3018 2661 3066 est.
2687 3010 2857 3076 Quam
2904 3000 3056 3063 multi
3101 3007 3272 3071 forte,
3305 3015 3360 3061 et
3388 3005 3582 3064 fratres

1989 3106 2158 3162 nostri
2207 3104 2380 3160 ierunt
2423 3103 2488 3160 ad
2529 3102 2831 3158 theatrum?
2861 3101 2981 3156 leno
3029 3100 3171 3156 ducti
3211 3106 3352 3154 sunt.
3393 3097 3583 3154 Nonne

1989 3195 2250 3268 optandus
2271 3187 2476 3251 est'illis
2497 3195 2597 3249 iste
2620 3194 2772 3263 ignis,
2799 3202 2856 3246 ut
2879 3191 3059 3246 fcitum
3087 3189 3289 3254 ardeat,
3315 3198 3368 3245 et
3393 3204 3582 3244 aurum

1989 3297 2244 3360 purgetur
2269 3289 2292 3340 ?
2320 3286 2471 3356 Quod
2499 3287 2640 3341 enim
2671 3285 2772 3340 illis
2804 3285 2941 3339 inest
2966 3283 3108 3343 lidei.
3143 3281 3265 3337 leno
3295 3281 3579 3351 premitur.

1989 3380 2194 3435 Bonum
2225 3390 2304 3433 est
2330 3395 2456 3449 ergo
2485 3378 2562 3432 eis
2587 3375 2780 3432 ardere
2803 3384 2988 3431 sancto
3016 3375 3137 3445 igne
3163 3416 3175 3436 ,
3202 3382 3258 3428 ut
3300 3372 3420 3427 leno
3447 3387 3580 3427 con-

1989 3480 2222 3543 sumpto,
2255 3469 2531 3540 Splendeat
2561 3469 2851 3538 pretiosum
2883 3467 3023 3538 quod
3057 3465 3280 3520 rcdetnit
3309 3464 3581 3521 Christus.

1990 3563 2312 3637 Ergo,lgnis
2341 3572 2455 3617 ante
2481 3577 2594 3616 eum
2618 3559 2836 3633 praeibit,
2857 3569 2902 3612 et
2933 3557 3265 3628 inﬂammabit
3291 3559 3343 3610 in
3373 3554 3585 3609 circuitu

1989 3657 2220 3711 initnicos
2269 3657 2396 3726 ejus.
2430 3655 2593 3709 Sunt:
2613 3653 2706 3724 qui
2759 3651 3044 3705 salubriter
3089 3658 3376 3714 arserunt,
3428 3645 3586 3702 hodie

1995 3747 2178 3802 ﬁdeles
2207 3747 2325 3814 ejus
2352 3733 2709 3808 sunt;inintici
2736 3742 2854 3813 ejus
2881 3750 3052 3800 erant,
3071 3748 3126 3795 et
3149 3754 3289 3794 nunc
3311 3738 3422 3808 jam
3455 3736 3588 3791 lide-

1993 3841 2072 3895 les
2095 3840 2212 3907 ejus
2239 3849 2364 3892 sunt
2398 3856 2410 3892 :
2439 3838 2636 3907 quzeris
2665 3833 2928 3896 inimicos,
2954 3846 3060 3886 non
3093 3838 3251 3895 sunt;
3281 3827 3586 3896 consumpti

1993 3939 2138 3993 sunt,
2160 3937 2438 3992 arserunt;
2464 3927 2692 3982 charitas
2710 3921 3040 3991 consumpsit
3069 3921 3120 3974 in
3143 3921 3220 3975 eis
3245 3919 3384 3988 quod
3406 3932 3589 3987 persc-

1995 4025 2296 4095 quehantur
2319 4024 2334 4053 ¹
2365 4021 2633 4075 Christum
2652 4059 2665 4082 ,
2693 4027 2747 4072 et
2771 4016 3011 4086 purgavit
3040 4015 3090 4068 in
3122 4013 3200 4068 eis
3225 4011 3366 4082 quod
3394 4009 3588 4066 crede.

1995 4127 2116 4173 rent
2142 4118 2192 4171 in
2217 4114 2489 4170 Christum
2524 4131 2536 4166 :
2573 4110 2636 4164 Et
2662 4107 2998 4179 inﬂatnntabit
3037 4107 3088 4160 in
3120 4105 3333 4160 circuitu
3359 4103 3590 4158 inimicos

1995 4211 2124 4280 ejus;

2069 4303 2122 4359 8.
2166 4303 2314 4376 [verm
2360 4299 2438 4373 4.]
2480 4299 2838 4369 Appuruerunt
2880 4294 3086 4365 fulgura
3123 4294 3233 4364 ejus
3276 4291 3383 4345 orbi
3422 4299 3588 4345 terra).

1997 4395 2184 4465 Magna
2205 4390 2509 4447 exsultatio.
2531 4388 2718 4443 Nonne
2744 4385 3022 4440 videmus?
3050 4398 3226 4440 nonne
3252 4381 3590 4437 manifestum

1999 4488 2120 4543 est?
2165 4487 2541 4555 Apparuerunt
2580 4479 2783 4549 fulgura
2823 4477 2939 4547 ejus
2981 4475 3239 4531 universtc
3282 4483 3472 4535 torrat;
3510 4471 3592 4524 iu-

2000 4578 2254 4634 ﬂammati
2279 4572 2642 4639 suntinimici,
2666 4571 2866 4626 incensi
2893 4577 3015 4624 sunt
3042 4567 3262 4623 inimici.
3287 4565 3431 4621 Arsit
3451 4564 3596 4635 quid-

2001 4671 2127 4744 quid
2167 4668 2597 4733 contradicebat,
2631 4674 2684 4720 et
2717 4671 3061 4735 apparuerunt
3100 4661 3306 4732 fulgura
3343 4661 3454 4729 ejus
3488 4659 3598 4712 orbi

2001 4773 2168 4818 terrae.
2199 4758 2478 4828 Quomodo
2507 4756 2900 4828 apparuerunt?
2928 4754 2992 4810 Ut
3016 4752 3126 4823 jam
3155 4751 3454 4807 crederent.
3488 4747 3598 4805 Un-

2002 4855 2071 4910 de
2111 4852 2354 4921 fulgura?
2389 4852 2459 4905 De
2490 4849 2740 4903 nubibus.
2770 4846 2901 4914 Quae
2937 4853 3059 4898 sunt
3095 4843 3263 4897 nubes
3294 4841 3420 4895 Dei?
3450 4839 3597 4895 Prac-

2005 4947 2266 5002 dicatores
2292 4941 2549 4998 veritatis.
2572 4939 2731 4994 Vides
2755 4949 2928 4992 autem
2950 4935 3164 4998 nubem,
3193 4934 3245 4987 in
3269 4931 3407 4987 cutio
3432 4931 3603 4986 nebu-

2007 5043 2175 5096 losum
2197 5081 2210 5104 ,
2238 5036 2555 5096 obscuram,
2583 5041 2637 5086 et
2674 5030 2834 5085 habet
2873 5030 3011 5082 intus
3043 5024 3222 5081 nescio
3251 5023 3376 5094 quid
3407 5023 3598 5080 latens.

2007 5131 2062 5188 Si
2081 5139 2326 5186 coruscet
2345 5127 2414 5182 de
2435 5125 2595 5190 nube,
2623 5124 2816 5178 emicat
2835 5117 3088 5190 splendor
3113 5136 3126 5172 :
3148 5131 3215 5172 ex
3237 5131 3302 5171 eo
3325 5116 3439 5187 ipso
3459 5115 3603 5186 quod

2008 5219 2393 5279 contemnehas
2417 5259 2431 5278 ,
2474 5216 2595 5270 inde
2633 5212 2863 5268 exsilivit
2899 5209 3040 5279 quod
3084 5222 3426 5278 expavescas.
3463 5206 3606 5263 Misit

2010 5332 2136 5387 ergo
2171 5311 2426 5368 Dominus
2459 5317 2638 5362 noster
2676 5303 2831 5359 Jesus
2857 5303 3103 5358 Christus
3134 5300 3417 5371 Apostolos
3445 5315 3601 5364 suos,

2011 5410 2388 5484 prtedicatores
2417 5417 2543 5458 suos
2562 5442 2578 5468 ,
2604 5401 2751 5455 velut
2780 5400 2948 5454 nubes
2979 5417 2990 5452 :
3022 5397 3338 5454 videbantur
3361 5395 3606 5451 homines

2013 5513 2066 5560 et
2090 5497 2596 5559 contemnebanlnr;
2622 5491 2889 5562 quomodo
2914 5490 3160 5546 videntur
3185 5490 3374 5552 nubes,
3399 5495 3455 5543 et
3479 5501 3609 5542 con-

2017 5600 2357 5655 temnuntur,
2401 5599 2683 5657 antequam
2725 5584 2792 5641 de
2829 5585 2906 5639 eis
2945 5583 3154 5638 exsiliat
3196 5578 3338 5651 quod
3374 5577 3604 5633 mireris.

2083 5798 2100 5829 ί
2129 5803 2226 5842 Am.
2255 5798 2308 5839 et
2327 5795 2456 5840 Mss.
2498 5785 2627 5849 oiled
2659 5780 3030 5849 persequebatur
3059 5784 3156 5849 {et
3178 5773 3329 5849 infra,
3352 5772 3588 5849 quatere

2021 5835 2306 5912 darei-"sed
2335 5835 2527 5900 videtur
2566 5835 2694 5911 legI.
2719 5835 2821 5910 quo"
2847 5843 3278 5907 persethbantur,
3309 5835 3402 5901 quo
3437 5835 3613 5885 crede-

2023 5927 2147 5972 rent.
