4088 6470
547 399 691 459 1245

544 521 715 577 Erant
741 516 885 574 enim
924 515 999 571 illi
1038 513 1267 585 primum
1303 509 1544 566 homines
1573 522 1787 565 carnem
1832 511 2133 576 portantes,

544 611 772 677 inﬁrmi;
801 608 994 664 deinde
1020 606 1217 672 idiotas,
1247 602 1466 667 indocti,
1498 600 1754 671 ignobiles
1783 618 1794 653 :
1819 597 1915 654 sed
1940 607 2057 653 erat
2081 596 2135 657 in

542 705 647 761 illis
676 702 815 774 quod
856 701 1179 771 fulguraret,
1221 705 1339 752 erat
1376 697 1427 750 in
1468 695 1576 751 illis
1617 691 1763 765 quod
1804 688 2133 748 coruscant.

544 796 845 853 Accedebat
874 794 1063 849 Petrus
1092 791 1253 845 homo
1289 791 1535 859 piscator,
1568 785 1776 852 orabat,
1806 794 1861 840 et
1886 783 2139 855 surgebat

543 900 784 947 mortuus
821 888 972 959 (Act.
1004 902 1093 953 ιι,
1120 885 1249 955 40).
1282 884 1474 940 Forma
1518 883 1749 938 humana
1777 881 1947 936 nubes
1980 888 2095 935 erat
2116 922 2133 947 ,

546 982 794 1053 splendor
823 980 1062 1035 miraculi
1093 978 1391 1033 coruscatio
1426 984 1562 1031 erat.
1588 974 1707 1053 Sic;
1726 976 1778 1029 in
1818 973 2026 1033 verbis,
2058 971 2136 1027 sic

1533 1051 1727 1073 -ν-Ρ

544 1074 821 1141 in_fagtis,
853 1087 974 1127 cum
1016 1070 1255 1126 miranda
1295 1069 1509 1135 dicunt,
1534 1064 1864 1123 Ei'miranda
1903 1064 2131 1129 faciunt,

392 1138 728 1169 .--——,—‘-'—

541 1156 900 1236 praruerunt
934 1164 1143 1235 fulgura
1172 1178 1280 1232 ejus
1308 1161 1415 1215 orbi
1442 1168 1604 1214 terrai.
1647 1156 1783 1213 Vidit
1809 1166 1856 1211 et
1887 1163 2137 1211 commota

542 1270 614 1314 est
649 1269 803 1314 terra.
842 1258 899 1314 Si
937 1257 1080 1313 enim
1120 1272 1225 1311 non
1256 1265 1337 1315 est
1363 1254 1583 1309 verum?
1622 1253 1665 1308 si
1705 1267 1809 1307 non
1852 1258 1957 1306 tota
1994 1260 2134 1305 terra

539 1352 649 1422 jam
675 1352 959 1405 christiana
986 1350 1205 1413 clamat,
1238 1353 1427 1409 Amen,
1454 1355 1718 1400 commota
1746 1343 2042 1414 fulguribus
2066 1342 2135 1398 de

543 1444 649 1499 illis
670 1443 897 1498 nubibus
918 1441 1351 1511 erumpentibus?
1378 1439 1530 1504 Vidit,
1553 1449 1597 1493 et
1618 1446 1866 1493 commota
1885 1446 1958 1492 est
1977 1446 2131 1491 terra.

613 1537 667 1593 9.
701 1534 846 1609 [vers.
881 1533 960 1607 5.]
996 1533 1197 1588 Montes
1234 1534 1489 1603 ﬂuxerunt
1517 1533 1645 1587 sicut
1670 1548 1786 1585 cera
1811 1547 1842 1583 a
1868 1530 1999 1599 {acie
2026 1528 2137 1583 Do-

542 1626 684 1681 mini.
715 1625 815 1695 Qui
853 1633 978 1681 sunt
1013 1623 1258 1679 montes?
1295 1623 1542 1693 Superbi.
1573 1620 1759 1677 Omnis
1786 1619 2010 1677 altitudo
2036 1635 2133 1675 ex-

542 1720 739 1776 tollens
773 1735 834 1775 se
869 1717 1125 1773 adversus
1154 1716 1319 1772 Deum
1339 1758 1351 1778 ,
1387 1715 1539 1771 factis
1567 1713 1764 1769 Christi
1792 1724 1844 1767 et
1870 1712 2133 1767 Christia-

541 1828 731 1869 norum
774 1811 1122 1874 contremuit,
1162 1808 1466 1872 succubuit,
1496 1817 1549 1863 et
1590 1805 1804 1877 quando
1838 1805 1957 1860 dico
1991 1804 2133 1875 quod

540 1904 739 1960 dictum
767 1912 881 1969 est,
910 1902 1119 1966 Fluxit,
1152 1902 1340 1956 melius
1379 1900 1597 1955 verbum
1639 1898 1862 1954 inveniri
1894 1912 2001 1953 non
2034 1912 2132 1966 po.

542 2005 665 2052 test.
700 1996 901 2051 Montes
928 1997 1187 2067 ﬂuxerunt
1224 1995 1357 2048 velut
1390 2010 1505 2048 cera
1538 2010 1570 2045 τι
1604 1992 1735 2063 [acie
1774 1990 1998 2045 Domini.
2032 1990 2131 2045 Ubi

540 2099 623 2145 est
647 2089 873 2145 altitudo
902 2087 1263 2159 potestatum?
1293 2087 1377 2141 ubi
1405 2085 1599 2140 duritia
1628 2084 1962 2139 inﬁdelium?
1989 2081 2135 2138 Man.

541 2194 613 2238 tes
640 2186 897 2255 ﬂuxerunt
934 2183 1060 2237 sicut
1087 2199 1203 2236 cera
1236 2199 1269 2235 a
1308 2182 1436 2252 facie
1478 2179 1704 2235 Domini.
1736 2179 1875 2249 Ignis
1914 2179 1994 2234 eis
2034 2177 2133 2233 fuit

538 2278 828 2341 Dominus,
861 2277 931 2332 illi
972 2286 1095 2331 ante
1124 2275 1313 2331 faciem
1352 2275 1467 2346 ejus
1500 2276 1636 2329 sicut
1673 2288 1794 2328 cera
1831 2272 2128 2339 fluxerunt;

541 2371 739 2425 tamdiu
771 2368 889 2429 duri
909 2412 922 2431 ,
954 2369 1127 2424 donec
1158 2368 1292 2439 ignis
1330 2366 1418 2423 ille
1456 2367 1851 2422 admoveretur.
1884 2364 2134 2437 Compla-

539 2475 659 2523 nata
688 2476 769 2522 est
795 2465 972 2520 omnis
1000 2463 1256 2529 altitudo;
1282 2461 1439 2517 modo
1466 2460 1837 2529 blasphemarc
1862 2458 2130 2514 Christum

537 2574 643 2617 non
673 2559 835 2613 audet
864 2574 876 2610 :
907 2567 961 2612 et
989 2572 1223 2628 paganus
1260 2571 1366 2610 non
1402 2555 1454 2608 in
1489 2568 1609 2609 eum
1640 2554 1840 2618 credit,
1870 2568 1976 2607 non
2007 2568 2131 2607 eum

538 2661 713 2707 tamen
745 2650 1114 2720 blasphemat;
1147 2648 1247 2704 etsi
1290 2645 1526 2702 nondum
1566 2645 1735 2701 factus
1761 2652 1843 2699 est
1875 2644 2026 2703 vivus
2057 2645 2132 2697 la-

537 2745 651 2813 pis,
686 2752 860 2797 tamen
890 2742 1062 2797 victus
1099 2749 1183 2797 est
1219 2738 1385 2795 durus
1424 2752 1600 2793 mons.
1639 2736 1834 2791 Montes
1876 2738 2134 2807 ﬂuxerunt

537 2835 666 2890 sicut
694 2849 810 2889 tera
839 2851 871 2887 α
901 2835 1030 2905 facie
1057 2832 1285 2899 Domini,
1314 2848 1344 2884 α
1370 2832 1498 2903 facie
1525 2829 1731 2883 Domini
1758 2830 1920 2883 omnis
1947 2838 2093 2883 terrm
2113 2844 2133 2883 :

537 2941 642 2982 non
681 2924 985 2981 Iudaeorum
1025 2933 1258 2988 tantum,
1296 2923 1389 2979 sed
1428 2932 1483 2979 et
1515 2923 1761 2977 Gentium
1785 2964 1801 2989 ,
1834 2922 1971 2977 sicut
2006 2922 2136 2976 dicit

537 3018 827 3089 Apostolus
861 3019 1049 3091 (Rom.
1080 3006 1172 3083 'm,
1203 3016 1342 3088 ‘29);
1385 3031 1491 3071 non
1530 3014 1671 3070 enim
1712 3022 1793 3069 est
1824 3012 2132 3069 Judteorum

537 3118 742 3167 tantum
777 3111 945 3177 Deus,
976 3108 1070 3165 sed
1098 3118 1153 3165 ct
1178 3108 1449 3164 Gentium.
1481 3107 1737 3163 Dominus
1765 3121 1893 3177 ergo
1920 3108 2132 3162 univer-

537 3216 612 3259 βω
638 3212 828 3265 terrae,
860 3201 1120 3259 Dominus
1154 3199 1311 3256 Jesus
1340 3198 1584 3255 Chris’tus
1623 3198 1674 3253 in
1714 3185 1898 3253 Judaza
1939 3207 2128 3264 natus,

537 3293 631 3349 sed
665 3308 769 3347 non
799 3292 995 3347 iudica:
1026 3300 1231 3348 tantum
1267 3300 1422 3346 natus
1450 3310 1462 3345 :
1491 3290 1612 3362 quia
1643 3298 1697 3346 et
1724 3300 2007 3362 antequam
2034 3306 2132 3345 na-

538 3396 623 3443 tus
650 3401 837 3442 omnes
865 3386 1019 3451 fecit;
1051 3393 1104 3441 et
1131 3385 1221 3456 qui
1253 3400 1440 3441 omnes
1469 3384 1613 3452 fecit,
1642 3400 1828 3442 omnes
1856 3385 2059 3441 refecit.
2091 3384 2133 3439 Α

540 3480 671 3552 facie
702 3477 900 3532 Domini
928 3478 1089 3531 omnis
1116 3487 1281 3531 terrai.

612 3568 699 3625 10.
730 3567 879 3642 [vers.
912 3565 989 3640 6.]
1027 3568 1466 3623 Annuntiaverunt
1496 3567 1608 3624 cali
1636 3569 1893 3640 justitiam
1921 3570 2060 3639 ejus,
2089 3579 2134 3624 et

540 3660 770 3715 viderunt
803 3675 975 3713 omnes
1011 3659 1187 3730 νομιίὶ
1220 3659 1435 3729 gloriam
1476 3660 1605 3729 ejus.
1636 3658 1736 3725 Qui
1773 3659 1893 3717 cceli
1923 3675 2130 3714 annun-

541 3750 841 3808 tiaverunt?
868 3749 994 3807 Carli
1030 3760 1271 3805 enarrant
1307 3750 1524 3822 gloriam
1555 3749 1648 3805 Dei
1676 3749 1844 3822 (Psal.
1878 3767 2023 3813 xvm,
2051 3750 2131 3819 2).

539 3846 636 3916 Qui
668 3854 790 3900 sunt
817 3845 979 3900 creti?
1006 3844 1105 3911 Qui
1137 3843 1259 3897 facti
1291 3852 1413 3897 sunt
1448 3842 1604 3898 sedes
1638 3843 1823 3913 ipsius.
1856 3843 2135 3911 Quomodo

538 3940 681 3996 enim
710 3940 761 3994 in
790 3938 943 3997 caelis
971 3937 1122 3992 sedet
1152 3936 1289 3991 Deus
1310 3978 1323 4001 ,
1356 3936 1432 3991 sic
1463 3935 1614 3991 sedet
1644 3935 1695 3990 in
1724 3935 2023 4005 Apostolis,
2057 3936 2135 3991 sic

538 4031 689 4087 sedet
717 4030 768 4084 in
796 4027 1233 4101 praedicatoribus
1256 4028 1546 4097 Evangelii.
1577 4026 1644 4082 Et
1671 4036 1724 4081 tu
1748 4027 1790 4083 si
1816 4029 1914 4095 vis,
1938 4027 2131 4083 cretum

539 4126 665 4179 eris.
695 4122 790 4178 Vis
815 4138 935 4177 esse
958 4121 1190 4177 corium?
1218 4120 1385 4192 Pnrga
1415 4120 1482 4175 de
1518 4119 1680 4175 corde
1708 4129 1797 4174 tuo
1826 4130 2042 4175 terram.
2077 4120 2133 4176 Si

541 4226 784 4273 terrenas
808 4215 1265 4285 concupiscentias
1292 4229 1395 4268 non
1426 4212 1693 4277 habueris,
1722 4224 1776 4269 et
1806 4228 1909 4268 non
1939 4212 2133 4269 frustra

540 4308 885 4381 responderis
914 4324 1126 4363 sursum
1157 4317 1208 4363 te
1232 4308 1435 4365 habere
1460 4322 1574 4373 cor,
1603 4307 1797 4363 coelum
1817 4309 1944 4363 eris.
1971 4307 2032 4363 Si
2054 4326 2134 4364 re-

541 4401 832 4456 surrexistis
861 4416 973 4453 cum
1004 4398 1202 4454 Christo
1235 4398 1506 4468 (ﬁdelibus
1526 4399 1815 4470 Apostolus
1843 4398 2131 4470 loquitur),

542 4509 655 4564 qua:
679 4508 879 4547 sursum
899 4500 1014 4546 sunt
1035 4493 1260 4562 quwrite,
1284 4492 1371 4545 ubi
1391 4490 1621 4546 Christus
1642 4501 1712 4546 est
1738 4492 1789 4545 in
1812 4492 2017 4546 dextera
2042 4490 2135 4545 Dei

541 4584 759 4649 sedens;
781 4600 895 4652 qua:
922 4600 1121 4637 sursum
1147 4592 1262 4637 sunt
1287 4583 1466 4652 sapite,
1502 4600 1603 4637 non
1633 4599 1746 4653 quat
1769 4600 1921 4652 super
1949 4592 2135 4637 terram

543 4676 773 4749 (Coloss.
802 4692 880 4742 ut,
901 4675 927 4730 1
950 4674 1046 4733 et?
1065 4675 1103 4747 ).
1134 4676 1351 4746 Cmpisti
1382 4690 1570 4746 sapere
1594 4692 1714 4748 quae
1732 4690 1943 4732 sursum
1974 4686 2130 4745 sunt,

542 4783 599 4828 et
626 4786 729 4826 non
759 4786 877 4842 qua:
907 4783 1069 4841 super
1107 4778 1302 4825 terram
1343 4777 1493 4835 sunt;
1528 4785 1705 4824 nonne
1736 4769 1904 4825 lactus
1933 4784 1993 4825 es
2018 4785 2132 4825 οωο

542 4863 691 4919 lum?
719 4861 946 4917 Carnem
976 4868 1154 4931 portas
1174 4902 1190 4927 ,
1227 4868 1280 4914 et
1307 4859 1469 4915 corde
1493 4859 1602 4930 jam
1647 4860 1841 4916 coelum
1872 4875 1933 4916 es
1963 4877 1976 4914 :
2005 4876 2136 4915 con-

545 4955 778 5010 versatio
804 4955 946 5009 enim
975 4962 1060 5007 tua
1089 4954 1139 5007 in
1168 4953 1318 5009 cretis
1339 4953 1440 5007 erit
1466 4952 1724 5025 (Philipp.
1748 4969 1824 5019 Ill,
1851 4951 1965 5025 20).
1992 4953 2135 5008 Talis

541 5046 827 5103 annuntias
868 5056 922 5101 et
960 5055 1014 5101 tu
1050 5044 1319 5101 Christum
1356 5044 1515 5116 :quis
1554 5046 1694 5101 enim
1737 5044 1967 5100 ﬁdelium
1997 5053 2137 5101 tacet

541 5139 855 5195 Christum?
876 5139 1118 5195 lntendat
1144 5139 1389 5194 Charitas
1419 5149 1593 5193 vestra
1625 5157 1636 5191 :
1665 5138 1861 5210 putatis
1888 5138 2010 5209 quia
2040 5152 2136 5193 nos

542 5231 642 5288 soli
682 5238 889 5286 stantes
927 5230 1013 5286 hic
1057 5234 1438 5287 annuntiamus
1474 5231 1741 5286 Christum
1764 5274 1778 5299 ,
1810 5242 1864 5287 et
1896 5246 1993 5286 vos
2032 5246 2137 5287 non

542 5322 910 5378 annuntiatis?
932 5321 1084 5378 Unde
1110 5323 1175 5377 ad
1206 5339 1299 5378 nos
1326 5324 1565 5387 veniunt,
1594 5323 1866 5379 christiani
1893 5325 2137 5389 volentes

542 5427 682 5477 esse,
712 5424 848 5482 quos
872 5426 1140 5482 nunquam
1170 5413 1419 5479 vidimus,
1447 5428 1582 5484 quos
1607 5428 1712 5467 non
1740 5416 2005 5483 novimus,
2030 5417 2140 5487 qui-

543 5504 644 5562 bus
686 5516 957 5575 nunquam
1002 5503 1447 5575 praedicavimus?
1492 5506 1572 5561 An
1620 5505 1756 5563 forte
1798 5507 2142 5565 crediderunt

546 5597 693 5656 nullo
717 5596 1109 5654 annuntiante?
1137 5597 1423 5668 Apostolus
1448 5597 1579 5653 dicit
1606 5616 1619 5653 :
1646 5601 1912 5668 Quomodo
1940 5604 2143 5658 credent

543 5708 690 5765 quem
716 5708 821 5746 non
855 5690 1161 5758 audierunt,
1193 5690 1445 5761 quomodo
1474 5691 1678 5746 audient
1704 5693 1813 5746 sine
1836 5695 2145 5764 prwdicante

544 5784 723 5860 (Rom.
755 5802 809 5850 x,
842 5782 972 5858 lt)?
997 5784 1139 5856 Ergo
1168 5792 1275 5839 tota
1304 5782 1541 5839 Ecclesia
1568 5784 1819 5856 praedicat
1848 5784 2140 5855 Christum,

546 5891 600 5938 ct
628 5879 941 5935 annuntiant
966 5877 1087 5935 caeli
1121 5878 1381 5949 justitiam
1411 5878 1610 5950 ipsius;
1639 5879 1761 5949 quia
1789 5893 1977 5936 omnes
2007 5880 2141 5938 ﬁde-

1789 388 1846 442 S.
1889 382 2251 443 Al'CUS'I'lNI
2296 386 2594 449 El’lSCOPl

3712 391 3836 449 ιω

2243 503 2319 560 les
2345 504 2538 575 quibus
2572 520 2698 563 cura
2736 514 2819 562 est
2849 506 3039 571 lucrari
3071 506 3179 563 Deo
3208 520 3301 563 eos
3333 506 3429 578 qui
3464 505 3705 569 nondum
3728 523 3838 569 cre-

2240 594 2489 661 diderunt
2507 638 2522 666 ,
2553 608 2612 661 et
2639 597 2839 659 faciunt
2864 598 2969 657 hoc
2994 615 3057 656 ex
3085 599 3348 659 charitate
3369 641 3387 667 ,
3418 599 3555 667 equi
3583 609 3727 663 sunt.
3759 601 3841 665 ln-

2239 696 2390 749 tonat
2412 691 2483 748 de
2509 692 2613 757 illis
2641 693 2783 755 Deus
2808 692 2989 763 iudicii
3017 694 3101 749 sui
3127 701 3436 767 terrorem;
3468 700 3529 753 et
3554 694 3736 750 tremit
3758 698 3843 768 qui

2240 783 2468 843 inﬁdelis
2494 794 2637 853 erat,
2669 795 2722 845 et
2756 787 3020 856 pavescit,
3053 796 3107 843 et
3131 786 3321 842 credit.
3351 784 3650 847 Ostendite
3679 787 3843 845 homi-

2241 876 2395 935 nibus
2415 877 2541 947 qnid
2570 878 2738 947 potuit
2759 877 3001 937 Christus
3028 895 3121 949 per
3144 888 3313 941 totum
3337 878 3537 941 urbem
3569 890 3839 955 terrarum,

2240 968 2508 1039 loquendo
2531 971 2643 1038 eis,
2672 981 2725 1027 et
2758 972 3066 1033 adduceudo
3106 987 3199 1028 eos
3241 973 3309 1027 ad
3351 973 3653 1033 amandum
3691 974 3841 1031 Chri-

2240 1070 2399 1117 stum.
2428 1062 2622 1130 Quanti
2642 1064 2783 1127 euim
2808 1064 2966 1121 hodie
2986 1066 3326 1127 adduxerunt
3347 1067 3568 1124 amicos
3592 1082 3735 1136 suos,
3757 1080 3844 1129 aut

2239 1152 2304 1208 ad
2326 1155 2731 1227 pantomimum,
2753 1166 2845 1217 aut
2861 1158 2927 1215 ad
2947 1159 3289 1215 choraulam?
3309 1160 3523 1227 Quare,
3547 1161 3647 1216 nisi
3670 1177 3842 1219 aman-

2239 1243 2310 1303 do
2346 1245 2529 1301 illum?
2557 1248 2625 1309 Et
2665 1263 2759 1307 vos
2798 1259 2974 1309 amate
3003 1249 3295 1311 Christum.
3328 1252 3515 1307 Tanta
3553 1253 3697 1311 enim
3728 1268 3842 1325 spe-

2238 1339 2447 1395 ctacula
2477 1341 2720 1409 praebuit,
2750 1341 2801 1397 in
2827 1356 2934 1412 quo
2958 1358 3116 1401 nemo
3140 1352 3321 1414 potest
3348 1344 3543 1400 dicere
3568 1346 3763 1416 aliquid
3786 1362 3841 1403 se

2239 1430 2670 1499 reprehensionis
2700 1432 2942 1495 invenire
2961 1476 2976 1503 ,
3006 1435 3092 1493 ille
3118 1425 3369 1506 qui'vicit
3405 1436 3691 1495 smculum.
3716 1437 3838 1499 Nam

2239 1532 2292 1578 ct
2332 1526 2614 1594 aliquando
2642 1542 2798 1597 quem
2826 1536 2969 1582 sinat
2993 1529 3218 1599 quisque
3246 1530 3301 1585 in
3334 1528 3557 1585 theatro
3577 1572 3594 1598 ,
3622 1530 3838 1588 vincitur

2240 1618 2293 1673 in
2320 1619 2432 1674 illo.
2463 1619 2628 1675 Nemo
2648 1636 2776 1681 vero
2796 1621 3025 1677 vincitur
3049 1622 3101 1677 in
3126 1622 3346 1678 Christo
3374 1641 3386 1677 :
3416 1637 3530 1678 non
3556 1632 3641 1685 est
3659 1623 3725 1683 de
3742 1639 3838 1696 quo

2239 1710 2574 1766 erubescere.
2608 1711 2873 1782 Arripite,
2905 1712 3178 1781 adducite,
3215 1714 3481 1772 attrahite
3517 1731 3653 1786 quos
3694 1727 3835 1786 pote-

2239 1805 2336 1859 stis
2365 1824 2377 1858 :
2407 1805 2578 1863 securi
2609 1813 2801 1874 estote,
2834 1806 2899 1863 ad
2931 1822 3052 1861 eum
3080 1805 3370 1872 adducitis,
3404 1807 3501 1877 qui
3532 1822 3641 1863 non
3668 1808 3836 1879 displi-

2238 1905 2322 1950 cet
2360 1896 2700 1964 videntibus;
2733 1906 2785 1954 et
2826 1910 3010 1969 rogate
3050 1899 3197 1955 illum
3235 1908 3291 1954 ut
3336 1899 3614 1957 illuminat
3644 1911 3836 1965 eos,et

2236 1988 2376 2045 bene
2402 2000 2643 2059 spectent
2667 1994 2705 2045 ³.
2737 1993 3175 2049 Annunliaverunt
3204 1993 3318 2047 ειειὶ
3344 1994 3615 2065 justitiam
3642 1995 3767 2064 ejus,
3794 2007 3834 2057 et

2236 2081 2467 2139 viderunt
2492 2099 2663 2138 omnes
2691 2085 2867 2154 populi
2894 2084 3111 2156 gloriam
3138 2086 3268 2157 ejus.

2312 2175 2396 2235 Η.
2435 2172 2585 2247 [νινε.
2624 2173 2700 2248 ’1.]
2730 2176 3120 2245 Confundantur
3146 2194 3320 2232 omnes
3352 2178 3443 2250 qui
3470 2178 3690 2235 adorant
3715 2179 3833 2234 scul-

2237 2267 2403 2335 ptilia.
2433 2266 2622 2322 Nonne
2643 2267 2836 2322 factum
2867 2271 2982 2323 est?
3009 2269 3195 2325 Nonne
3220 2268 3440 2325 confusi
3470 2270 3637 2325 sunt?
3662 2269 3830 2331 Nonne

2237 2358 2473 2429 quotidie
2502 2360 2928 2416 confunduntur?
2955 2360 3229 2430 Sculptilia
3258 2362 3409 2417 enim
3434 2371 3563 2418 sunt
3589 2378 3742 2417 manu
3765 2363 3831 2417 fa.

2236 2463 2318 2506 cta
2342 2453 2361 2483 ³
2391 2450 2549 2507 idola.
2580 2451 2755 2520 Quare
2780 2452 2889 2522 jam
2922 2452 3325 2509 confunduntur
3355 2469 3554 2511 omnes
3583 2456 3672 2527 qui
3710 2455 3825 2511 ado-

2238 2554 2357 2599 rant
2398 2544 2696 2614 sculptilia?
2723 2545 2854 2613 Quia
2889 2547 3133 2601 viderunt
3170 2562 3369 2603 omnes
3412 2549 3592 2619 populi
3621 2549 3826 2619 gloriam

2237 2635 2374 2705 ejus.
2405 2634 2521 2691 Jam
2549 2650 2736 2692 omnes
2777 2638 2957 2707 p0puli
2986 2639 3208 2709 gloriam
3235 2638 3443 2695 Christi
3472 2640 3784 2696 conﬁtentur
3810 2659 3823 2697 :

2236 2728 2556 2783 erubescant
2580 2730 2668 2799 qui
2696 2730 2920 2785 adorant
2949 2732 3169 2801 lapides.
3199 2732 3336 2800 Quia
3368 2734 3577 2804 lapides
3605 2734 3674 2789 illi
3701 2748 3824 2789 mor-

2238 2814 2313 2875 tui
2337 2828 2512 2889 erant,
2545 2837 2640 2877 nos
2667 2822 2842 2877 vivum
2870 2822 3097 2894 lapidem
3122 2824 3432 2881 invenimus
3464 2844 3479 2881 :
3507 2827 3614 2885 imo
3642 2826 3821 2897 lapides

2237 2912 2313 2967 illi
2341 2929 2609 2983 nunquam
2638 2913 2915 2983 vixerunt,
2948 2925 3005 2971 ut
3035 2931 3135 2973 nec
3160 2918 3361 2975 mortui
3393 2918 3678 2985 dicantur;
3706 2920 3821 2989 lapis

2236 3015 2412 3061 autem
2443 3014 2625 3062 uoster
2652 3009 2804 3063 vivus
2831 3016 2932 3074 est,
2957 3017 3012 3067 et
3036 3024 3251 3080 semper
3274 3011 3417 3066 vixit
3442 3012 3581 3082 apud
3604 3012 3815 3077 Patrem,

2236 3112 2291 3157 et
2315 3117 2416 3172 pro
2443 3101 2596 3156 nobis
2625 3109 2866 3157 mortuus
2892 3102 3116 3169 revixit,
3137 3113 3192 3160 et
3220 3105 3389 3161 modo
3424 3106 3584 3171 vivit,
3614 3114 3667 3165 et
3692 3120 3819 3161 mors

2236 3196 2287 3253 ei
2318 3196 2454 3251 ultra
2486 3212 2589 3250 non
2616 3195 2976 3252 dominabitur
3004 3190 3178 3267 (Rom.
3211 3214 3287 3262 Vl,
3324 3199 3407 3269 9).
3440 3198 3588 3256 Hane
3614 3198 3816 3270 gloriam

2237 3288 2405 3358 ipsius
2427 3297 2791 3359 cognoverunt
2821 3289 3031 3359 populi;
3063 3289 3341 3347 dimitttmt
3366 3292 3589 3361 templa,
3620 3300 3817 3347 currunt

2236 3380 2303 3434 ad
2334 3380 2607 3435 ecclesias.
2640 3378 3036 3452 Confundantur
3064 3398 3235 3437 omnes
3258 3384 3349 3453 qui
3378 3384 3596 3441 adorant
3628 3383 3815 3452 sculpti-

2237 3474 2327 3528 lia.
2359 3474 2544 3530 Adhuc
2573 3485 2817 3545 quaerunt
2846 3475 3072 3530 adorare
3097 3476 3408 3548 sculptilis?
3434 3477 3716 3533 Noluerunt
3742 3475 3814 3531 de

2238 3582 2421 3623 serere
2471 3568 2642 3635 idola;
2687 3568 2887 3623 deserti
2934 3579 3060 3625 sunt
3103 3571 3170 3626 ab
3216 3570 3399 3627 idolis.
3447 3569 3812 3643 Confundantur

2237 3677 2407 3715 omnes
2436 3661 2519 3731 qui
2545 3662 2759 3715 adorant
2796 3661 3080 3731 sculptilia,
3110 3662 3197 3733 qui
3224 3663 3517 3733 gloriantur
3547 3664 3599 3718 in
3624 3660 3810 3718 simula-

2239 3755 2336 3808 cris
2366 3755 2489 3808 suis.
2517 3753 2619 3809 Sed
2649 3755 2827 3809 existit
2854 3755 3037 3810 nescio
3065 3755 3185 3825 quis
3210 3756 3517 3825 disputator
3536 3756 3619 3825 qui
3644 3754 3809 3810 doetus

2238 3847 2337 3901 sibi
2376 3847 2651 3902 videbatur
2688 3857 2742 3903 et
2771 3848 2845 3902 ait
2876 3867 2887 3902 :
2920 3847 3033 3902 Non
3073 3862 3173 3919 ego
3212 3849 3366 3905 illum
3409 3849 3636 3919 lapidem
3672 3847 3804 3909 colo,

2238 3954 2338 3993 nec
2369 3938 2492 3992 illud
2532 3939 2872 3993 simulacrum
2902 3939 3043 4009 quod
3072 3950 3153 3995 est
3179 3941 3295 3996 sine
3322 3956 3524 4007 sensu;
3556 3955 3653 3995 non
3682 3938 3804 3993 enim

2238 4031 2505 4103 PrOphcta
2549 4041 2726 4087 vester
2764 4035 2932 4103 potuit
2973 4049 3130 4090 nosse
3162 4035 3286 4105 quia
3328 4035 3517 4089 oculos
3556 4034 3739 4090 habent
3761 4038 3807 4084 et

2238 4142 2343 4181 non
2376 4125 2555 4181 vident
2583 4126 2601 4198 (
2625 4126 2765 4180 Psnl.
2794 4142 2918 4181 cxtu
2939 4169 2953 4193 ,
2986 4127 3074 4193 5),
3105 4138 3160 4182 et
3190 4142 3288 4198 ego
3321 4129 3504 4183 nescio
3543 4127 3659 4197 quia
3696 4120 3802 4179 illud

2238 4219 2581 4275 simulacrum
2615 4234 2712 4276 nec
2740 4219 2969 4274 animam
3007 4220 3184 4284 habet,
3215 4236 3315 4275 nec
3341 4221 3489 4275 videt
3516 4219 3697 4283 oculis,
3722 4228 3804 4270 nec

2236 4310 2385 4366 audit
2422 4312 2638 4368 auribus
2667 4331 2681 4366 :
2712 4327 2814 4366 non
2860 4327 2959 4382 ego
2999 4312 3124 4367 illud
3154 4314 3311 4380 colo;
3356 4313 3453 4368 sed
3486 4312 3645 4367 adoro
3680 4306 3801 4379 quod

2236 4404 2428 4470 video,
2459 4413 2512 4459 ct
2552 4403 2728 4459 servio
2768 4404 2817 4458 ei
2857 4420 3013 4474 quem
3061 4420 3163 4459 non
3200 4405 3375 4462 video.
3408 4404 3537 4474 Quis
3573 4412 3649 4459 est
3684 4398 3802 4456 istc?

2236 4496 2441 4552 Numen
2469 4495 2757 4566 quoddam,
2794 4496 2983 4566 inquit,
3014 4496 3275 4551 invisibile
3303 4496 3448 4568 quod
3476 4493 3712 4566 praesidet
3736 4488 3799 4545 illi

2237 4589 2541 4644 simulacro.
2576 4587 2688 4641 Hoc
2719 4586 2876 4641 modo
2917 4586 3188 4640 reddendo
3226 4590 3487 4642 rationem
3514 4587 3580 4641 de
3604 4582 3796 4640 simula-

2238 4684 2343 4738 cris
2364 4683 2489 4745 suis,
2516 4680 2704 4736 diserti
2726 4680 2746 4712 ⁸
2769 4680 2866 4734 sibi
2888 4678 3153 4745 videntur,
3179 4680 3299 4751 quia
3329 4696 3435 4735 non
3461 4680 3634 4737 colunt
3658 4673 3792 4736 idola,

2238 4787 2287 4831 et
2318 4775 2499 4830 colunt
2524 4773 2806 4828 dtemonia.
2836 4773 3045 4827 Etenim
3068 4814 3081 4836 ,
3113 4771 3334 4838 fratres,
3366 4773 3501 4827 sicut
3529 4770 3647 4825 dicit
3675 4768 3796 4834 Apo-

2239 4867 2438 4931 stolus,
2470 4864 2599 4930 Quae
2624 4863 2886 4918 immolant
2920 4862 3101 4917 Gentes
3121 4906 3134 4929 ,
3165 4863 3430 4919 dwmoniis
3456 4861 3729 4920 immolant,
3757 4862 3795 4906 et

2241 4975 2340 5012 non
2382 4956 2508 5011 Deo.
2559 4955 2698 5009 Nolo
2737 4970 2823 5010 vos
2845 4998 2858 5020 ,
2898 4956 3097 5024 inquit,
3130 4956 3292 5010 socios
3321 4956 3433 5026 ﬁeri
3466 4950 3793 5008 damoniqu

2242 5051 2295 5124 (Ι
2326 5050 2442 5106 Cor.
2476 5067 2530 5115 x,
2567 5049 2652 5113 19,
2684 5047 2789 5120 90)
2819 5065 2831 5101 ε
2864 5064 2984 5102 nam
3016 5049 3200 5103 scimus
3238 5050 3355 5118 quia
3386 5047 3513 5101 nihil
3536 5056 3605 5099 est
3628 5041 3791 5095 idolmn

2242 5145 2372 5217 (Id.
2402 5161 2508 5209 vui,
2543 5142 2629 5215 4).
2671 5142 2786 5213 Ipse
2826 5141 2927 5196 hoc
2963 5141 3094 5196 dixit
3132 5143 3447 5212 Apostolus,
3481 5140 3670 5195 Scimus
3692 5132 3791 5203 quia

2242 5237 2371 5291 nihil
2400 5244 2469 5289 est
2506 5234 2730 5299 idolum,
2764 5233 2852 5287 sed
2888 5249 3002 5302 qute
3033 5234 3294 5288 immolant
3321 5232 3530 5295 Gentes,
3563 5221 3790 5281 tlmnoniis

2244 5328 2525 5393 immolant,
2556 5337 2600 5380 et
2630 5343 2728 5379 non
2760 5323 2868 5379 Deo
2899 5342 2915 5379 :
2941 5324 3094 5391 dixit,
3130 5324 3264 5380 Nolo
3292 5343 3375 5380 eos
3402 5325 3509 5395 ﬂeri
3536 5320 3679 5376 socios
3702 5314 3788 5366 dte-

2244 5422 2543 5477 moniorum.
2578 5418 2689 5473 Non
2720 5434 2845 5489 ergo
2874 5418 2994 5473 hinc
3024 5432 3083 5474 se
3107 5429 3378 5483 excusent,
3402 5417 3517 5487 quia
3541 5410 3674 5483 quasi
3695 5405 3787 5458 ido-

3802 5484 3813 5579 ί

2310 5580 2325 5611 ί
2352 5578 2425 5626 sic
2448 5574 2806 5626 vetustissimus
2829 5573 2956 5621 liber
2999 5574 3137 5621 (:orb.
3182 5582 3238 5624 At
3272 5572 3403 5631 Edd.,
3444 5560 3788 5631 exspectatus}

2245 5642 2317 5693 sic
2337 5622 2690 5703 pleriqueatss.
2716 5636 2804 5703 sed
2845 5636 2927 5699 qui
2951 5635 3041 5703 hoc
3073 5622 3313 5685 scribendi
3346 5622 3492 5703 nunc,
3515 5622 3786 5703 A'prmjt‘lfﬁ?

2247 5684 2643 5765 (uisendam,
2680 5684 3185 5761 passim'prarferuut,
3224 5684 3444 5761 exspecto
3481 5684 3783 5750 etiam“?

2246 5763 2433 5875 “idem
2458 5833 2556 5874 Am.
2580 5830 2633 5873 et
2650 5831 2755 5873 MSS.
2782 5829 2837 5872 At
2857 5828 2932 5872 Er.
2960 5829 3012 5871 et
3034 5828 3165 5882 Lov.,
3190 5821 3449 5884 manifesta.

2327 5891 2347 5923 ³
2369 5890 2442 5939 Sic
2465 5894 2538 5940 Fr.
2565 5894 2615 5938 et
2638 5885 2862 5950 plerique
2889 5892 2991 5935 Mss.
3019 5892 3073 5935 At
3092 5893 3191 5936 Am.
3214 5892 3263 5936 et
3282 5882 3406 5947 L0v.,
3428 5882 3607 5932 deserti.
