4088 6504
324 493 484 554 ὶὲιὶῦ

327 611 398 666 Iis
431 612 728 668 insensatis
757 612 922 670 dediti
946 628 1051 682 non
1079 622 1198 670 sunt
1222 631 1236 680 ;
1269 613 1544 676 daemoniis
1571 615 1737 690 magis
1765 614 1927 674 dediti

324 713 489 772 sunt,
527 705 669 777 quod
699 715 782 761 est
809 706 1178 779 periculosius.
1208 705 1338 761 Nam
1369 706 1412 770 si
1445 715 1644 761 tantum
1678 706 1814 772 idola
1842 721 1934 762 co-

325 797 524 854 lerent
545 843 560 867 ,
589 800 726 856 sicut
751 813 847 856 eos
872 814 976 855 n0o
1009 799 1355 870 adiuvarent,
1386 799 1454 862 ita
1481 800 1586 855 illis
1615 800 1742 856 nihil
1772 816 1934 857 noce-

325 899 496 955 rent;
535 891 579 946 si
616 900 793 946 autem
833 890 1024 946 adores
1052 877 1106 947 et
1140 893 1340 947 servias
1377 891 1706 951 daemonibus
1730 935 1743 954 ,
1781 901 1938 949 erunt

325 983 553 1040 domini
581 985 674 1039 tui.
700 985 763 1040 Et
789 985 877 1057 qui
903 995 1058 1041 erunt
1085 985 1283 1040 domini
1313 987 1422 1048 tui?
1453 987 1616 1044 invidi
1645 986 1716 1040 tui
1742 1005 1754 1040 :
1779 987 1937 1044 libor-

328 1077 434 1131 tati
470 1087 580 1131 tum
610 1092 834 1134 necesse
859 1086 942 1133 est
977 1078 1277 1144 invideant,
1307 1095 1518 1162 semper
1545 1088 1596 1138 te
1625 1079 1786 1140 velint
1816 1095 1938 1150 pos-

328 1167 560 1232 sidere,
589 1185 804 1239 semper
833 1169 988 1226 talem
1030 1169 1208 1226 facere
1228 1213 1240 1232 ,
1273 1171 1482 1241 qualem
1516 1172 1719 1241 possint
1757 1187 1936 1228 secum

330 1260 584 1317 trahere.
615 1262 711 1317 Est
735 1263 877 1317 enim
906 1264 1058 1318 insita
1089 1265 1460 1327 malevolentia
1485 1265 1724 1336 qumdani
1750 1276 1800 1319 et
1827 1281 1939 1340 per-

333 1355 520 1410 nicies
544 1355 776 1422 nocendi
803 1357 916 1411 istis
942 1357 1097 1412 malis
1127 1358 1398 1427 Spiritihus
1423 1377 1435 1412 :
1461 1358 1690 1430 gaudent
1711 1357 1776 1420 de
1801 1357 1938 1410 maio

335 1445 662 1512 hominum;
691 1447 835 1504 etde
863 1446 1065 1512 fallacia
1099 1460 1298 1514 nostra,
1328 1449 1370 1506 si
1400 1464 1497 1503 nos
1523 1448 1818 1508 fefellerint.
1852 1464 1941 1526 pa-

334 1548 588 1594 scuntur.
631 1538 702 1595 Et
737 1539 861 1610 quid
905 1542 1186 1612 qumrunt‘l
1224 1540 1340 1596 Non
1381 1540 1572 1611 quibus
1602 1541 1652 1594 in
1681 1550 1938 1595 :cternum

338 1631 716 1692 dominentur.
741 1633 834 1689 sed
863 1649 981 1688 cum
1003 1633 1196 1705 quibus
1222 1634 1273 1688 in
1302 1620 1558 1689 aeternum
1585 1631 1936 1697 damnentur;

343 1723 621 1794 quomodo
639 1724 778 1779 solet
803 1725 1096 1781 malevolus
1117 1726 1252 1780 latro
1275 1727 1550 1781 nominare
1579 1726 1937 1781 innocentem.

337 1814 616 1887 Numquid
643 1817 689 1872 si
712 1816 871 1873 fuerit
899 1817 1050 1872 vivus
1078 1818 1348 1884 incensus,
1380 1818 1553 1882 minus
1574 1816 1746 1881 ardet,
1772 1818 1814 1871 si
1836 1816 1942 1872 duo

338 1906 614 1962 ardeant?
643 1908 821 1963 minus
849 1909 1095 1971 moritur,
1124 1909 1167 1963 si
1193 1907 1300 1963 duo
1326 1908 1659 1962 moriantur?
1683 1905 1842 1962 Pcena
1867 1907 1941 1970 illi

336 2013 449 2054 non
477 1999 761 2068 minuitur,
795 1999 888 2056 sed
916 2000 1286 2056 malevolentia
1314 2001 1567 2072 pascitur.
1600 2001 1802 2055 Mecum
1835 2016 1944 2056 mo-

337 2091 538 2158 riatur,
573 2106 680 2146 non
710 2106 770 2147 se
797 2092 971 2147 minus
1002 2093 1314 2147 moriturum
1343 2092 1548 2159 dicens,
1576 2092 1668 2147 sed
1697 2092 1941 2154 solatium

337 2181 512 2237 habet
557 2182 759 2238 malum
792 2181 1032 2238 alterius.
1069 2181 1215 2240 Talis
1251 2191 1331 2238 est
1369 2182 1649 2249 diabolus;
1689 2183 1944 2238 seducere

337 2275 460 2330 vult
487 2276 620 2330 illos
649 2276 737 2347 qui
764 2293 882 2331 cum
916 2276 1008 2331 illo
1037 2276 1324 2346 puniantur
1350 2294 1364 2330 :
1394 2285 1448 2331 et
1471 2277 1591 2346 quia
1621 2290 1728 2330 non
1769 2284 1941 2345 potest

340 2364 533 2420 fallere
561 2367 794 2436 judicent
827 2369 993 2422 Deum
1023 2368 1164 2438 (non
1190 2369 1333 2423 enim
1363 2368 1598 2424 nominat
1627 2367 1765 2439 apud
1797 2368 1942 2422 illum

341 2458 693 2514 innocentem
716 2461 734 2530 )
755 2502 769 2525 ,
798 2475 920 2514 vera
960 2460 1180 2514 crimina
1212 2461 1396 2514 volens
1432 2460 1630 2515 habere
1658 2475 1776 2530 quae
1804 2458 1943 2528 obji-

341 2550 468 2611 ciat.
506 2535 728 2620 peccata
759 2550 1059 2621 persuadet.
1094 2551 1229 2605 Ecce
1257 2550 1442 2618 quales
1469 2549 1714 2604 dominos
1740 2549 1838 2603 sibi
1866 2549 1944 2602 ia-

345 2644 495 2698 ciunt
525 2644 620 2714 qui
649 2644 831 2698 colunt
859 2643 995 2698 idola
1026 2651 1080 2698 et
1103 2643 1366 2697 dmmonia
1399 2661 1412 2697 :
1440 2643 1566 2714 Quae
1594 2641 1733 2696 enim
1760 2641 1944 2693 immo-

345 2735 452 2789 lant
486 2733 706 2795 (Icum.
736 2733 994 2789 daemoniis
1018 2733 1312 2802 immolant,
1335 2740 1382 2787 et
1409 2750 1508 2787 non
1535 2731 1641 2787 Deo
1669 2747 1686 2786 :
1714 2729 1831 2785 nolo
1860 2745 1946 2786 vos

347 2813 516 2880 ratio:
542 2827 656 2904 fieri
683 2826 1063 2880 daemoniorum.

420 2918 518 2973 12.
542 2917 654 2973 Nos
674 2928 851 2973 autem
873 2920 1081 2989 qualem
1105 2919 1269 2973 Deum
1294 2917 1586 2972 habemus?
1609 2913 1801 2971 Audite
1821 2915 1947 2986 quid

349 3023 632 3082 sequatur.
660 3009 791 3064 Cum
819 3013 959 3067 enim
987 3011 1226 3076 dixisset,
1255 3010 1647 3082 Confuudantur
1668 3026 1838 3064 omnes
1862 3010 1949 3082 qui

349 3101 575 3156 adorant
615 3101 869 3171 sculptilia
894 3102 933 3167 ³,
971 3102 1058 3174 qui
1095 3102 1377 3173 gloriantur
1407 3103 1458 3156 in
1488 3101 1771 3156 simulacris
1798 3102 1902 3156 suis
1929 3117 1948 3154 :

352 3206 420 3247 ne
439 3194 740 3248 existerent
765 3191 913 3262 quasi
944 3192 1229 3249 reddentes
1255 3193 1513 3248 rationem
1536 3193 1602 3248 de
1627 3192 1944 3260 simulacris,

350 3293 406 3340 et
434 3284 714 3348 dicerent,
744 3283 858 3339 Non
891 3285 1090 3354 lapides
1110 3327 1124 3352 ,
1155 3283 1248 3339 sed
1291 3285 1504 3338 numina
1533 3285 1788 3348 colimus;
1820 3284 1950 3353 Quae

355 3379 580 3433 numina
608 3376 784 3432 colis?
809 3377 895 3432 die
931 3363 1094 3442 mihi,
1124 3375 1384 3431 daemonia
1425 3376 1586 3441 colis,
1625 3391 1691 3431 an
1735 3361 1951 3446 spiritus

357 3472 554 3538 bonos,
587 3471 776 3543 quales
801 3480 928 3536 sunt
957 3470 1139 3540 Angeii
1158 3471 1183 3522 τ’
1211 3470 1344 3525 Sunt
1374 3470 1512 3524 enim
1544 3469 1729 3542 Angeli
1760 3469 1948 3536 sancti,

319 3581 338 3594 ·
357 3575 412 3621 et
436 3574 568 3620 sunt
595 3565 813 3634 spiritus
843 3563 1078 3634 maligni.
1108 3561 1219 3632 Ego
1242 3562 1361 3616 dico
1383 3563 1504 3632 quia
1531 3561 1582 3616 in
1611 3562 1822 3630 templis
1848 3561 1952 3616 tuis

361 3676 470 3716 non
498 3659 750 3714 coluntur
789 3657 888 3712 nisi
928 3657 1146 3728 spiritus
1185 3656 1439 3726 maligni:
1471 3658 1557 3725 qui
1600 3654 1698 3709 sibi
1737 3653 1955 3724 erigunt

363 3751 598 3820 superbe
625 3748 941 3804 sacriﬁcium
961 3790 975 3816 ,
1009 3755 1062 3802 et
1087 3747 1269 3801 volunt
1294 3762 1351 3801 sc
1377 3746 1477 3801 coli
1505 3753 1753 3815 tanquam
1781 3745 1917 3799 Deos
1935 3785 1950 3810 ,

366 3841 587 3912 maligni
619 3849 764 3906 sunt,
788 3841 1003 3911 superbi
1031 3849 1171 3893 sunt.
1201 3837 1359 3893 Tales
1385 3848 1507 3891 sunt
1532 3838 1687 3891 etiam
1711 3835 1955 3892 homines

370 3947 478 3988 non
515 3931 662 3996 boni,
694 3932 779 4000 qui
810 3945 960 3984 suam
986 3929 1205 4000 gloriam
1234 3937 1499 3998 quaerunt,
1529 3938 1582 3982 et
1612 3927 1702 3981 Dei
1733 3928 1953 3997 gloriam

374 4030 740 4077 contemnunt.
783 4021 1039 4076 Homines
1078 4028 1252 4073 autem
1292 4027 1505 4073 sanctos
1544 4017 1831 4082 attendite,
1866 4018 1954 4086 qui

373 4122 499 4170 sunt
534 4114 737 4169 similes
779 4111 1015 4183 Angelis.
1057 4110 1189 4164 Cum
1234 4111 1498 4165 inveneris
1543 4109 1810 4163 hominem
1856 4108 1954 4162 ali-

370 4222 532 4278 quem
561 4215 805 4261 sanctum
830 4219 1046 4260 servum
1088 4203 1178 4259 Del
1200 4245 1214 4268 ,
1251 4204 1294 4256 si
1326 4202 1558 4256 volueris
1598 4201 1742 4254 illum
1780 4201 1956 4255 colere

369 4308 425 4355 et
452 4298 680 4354 adorare
717 4313 812 4369 pro
841 4298 986 4363 Deo,
1014 4295 1258 4366 prohibet
1285 4303 1336 4350 te
1365 4312 1378 4347 :
1409 4310 1512 4349 non
1539 4294 1649 4347 vult
1675 4294 1775 4347 sibi
1804 4309 1957 4348 arro-

369 4403 500 4460 gare
529 4388 786 4442 honorem
821 4387 950 4454 Dei,
983 4401 1088 4440 non
1116 4385 1228 4439 vult
1267 4383 1360 4438 tibi
1397 4400 1517 4439 esse
1560 4396 1657 4454 pro
1689 4382 1828 4447 Deo,
1863 4384 1957 4439 sed

371 4489 552 4536 tecum
589 4493 711 4534 esse
751 4480 851 4533 sub
889 4479 1017 4533 Deo.
1061 4477 1326 4533 Fecerunt
1365 4477 1465 4531 hoc
1521 4478 1746 4546 apostoli
1789 4477 1957 4532 sancti

371 4573 574 4629 Pauius
597 4583 652 4627 et
691 4570 977 4626 Barnabas.
1013 4569 1376 4624 Prtedicabant
1406 4568 1624 4624 verbum
1655 4570 1744 4624 Dei
1775 4569 1830 4624 in
1857 4569 1958 4642 Ly-

371 4667 584 4723 caonia.
612 4664 870 4721 Mirabilia
895 4678 1017 4719 cum
1049 4662 1300 4717 fecissent
1328 4662 1624 4732 Lycaoniae,
1652 4662 1793 4716 cives
1821 4661 1960 4730 ejus-

373 4758 498 4814 dem
542 4757 775 4828 regionis
811 4753 1147 4810 adduxerunt
1172 4752 1410 4807 victimas
1430 4793 1444 4817 ,
1475 4759 1529 4806 et
1551 4752 1832 4807 voluerunt
1860 4752 1962 4806 illis

374 4848 712 4914 sacriﬁcare,
754 4845 990 4901 dicentes
1035 4844 1329 4899 Barnabam
1374 4842 1597 4908 Jovem,
1639 4855 1692 4898 et
1737 4843 1960 4898 Paulum

375 4941 697 4997 Mercurium
723 4958 738 4994 :
763 4938 838 4993 iiIi
870 4952 973 4992 non
1000 4946 1123 4992 sunt
1145 4934 1415 4991 delectati.
1447 4935 1526 4988 An
1555 4934 1691 4990 forte
1716 4934 1836 4989 ideo
1859 4933 1960 4989 sibi

376 5031 642 5088 immoiari
683 5028 992 5092 noluerunt,
1036 5027 1159 5098 quia
1201 5025 1532 5080 daemonibus
1571 5040 1628 5079 se
1664 5025 1960 5094 comparari

376 5123 640 5180 exsecrati
670 5121 828 5176 sunt?
853 5119 966 5175 Non
987 5161 1002 5187 ,
1036 5119 1127 5172 sed
1157 5119 1278 5188 quia
1310 5118 1564 5171 honorem
1592 5116 1830 5170 divinum
1861 5130 1960 5170 ex-

380 5215 550 5270 hiberi
572 5212 875 5268 hominibus
894 5212 1235 5264 horruerunt.
1255 5207 1426 5261 Verba
1451 5207 1682 5276 ipsorum
1706 5205 1958 5272 indicant,

380 5319 486 5358 non
511 5303 866 5374 suspicamur.
895 5300 1146 5371 Sequitur
1178 5299 1322 5354 enim
1355 5298 1514 5353 lectio
1539 5296 1654 5351 iibri
1685 5297 1922 5365 ejusdem
1943 5339 1958 5364 ,

379 5407 434 5454 et
471 5396 598 5452 dicit
645 5394 912 5466 quernodo
957 5393 1087 5448 moti
1128 5400 1253 5446 sunt
1287 5410 1302 5446 :
1339 5391 1480 5444 Tuus
1518 5389 1714 5444 Paulus
1753 5401 1802 5444 et
1834 5390 1963 5448 Bar-

379 5488 538 5543 nabas
581 5485 930 5542 consciderant
972 5486 1260 5539 uestimento
1302 5499 1426 5548 sua,
1468 5492 1512 5536 at
1547 5483 1811 5547 dixerunt,
1858 5481 1963 5537 Viri

445 5671 466 5706 ι
489 5667 647 5730 uicti
668 5663 1110 5730 msh-betur,
1147 5660 1342 5730 addidit
1370 5660 1542 5730 :quad
1561 5660 1899 5730 uieriuiabest
1933 5671 1993 5728 a.

382 5735 493 5788 llas.
517 5727 702 5840 mutue
723 5726 971 5792 omnisse
989 5725 1220 5835 supeer
1260 5733 1379 5776 Cum
1401 5721 1524 5776 enim
1545 5721 1772 5786 dixisset.
1797 5729 1964 5794 notan-

385 5795 464 5840 llll’
473 5789 586 5840 duae
655 5795 718 5840 ιω
735 5785 925 5840 priores
945 5795 1110 5840 partes
1180 5759 1290 5840 nius
1374 5786 1404 5834 7
1421 5799 1435 5840 ς
1459 5797 1672 5840 moxque
1691 5783 1961 5834 ostenditur

385 5759 1961 5856 ius

583 5842 880 5924 ωειδυῇ
906 5842 1072 5924 ιιὲκί
1089 5842 1544 5924 ΡΨῼΨἮἚ

387 5921 734 6041 κζ’οέῧὲ
747 5907 1020 6036 ﬂium
1051 5923 1166 5968 esse
1195 5907 1366 5971 istitzec
1403 5909 1580 5970 verba,
1615 5907 1820 5962 Adorate
1851 5919 1963 5957 eum

1450 497 1841 554 ENARRATIO
1883 499 1944 553 iN
1985 498 2306 558 PSALMUM
2337 499 2517 561 XCVI.

3489 516 3628 577 i246

2040 618 2256 698 fratres,
2297 620 2419 693 quid
2467 621 2679 702 facitis?
2728 622 2793 680 Et
2837 643 2928 682 nos
2979 627 3202 693 homines
3243 649 3416 700 suinus
3462 636 3628 708 passi-

2043 711 2198 776 biles,
2244 713 2432 780 similes
2481 717 2617 770 vobis
2667 715 2813 790 (Act.
2857 736 2978 794 xw,
3027 723 3299 794 i5etii).
3349 727 3625 796 lntendite.

2039 801 2322 877 Quomodo
2350 819 2478 878 ergo
2509 805 2753 865 homines
2783 810 2906 881 boni
2946 812 3233 894 prohibent
3261 833 3353 871 eos
3391 818 3478 886 qui
3515 819 3630 876 illos

2042 896 2321 963 Voluerant
2348 898 2526 964 colere
2567 909 2813 972 tanquam
2849 903 3006 974 deos,
3050 917 3101 960 et
3141 909 3326 976 volunt
3365 911 3539 986 potius
3575 921 3632 978 ut

2043 987 2184 1044 Deus
2229 1005 2362 1044 llllllS
2407 991 2647 1062 colatur,
2701 994 2841 1050 Dens
2886 1013 3020 1066 unus
3064 997 3344 1066 adoretur,
3393 1003 3500 1057 Deo
3541 1004 3630 1059 uni

2043 1081 2362 1137 sacrificium
2405 1083 2690 1152 oii'eratur,
2726 1102 2830 1144 non
2870 1089 2966 1153 sibi
3001 1108 3014 1143 :
3046 1090 3123 1145 sic
3155 1101 3207 1146 et
3237 1107 3422 1147 omnes
3460 1096 3630 1156 sancti

2043 1173 2232 1243 Angeli
2257 1174 2297 1241 ¹,
2330 1173 2466 1228 illius
2501 1176 2723 1246 gloriam
2763 1189 3043 1248 quaerunt,
3076 1197 3233 1251 quem
3276 1183 3530 1255 diligunt;
3564 1184 3631 1246 ad

2045 1266 2158 1332 ejus
2190 1265 2422 1327 cultum.
2456 1266 2520 1320 ad
2550 1267 2666 1344 ejus
2704 1268 3071 1336 adorationem
3093 1314 3108 1340 ,
3141 1272 3206 1334 ad
3234 1273 3350 1342 ejus
3389 1285 3630 1338 conteru-

2047 1356 2328 1425 piationem
2360 1373 2546 1413 omnes
2570 1375 2704 1430 quos
2732 1360 2960 1432 diligunt
3000 1379 3186 1434 rapere
3215 1373 3269 1420 et
3303 1366 3633 1431 inﬂammare

2045 1447 2292 1514 student;
2337 1449 2507 1519 ipsum
2553 1451 2652 1506 illis
2695 1453 3044 1521 annnntiant,
3092 1470 3198 1510 non
3245 1472 3337 1524 se,
3381 1461 3632 1529 quoniam

2047 1539 2235 1607 Angeii
2273 1549 2435 1594 sunt:
2468 1550 2522 1597 et
2573 1543 2694 1612 quia
2735 1545 2928 1600 milites
2971 1555 3248 1611 sunt,.non
3296 1561 3490 1605 norunt
3519 1553 3634 1622 glo—

2046 1630 2180 1686 riam
2225 1649 2465 1703 qumrere
2505 1635 2604 1691 nisi
2654 1635 2997 1708 imperatoris
3039 1641 3150 1706 sui;
3182 1642 3226 1707 si
3257 1653 3432 1702 autem
3479 1659 3631 1699 suam

2045 1723 2267 1793 gloriam
2321 1727 2670 1796 quresierint,
2724 1737 2780 1795 ut
2833 1732 3041 1802 tyranni
3093 1732 3431 1789 damnantur.
3489 1735 3632 1791 Talis

2048 1817 2252 1870 exstitit
2272 1815 2518 1872 diabolus
2535 1828 2587 1874 et
2615 1818 2899 1896 dmmonia,
2933 1821 2984 1888 id
3001 1833 3084 1878 est
3103 1825 3274 1896 angeli
3294 1825 3409 1896 ejus
3440 1845 3452 1880 :
3477 1841 3631 1882 arro-

2047 1907 2187 1978 gavit
2218 1907 2316 1961 sibi
2347 1908 2604 1965 honorem
2632 1911 2866 1967 divinum
2898 1923 2951 1969 et
2978 1916 3226 1982 omnibus
3246 1917 3553 1986 daemoniis;
3583 1928 3635 1975 et

2050 1999 2287 2068 implevit
2309 2002 2504 2080 templa
2537 2002 2867 2074 Paganorum
2891 2047 2905 2070 ,
2952 2016 3007 2061 et
3032 2007 3290 2076 persuasit
3318 2009 3631 2077 simulacra,

2048 2099 2101 2145 et
2129 2092 2392 2159 persuasit
2441 2093 2524 2147 illa
2567 2094 2826 2149 sacriﬁcia
2854 2096 3035 2151 oi'lerri
3075 2097 3195 2152 sibi.
3227 2098 3414 2155 Nonne
3445 2100 3636 2156 melius

2049 2192 2244 2238 eratut
2275 2185 2501 2254 Angelos
2527 2194 2761 2252 sanctos,
2793 2203 2950 2258 quam
2975 2198 3031 2243 ut
3053 2189 3326 2256 dmmones
3359 2192 3636 2247 colerent?

2049 2273 2573 2344 RespondentzNon
2619 2279 2845 2334 colimus
2891 2281 3026 2335 mala
3074 2280 3373 2348 daamonia;
3406 2285 3636 2354 Angelos

2048 2380 2179 2436 quos
2208 2365 2404 2433 dicitis,
2439 2368 2582 2436 ipsos
2604 2377 2657 2423 et
2682 2385 2780 2424 nos
2809 2371 3054 2436 colimus,
3088 2371 3310 2427 virtutes
3341 2373 3430 2427 Dei
3457 2377 3635 2445 magni

2049 2467 2099 2511 ct
2127 2457 2416 2512 ministeria
2437 2459 2528 2514 Dei
2557 2462 2754 2531 magni.
2781 2461 2992 2517 Utinam
3022 2463 3165 2533 ipsos
3189 2466 3364 2520 colere
3388 2465 3597 2522 velletis
3621 2484 3633 2519 :

2049 2546 2203 2602 facile
2238 2548 2304 2602 ab
2334 2549 2461 2618 ipsis
2489 2549 2767 2606 disceretis
2799 2567 2902 2607 non
2936 2553 3052 2608 illos
3073 2553 3270 2610 colere.
3304 2555 3497 2610 Audite
3537 2571 3637 2610 an-

2049 2641 2226 2712 gelum
2257 2642 2553 2697 doctorem.
2580 2645 2812 2699 Docebat
2839 2646 3119 2716 quemdam
3144 2647 3460 2719 discipulum
3486 2648 3638 2705 Chri-

2051 2731 2138 2796 sti,
2168 2739 2223 2786 et
2265 2732 2582 2788 ostendebat
2620 2733 2694 2788 illi
2725 2734 2888 2790 multa
2921 2735 3170 2791 miracula
3213 2738 3264 2791 in
3313 2738 3638 2811 Apocalypsi

2049 2821 2270 2877 Joannis
2298 2838 2313 2877 :
2346 2823 2435 2878 ille
2464 2833 2640 2878 autem
2691 2826 2920 2895 quodam
2958 2827 3059 2881 sibi
3086 2813 3451 2884 demonstrato
3474 2829 3638 2884 mira-

2051 2913 2171 2968 culo
2197 2914 2414 2968 visionis
2445 2916 2674 2984 expavit,
2699 2927 2752 2970 et
2780 2917 2924 2972 misit
2949 2932 3008 2973 se
3051 2918 3116 2973 ad
3145 2919 3309 2989 pedes
3340 2920 3523 2990 Angeli
3546 2937 3560 2986 ;
3587 2929 3639 2979 et

2053 3003 2142 3059 ille
2174 3005 2393 3074 angelus
2435 3005 2524 3077 qui
2566 3023 2670 3061 non
2717 3008 2986 3080 quzcrcbat
3032 3010 3132 3065 nisi
3174 3011 3395 3081 gloriam
3427 3001 3639 3068 Demini

2053 3098 2169 3164 sui,
2202 3097 2370 3170 Surge
2391 3140 2406 3165 ,
2454 3100 2576 3168 quid
2604 3101 2734 3172 fucis
2755 3102 2780 3154 ?
2809 3101 3007 3173 inquit,
3048 3101 3194 3157 illum
3222 3105 3406 3168 adora;
3433 3121 3550 3158 nam
3595 3113 3640 3158 et

2052 3207 2144 3262 ego
2170 3208 2437 3246 conservus
2463 3201 2579 3246 tuus
2604 3211 2734 3261 sum,
2765 3203 2811 3248 et
2851 3196 3068 3262 fratrum
3092 3205 3290 3250 tuorum
3317 3195 3500 3269 (Apoc.
3527 3213 3638 3264 nx,

2055 3283 2166 3353 10).
2199 3283 2336 3352 Quid
2367 3299 2526 3354 ergo,
2562 3284 2752 3340 fratres
2780 3287 2930 3341 mei?
2954 3285 3122 3342 Nemo
3149 3285 3292 3342 dicat
3317 3307 3328 3340 :
3358 3287 3545 3343 Timeo
3576 3304 3643 3345 ne

2055 3377 2314 3432 irascatur
2336 3376 2464 3432 mihi
2491 3377 2730 3448 angelus,
2754 3379 2920 3433 sinon
2949 3378 3098 3433 illum
3116 3379 3234 3434 colo
3258 3393 3352 3448 pro
3372 3377 3474 3434 dco
3499 3393 3639 3433 meo.

2055 3468 2206 3524 Tunc
2245 3467 2336 3523 tibi
2380 3469 2641 3534 irascitur,
2693 3469 2904 3539 quando
2935 3473 3106 3539 ipsum
3153 3469 3333 3525 colere
3360 3469 3591 3524 volueris
3626 3490 3639 3526 :

2057 3562 2227 3616 bonus
2257 3569 2339 3616 est
2371 3560 2534 3628 enim,
2565 3568 2619 3616 et
2649 3559 2816 3616 Deum
2860 3570 3023 3618 amat.
3049 3560 3326 3630 Quomodo
3373 3561 3644 3617 dmmones

2057 3654 2379 3720 irascuntur,
2410 3653 2454 3708 si
2486 3670 2590 3708 non
2623 3653 2900 3718 colantur;
2954 3653 3031 3709 sic
3061 3654 3248 3726 Angeli
3278 3653 3641 3725 indignantur,

2059 3745 2100 3800 si
2131 3759 2227 3815 pro
2271 3745 2380 3798 Deo
2407 3745 2666 3800 colantur.
2701 3744 2810 3800 Sed
2855 3760 2924 3800 ne
2967 3745 3104 3800 forte
3144 3746 3284 3800 dicat
3313 3745 3412 3801 sibi
3440 3761 3535 3800 cor
3559 3747 3643 3800 iu-

2060 3837 2291 3902 ilrmum,
2339 3851 2432 3891 cor
2458 3837 2718 3907 trepidum
2755 3854 2766 3890 :
2798 3835 2937 3906 Ergo
2975 3835 3020 3890 si
3048 3836 3348 3890 irascuntur
3383 3837 3645 3894 dwmonia

2059 3928 2178 3996 quia
2223 3942 2325 3981 non
2373 3927 2641 3995 coluntur,
2689 3927 2851 3981 timeo
2895 3924 3164 3981 olienderc
3190 3926 3472 3981 dzcmonia.
3506 3927 3644 3994 Quid

2060 4017 2153 4070 tibi
2188 4016 2425 4071 facturus
2477 4026 2560 4072 est
2608 4016 2689 4072 vel
2735 4017 2984 4088 princeps
3015 4017 3250 4086 ipsorum
3281 4016 3560 4071 diabolus?
3589 4016 3645 4075 Si

2062 4115 2246 4178 posset
2303 4107 2502 4177 aliquid
2532 4150 2548 4174 ,
2592 4106 2766 4164 nullus
2793 4114 3035 4160 nostrum
3075 4115 3400 4162 remaneret.
3457 4106 3646 4163 Nonne

2062 4197 2296 4268 quotidie
2335 4206 2480 4252 tanta
2523 4197 2574 4252 in
2602 4197 2750 4252 illum
2779 4197 3030 4252 dicuntur
3062 4212 3162 4252 ore
3184 4197 3644 4266 Christianorum,

2061 4299 2115 4344 et
2145 4288 2339 4344 crescit
2361 4303 2514 4360 seges
2537 4287 3004 4344 Christianorum?
3031 4287 3258 4356 Quando
3283 4289 3528 4344 irasceris
3554 4304 3648 4346 ne-

2060 4382 2320 4453 quissimo
2361 4398 2518 4437 servo
2560 4391 2682 4448 tuo,
2727 4381 2829 4437 hoc
2856 4396 3054 4437 nomen
3081 4382 3156 4438 illi
3198 4382 3470 4452 imponis:
3497 4383 3647 4440 Sata-

2063 4491 2160 4530 nas
2179 4518 2192 4541 ,
2226 4475 2466 4542 diabolo;
2518 4474 2621 4530 hoc
2659 4474 2736 4530 illi
2765 4474 2918 4530 dicis.
2964 4474 3215 4530 Fortasse
3245 4474 3300 4529 in
3330 4474 3433 4530 hoc
3461 4489 3645 4541 erras,

2063 4567 2185 4636 quia
2217 4565 2416 4622 homini
2445 4567 2547 4622 hoc
2571 4565 2705 4621 dicis
2729 4608 2743 4632 ,
2775 4574 2829 4621 et
2857 4566 3206 4622 immoderata
3245 4566 3322 4622 ira
3347 4567 3550 4636 raperis
3581 4565 3648 4620 ad

2063 4657 2460 4712 conviciandam
2509 4657 2790 4727 imaginem
2844 4657 2934 4712 Dei
2984 4666 3082 4713 ια
3133 4665 3309 4712 tamen
3353 4655 3457 4711 hoc
3497 4657 3648 4727 eligis

2063 4748 2204 4820 quod
2235 4751 2282 4805 ei
2313 4749 2492 4814 dicas,
2534 4748 2674 4817 quod
2703 4748 2856 4804 valde
2890 4749 3194 4805 detestaris.
3221 4748 3281 4803 Si
3309 4759 3486 4818 posset
3516 4749 3606 4802 ille
3629 4789 3645 4814 ,

2066 4855 2170 4897 non
2203 4854 2260 4894 se
2298 4839 2628 4896 vindicaret?
2652 4839 2759 4894 Sed
2804 4854 2909 4893 non
2951 4839 3273 4909 permittitur
3302 4856 3317 4892 :
3344 4845 3398 4892 et
3441 4847 3647 4894 tantum

2067 4931 2191 4987 iacit
2212 4975 2226 4999 ,
2273 4942 2525 5003 quantum
2575 4932 2920 5002 permittitur.
2950 4931 3082 4986 Nam
3107 4940 3162 4985 et
3185 4929 3292 4983 Job
3321 4939 3526 4983 tentare
3551 4943 3648 4984 vo-

2066 5029 2183 5093 luit,
2211 5035 2267 5082 et
2313 5027 2520 5082 nonnisi
2567 5035 2878 5096 potestatem
2913 5023 3162 5095 qnmsivit
3199 5022 3319 5091 (Job
3362 5037 3400 5087 ι,
3437 5022 3548 5091 Η);
3595 5032 3648 5079 et

2068 5119 2197 5174 nihil
2246 5120 2472 5184 iaceret,
2506 5119 2605 5173 nisi
2635 5126 2952 5188 petestatem
2980 5115 3293 5183 aecepi~set.
3338 5113 3514 5179 Quare
3541 5129 3648 5169 non

2067 5225 2194 5281 ergo
2221 5223 2442 5264 securus
2475 5209 2637 5263 Deum
2675 5207 2866 5260 adoras
2889 5247 2904 5272 ,
2957 5219 3066 5274 quo
3107 5204 3322 5259 nolente
3370 5219 3527 5259 nemo
3557 5203 3648 5259 tibi

2067 5309 2244 5367 nocet,
2275 5309 2329 5354 et
2351 5316 2455 5370 quo
2485 5299 2826 5368 permittente
2861 5297 3182 5358 cmendaris,
3213 5311 3319 5352 non
3346 5297 3603 5352 averteris
3628 5297 3650 5349 ?

2065 5395 2122 5451 Si
2149 5393 2292 5448 enim
2320 5390 2580 5462 placuerit
2605 5388 2833 5443 Domino
2865 5389 2975 5443 Deo
3001 5397 3094 5442 tuo
3123 5388 3436 5458 permittere
3469 5396 3526 5440 ut
3549 5387 3651 5441 ali-

2069 5486 2188 5553 quis
2206 5484 2366 5538 homo
2388 5481 2482 5535 tibi
2509 5487 2700 5536 noceat
2717 5521 2731 5545 ,
2754 5478 3065 5551 eut'aliquis
3087 5479 3413 5550 spiritustibi
3439 5486 3649 5542 noceat;

2066 5573 2374 5632 emendabit
2422 5581 2506 5636 te,
2550 5580 2610 5626 ut
2636 5572 2836 5628 clames
2864 5571 2930 5626 ad
2977 5586 3138 5626 eum:
3174 5569 3463 5624 Bistonidum
3483 5585 3652 5624 meno

2068 5667 2204 5728 davit
2229 5683 2305 5720 me
2332 5663 2616 5731 Dominus,
2663 5664 2752 5725 sed
2779 5664 2929 5718 morti
2969 5681 3070 5717 non
3119 5661 3327 5715 tradidit
3357 5676 3434 5713 me
3477 5659 3650 5738 (Psal.

2065 5775 2244 5826 cum.
2274 5758 2384 5827 lii).
2433 5756 2606 5828 Ergo,
2654 5755 3046 5829 Confuudantur
3081 5768 3254 5816 omnes
3436 5750 3651 5814 adorant

2069 5850 2353 5932 sculptilia,
2405 5850 2487 5918 qui
2537 5848 2818 5921 gloriantur
2848 5848 2899 5901 in
2941 5846 3224 5900 simulacris
3270 5845 3394 5899 suis.
3430 5844 3651 5900 Adortus

2141 5967 2156 5997 ι
2185 5963 2317 6025 Fdd.,
2336 5961 2490 6014 sancti
2512 5961 2583 6012 uel
2611 5960 2788 6025 .mgcli.
2816 5959 3066 6022 Particula,
3090 5958 3182 6022 vel.
3204 5960 3344 6018 abest
3366 5971 3394 6012 a
3416 5965 3519 6010 Mss.
