4088 6512
452 464 588 521 1267

453 595 568 635 eum
590 592 761 633 omnes
788 573 969 648 Angeli
983 574 1118 644 ejus.
1144 569 1360 625 Discant
1382 565 1577 639 Pagani
1603 565 1827 620 adorare
1848 563 2035 619 Deum.

451 671 686 745 Angelos
706 669 889 726 volunt
915 665 1175 729 adorare;
1217 660 1452 735 Angelos
1478 660 1777 724 imitentur,
1807 668 1861 714 et
1892 657 2041 713 illum

452 764 681 820 adorent
708 763 795 833 qui
821 760 888 813 ab
914 756 1130 827 Angelis
1155 754 1427 810 aduratur.
1479 752 1703 807 Adorate
1732 768 1846 807 eum
1873 767 2043 806 omnes

451 856 633 927 Angeli
675 855 803 927 ejus.
857 849 1060 905 Adoret
1096 847 1319 919 angelus
1368 846 1460 901 ille
1503 846 1592 916 qui
1646 846 1839 899 missus
1870 842 2043 898 estad

451 944 799 1007 Cornelium;
833 957 953 997 nam
987 956 1107 997 eum
1156 939 1416 1004 adorans,
1462 934 1770 993 Cornelium
1805 936 1948 990 misit
1975 935 2043 990 ad

453 1038 668 1093 Petrum
696 1038 714 1110 (
737 1036 850 1091 Act.
879 1052 937 1103 x,
959 1037 1015 1103 3,
1042 1046 1136 1089 etc.
1167 1034 1185 1105 )
1212 1051 1226 1089 :
1253 1031 1440 1087 adoret
1461 1031 1730 1086 Christum
1764 1030 2042 1086 Dominum

454 1129 597 1184 Petri
628 1131 667 1193 ⁸,
699 1138 754 1185 et
782 1130 895 1198 ipse
918 1140 1211 1183 conservus
1242 1123 1405 1180 Petri.
1453 1122 1676 1177 Adorate
1715 1138 1828 1176 eum
1875 1138 2044 1177 omnes

455 1225 632 1299 Angcli
667 1228 795 1297 ejus.

531 1322 614 1377 15.
650 1320 799 1395 [vers
847 1319 926 1394 8.]
957 1320 1181 1386 Audiuit,
1228 1329 1273 1375 et
1292 1318 1580 1392 jucundam
1635 1327 1704 1373 est
1736 1316 1882 1373 Sion.
1906 1311 2043 1382 Quid

457 1411 659 1467 audivit
700 1412 826 1468 Sion
851 1413 873 1465 ?
900 1412 1031 1478 Quia
1061 1411 1285 1465 adorant
1313 1426 1434 1463 eum
1463 1424 1650 1463 omnes
1688 1406 1872 1477 Angeli
1904 1406 2039 1474 ejus.

456 1505 593 1577 Quid
624 1504 822 1559 audivit
840 1503 966 1558 Sion
990 1505 1015 1559 ?
1043 1518 1168 1558 ecce
1189 1501 1312 1573 quid
1337 1501 1535 1556 audivit
1562 1518 1575 1555 :
1610 1500 2045 1553 Annuntiaverunt

458 1600 572 1655 catli
590 1598 841 1669 justitiam
866 1599 1008 1668 ejus,
1042 1608 1085 1650 et
1123 1596 1354 1651 viderunt
1395 1611 1567 1650 omnes
1609 1594 1783 1663 papuli
1826 1592 2044 1663 gloriam

458 1691 567 1760 ejus
589 1705 608 1744 :
636 1690 1015 1759 confundantur
1043 1704 1213 1742 omnes
1264 1688 1352 1755 qui
1392 1688 1608 1740 adorant
1637 1685 1896 1756 sculptilia
1915 1726 1929 1750 ,
1957 1682 2045 1752 qui

458 1783 741 1853 gloriantur
759 1782 810 1835 in
842 1781 1127 1835 simulacris
1150 1780 1272 1833 suis.
1305 1779 1515 1834 Etenim
1546 1778 1781 1833 Ecclesia
1814 1776 2041 1831 necdum

459 1882 575 1928 erat
604 1876 657 1927 in
688 1872 983 1937 Gentibus;
1014 1873 1065 1927 in
1086 1871 1268 1927 Judma
1294 1870 1635 1926 crediderant
1660 1886 1726 1926 ex
1751 1868 1968 1936 Judaeis,
1992 1877 2047 1923 et

460 1966 710 2037 putabant
745 1967 843 2037 ipsi
868 1966 1034 2021 .ludmi
1081 1967 1171 2037 qui
1215 1965 1555 2022 crediderant
1601 1966 1744 2021 solos
1788 1980 1846 2019 se
1876 1965 2043 2034 perti-

459 2074 589 2114 nere
615 2057 679 2113 ad
711 2057 981 2113 Christum
1024 2077 1038 2113 :
1072 2057 1219 2112 missi
1259 2067 1384 2113 sunt
1435 2057 1675 2127 Apostoli
1708 2056 1773 2111 ad
1809 2055 2043 2124 Gentes,

459 2151 801 2221 praedicatum
828 2160 911 2206 est
933 2150 1183 2207 Cornelio
1207 2166 1221 2215 ;
1249 2150 1474 2207 credidit
1504 2149 1785 2205 Cornelius
1808 2192 1823 2216 ,
1873 2151 2045 2219 bapti-

460 2252 609 2297 zatus
634 2252 733 2306 est,
761 2242 1008 2313 baptizati
1031 2252 1153 2296 sunt
1176 2251 1229 2297 et
1246 2241 1318 2295 illi
1346 2242 1433 2312 qui
1460 2257 1581 2296 cum
1598 2239 1850 2296 Cornelio
1870 2250 2041 2297 erant.

459 2334 565 2392 Sed
597 2343 654 2389 ut
682 2334 1096 2407 baptizarentur,
1139 2335 1265 2405 quid
1317 2335 1510 2389 factum
1543 2345 1625 2389 est
1650 2376 1664 2400 ,
1718 2336 1904 2390 scitis:
1940 2350 2046 2390 non

458 2430 672 2500 quidem
702 2426 809 2485 huc
835 2443 1001 2500 usque
1038 2428 1278 2499 pervenit
1303 2427 1518 2492 Lector,
1550 2428 1645 2484 sed
1687 2438 1861 2483 tamen
1883 2428 2046 2499 aliqui

457 2520 841 2591 recordamur;
885 2527 941 2578 et
968 2520 1058 2590 qui
1085 2534 1187 2574 non
1225 2521 1594 2585 recordantur,
1637 2520 1859 2574 audiant
1900 2535 1930 2572 a
1961 2534 2047 2575 me

457 2612 714 2669 breviter.
738 2613 930 2669 Missus
973 2620 1057 2669 est
1103 2610 1323 2682 angelus
1352 2611 1418 2667 ad
1457 2611 1797 2679 Cornelium,
1829 2611 2047 2682 angelus

459 2704 767 2762 Cornelium
798 2707 941 2761 misit
968 2705 1034 2759 ad
1076 2705 1292 2761 Petrum
1313 2746 1328 2771 ,
1357 2705 1547 2760 Petrus
1573 2707 1721 2761 venit
1750 2706 1815 2760 ad
1846 2706 2048 2760 Corne-

462 2794 611 2850 lium.
645 2796 710 2850 Et
731 2796 853 2866 quia
882 2795 950 2851 de
978 2795 1239 2852 Gentibus
1264 2804 1380 2851 erat
1421 2795 1726 2863 Cornelius,
1755 2806 1809 2852 et
1854 2799 1967 2867 ipse
1993 2808 2047 2854 et

459 2886 552 2957 qui
572 2902 692 2942 cum
721 2887 813 2942 illo
833 2896 1007 2952 erant,
1038 2902 1145 2943 non
1167 2896 1319 2943 erant
1359 2888 1657 2943 circumcisi
1694 2905 1709 2943 :
1748 2904 1813 2944 ne
1834 2890 2044 2945 dubita-

461 2987 581 3034 rent
623 2993 750 3049 ergo
796 2978 869 3034 illi
910 2978 1121 3035 tradere
1164 2978 1509 3049 Evangelium
1540 2996 1645 3035 non
1686 2981 2043 3048 circumcisis;

459 3080 744 3143 antequam
766 3071 1132 3142 baptizaretur
1159 3074 1271 3143 ipse
1305 3072 1585 3127 Cornelius
1615 3082 1669 3129 et
1708 3072 1780 3127 illi
1810 3074 1899 3144 qui
1925 3090 2043 3129 cum

461 3162 554 3217 illo
579 3172 750 3228 erant,
783 3172 929 3219 venit
954 3162 1185 3233 Spiritus
1210 3172 1448 3231 sanctus,
1476 3174 1531 3219 et
1551 3164 1789 3234 implevit
1814 3165 1966 3233 illos,
1992 3174 2047 3221 et

458 3266 734 3327 creperum
783 3257 923 3327 loqui
975 3256 1191 3328 linguis.
1234 3256 1288 3311 In
1334 3257 1538 3312 nullum
1566 3266 1741 3312 autem
1782 3258 2047 3314 ceciderat

457 3350 687 3421 Spiritus
708 3359 957 3417 sanctus,
986 3350 1087 3405 nisi
1128 3351 1217 3421 qui
1258 3349 1429 3406 fuerat
1470 3350 1765 3420 baptizatus
1792 3369 1804 3405 :
1829 3351 1879 3405 in
1914 3352 2044 3406 istos

461 3450 641 3495 autem
670 3448 793 3495 ante
835 3440 1166 3511 Baptismum
1197 3440 1408 3496 cecidit.
1439 3440 1627 3495 Posset
1672 3441 1813 3495 enim
1855 3441 2045 3498 Petrus

461 3533 704 3588 dubitare
735 3542 906 3587 utrum
936 3533 1334 3589 incircumcisos
1368 3534 1659 3604 baptizaret
1697 3552 1710 3587 :
1758 3535 1905 3589 venit
1933 3535 2045 3606 Spi-

460 3624 597 3680 ritus
622 3633 872 3691 sauctus,
906 3634 1183 3694 creperum
1232 3624 1375 3695 loqui
1421 3625 1649 3696 linguis;
1678 3626 1932 3681 donatum
1963 3637 2046 3683 est

458 3718 659 3774 donum
690 3718 970 3783 invisibile,
995 3727 1048 3773 et
1074 3718 1191 3772 tulit
1216 3717 1597 3773 dubitationem
1615 3718 1681 3774 de
1695 3718 2044 3776 Sacramento

459 3810 655 3865 visibili
679 3825 694 3876 ;
727 3810 974 3880 baptizati
1003 3818 1127 3865 sunt
1149 3824 1356 3865 omnes.
1384 3809 1453 3865 Et
1474 3810 1636 3866 habes
1662 3811 1729 3867 ibi
1762 3811 2040 3881 scriptum:

456 3903 738 3958 Audierunt
766 3913 928 3957 autem
957 3904 1211 3973 Apostoli,
1262 3912 1307 3956 et
1349 3903 1434 3972 qui
1459 3913 1599 3957 erant
1624 3905 1677 3958 in
1705 3902 1892 3959 Iudaea
1931 3907 2042 3974 fra-

462 4008 580 4061 tres,
612 3998 851 4068 quoniam
878 4007 925 4051 et
955 3994 1135 4051 Gentes
1166 4005 1457 4068 receperunt
1480 3996 1679 4052 verbum
1710 3997 1826 4065 Dei,
1868 4010 1915 4054 et
1959 4000 2043 4055 ὑε-

455 4091 748 4145 nedicebant
767 4089 953 4145 Deum.
981 4090 1093 4146 Hoc
1118 4100 1200 4144 est
1215 4090 1357 4160 quod
1381 4091 1465 4145 hic
1490 4102 1875 4147 commemorat
1898 4110 1912 4146 :
1934 4094 2043 4148 Au.

457 4183 600 4248 divit,
628 4192 674 4236 et
693 4182 977 4251 jucundata
1000 4191 1071 4237 est
1101 4180 1267 4244 Sion;
1307 4191 1354 4235 et
1384 4183 1762 4237 exsultaverunt
1791 4185 1913 4253 [ilia
1937 4184 2042 4238 Juo

457 4274 584 4327 diem
603 4273 645 4326 ³.
677 4268 814 4341 Quid
838 4272 1050 4338 audivit,
1103 4280 1147 4325 et
1168 4272 1456 4342 jucundam
1483 4282 1553 4327 est
1591 4273 1721 4328 Sion
1746 4276 1770 4328 ?
1802 4274 1934 4341 Quia
1963 4293 2042 4330 re-

455 4373 691 4435 ceperunt
718 4363 899 4417 Gentes
926 4362 1130 4417 verbum
1153 4362 1265 4418 Dei.
1290 4362 1440 4420 Unus
1461 4370 1634 4433 partes
1663 4375 1903 4433 venerat,
1945 4367 2039 4423 sed

457 4457 678 4528 angelus
699 4457 934 4513 nondum
964 4466 1103 4512 erat.
1134 4457 1261 4512 Sion
1294 4457 1404 4525 ipsa
1432 4456 1669 4512 Ecclesia
1697 4474 1815 4528 quae
1845 4469 1959 4514 erat
1986 4464 2037 4514 in

454 4549 658 4612 Judtea,
690 4548 904 4619 proprie
929 4548 1015 4602 hic
1049 4546 1318 4601 nominata
1360 4554 1460 4601 est.
1498 4547 1704 4601 Audiuit
1728 4590 1742 4614 ,
1784 4557 1829 4602 et
1848 4549 2042 4619 jucun-

456 4644 580 4697 data
600 4651 673 4696 est
704 4640 872 4706 Sion;
902 4650 947 4695 et
972 4640 1348 4695 exsultaverunt
1374 4639 1497 4708 ﬁlia:
1522 4637 1741 4705 ludicre.
1772 4639 1859 4695 Sic
1908 4644 2040 4698 scri-

455 4746 601 4807 ptum
633 4743 715 4791 est
743 4752 757 4789 :
786 4733 1067 4789 Audierant
1105 4733 1353 4803 Apostoli,
1383 4743 1429 4786 et
1476 4733 1561 4803 qui
1592 4743 1733 4786 erant
1764 4735 1817 4787 in
1853 4734 2039 4791 Judaza

455 4833 659 4900 fratres.
685 4826 869 4883 Videte
895 4827 938 4881 si
967 4842 1074 4881 non
1097 4826 1471 4880 exsultaverunt
1492 4824 1615 4893 ﬁlia:
1641 4823 1859 4879 Judwaz.
1902 4826 2037 4895 Quid

453 4918 774 4976 audierunt?
804 4918 936 4987 Quia
961 4929 1008 4974 et
1038 4917 1221 4973 Gentes
1249 4926 1541 4988 receperunt
1567 4918 1766 4971 verbum
1797 4916 1908 4971 Dei.
1937 4916 2039 4974 Ubi

453 5012 584 5068 illud
609 5012 743 5068 dixit
775 5013 873 5067 iste
900 5011 1133 5082 psalmus
1153 5009 1627 5063 ?Annuntiauerunt
1653 5009 1766 5061 caeli
1784 5009 2039 5078 justitiam

452 5104 598 5175 ejus,
628 5112 675 5158 et
718 5102 946 5157 uiderunt
975 5117 1145 5155 omnes
1173 5098 1350 5170 populi
1376 5099 1594 5170 gloriam
1639 5100 1768 5169 ejus.
1802 5098 1867 5152 Et
1916 5099 2038 5168 quia

453 5195 654 5252 Gentes
678 5195 1041 5253 crediderunt.
1060 5210 1088 5249 a
1109 5194 1303 5264 quibus
1330 5192 1643 5248 colebantur
1675 5191 1810 5246 idola
1836 5208 1850 5257 ;
1879 5206 2037 5247 secu-

455 5297 539 5343 tus
559 5288 630 5342 ait
659 5285 1079 5356 :Confundantur
1099 5301 1269 5341 omnes
1293 5286 1379 5353 qui
1398 5286 1612 5338 adorant
1628 5284 1884 5353 sculptilia
1908 5326 1923 5351 ,
1955 5285 2042 5355 qui

408 5368 411 5373 λ
453 5379 743 5452 gloriantur
769 5378 823 5431 in
857 5377 1141 5432 simulacris
1167 5378 1290 5431 suis.
1317 5376 1538 5442 Audiuit,
1567 5385 1616 5430 et
1649 5375 1937 5448 jucundata
1969 5384 2043 5429 est

456 5469 586 5527 Sion
611 5487 630 5535 ;
659 5479 707 5525 et
733 5469 1104 5523 exsultauerunt
1131 5468 1251 5535 [ilia
1274 5466 1493 5522 Judww.
1524 5466 1713 5522 Postea
1735 5466 1949 5537 quidam
1975 5466 2043 5520 de

453 5562 786 5620 circumcisis
812 5560 1124 5617 calumniari
1155 5559 1432 5615 voluerunt
1476 5558 1636 5614 Petro
1656 5601 1670 5624 ,
1716 5568 1767 5613 et
1795 5559 2045 5613 dixerunt

1930 5713 2046 5763 ado-

1936 5787 2045 5825 mus

518 5722 533 5753 ³
562 5719 835 5780 tamquam
847 5729 959 5769 eum
980 5714 1191 5780 adorans
1210 5713 1457 5780 Cornelius
1472 5712 1603 5763 misit
1616 5712 1684 5762 ad
1704 5719 1812 5762 ρειπ-

456 5794 571 5835 rare
600 5775 843 5832 Christum
877 5778 1131 5830 Dominum
1178 5775 1337 5837 Petri,
1380 5784 1474 5826 etc.
1516 5782 1686 5825 Locum
1725 5787 1872 5824 emen

451 5846 697 5966 ω’,ξᾶςάη
722 5904 839 5970 ﬁlia
872 5904 1033 5970 Judie.
1059 5911 1115 5970 at
1138 5901 1305 5966 plures
1333 5907 1440 5970 tuss.
1477 5901 1615 5970 juxta
1636 5905 1763 5970 ptis,
1794 5895 1924 5970 ﬁlice
1951 5908 2040 5949 .m-

455 5972 597 6023 dtrw.
622 5960 695 6019 sic
718 5960 862 6018 rtia'm
886 5966 1100 6017 melioris
1117 5960 1243 6015 notae
1268 5965 1459 6013 codices
1480 5960 1529 6011 in
1552 5962 1668 6011 l‘sal.
1688 5960 1765 6022 «i7,
1789 5960 1837 6022 ᾗ.
1872 5960 1942 6009 12.

1694 450 1751 506 S.
1795 446 2161 504 AUGUSTINI
2204 448 2507 506 EPISCOPI

3615 466 3784 523 1248

2155 560 2231 615 illi
2266 579 2278 615 :
2313 562 2484 631 Quare
2508 566 2707 621 intrasti
2746 570 2812 623 ad
2850 568 3071 627 Gentiles
3100 573 3494 644 incircumcisos,
3519 586 3579 633 et
3611 593 3787 631 umn-

2149 651 2348 708 ducasti
2372 671 2484 710 cum
2500 658 2610 713 eis?
2635 658 2725 716 Ille
2752 672 2928 718 autem
2950 664 3179 721 reddidit
3201 667 3282 723 eis
3300 668 3597 738 rationem,
3625 684 3787 741 quo—

2149 746 2308 802 modo
2329 763 2449 803 cum
2475 763 2654 809 oraret
2671 753 3065 814 demonStratus
3090 769 3170 816 est
3200 762 3272 817 illi
3297 762 3477 820 discus
3497 764 3786 837 pendens

2149 850 2378 910 quatuor
2399 843 2573 898 lineis.
2612 845 2801 903 Discus
2827 850 2917 906 ille
2947 852 3037 922 qui
3069 852 3296 909 habebat
3323 858 3505 913 omnia
3534 858 3789 913 anima-

2150 931 2235 999 lia,
2281 934 2612 1004 signilicabat
2658 954 2845 995 omnes
2884 940 3101 999 Gentes.
3138 944 3265 1001 Ideo
3300 957 3479 1004 autem
3511 960 3789 1021 quatuor

2150 1025 2302 1081 lineis
2326 1029 2613 1099 pendebat,
2641 1033 2761 1102 quia
2788 1046 3017 1105 quatuor
3040 1049 3219 1109 partes
3246 1052 3370 1097 sunt
3394 1043 3544 1099 orbis
3562 1085 3581 1109 ,
3620 1043 3790 1098 unde

2149 1118 2310 1176 l‘uturi
2340 1124 2517 1193 populi
2543 1135 2699 1181 erant
2729 1144 2743 1181 :
2775 1136 2831 1183 et
2868 1130 2988 1186 ideo
3028 1143 3256 1202 quatuor
3286 1135 3579 1207 Evangelia
3622 1152 3793 1206 prae-

2149 1213 2328 1268 dicant
2354 1215 2644 1286 Christum,
2694 1228 2750 1274 ut
2775 1225 2945 1291 gratia
2994 1224 3159 1293 ipsius
3196 1226 3262 1281 ad
3292 1242 3481 1284 omnes
3509 1239 3788 1300 quatuor

2148 1316 2328 1378 partes
2358 1309 2503 1364 orbis
2536 1312 2801 1380 pertinere
2833 1314 3174 1387 intelligatur.
3202 1319 3336 1385 Quia
3366 1336 3494 1391 ergo
3525 1321 3660 1377 tale
3692 1320 3788 1375 vi-

2148 1413 2267 1453 sum
2297 1399 2717 1459 demonstratum
2764 1405 2937 1461 fuerat
2982 1408 3142 1463 Petro
3168 1451 3183 1475 ,
3226 1410 3501 1478 indicavit,
3536 1413 3788 1481 aperuit

2152 1489 2256 1543 illis
2281 1493 2479 1556 omnia,
2507 1495 2780 1565 quomodo
2817 1497 3048 1553 credidit
3088 1499 3389 1567 Cornelius,
3420 1504 3547 1574 quia
3576 1504 3788 1575 prius-

2148 1598 2307 1653 quam
2353 1585 2709 1656 baptizaretur
2758 1589 2921 1646 bomo
2964 1593 3212 1663 gentilis,
3253 1599 3399 1650 venit
3437 1613 3607 1668 super
3638 1613 3783 1653 eum

2148 1676 2376 1749 Spiritus
2402 1691 2638 1737 sanctus.
2670 1684 2795 1741 Haec
2824 1702 2945 1741 cum
2986 1688 3299 1755 audissent,
3332 1701 3633 1748 tacuerunt
3659 1738 3675 1753 .
3718 1702 3784 1750 et

2149 1772 2625 1842 magnilicaveruut
2651 1776 2815 1832 Deum
2841 1820 2856 1843 ,
2887 1778 3128 1835 dicentes
3160 1800 3173 1836 :
3209 1780 3391 1853 Utique
3424 1796 3469 1837 et
3504 1783 3785 1840 Gentibus

2150 1862 2291 1917 Deus
2318 1867 2663 1935 paenitentiam
2686 1870 2753 1922 ad
2778 1870 2930 1924 vitam
2957 1871 3095 1926 dedit
3128 1872 3264 1944 (Act.
3285 1890 3356 1938 χι,
3382 1876 3562 1947 1-18).
3593 1876 3778 1943 Ecce,

2152 1957 2392 2026 Audiuit,
2422 1970 2471 2013 et
2489 1962 2775 2029 jucundam
2814 1973 2887 2018 est
2933 1964 3102 2031 Sion;
3133 1976 3181 2021 et
3222 1970 3608 2024 exsultaverunt
3642 1972 3784 2039 filiae

2148 2048 2367 2117 Iudaeas,
2401 2063 2605 2122 prapter
2647 2055 2846 2123 judicia
2874 2066 2961 2110 tua
2986 2098 3001 2123 ,
3057 2056 3293 2113 Domine.
3335 2060 3462 2125 Quae
3502 2062 3730 2131 judicia
3756 2062 3784 2117 ’ἶ

2149 2140 2283 2209 Quia
2311 2159 2417 2198 non
2445 2154 2527 2201 est
2550 2161 2898 2216 personarum
2926 2159 3176 2221 acceptor
3196 2151 3354 2207 Deus.
3377 2154 3629 2225 Namque
3651 2157 3783 2225 ipse

2154 2234 2338 2291 Petrus
2363 2250 2483 2291 cum
2527 2238 2746 2295 vidisset
2774 2238 3078 2297 Cornelium
3105 2244 3471 2301 centurionem
3501 2288 3521 2313 ,
3582 2255 3646 2301 et
3671 2261 3780 2302 eos

2150 2329 2239 2397 qui
2270 2344 2390 2384 cum
2418 2331 2509 2387 illo
2530 2342 2702 2400 erant,
2730 2334 3048 2405 adimpletos
3077 2336 3276 2407 Spiritu
3313 2350 3516 2405 sancto,
3564 2341 3777 2395 excla-

2151 2422 2343 2489 mavit,
2395 2424 2579 2491 etait,
2627 2423 2693 2479 In
2723 2427 2929 2481 veritate
2967 2429 3334 2499 comprehendo
3375 2433 3495 2503 quia
3527 2449 3645 2487 non
3695 2443 3778 2489 est

2152 2529 2486 2582 personarum
2532 2527 2765 2585 acceptor
2792 2516 2953 2573 Deus.
2986 2520 3159 2591 Ergo,
3194 2520 3605 2579 Exsultaverunt
3636 2525 3776 2595 ﬁlia!

2150 2602 2369 2671 Iudicat,
2400 2615 2603 2676 propter
2622 2609 2819 2677 judicia
2846 2618 2953 2675 tua,
2986 2609 3219 2666 Domine.
3250 2613 3385 2681 Quid
3412 2623 3513 2677 est,
3540 2627 3774 2686 propter

2144 2698 2344 2767 judicia
2371 2708 2456 2752 tua
2478 2700 2503 2752 ?
2529 2699 2661 2766 Quia
2702 2700 2756 2753 in
2794 2703 2930 2755 omni
2969 2712 3114 2772 gente
3136 2746 3150 2768 ,
3186 2714 3232 2757 et
3260 2705 3312 2757 in
3353 2706 3491 2758 omni
3515 2710 3733 2777 populo
3752 2751 3769 2776 ,

2151 2790 2451 2860 quicumque
2479 2790 2554 2843 illi
2584 2791 2827 2856 servierit,
2848 2802 3083 2863 acceptus
3105 2804 3177 2847 est
3200 2795 3279 2849 illi
3302 2794 3411 2866 (Id.
3434 2813 3486 2860 κ,
3512 2798 3614 2862 ³54,
3642 2800 3767 2871 55).

2151 2881 2281 2949 Quia
2314 2896 2419 2936 non
2447 2881 2755 2939 Judaeorum
2794 2884 2935 2939 Deus
2978 2894 3214 2953 tantum,
3264 2887 3358 2943 sed
3407 2897 3463 2944 et
3490 2887 3768 2947 Gentium

2152 2973 2329 3042 (Rom.
2358 2990 2436 3041 ιιι,
2461 2974 2573 3046 29).

2225 3066 2310 3119 ll.
2342 3063 2489 3137 [vers.
2533 3065 2612 3139 9.]
2645 3066 2831 3123 Videte
2860 3070 2905 3123 si
2944 3084 3047 3125 non
3080 3070 3183 3126 hoc
3212 3080 3294 3128 est
3329 3072 3471 3131 unde
3502 3078 3765 3135 exsulta-

2150 3167 2344 3215 verunt
2394 3158 2514 3214 ﬁliae
2563 3159 2781 3217 Judaaae.
2816 3160 2882 3215 Et
2924 3166 3301 3219 exsultaverunt
3339 3168 3464 3237 ﬁlia:
3495 3168 3718 3227 ludicre
3747 3215 3764 3241 ,

2153 3258 2355 3319 prapter
2370 3250 2570 3321 judicia
2600 3262 2687 3305 tua
2710 3292 2725 3319 ,
2777 3252 3011 3308 Domine.
3056 3255 3306 3323 Quoniam
3334 3269 3388 3311 tu
3416 3275 3467 3313 es
3496 3259 3767 3320 Dominus

2149 3344 2425 3398 altissimus
2464 3361 2618 3416 super
2642 3363 2839 3402 omnem
2881 3358 3084 3404 terram.
3112 3351 3227 3407 Non
3259 3368 3421 3424 super
3450 3356 3623 3412 solam
3658 3358 3766 3414 Ju-

2151 3434 2343 3502 dmam,
2384 3451 2489 3491 non
2511 3452 2674 3507 super
2697 3439 2864 3494 solam
2887 3439 3209 3511 Jerusalem,
3244 3460 3349 3501 non
3380 3461 3542 3517 super
3573 3450 3764 3507 solam

2148 3528 2274 3584 Sion
2300 3570 2314 3595 ,
2344 3529 2439 3584 sed
2482 3547 2633 3601 super
2662 3549 2859 3587 omnem
2888 3544 3096 3592 terram.
3130 3538 3263 3594 Huic
3291 3543 3555 3598 universa:
3587 3553 3771 3602 terra)

2144 3619 2343 3689 judicia
2368 3620 2459 3675 Dei
2487 3621 2784 3693 viguerunt,
2817 3634 2874 3681 ut
2891 3627 3123 3698 undique
3144 3631 3366 3701 populos
3390 3647 3758 3694 convocaret:

2149 3712 2341 3780 quibus
2371 3728 2475 3769 non
2506 3718 2940 3787 communicant,
2993 3722 3082 3790 qui
3124 3738 3182 3779 se
3224 3726 3617 3795 prteciderunt;
3647 3747 3761 3788 nec

2148 3802 2369 3858 audiunt
2398 3806 2727 3874 praedictum,
2754 3825 2854 3864 nec
2878 3811 3060 3867 vident
3086 3814 3384 3885 impletum,
3410 3818 3681 3887 Quoniam
3704 3834 3761 3879 tu

2149 3913 2200 3951 es
2252 3896 2499 3952 Dominus
2552 3900 2830 3957 altissimus
2877 3922 3029 3974 super
3071 3923 3272 3963 omnem
3326 3921 3531 3967 terram.
3577 3913 3759 3970 Nimis

2148 3992 2398 4045 exaltatus
2440 4008 2490 4047 es
2519 4010 2671 4065 super
2710 4012 2882 4050 omnes
2911 3998 3051 4053 deos.
3082 4000 3218 4068 Quid
3249 4010 3352 4067 est,
3382 4005 3534 4059 nimis
3557 4006 3584 4059 .9
3611 4007 3755 4063 Nam

2147 4084 2215 4139 de
2240 4083 2455 4140 Christo
2482 4086 2695 4142 dicitur.
2730 4088 2865 4156 Quid
2897 4100 2979 4145 est
3022 4107 3183 4161 ergo,
3218 4095 3404 4161 nimis,
3434 4097 3537 4151 nisi
3581 4109 3637 4153 ut
3670 4101 3757 4155 in-

2148 4176 2406 4247 telligaris
2446 4178 2666 4247 aequalis
2694 4179 2874 4234 Patri?
2899 4180 3035 4249 Quid
3061 4193 3159 4249 est,
3192 4200 3347 4255 super
3377 4202 3550 4242 omnes
3570 4189 3701 4246 deos
3730 4191 3756 4244 ?

2148 4269 2241 4339 qui
2284 4268 2626 4324 suntildola
2677 4287 2781 4325 non
2829 4272 3025 4327 habent
3075 4290 3329 4339 sensum,
3388 4292 3493 4333 non
3545 4278 3753 4337 habent

2146 4358 2309 4413 vitam
2359 4377 2374 4413 :
2433 4359 2696 4417 dmmonia
2755 4362 2951 4419 habent
3007 4380 3254 4434 sensum,
3304 4364 3499 4424 habent
3538 4373 3747 4443 vitam;

2145 4453 2239 4510 sed
2278 4454 2417 4509 mala
2447 4465 2590 4510 sunt.
2622 4456 2758 4523 Quid
2793 4474 3040 4526 magnum
3076 4470 3159 4515 est
3186 4462 3307 4531 quia
3349 4464 3615 4519 exaltatus
3659 4477 3748 4522 est

2144 4544 2390 4601 Christus
2419 4561 2582 4616 super
2609 4546 2784 4602 idola?
2815 4549 3090 4605 Exaltatus
3127 4560 3209 4606 est
3249 4567 3409 4622 super
3437 4555 3742 4625 dmmonia;

2145 4637 2241 4694 sed
2270 4652 2369 4693 nec
2398 4636 2499 4691 hoc
2529 4638 2683 4693 valde
2711 4654 2960 4709 magnum
2988 4651 3071 4696 est
3097 4659 3110 4696 :
3136 4643 3396 4699 daemonia
3426 4646 3645 4716 quidem
3670 4650 3744 4704 dii

2147 4728 2394 4785 Gentium
2420 4727 2591 4797 (Psal.
2622 4744 2741 4795 xcv,
2775 4730 2855 4799 5),
2897 4730 2992 4785 sed
3043 4732 3131 4785 ille
3170 4734 3328 4788 nimis
3359 4736 3631 4793 cxaltatus
3661 4750 3745 4793 cst

2145 4835 2307 4890 super
2356 4834 2544 4873 onmes
2572 4817 2721 4873 deos.
2770 4820 2835 4874 Et
2886 4820 3129 4877 homines
3175 4824 3303 4880 dicti
3330 4837 3455 4880 sunt
3490 4828 3596 4894 dii,
3630 4827 3744 4900 Ego

2147 4915 2274 4979 dixi,
2318 4912 2405 4966 Dii
2428 4913 2570 4977 estis,
2599 4921 2645 4967 et
2675 4912 2773 4981 ﬁlii
2799 4913 3046 4969 Altissimi
3085 4933 3254 4971 omnes
3281 4934 3299 4971 :
3326 4916 3452 4973 item
3483 4920 3741 4991 scriptum

2146 5016 2259 5071 cst,
2293 5004 2429 5060 Deus
2466 5006 2601 5059 stetit
2646 5008 2698 5059 in
2738 5022 2997 5077 synagoga
3024 5008 3269 5074 deorum;
3308 5011 3360 5064 in
3386 5012 3551 5065 medio
3577 5024 3743 5069 autem

2148 5098 2267 5153 deos
2295 5099 2585 5151 discernens
2633 5096 2801 5168 (Psal.
2837 5115 3018 5164 LXXXI,
3048 5100 3099 5161 6,
3137 5102 3213 5171 1).
3237 5101 3409 5170 Super
3431 5117 3628 5161 omnes
3655 5121 3745 5161 ex-

2148 5193 2341 5248 altatus
2362 5200 2446 5246 est
2477 5191 2633 5247 Jesus
2655 5191 2901 5245 Christus
2932 5193 3185 5248 Dominus
3227 5203 3411 5251 noster
3444 5211 3583 5254 :nec
3622 5208 3739 5253 tan-

2148 5295 2259 5340 tum
2290 5301 2453 5355 super
2478 5285 2641 5351 idola,
2668 5299 2767 5339 nec
2792 5292 2996 5338 tantum
3022 5300 3181 5354 super
3208 5286 3499 5353 dmmonia;
3527 5289 3623 5345 sed
3656 5305 3740 5345 su-

2148 5391 2246 5448 per
2272 5391 2459 5431 omnes
2487 5375 2731 5430 homines
2754 5374 2950 5444 justos.
2986 5375 3049 5429 Et
3076 5375 3175 5430 hoc
3213 5392 3402 5446 parum
3428 5388 3546 5446 est;
3576 5395 3737 5451 super

2149 5485 2335 5525 omnes
2363 5470 2524 5524 etiam
2554 5468 2786 5538 Angelos
2817 5486 2829 5522 :
2864 5484 2984 5523 nam
3032 5468 3170 5522 unde.
3211 5478 3327 5534 est,
3359 5470 3584 5528 Adorate
3625 5491 3737 5529 eum

2150 5578 2319 5617 omnes
2331 5560 2510 5632 Angeli
2531 5561 2638 5630 ejus
2661 5560 2686 5613 ?
2715 5559 2885 5614 Nimis
2908 5560 3159 5613 exaltatus
3175 5576 3229 5615 es
3247 5575 3401 5629 super
3411 5578 3585 5619 omnes
3600 5566 3736 5622 deos.

2223 5654 2312 5709 l5.
2337 5650 2488 5727 [vers.
2522 5650 2636 5724 i0.]
2663 5650 2801 5719 Quid
2827 5665 2956 5720 ergo
2984 5650 3208 5706 facimus
3237 5667 3427 5709 omnes
3452 5657 3543 5727 qui
3571 5657 3635 5712 ad
3664 5659 3733 5712 il-

2151 5749 2260 5802 lum
2282 5745 2646 5809 convenimus,
2677 5743 2744 5799 ad
2771 5758 2893 5799 eum
2918 5742 3010 5813 qui
3038 5743 3196 5799 nimis
3226 5746 3494 5801 exaltatus
3533 5760 3615 5804 est
3641 5765 3730 5805 su-

2152 5854 2250 5910 per
2274 5850 2462 5893 omnes
2488 5835 2659 5891 deos?
2694 5834 2867 5891 Breve
2897 5843 3220 5904 praeceptum
3249 5835 3402 5892 nobis
3431 5837 3598 5895 dedit.
3636 5841 3731 5907 Qui

2157 5930 2371 6000 diligitis
2403 5927 2707 5992 Dominum,
2749 5925 2884 5980 adite
2922 5925 3221 5998 malignum.
3274 5924 3392 5987 Non
3428 5937 3509 5985 est
3550 5930 3730 6004 dignus
