4088 6444
268 357 411 414 1949

262 471 528 530 Christus
551 486 683 529 cum
703 485 812 544 quo
834 470 1024 543 diligas
1052 470 1347 526 avaritiam.
1372 473 1533 528 Amas
1569 474 1752 539 illum;
1781 473 1879 530 de-

261 566 362 622 bes
392 562 595 620 odisse
615 564 756 637 quod
778 564 907 620 odit.
934 563 1110 619 Homo
1138 575 1219 620 est
1240 564 1486 621 inimicus
1509 575 1649 633 tuus,
1677 567 1778 621 hoc
1798 574 1882 623 est

262 657 410 728 quod
441 668 547 725 tu;
585 659 754 716 creati
775 660 906 714 estis
933 659 1002 714 ab
1027 673 1135 714 uno
1160 657 1447 727 Creatore,
1476 660 1529 713 in
1552 675 1654 715 una
1690 659 1880 715 condi-

261 754 417 808 tione
446 771 462 807 :
493 762 559 809 et
613 765 790 810 tamen
820 754 863 809 si
910 753 1051 809 illius
1080 762 1200 809 tuus
1228 754 1475 824 loquatur
1502 754 1718 810 inimico
1748 764 1838 809 tuo
1861 795 1876 821 ,

262 854 316 901 et
340 845 535 900 veniat
559 846 632 902 ad
656 846 877 905 domum
904 846 1101 901 inimici
1129 846 1242 911 tui,
1285 857 1340 901 et
1373 846 1614 903 assiduas
1650 848 1883 903 collocu-

261 938 446 995 tiones
478 939 688 995 habeat
720 954 841 995 cum
882 939 971 994 illo
996 982 1011 1006 ,
1040 939 1385 995 exhaeredare
1429 939 1575 994 illum
1618 940 1727 1003 vis;
1756 940 1881 1011 quia

260 1032 519 1105 loquitur
547 1050 676 1089 cum
708 1033 925 1090 inimico
948 1042 1058 1088 tuo.
1092 1034 1161 1089 Et
1196 1034 1502 1106 quomodo?
1525 1036 1657 1105 Quia
1682 1036 1879 1106 justam

260 1141 466 1182 vocem
503 1126 716 1183 videris
748 1127 839 1183 tibi
888 1125 1087 1183 habere
1117 1145 1127 1179 :
1158 1129 1376 1183 Amicus
1405 1143 1464 1184 es
1501 1129 1702 1183 inimici
1735 1130 1876 1194 mei,

162 1218 165 1219 ⁷
260 1227 318 1272 et
351 1217 569 1288 quaeris
615 1217 816 1289 aliquid
864 1217 929 1273 de
959 1233 1017 1273 re
1046 1219 1200 1273 mea!
1231 1218 1374 1289 Ergo
1420 1219 1657 1275 attende.
1693 1220 1876 1288 Diligis

262 1308 579 1373 Christum,
631 1310 843 1365 inimica
884 1310 1082 1366 Christi
1121 1321 1202 1366 est
1253 1311 1471 1366 avaritia
1499 1332 1512 1372 ;
1544 1329 1708 1383 quare
1756 1328 1879 1368 cum

266 1399 361 1455 illa
389 1401 693 1470 loqueris?
716 1400 835 1456 Non
866 1401 1007 1466 dico,
1054 1402 1288 1472 loqueris
1313 1419 1432 1458 cum
1462 1405 1549 1458 illa
1574 1421 1588 1469 ;
1619 1419 1782 1474 quare
1808 1405 1881 1458 illi

268 1494 492 1549 servis?
524 1493 666 1549 Nam
699 1495 866 1549 multa
890 1494 1039 1563 jubet
1063 1493 1307 1550 Christus
1328 1537 1341 1560 ,
1384 1505 1437 1550 et
1469 1512 1573 1550 nou
1606 1496 1768 1561 facis;
1793 1497 1878 1567 ju-

270 1585 363 1639 bet
388 1584 537 1655 ipsa,
568 1595 623 1640 et
645 1586 801 1641 facis.
830 1585 988 1641 Juhet
1007 1585 1251 1641 Christus
1274 1597 1329 1641 ut
1349 1588 1544 1642 vestias
1568 1603 1878 1658 pauperem,

275 1690 326 1735 et
351 1695 458 1734 non
492 1679 669 1744 facis;
695 1680 850 1750 jubet
873 1680 1097 1734 avaritia
1127 1689 1187 1734 ut
1215 1680 1374 1736 facias
1407 1680 1668 1747 fraudem,
1703 1681 1883 1737 ethoc

272 1777 449 1846 potius
477 1775 643 1831 facis.
671 1775 726 1831 Si
752 1775 868 1830 haec
895 1776 964 1829 ita
992 1784 1135 1841 sunt,
1163 1775 1206 1829 si
1232 1776 1349 1830 talis
1370 1791 1448 1842 es,
1482 1777 1591 1831 noli
1620 1775 1713 1830 tibi
1747 1778 1883 1830 mul-

273 1874 381 1921 tum
416 1866 750 1936 promittere
778 1866 1142 1921 haereditatem
1171 1865 1389 1922 Christi.
1435 1866 1539 1923 Sed
1580 1868 1715 1923 dicis
1748 1888 1760 1922 :
1791 1869 1881 1922 Di-

270 1960 376 2029 ligo
396 1960 714 2017 Christum.
745 1961 847 2025 Qui
880 1960 1091 2031 diligitis
1114 1959 1408 2027 Dominum,
1431 1962 1566 2015 adite
1583 1961 1878 2030 malignum.

272 2051 412 2107 llioc
440 2061 682 2123 apparet
710 2061 761 2108 te
786 2052 1009 2124 diligere
1035 2053 1177 2123 quod
1209 2053 1405 2107 bonum
1434 2065 1535 2120 est,
1565 2055 1607 2109 si
1635 2055 1883 2110 inventus

271 2144 441 2202 fueris
460 2148 655 2203 odisse
685 2146 830 2218 quod
850 2147 1048 2203 malum
1071 2156 1153 2203 est
1182 2162 1196 2200 :
1224 2147 1324 2215 Qui
1353 2148 1564 2219 diligitis
1587 2147 1881 2214 Dominum,

274 2240 407 2293 adite
426 2238 743 2310 malignum.

343 2332 434 2387 16.
464 2331 581 2387 Sed
610 2348 735 2388 cum
765 2333 1089 2404 cmperimus
1128 2332 1305 2389 odisse
1335 2334 1644 2406 malignum,
1693 2336 1885 2391 subse-

274 2434 509 2494 quentur
526 2426 954 2495 persecutiones.
987 2425 1209 2482 Odimus
1230 2428 1551 2498 malignum;
1581 2429 1708 2484 dicit
1733 2430 1887 2487 nobis

276 2516 469 2587 aliquis
509 2528 852 2590 persecutor,
886 2519 995 2575 Fac
1023 2520 1303 2587 fraudem;
1331 2521 1460 2577 dicit
1505 2523 1680 2591 nobis,
1711 2524 1887 2579 Adora

280 2609 477 2664 idolum
503 2651 521 2676 ,
557 2612 693 2668 dicit
736 2612 908 2677 nobis,
943 2612 1090 2669 Thus
1134 2629 1272 2684 pone
1311 2614 1591 2670 daemoniis
1617 2634 1628 2668 :
1653 2616 1748 2673 sed
1791 2632 1889 2672 nos

280 2700 609 2765 audivimus,
642 2703 743 2772 Qui
786 2704 995 2777 diligitis
1046 2703 1358 2773 Dominum,
1407 2708 1541 2763 adite
1589 2710 1886 2780 malignum.

282 2794 606 2850 Audivimus
636 2797 874 2866 quidem,
920 2797 1014 2853 sed
1041 2797 1086 2852 si
1114 2814 1221 2853 non
1246 2798 1551 2868 fecerimus,
1598 2802 1748 2855 saevit
1778 2802 1887 2858 ille.

282 2887 584 2959 Usquequo
631 2889 827 2945 εωνίιῖ
879 2890 1004 2961 quid
1058 2900 1142 2946 est
1192 2892 1511 2948 ablaturus?
1561 2893 1887 2963 Responde;

277 2997 438 3053 quare
466 2981 823 3038 Christianus
847 2984 947 3040 es?
976 2995 1193 3055 propter
1220 2996 1472 3042 aeternam
1504 2987 1889 3057 haereditatem,

278 3089 341 3129 an
359 3086 598 3146 propter
620 3084 887 3132 terrenam
903 3076 1243 3133 felicitatem?
1266 3080 1534 3152 Interroga
1550 3082 1707 3137 fidem
1727 3092 1891 3151 tuam,

280 3183 417 3240 pone
486 3169 541 3223 in
573 3178 774 3224 catasta
806 3170 823 3201 ¹
854 3171 1194 3226 conscientiae
1233 3173 1465 3227 animam
1493 3182 1670 3239 tuam,
1706 3184 1896 3246 torque

285 3261 528 3332 teipsuln
553 3261 746 3316 timore
771 3261 973 3332 judicii.
1000 3264 1263 3333 reSponde
1282 3269 1365 3320 cui
1394 3267 1700 3331 credideris,
1732 3285 1897 3338 quare

286 3353 612 3408 credideris.
653 3353 793 3408 Dicis
822 3353 948 3408 mihi
975 3374 987 3409 :
1012 3355 1066 3409 ln
1096 3355 1365 3410 Christum
1395 3358 1618 3413 credidi.
1643 3359 1777 3427 Quid
1803 3360 1894 3415 tibi

290 3445 543 3514 promisit
554 3442 921 3510 Christus,nisi
936 3445 1077 3517 quod
1091 3447 1324 3503 ostendit
1339 3449 1389 3501 in
1404 3450 1493 3502 se?
1510 3448 1644 3517 Quid
1664 3451 1896 3506 ostendit

292 3537 344 3593 in
373 3556 430 3595 se
450 3540 485 3593 ἲ
515 3539 755 3595 Mortuus
780 3550 880 3601 est,
910 3550 963 3595 et
990 3542 1300 3606 resurrexit,
1331 3544 1571 3598 ascendit
1597 3545 1647 3599 in
1678 3546 1893 3603 coelum.

297 3630 604 3705 Mf!
624 3632 1171 3705 lmitargpqssionem,
1194 3646 1445 3705 exspecta
1466 3637 1870 3705 promissionem
1885 3678 1897 3694 .

305 3647 329 3687 ν
583 3647 834 3687 'tnmtare
919 3647 1171 3698 ssnonem,
1194 3647 1445 3705 exspecta
1466 3647 1897 3705 promissionem.

226 3647 1183 3797 Mem
1230 3730 1475 3795 saeviens,
1508 3745 1627 3784 cum
1673 3734 1899 3802 coeperis

300 3817 482 3873 odisse
512 3817 823 3888 malignum,
844 3820 964 3889 quia
982 3818 1159 3890 diligis
1181 3820 1503 3876 Dominum?
1533 3823 1658 3893 quid
1683 3824 1896 3879 ablatu-

303 3910 427 3964 rus?
459 3909 845 3965 Patrimonium
868 3928 879 3964 :
904 3911 1161 3981 numquid
1189 3913 1424 3969 coelum?
1452 3914 1728 3971 Postremo
1756 3918 1903 3987 quid-

307 4001 431 4071 quid
465 4001 558 4056 tibi
585 4001 733 4058 dedit
761 4003 920 4070 Deus,
972 4004 1119 4059 tollat
1148 4005 1237 4060 ille
1266 4005 1396 4076 (non
1432 4008 1569 4062 tollit
1592 4009 1826 4079 quidem,
1857 4012 1902 4066 si

311 4109 412 4148 nun
444 4095 556 4149 vult
588 4096 724 4151 Deus
754 4138 767 4162 ,
798 4096 843 4151 si
888 4107 1063 4151 autem
1092 4098 1202 4152 vult
1233 4098 1395 4165 Deus,
1427 4100 1562 4154 tollit
1589 4101 1729 4172 quod
1757 4102 1904 4158 dedit

312 4185 473 4253 Deus,
505 4203 571 4243 ne
600 4203 659 4243 se
684 4188 777 4244 tibi
805 4189 1010 4244 auferat
1041 4188 1154 4260 ipse
1182 4189 1342 4262 Deus)
1378 4208 1391 4246 :
1424 4191 1593 4247 Deum
1624 4193 1716 4249 tibi
1744 4209 1903 4250 nemo

308 4282 479 4348 tollet,
514 4290 568 4336 tu
604 4282 699 4337 tibi
727 4282 874 4337 illum
906 4283 1069 4349 tollis,
1096 4284 1137 4338 si
1170 4282 1322 4338 illum
1353 4284 1509 4356 fugis.

376 4374 467 4430 l7.
529 4373 689 4429 Forte
736 4373 1028 4443 reSpondes
1061 4391 1073 4426 :
1107 4374 1220 4429 Non
1272 4366 1401 4430 curo
1456 4376 1523 4431 de
1586 4377 1905 4446 patrimonio

309 4480 467 4529 tneo;
491 4463 744 4519 Dominus
765 4464 923 4529 dedit,
948 4464 1192 4519 Dominus
1212 4466 1446 4533 abstulit;
1468 4482 1683 4537 possum
1701 4468 1903 4539 dicere,

313 4554 460 4610 Sicut
501 4553 721 4610 Domino
748 4554 956 4626 placuit,
985 4557 1054 4609 ita
1079 4560 1267 4627 factum
1314 4567 1385 4611 est
1426 4556 1547 4629 (Job
1579 4575 1617 4625 ι,
1645 4559 1736 4629 ει)
1766 4577 1781 4623 ς
1811 4561 1906 4617 sed

315 4646 478 4704 timeo
503 4662 571 4702 ne
599 4646 807 4703 occidat
836 4662 940 4703 me.
976 4648 1088 4702 llac
1114 4658 1197 4702 est
1229 4657 1416 4703 totum.
1446 4649 1581 4704 Audi
1609 4665 1735 4721 ergo
1761 4652 1907 4707 Psal-

315 4742 462 4796 i’num
515 4740 880 4796 consolantem
907 4758 920 4793 :
950 4739 1179 4794 Custodit
1226 4738 1469 4795 Dominus
1508 4744 1706 4797 animos
1742 4761 1909 4800 servo—

311 4846 427 4886 rum
466 4848 690 4887 suarum.
718 4830 852 4899 Quia
879 4846 1005 4901 ergo
1047 4832 1253 4887 dixerat
1278 4837 1540 4904 superius,
1576 4835 1673 4901 Qui
1698 4837 1907 4909 diligitis

316 4922 612 4991 Dominum,
658 4924 792 4977 adite
830 4925 1148 4996 malignum;
1194 4940 1262 4981 ne
1311 4925 1431 4981 ideo
1472 4926 1689 4983 timeres
1732 4930 1909 4985 odisse

315 5016 633 5086 malignum,
666 5031 733 5070 ne
759 5015 1029 5071 occideret
1058 5025 1108 5071 te
1137 5017 1419 5088 malignus,
1451 5019 1678 5087 subjecit
1703 5022 1903 5089 statim,

318 5108 546 5163 Custodit
604 5106 854 5162 Dominus
921 5112 1119 5163 animas
1172 5126 1428 5164 servorum
1478 5115 1741 5167 suarum’.
1774 5115 1909 5170 Audi

319 5200 470 5255 illum
497 5199 882 5254 custodientem
922 5200 1126 5254 animas
1155 5215 1430 5255 servorum
1477 5217 1718 5270 suorum,
1751 5214 1805 5259 et
1831 5206 1911 5261 di-

320 5298 530 5347 centem
550 5310 565 5346 :
585 5290 759 5346 Nolite
784 5293 955 5346 timere
977 5309 1059 5346 eos
1078 5294 1163 5364 qui
1202 5311 1386 5364 corpus
1407 5295 1660 5361 accidunt,
1690 5298 1911 5353 animant

321 5396 491 5441 autem
517 5403 617 5441 non
645 5396 853 5458 possunt
881 5387 1105 5441 occidere
1136 5386 1346 5457 (Matth.
1388 5404 1453 5453 x,
1480 5387 1596 5458 28).
1630 5388 1832 5446 Occidit
1859 5402 1914 5448 et

389 5500 407 5569 ξ
442 5506 573 5569 Mss,
594 5498 786 5569 catistq,
835 5506 887 5550 et
929 5505 1142 5569 caueam,
1169 5500 1489 5569 vel‘cutlutsta
1509 5516 1525 5562 ;
1549 5504 1637 5553 sed
1666 5504 1911 5569 plerique,

547 5562 725 5635 Isidoro
743 5560 1120 5635 lectus_feneus
1137 5570 1229 5621 est,
1256 5564 1414 5635 inqua
1436 5560 1681 5635 martyres
1694 5560 1914 5635 subjecto

326 5624 443 5693 igne
465 5626 848 5693 torquebantur:
875 5623 983 5675 aliis
1005 5627 1168 5693 etiam,
1195 5623 1410 5693 machina
1428 5623 1622 5693 praprie
1642 5644 1734 5680 seu
1759 5623 1913 5693 locus,

326 5686 808 5761 inquoservivipcti
829 5686 1492 5761 exponebanturvenditioni,
1512 5686 1755 5742 autetiam
1774 5686 1913 5757 aperi

329 5746 543 5800 [edendo
560 5746 946 5800 includebantur.

356 5812 413 5923 ﬂ;
443 5818 592 5923 mea
632 5810 742 5862 cod.
776 5812 913 5862 Corb.
954 5812 1046 5863 hoc
1075 5819 1257 5864 tantum
1295 5812 1427 5875 loco,
1452 5814 1637 5867 animas
1672 5816 1915 5879 justorum

329 5886 352 5923 δ
417 5886 459 5923 ri
531 5910 541 5921 .

445 5887 541 5923 um.

1395 356 1790 413 ENARHATIO
1829 357 1891 413 lN
1932 356 2251 418 PSALMUM
2283 358 2462 416 XCVI.

3442 362 3584 430 1350

1990 491 2205 547 corpus,
2234 477 2324 548 qui
2350 477 2401 532 in
2433 485 2484 534 te
2515 477 2803 548 plurimum
2832 482 3064 551 potuerit
3095 499 3108 537 :
3136 483 3263 555 quid
3286 484 3381 542 tibi
3410 485 3581 545 fecit?

1986 567 2138 635 Quod
2177 578 2232 625 et
2271 570 2493 626 Domino
2540 571 2647 626 Deo
2682 580 2793 628 tuo.
2823 572 2999 642 Quare
3024 590 3171 631 amas
3202 578 3398 635 habere
3435 580 3579 651 quod

1986 659 2250 726 Christus,
2275 660 2321 716 si
2352 662 2507 718 times
2540 664 2645 734 pati
2672 665 2813 736 quod
2854 665 3133 725 Christus?
3155 669 3247 727 llle
3272 671 3418 728 venit
3442 674 3581 733 ferro

1986 753 2148 807 vitam
2177 762 2318 808 tuam
2347 757 2717 826 temporalem,
2749 758 3032 829 infirmam,
3068 764 3224 818 morti
3270 765 3578 822 obnoxiam.

1987 845 2143 902 Certe
2174 848 2300 903 time
2329 848 2485 911 mari,
2513 850 2557 905 si
2587 860 2738 920 potes
2763 867 2868 907 nou
2898 855 3052 909 mori.
3102 855 3255 924 Quod
3282 874 3376 928 per
3420 870 3577 915 natu-

1987 954 2100 995 ram
2128 940 2297 996 vitare
2323 957 2427 997 non
2460 950 2631 1013 potes,
2662 959 2827 1013 quare
2856 956 3069 1018 propter
3094 948 3250 1005 fidem
3280 966 3383 1006 non
3406 953 3580 1010 susci-

1989 1030 2107 1100 pis?
2137 1031 2310 1086 Tollat
2338 1033 2430 1088 tibi
2462 1032 2617 1088 istam
2646 1035 2808 1089 vitam
2834 1038 2923 1107 qui
2954 1038 3186 1094 minatur
3215 1041 3575 1111 adversarius,

1986 1121 2076 1177 dat
2105 1122 2199 1178 tibi
2251 1123 2390 1180 Deus
2439 1126 2596 1180 aliam
2643 1127 2808 1182 vitam
2843 1146 2856 1182 :
2887 1129 3009 1199 quia
3037 1138 3095 1186 et
3141 1131 3295 1187 istam
3338 1134 3453 1204 ipse
3484 1134 3579 1191 tibi

1986 1212 2153 1278 dedit,
2184 1222 2239 1269 et
2262 1216 2306 1269 si
2333 1215 2448 1285 ipse
2479 1216 2727 1285 noluerit,
2761 1234 2859 1274 nec
2888 1220 3000 1290 ipsa
3041 1222 3293 1289 tolletur;
3322 1224 3367 1279 si
3396 1237 3576 1282 autem

1987 1306 2213 1361 voluerit
2258 1318 2313 1363 ut
2344 1309 2557 1365 tollatur
2598 1310 2710 1375 tibi,
2755 1311 2913 1367 habet
2958 1313 3100 1384 quod
3152 1324 3325 1371 tecum
3373 1326 3577 1386 mutet;

1988 1397 2097 1453 noli
2126 1399 2311 1454 timere
2336 1400 2555 1471 spoliari
2587 1418 2684 1472 pro
2720 1402 2833 1458 illo.
2860 1403 2977 1459 Non
3004 1405 3085 1459 vis
3110 1407 3233 1461 exui
3264 1418 3413 1463 veste
3449 1424 3565 1480 pau-

1989 1488 2155 1543 nosa?
2200 1489 2400 1544 Stolam
2444 1491 2628 1560 glorizr.
2658 1492 2749 1547 tibi
2794 1493 3015 1548 daturus
3045 1505 3144 1550 est.
3187 1497 3356 1563 Quam
3388 1497 3585 1553 stolam

1988 1579 2120 1634 dicis
2137 1580 2263 1634 mihi
2287 1580 2309 1633 ?
2335 1580 2542 1650 Oportet
2557 1584 2881 1654 carruptibile
2896 1586 2990 1639 hac
3014 1586 3224 1642 induere
3243 1589 3581 1659 incorruptio-

1988 1687 2121 1733 nem,
2149 1682 2195 1725 et
2221 1672 2433 1726 mortale
2457 1675 2551 1726 hac
2576 1675 2787 1730 induere
2810 1677 3241 1732 immortalitatem
3270 1679 3308 1751 (Ι
3334 1680 3452 1736 Car.
3485 1696 3577 1749 xv,

1988 1763 2100 1833 53).
2128 1763 2251 1818 Haec
2279 1764 2388 1834 ipsa
2411 1780 2537 1820 caro
2565 1776 2649 1821 tua
2676 1782 2781 1822 non
2812 1768 3019 1835 peribit.
3055 1768 3235 1840 Usque
3256 1771 3321 1825 ad
3352 1782 3579 1828 mortem

1989 1864 2165 1924 potest
2190 1856 2380 1911 saevire
2410 1858 2653 1913 inimicus
2685 1876 2697 1912 :
2733 1868 3049 1928 potestatem
3078 1861 3215 1916 ultra
3262 1878 3367 1918 nou
3396 1864 3578 1932 habet,

1989 1965 2089 2004 nec
2116 1951 2167 2004 in
2191 1950 2459 2015 animam,
2486 1967 2586 2008 nec
2613 1954 2662 2005 in
2709 1956 2875 2023 ipsam
2907 1970 3123 2010 carnem
3149 1971 3164 2021 ;
3195 1957 3313 2027 quia
3342 1958 3440 2012 etsi
3468 1958 3581 2013 dis-

1990 2042 2126 2111 sipet
2155 2057 2392 2108 carnem,
2423 2060 2526 2098 non
2560 2044 2775 2113 impedit
2806 2048 3275 2103 resurrectionem.
3306 2049 3379 2105 De
3404 2050 3582 2108 anima

1990 2149 2084 2189 sua
2114 2136 2368 2192 timebant
2396 2136 2640 2193 homines
2662 2180 2677 2203 ,
2706 2147 2760 2194 et
2782 2139 2908 2210 quid
2937 2141 3015 2197 eis
3058 2143 3311 2197 Dominus
3334 2145 3448 2199 ait?
3488 2145 3583 2199 Ve-

1990 2228 2082 2282 stri
2107 2238 2274 2281 autem
2300 2229 2475 2299 capilli
2520 2232 2702 2300 capitis
2742 2248 2913 2288 omnes
2941 2237 3186 2290 numerati
3224 2246 3341 2292 sunt
3365 2236 3580 2308 (Matth.

1992 2334 2048 2386 ι,
2080 2320 2193 2390 50).
2225 2320 2405 2375 Times
2451 2337 2518 2378 ne
2545 2323 2776 2378 animam
2812 2325 3022 2395 perdas,
3069 2329 3158 2397 qui
3189 2328 3435 2398 capillum
3478 2344 3583 2385 non

1994 2413 2216 2482 perdis?
2244 2413 2354 2468 Deo
2391 2414 2569 2469 omnia
2616 2426 2894 2472 numerata
2924 2426 3067 2472 sunt.
3109 2418 3300 2474 Omnia
3346 2420 3584 2476 redinte-

1992 2504 2187 2573 grabit,
2217 2505 2305 2573 qui
2332 2506 2509 2559 omnia
2541 2507 2761 2563 creavit.
2791 2506 2908 2563 Non
2940 2517 3112 2572 erant,
3142 2522 3194 2565 et
3223 2521 3397 2565 creata
3425 2522 3582 2567 sunt:

1994 2606 2167 2662 erant,
2197 2606 2249 2651 et
2277 2613 2382 2651 non
2413 2598 2800 2667 reparabuntur
2820 2601 2844 2653 ?
2865 2599 3087 2664 Credite
3112 2615 3238 2671 ergo
3265 2610 3375 2656 toto
3400 2602 3583 2671 corde,

1996 2685 2189 2742 fratres
2218 2687 2345 2751 moi,
2370 2696 2424 2743 et
2448 2690 2535 2757 qui
2560 2688 2771 2759 diligitis
2796 2688 3093 2754 Dominum,
3125 2690 3260 2745 adite
3285 2693 3583 2764 malignum.

1995 2777 2184 2833 Fortes
2202 2789 2394 2841 estote,
2415 2796 2518 2834 non
2546 2780 2715 2835 solum
2739 2780 2791 2835 in
2813 2781 3082 2853 diligendo
3106 2784 3291 2850 Deum,
3309 2784 3402 2840 sed
3423 2787 3583 2843 etiatu

1998 2872 2051 2927 in
2092 2873 2322 2931 odiendo
2352 2874 2663 2945 malignum.
2711 2873 2879 2929 Nemo
2910 2890 3005 2931 vos
3048 2886 3245 2933 terreat
3276 2894 3289 2937 :
3321 2880 3591 2949 potentior

1998 2973 2081 3019 est
2106 2966 2194 3035 qui
2211 2980 2304 3020 vos
2330 2966 2559 3032 vocavit,
2578 2965 2916 3035 omnipotens
2943 2968 3094 3033 est‘;
3124 2967 3317 3024 fortior
3334 2980 3415 3025 est
3439 2971 3587 3027 omni

1999 3056 2141 3120 forti,
2171 3058 2417 3127 superior
2441 3066 2522 3113 est
2552 3059 2696 3112 omni
2725 3058 2956 3113 excelso.
2988 3057 3158 3113 Filius
3184 3059 3274 3115 Dei
3310 3076 3403 3129 pro
3434 3061 3590 3117 uobis

2001 3159 2241 3206 mortuus
2261 3161 2343 3207 est
2360 3167 2374 3218 ;
2400 3166 2619 3207 securus
2642 3161 2758 3206 esto
2778 3162 3119 3221 accepturum
3146 3161 3197 3207 te
3217 3153 3375 3207 vitam
3399 3154 3585 3223 ipsius,

2001 3247 2089 3315 qui
2142 3247 2332 3315 pignus
2378 3245 2544 3302 habes
2594 3255 2818 3302 mortem
2867 3246 3052 3316 ipsius.
3101 3246 3204 3301 Pro
3229 3248 3418 3318 quibus
3444 3251 3589 3306 enim

2003 3353 2244 3394 mortuus
2269 3339 2396 3395 est?
2427 3339 2681 3411 numquid
2706 3354 2803 3409 pro
2825 3339 3025 3409 justis?
3053 3338 3272 3395 Paulum
3296 3342 3577 3413 interroga.

2004 3429 2207 3486 Etenim
2237 3432 2466 3486 Christus
2494 3447 2587 3503 pro
2627 3431 2799 3500 impiis
2826 3440 3053 3486 mortuus
3079 3442 3152 3486 est
3197 3431 3372 3505 (Rom.
3412 3449 3464 3499 v,
3509 3432 3586 3503 6).

2006 3523 2201 3593 Impius
2230 3540 2368 3589 eras,
2399 3534 2453 3579 et
2484 3535 2724 3579 mortuus
2750 3532 2832 3579 est
2862 3539 2957 3594 pro
2985 3535 3065 3591 te,
3092 3523 3411 3593 justilicatus
3431 3539 3509 3591 es,
3538 3534 3593 3584 et

2005 3618 2219 3673 deseret
2243 3618 2331 3671 te?
2359 3617 2459 3684 Qui
2483 3617 2791 3688 justilicavit
2821 3618 3060 3687 impium,
3092 3618 3356 3687 relinquet
3402 3618 3590 3690 pium?

2008 3708 2110 3774 Qui
2130 3710 2338 3781 diligitis
2363 3708 2660 3776 Dominum,
2682 3709 2817 3764 adite
2840 3710 3136 3781 malignum.
3164 3708 3334 3765 Nemo
3364 3711 3546 3766 timeat
3573 3727 3590 3766 :

2007 3800 2232 3856 Custodit
2274 3800 2526 3856 Dominus
2565 3802 2761 3857 animas
2798 3816 3053 3856 servorum
3079 3816 3306 3868 suarum,
3353 3802 3415 3856 de
3440 3819 3594 3857 manu

2010 3898 2281 3966 peccatoris
2310 3905 2447 3951 eruet
2465 3913 2570 3951 eas.

2080 3990 2165 4045 l8.
2195 3987 2345 4063 [vers.
2376 3987 2487 4062 11.]
2516 3988 2619 4044 Sed
2660 3986 2799 4044 forte
2825 3986 3065 4043 dicturus
3088 4001 3148 4042 es
3176 4002 3190 4041 ι
3224 3987 3396 4043 Perda
3421 3988 3592 4044 lucem

2010 4082 2186 4137 istam.
2214 4080 2332 4135 Lua:
2368 4090 2478 4134 arta
2503 4090 2575 4134 est
2598 4079 2759 4150 justo.
2788 4079 2958 4147 Quam
2988 4078 3161 4134 lucem
3190 4078 3346 4135 times
3375 4095 3442 4135 ne
3470 4094 3591 4151 perv

2009 4175 2147 4231 das?
2178 4176 2332 4230 times
2358 4189 2426 4229 ne
2452 4173 2503 4229 in
2533 4173 2765 4230 tenebris
2793 4172 2904 4228 sis?
2941 4172 3060 4228 Noli
3092 4173 3277 4229 timere
3306 4189 3374 4229 ne
3403 4174 3597 4245 perdas

2011 4271 2182 4325 lucem
2203 4311 2219 4336 ,
2250 4268 2357 4323 imo
2384 4267 2512 4323 time
2540 4282 2609 4323 ne
2632 4266 2758 4321 dum
2785 4281 2943 4322 caves
2972 4265 3194 4336 perdere
3222 4265 3375 4321 istam
3396 4266 3593 4335 lucem,

2011 4362 2202 4434 perdas
2228 4361 2370 4416 illam
2394 4360 2563 4417 lucem
2587 4376 2789 4417 veram.
2811 4358 2981 4428 Quam
3011 4360 3166 4415 times
3181 4359 3322 4415 enim
3352 4360 3591 4430 perdere,

2010 4452 2253 4509 videmus
2280 4452 2471 4524 quibus
2499 4451 2691 4507 donata
2721 4459 2827 4520 est,
2852 4466 2976 4506 cum
3015 4450 3207 4522 quibus
3232 4450 3326 4505 tibi
3352 4466 3592 4506 commu~

2012 4547 2096 4602 nis
2120 4555 2221 4601 est.
2254 4544 2519 4615 Numquid
2560 4544 2660 4599 soli
2704 4542 2829 4598 boni
2859 4543 3042 4599 vident
3068 4543 3226 4598 istum
3256 4542 3449 4610 solem,
3478 4557 3598 4597 cum

2014 4642 2171 4698 faciat
2212 4640 2343 4695 oriri
2391 4639 2561 4695 solem
2610 4652 2764 4692 suum
2816 4652 2977 4707 super
3016 4635 3186 4691 bonos
3234 4644 3289 4689 et
3332 4635 3523 4700 malos,
3547 4642 3603 4690 et

2014 4736 2157 4806 pluat
2187 4747 2347 4802 super
2370 4732 2544 4802 justas
2582 4739 2636 4786 et
2665 4728 2888 4800 injustas
2916 4726 3127 4795 (Matth.
3155 4741 3221 4790 v,
3265 4724 3402 4797 45)?
3442 4725 3602 4780 Istam

2015 4827 2186 4881 lucem
2233 4824 2416 4879 vident
2444 4831 2618 4878 tecum
2652 4822 2839 4892 iniqui,
2884 4820 3066 4875 vident
3095 4828 3269 4874 tecum
3318 4817 3589 4882 latrones.

2014 4919 2197 4975 vident
2225 4927 2399 4973 tecum
2424 4916 2697 4986 impudici,
2730 4914 2910 4969 vident
2938 4922 3109 4968 tecum
3142 4909 3349 4978 bestiae,
3380 4925 3600 4979 muscae,

2020 5012 2314 5067 vermiculi.
2364 5010 2588 5080 Qualem
2635 5008 2808 5062 lucem
2832 5006 2977 5076 justo
3021 5010 3218 5070 servat,
3267 5004 3357 5073 qui
3386 5012 3440 5057 et
3487 5003 3604 5058 istis

2016 5106 2172 5163 istam
2199 5105 2405 5161 donat?
2434 5103 2620 5161 Merito
2650 5102 2787 5156 hanc
2808 5101 2978 5155 lucem
3016 5098 3068 5153 in
3099 5098 3202 5153 fide
3231 5108 3495 5171 martyres
3526 5099 3604 5152 vi-

2018 5200 2225 5255 derunt.
2259 5198 2360 5267 Qui
2380 5198 2521 5253 enim
2553 5197 2707 5251 istam
2728 5200 3177 5263 contempserunt,
3203 5192 3432 5265 aliquam
3455 5193 3576 5248 vide

2018 5300 2142 5347 runt
2168 5306 2325 5363 quam
2357 5288 2812 5351 desideraverunt,
2843 5284 2934 5355 qui
2962 5285 3098 5340 hanc
3123 5295 3462 5355 respuerunt.
3491 5282 3607 5338 Lua:

2019 5398 2130 5439 arta
2169 5394 2239 5439 est
2252 5386 2413 5454 justo,
2442 5390 2489 5437 et
2513 5380 2658 5434 rectis
2684 5378 2836 5434 corde
2848 5378 3167 5450 iucunditas.
3208 5376 3383 5433 Nolite
3413 5386 3607 5447 putare

2019 5477 2141 5548 quia
2169 5492 2293 5532 vere
2319 5476 2370 5529 in
2397 5472 2610 5529 miseria
2639 5470 2874 5539 fuerunt,
2902 5485 3023 5527 cum
3054 5471 3106 5525 in
3136 5478 3322 5526 catena
3358 5467 3603 5523 ambula-

2020 5577 2231 5626 verunt.
2274 5567 2438 5622 Latus
2486 5563 2583 5620 fuit
2629 5570 2813 5620 carcer
2860 5561 3127 5629 fidelibus,
3176 5556 3611 5617 leves'fuerunt

2086 5750 2101 5782 ι
2140 5752 2341 5817 All-Er.
2368 5751 2420 5795 et
2430 5743 2614 5817 aliquot
2635 5750 2892 5817 Mss.,nam
2914 5753 3007 5817 non
3041 5752 3120 5791 vos
3144 5744 3353 5789 terreant
3378 5744 3608 5802 potenttoo

2022 5826 2099 5862 res
2128 5808 2252 5873 :_qui
2268 5821 2345 5858 vos
2362 5808 2539 5873 vocavit
2560 5808 2852 5868 omnipotens
2875 5809 2959 5852 est.
3592 5862 3601 5873 .

2088 5875 2106 5904 ³
2126 5870 2349 5935 Plerique
2372 5877 2498 5929 Mss,
2525 5870 2667 5919 lenes.
3592 5870 3619 5973 ‘\
