4088 6510
505 356 640 433 issi

505 497 709 546 catenas
732 484 1128 545 confitentibus.
1159 480 1433 539 Habebam
1452 478 1639 549 gaudia
1666 478 1717 533 in
1744 486 1964 541 catasta,
1992 475 2082 547 qui

503 582 775 642 Christum
814 578 1173 651 praedicabant
1210 576 1346 631 inter
1388 581 1672 627 tormenta.
1717 571 1833 625 Lux
1872 578 1982 627 orta
2011 577 2085 624 est

496 676 661 749 justo.
687 675 817 744 Qua:
838 673 922 728 lux
945 679 1059 727 orta
1086 678 1167 725 est
1186 667 1368 738 justo?
1392 665 1521 733 Quae
1548 680 1653 719 non
1673 664 1842 720 oritur
1865 663 2082 732 injuste;

504 786 612 827 non
638 771 737 826 ista
787 768 876 822 lux
900 779 1056 835 quam
1103 761 1228 819 facit
1252 760 1378 816 oriri
1408 774 1568 829 super
1596 758 1765 812 bonos
1808 764 1863 811 et
1889 755 2080 810 malos.

503 863 594 919 Est
624 861 722 915 alia
750 860 839 915 lux
866 872 985 928 quae
1012 855 1185 911 oritur
1222 852 1406 923 justo;
1434 851 1500 907 de
1535 863 1637 920 qua
1685 850 1805 905 luce
1831 861 1936 903 non
1982 844 2085 901 sibi

502 965 640 1021 orta,
667 954 720 1007 in
753 952 858 1007 (inc
903 949 1083 1006 dicent
1109 946 1289 1016 injusti
1322 963 1333 998 :
1370 943 1510 1016 Ergo
1536 941 1809 996 erravimus
1833 955 1867 993 α
1889 939 1969 994 οἱα
1999 952 2085 991 υθ-

502 1046 687 1111 ritatis,
705 1042 980 1113 etjustitiat
999 1040 1169 1095 tanien
1191 1054 1290 1093 non
1315 1036 1442 1090 luxit
1463 1033 1625 1099 nobis,
1652 1042 1699 1088 et
1717 1030 1796 1087 sol
1817 1046 1917 1085 non
1945 1038 2085 1084 ortus

501 1146 573 1193 est
616 1135 756 1191 nobis
784 1133 938 1207 (Sep.
971 1147 1027 1199 v,
1076 1131 1156 1202 6).
1189 1130 1327 1185 Ecce
1356 1127 1582 1183 amando
1628 1126 1784 1181 istum
1812 1123 2001 1186 solem,
2029 1122 2085 1177 in

502 1228 743 1286 tenebris
765 1225 941 1283 cordis
964 1228 1263 1295 iacuerunt.
1293 1221 1428 1290 Quid
1478 1218 1672 1290 profuit
1711 1218 1881 1273 oculis
1902 1217 2089 1272 videre

503 1321 685 1385 istum,
732 1326 787 1375 et
824 1326 1003 1375 mente
1042 1330 1144 1371 non
1192 1313 1373 1369 videre
1427 1310 1617 1367 illum?
1648 1309 1839 1364 Tobias
1869 1308 1887 1340 ⁸
1910 1321 2088 1363 caecus

502 1420 637 1479 erat,
664 1419 719 1466 et
739 1409 905 1464 ﬁlium
931 1422 1082 1462 suum
1110 1405 1246 1459 viam
1266 1403 1356 1459 Dei
1374 1402 1618 1457 docebat.
1633 1400 1811 1455 Nostis
1826 1400 1947 1464 hoc,
1962 1398 2085 1468 quia

504 1502 697 1558 Tobias
727 1500 893 1556 lilium
924 1513 1078 1554 suum
1106 1495 1440 1558 admonebat,
1474 1504 1529 1549 et
1571 1492 1800 1556 dicebat,
1832 1489 1958 1556 Fili,
2001 1494 2085 1560 [ac

502 1595 863 1664 elemosynas,
893 1590 1009 1660 quia
1042 1589 1368 1657 elscmoayma
1393 1601 1494 1639 non
1520 1584 1809 1654 permittunt
1828 1582 1903 1636 ire
1922 1581 1975 1635 in
2013 1590 2088 1636 te.

504 1687 682 1741 nebras
701 1682 854 1752 (Tob.
879 1697 950 1747 tv,
978 1680 1032 1747 7,
1063 1680 1151 1749 Η)
1178 1696 1191 1733 :
1219 1688 1273 1734 et
1298 1676 1609 1746 loquebatur
1628 1674 1718 1730 ille
1740 1674 1831 1743 qui
1859 1674 1910 1727 in
1936 1683 2085 1727 tene-

502 1779 613 1836 bris
640 1787 773 1835 erat.
801 1776 1007 1832 Videtis
1031 1775 1153 1844 quia
1197 1781 1279 1828 est
1304 1771 1407 1826 alia
1454 1770 1544 1825 lux
1578 1785 1697 1840 qua:
1725 1769 1897 1823 oritur
1917 1767 2083 1836 justo,

504 1879 561 1926 et
601 1870 763 1927 rectis
809 1867 973 1924 corde
1010 1864 1356 1936 iucunditas?
1380 1862 1575 1918 Oculos
1604 1877 1712 1917 non
1755 1859 2004 1923 habebat,
2030 1867 2087 1914 et

502 1964 615 2020 lilio
656 1976 753 2019 suo
794 1960 1023 2023 dicebat,
1052 1956 1163 2013 Fac
1190 1958 1560 2028 eicensosynas,‘
1606 1956 1933 2025 elesmosynat
1983 1969 2088 2007 non

503 2058 677 2113 sinunt
704 2057 778 2111 ire
818 2056 873 2110 in
909 2054 1134 2110 tenebras
1161 2068 1180 2107 :
1205 2066 1305 2108 nec
1334 2050 1527 2113 timuit,
1558 2064 1627 2104 ne
1650 2047 1855 2105 diceret
1881 2045 1985 2102 sibi
2030 2046 2085 2100 in

503 2148 665 2205 corde
690 2162 788 2203 suo
813 2146 955 2203 ﬁlius
983 2145 1163 2215 ipsius,
1209 2142 1291 2199 Tu
1316 2142 1459 2199 enim
1481 2140 1847 2210 eleemosynas
1875 2154 1978 2193 non
2008 2136 2085 2194 io-

503 2238 662 2297 cisti:
690 2253 857 2308 quare
896 2252 1070 2292 cacus
1099 2233 1228 2289 mihi
1262 2231 1538 2303 loqueris?
1565 2230 1705 2287 Ecce
1729 2230 2086 2302 eleemosynte

504 2330 572 2387 ad
616 2330 863 2385 tenebras
888 2338 940 2383 te
964 2327 1342 2397 perduxerunt,
1369 2334 1425 2380 et
1448 2323 1717 2395 quomodo
1746 2323 1873 2378 mihi
1904 2323 2037 2378 dicis
2064 2338 2083 2379 ι

503 2421 855 2494 Elecmosynte
876 2437 977 2476 non
998 2420 1165 2474 sinuat
1201 2418 1274 2472 ira
1291 2418 1346 2472 iu
1370 2416 1597 2471 tenebras
1614 2416 1641 2471 ?
1664 2414 1839 2483 Quare
1868 2414 1957 2469 ille
1985 2417 2084 2470 ista

503 2530 626 2569 cum
654 2513 842 2568 liducia
885 2510 1115 2577 diccbat,
1163 2510 1265 2566 nisi
1289 2510 1411 2579 quia
1440 2508 1599 2563 aliam
1629 2506 1802 2562 lucem
1831 2506 2082 2562 videbat?

503 2604 671 2661 Filius
700 2603 830 2674 patri
859 2617 1074 2658 manum
1100 2600 1333 2666 tenebat,
1359 2609 1415 2655 ut
1438 2597 1737 2655 ambularet
1765 2614 1780 2654 :
1808 2597 1902 2653 sed
1934 2606 2084 2668 pater

506 2696 673 2752 tilium
702 2696 839 2751 viam
869 2694 1114 2760 docebat,
1156 2701 1216 2749 ut
1252 2693 1477 2748 viveret.
1524 2691 1621 2747 Est
1646 2705 1776 2762 ergo
1819 2690 1923 2744 alia
1952 2689 2040 2744 lux
2060 2728 2083 2756 ,

504 2803 624 2860 quas
651 2788 818 2843 oritur
853 2785 1040 2856 justo:
1073 2784 1190 2839 Lua:
1231 2794 1344 2839 orta
1367 2791 1439 2838 est
1469 2784 1632 2855 justo,
1677 2793 1723 2837 et
1758 2782 1904 2837 rectis
1931 2782 2086 2837 corde

500 2878 813 2950 iucunditas.
845 2875 941 2931 Vis
978 2875 1122 2930 illam
1148 2874 1343 2929 nosse?
1368 2874 1496 2928 Esto
1524 2881 1700 2929 rectus
1727 2871 1909 2929 corde.
1940 2870 2083 2940 Quid

504 2981 609 3037 εει,
659 2970 789 3027 Esto
834 2978 1011 3025 rectus
1058 2967 1260 3024 corde?
1287 2965 1405 3023 Noli
1448 2974 1590 3021 torto
1632 2965 1796 3022 corde
1843 2980 1967 3022 esse
2014 2964 2083 3021 ad

505 3066 696 3132 Deum,
728 3062 982 3120 resistens
1001 3061 1256 3117 voluntati
1283 3059 1467 3129 ipsius,
1494 3068 1548 3115 et
1572 3057 1756 3115 volens
1778 3057 1925 3113 illum
1947 3073 2079 3113 cur-

503 3172 633 3215 vare
676 3155 743 3212 ad
776 3165 846 3223 te,
877 3163 933 3212 et
958 3170 1065 3210 non
1095 3161 1146 3210 to
1191 3152 1422 3223 dirigere
1469 3151 1536 3207 ad
1581 3152 1731 3207 illum
1755 3192 1770 3217 ,
1800 3162 1856 3207 et
1880 3152 2083 3209 senties

497 3252 904 3326 iucunditatem,
954 3265 1113 3322 quam
1164 3257 1361 3305 norunt
1398 3262 1589 3303 omnes
1630 3248 1719 3319 qui
1764 3256 1912 3303 recto
1956 3256 2083 3303 sunt

503 3346 684 3405 corde.
725 3343 840 3400 Lux
884 3352 997 3399 orta
1019 3351 1091 3399 est
1113 3343 1272 3415 justo,
1302 3350 1350 3397 et
1398 3342 1544 3397 rectis
1583 3340 1735 3395 corde
1756 3340 2079 3411 jucundius.

575 3437 663 3492 19.
696 3434 845 3508 [verm
877 3432 993 3507 12.}
1016 3432 1398 3495 Jucuudamini,
1422 3432 1571 3502 justi.
1595 3431 1714 3487 1am
1735 3430 1870 3487 forte
1896 3431 2081 3487 ﬁdeles

503 3527 798 3591 audientes,
823 3523 1210 3585 Jacundamini,
1241 3522 1481 3577 convivia
1508 3521 1847 3587 meditantur,
1885 3521 2080 3577 calices

504 3628 825 3693 praeparant,
856 3632 1099 3673 rosarum
1127 3624 1336 3685 tempus
1359 3622 1703 3684 exspectant;
1733 3615 1854 3685 quia
1881 3614 2079 3669 dictum

503 3724 606 3780 est,
626 3710 1011 3775 Jusuudamini,
1026 3708 1175 3779 justi.
1196 3706 1326 3762 Vide
1345 3705 1470 3775 quid
1485 3706 1723 3776 sequitur
1739 3724 1752 3758 :
1767 3706 1821 3759 in
1841 3704 2079 3760 Domino.

502 3802 887 3865 Jucundamim',
908 3801 1057 3871 justi,
1084 3799 1137 3853 in
1165 3797 1402 3853 Domino.
1430 3797 1717 3867 Exspectas
1746 3805 1953 3866 telnpus
1981 3810 2080 3852 ve-

503 3900 597 3965 ris,
647 3907 702 3952 ut
741 3894 1047 3965 jucunderis
1077 3911 1091 3946 :
1126 3893 1402 3947 Dominum
1448 3893 1613 3948 habes
1651 3892 2032 3961 jucunditatent
2060 3933 2080 3962 ,

504 3991 764 4048 Dominus
787 4003 999 4057 semper
1019 3995 1191 4043 tecum
1214 3994 1313 4053 est,
1337 4001 1440 4039 non
1473 3984 1627 4039 habet
1651 3993 1890 4054 tempus;
1915 3984 2080 4041 habes

503 4084 650 4139 illum
680 4089 855 4147 nocte,
902 4079 1067 4134 habes
1108 4077 1253 4132 illum
1292 4076 1398 4132 die.
1445 4075 1577 4131 Esto
1615 4085 1796 4131 rectus
1820 4077 2001 4143 corde,
2026 4086 2083 4133 et

504 4191 715 4246 semper
737 4184 819 4230 est
844 4174 935 4228 tibi
964 4172 1030 4227 de
1051 4171 1144 4226 illo
1164 4170 1486 4241 jncunditas.
1525 4167 1643 4224 Non
1670 4170 1811 4224 enim
1832 4169 2082 4239 jucundi-

508 4280 587 4324 tas
614 4283 731 4338 quae
755 4274 837 4321 est
863 4263 1152 4321 secundum
1179 4264 1451 4325 saeculum,
1500 4276 1624 4316 vera
1647 4261 1951 4330 iucunditas
1975 4269 2079 4317 est.

505 4358 641 4413 Audi
665 4356 974 4427 prephetam
1000 4353 1189 4409 Isaiam
1219 4371 1232 4407 :
1261 4351 1381 4406 Non
1409 4361 1481 4406 est
1502 4352 1721 4422 gaudere
1740 4352 1929 4420 impiis,
1960 4352 2082 4407 dicit

504 4447 755 4502 Dominus
778 4444 930 4518 (lsai.
951 4460 1136 4510 nvm,
1159 4443 1267 4508 22;
1295 4453 1341 4497 et
1369 4458 1495 4507 Lvu,
1521 4441 1635 4511 2i).
1670 4440 1912 4496 Gaudere
1938 4441 2082 4512 quod

505 4545 700 4593 vocant
725 4536 893 4605 impii,
922 4551 1028 4589 non
1052 4544 1134 4590 est
1159 4532 1407 4605 gaudere.
1439 4532 1605 4600 Quale
1631 4532 1877 4602 gaudium
1910 4547 2079 4589 nove-

504 4636 590 4685 rat
612 4628 701 4699 qui
725 4626 828 4683 hoc
851 4626 1098 4698 gaudium
1125 4624 1495 4696 improbabat?
1524 4624 1815 4679 Credamus
1845 4625 1945 4691 illi,
1968 4624 2077 4680 fra-

506 4730 636 4778 tres.
668 4720 838 4775 liomo
881 4728 1021 4783 erat,
1057 4717 1151 4774 sed
1193 4717 1348 4772 ambo
1388 4715 1576 4787 gaudia
1607 4726 1843 4771 noverat.
1890 4715 2083 4787 Utique

505 4819 731 4872 noverat
753 4810 942 4885 gaudia
973 4810 1174 4875 calicis,
1205 4809 1326 4879 quia
1356 4808 1517 4864 homo
1540 4816 1673 4872 erat,
1704 4819 1923 4863 noverat
1952 4824 2082 4879 gau-

506 4906 654 4963 dium
678 4919 901 4970 mensm,
929 4909 1147 4958 noverat
1171 4899 1419 4971 gaudium
1448 4899 1589 4966 lecti,
1634 4906 1854 4954 noverat
1890 4898 2083 4967 gaudia

505 5001 606 5058 ista
636 4999 905 5055 saecularia
932 5004 991 5051 et
1014 4994 1302 5050 luxuriosa.
1340 4992 1435 5047 llle
1478 4990 1568 5060 qui
1614 4999 1834 5046 noverat
1870 4990 1980 5057 illa,
2007 4991 2083 5045 ait

506 5106 875 5165 praesumens:
907 5088 1029 5143 Non
1055 5097 1127 5142 est
1174 5086 1393 5158 gaudere
1417 5085 1606 5155 impiis,
1651 5084 1769 5137 dicit
1812 5083 2078 5139 Dominus.

506 5186 614 5242 Sed
643 5201 749 5239 non
778 5185 905 5239 dicit
933 5182 1131 5246 homo;
1162 5180 1411 5235 Dominus
1450 5178 1570 5231 dicit
1594 5192 1612 5231 :
1633 5193 1696 5232 ex
1729 5178 1948 5231 veritate
1980 5177 2082 5233 Do-

506 5277 636 5334 mini
667 5278 708 5341 ¹,
738 5274 860 5330 Non
899 5284 968 5328 est
998 5274 1213 5345 gaudere
1236 5274 1424 5342 impiis.
1452 5270 1581 5325 Nam
1610 5270 1683 5324 illi
1711 5270 1811 5325 sibi
1837 5270 2082 5325 videntur

507 5366 776 5439 gaudere:
806 5363 927 5418 Non
968 5375 1039 5417 est
1068 5375 1243 5418 autem
1287 5362 1505 5434 gaudere
1546 5361 1735 5431 impiis,
1784 5360 1926 5427 dicit,
1974 5378 2081 5418 non

506 5459 690 5525 homo,
721 5455 812 5512 sed
856 5454 1117 5509 Dominus.
1170 5452 1317 5509 Unde
1360 5454 1449 5508 ille
1490 5453 1660 5522 ipsum
1703 5452 1949 5522 gaudium
1998 5452 2081 5506 vi-

570 5658 583 5686 ¹
613 5662 659 5703 In
677 5653 927 5702 veteribus
950 5650 1082 5700 libris
1102 5657 1378 5700 constanter
1396 5650 1636 5709 scribitur,
1664 5649 1809 5698 ‘I‘obis.
1827 5650 1953 5711 Apud
1974 5658 2081 5700 LXX

506 5713 815 5781 vero,’l'obit.
1052 5770 1058 5778 ι
1218 5778 1229 5781 Α
1696 5779 1707 5781 Α
1816 5770 1825 5780 ,

572 5780 590 5807 ⁵
614 5772 684 5827 sic
709 5786 805 5824 Am.
833 5781 901 5823 Er.
933 5782 983 5822 et
1010 5772 1109 5823 MSS.
1144 5780 1191 5821 Si
1218 5778 1343 5831 Μυκη,
1368 5783 1434 5823 [ar
1461 5772 1655 5822 terimur
1684 5772 1915 5823 ῃοηιξηκδ
1941 5772 2075 5835 ἀνω

511 5847 607 5897 Non
627 5846 694 5889 est
713 5836 941 5900 gatttlt're,
964 5846 1055 5885 clc.

1702 364 1757 421 S.
1797 359 2161 420 AUGUSTlNl
2201 360 2506 421 EPtSCOPl

3667 369 3807 434 ηδε

2190 476 2325 533 dens
2347 519 2362 545 ,
2394 479 2469 534 ait
2495 497 2510 535 :
2540 476 2611 534 Et
2646 478 2779 536 diem
2819 480 3079 539 hominum
3123 498 3224 541 non
3263 487 3582 558 concupiui,
3614 495 3672 544 tu
3710 494 3810 549 scis

2192 568 2421 640 (Jerem.
2479 586 2614 637 xvr,
2673 571 2800 643 16).
2841 574 2941 642 Qui
2994 576 3125 632 mihi
3171 574 3342 634 alium
3408 578 3567 636 diem
3621 591 3809 639 osten-

2189 660 2290 727 dis,
2342 663 2434 733 qui
2471 679 2558 719 me
2602 664 2759 720 aliam
2797 666 2968 722 lucem
3022 668 3218 738 doces,
3261 670 3364 742 qui
3417 684 3517 727 me
3563 671 3672 728 alia
3721 674 3806 746 ju¢

2189 753 2459 810 cunditate
2521 757 2829 826 perfundis,
2886 759 2976 830 qui
3039 760 3183 816 aliud
3236 763 3380 818 mihi
3455 764 3612 820 intus
3675 766 3807 824 insi-

2189 860 2342 910 nuas,
2386 844 2556 902 fecisti
2602 864 2688 905 me
2730 865 2835 906 non
2882 852 3262 922 concupiscere
3286 856 3447 912 diem
3496 855 3803 920 hominum.

2189 934 2383 1007 Utique
2424 938 2636 995 videbat
2662 939 2823 995 Isaias
2853 941 3096 999 homines
3127 944 3180 999 in
3212 947 3529 1017 potatione,
3564 949 3619 1004 in
3650 950 3805 1007 luxu~

2189 1028 2289 1095 ria,
2319 1030 2371 1084 in
2412 1030 2654 1100 theatris,
2680 1042 2736 1090 et
2761 1037 3098 1106 spectaculis,
3131 1046 3298 1096 totum
3334 1042 3621 1097 mundum
3649 1043 3803 1101 luxu-

2189 1121 2313 1176 riari
2332 1125 2493 1201 variis
2518 1126 2706 1195 nugis;
2736 1136 2792 1183 et
2818 1137 2994 1184 tamen
3025 1131 3292 1201 :lamsbat,
3322 1132 3461 1191 Non
3484 1148 3564 1193 est
3584 1140 3806 1209 gaudere

2188 1213 2378 1284 inipiis,
2407 1216 2527 1270 dicit
2568 1216 2835 1275 Dominus.
2862 1222 2915 1276 Si
2943 1221 3047 1278 hoc
3072 1238 3178 1279 non
3220 1235 3303 1281 erit
3331 1227 3616 1297 gaudere,
3647 1232 3805 1299 quale

2188 1305 2437 1375 gaudium
2462 1307 2694 1375 videbat,
2716 1310 2770 1365 in
2790 1312 2943 1382 cujus
2964 1317 3373 1384 comparatione
3400 1333 3516 1373 non
3548 1332 3664 1375 erat
3703 1322 3801 1381 hoc

2187 1398 2482 1467 gaudium?
2510 1400 2782 1471 Tanquam
2813 1405 2859 1459 si
2887 1414 2942 1460 tu
2968 1421 3154 1463 nosses
3180 1410 3380 1478 solem,
3413 1421 3475 1467 et
3498 1413 3664 1469 alicui
3691 1414 3796 1471 lau-

2188 1491 2333 1547 danti
2366 1493 2634 1551 lucernam
2660 1497 2867 1553 diceres
2894 1516 2907 1554 :
2939 1499 3054 1556 Non
3080 1512 3161 1558 est
3190 1505 3288 1559 ista
3323 1505 3445 1560 lux.
3481 1506 3671 1576 Qttare
3711 1510 3797 1569 lux

2189 1596 2294 1637 non
2321 1585 2445 1639 est?
2476 1585 2568 1642 ille
2611 1602 2708 1656 pro
2734 1604 2928 1660 magno
2954 1590 3134 1660 habet,
3176 1596 3402 1666 gaudet,
3436 1600 3719 1667 exsultat;
3748 1608 3799 1658 et

2187 1683 2244 1730 tu
2272 1675 2405 1732 dicis
2436 1696 2448 1732 :
2476 1677 2592 1734 Non
2622 1690 2704 1735 est
2726 1682 2822 1737 ista
2839 1682 2949 1738 lus.
2970 1688 3075 1740 Aut
3098 1687 3143 1741 si
3164 1689 3286 1758 quis
3308 1690 3544 1745 simiam
3566 1692 3793 1749 mirare-

2187 1773 2295 1831 tur,
2327 1767 2533 1825 diceres
2564 1789 2576 1826 :
2604 1771 2720 1827 Non
2769 1783 2854 1829 est
2895 1775 2994 1831 ista
3040 1778 3410 1847 pulchritudo.
3469 1781 3543 1836 Et
3570 1783 3617 1838 si
3662 1783 3795 1840 forte

2187 1858 2276 1914 ille
2301 1873 2591 1930 occupatus
2614 1876 2760 1921 esset
2783 1867 2922 1922 circa
2943 1870 3397 1939 compositionem
3421 1875 3789 1933 membrorum

2188 1950 2241 2005 in
2272 1952 2358 2007 illa
2388 1954 2578 2021 bestia,
2608 1966 2662 2012 et
2688 1974 2874 2014 omnes
2903 1961 3020 2016 illas
3044 1965 3437 2033 congruentias
3462 1967 3787 2036 miraretur;

2154 2056 2157 2059 ‘
2188 2053 2243 2100 tu
2272 2046 2362 2115 qui
2388 2062 2616 2103 noveras
2654 2050 2813 2105 aliam
2840 2052 3309 2123 pulchritudinem.
3342 2071 3584 2130 negares
3614 2061 3783 2129 istam,

2187 2144 2243 2190 et
2266 2134 2472 2193 diceres
2504 2156 2515 2191 :
2544 2138 2659 2194 Non
2703 2151 2805 2197 est.
2838 2143 3051 2211 Quare?
3078 2145 3213 2213 Quia
3257 2148 3428 2204 aliam
3478 2152 3645 2206 nosti.
3688 2152 3787 2210 Sed

2186 2224 2319 2280 dicis
2350 2245 2360 2279 :
2390 2227 2502 2297 Ego
2547 2230 2687 2284 illam
2734 2249 2891 2301 qnam
2940 2235 3152 2291 videbat
3198 2238 3399 2304 Isaias,
3452 2258 3567 2297 non
3612 2243 3779 2300 video.

2185 2317 2378 2383 Crede,
2407 2327 2462 2374 et
2481 2321 2702 2379 videbis.
2726 2324 2885 2381 Forte
2907 2327 3049 2382 enim
3072 2340 3177 2385 nec
3202 2330 3376 2387 habes
3398 2334 3551 2390 unde
3574 2334 3778 2403 videas;

2186 2418 2270 2465 est
2293 2410 2433 2465 enim
2460 2414 2646 2469 oculus
2674 2416 2815 2473 unde
2839 2417 2924 2472 illa
2970 2419 3312 2488 pulchritudo
3344 2424 3619 2480 videatur.
3651 2426 3777 2482 Nam

2184 2502 2453 2572 quomodo
2478 2514 2564 2560 est
2600 2508 2783 2562 oculus
2811 2510 3007 2576 carnis,
3054 2512 3195 2569 unde
3223 2515 3316 2570 lux
3362 2516 3472 2571 ista
3501 2517 3776 2579 videatur;

2184 2594 2263 2648 sic
2288 2602 2371 2649 est
2413 2597 2600 2653 oculus
2636 2599 2834 2666 cordis,
2866 2602 3006 2659 unde
3031 2605 3115 2659 illa
3142 2606 3461 2675 iucunditas
3494 2609 3774 2665 videatur:

2183 2683 2322 2742 forte
2363 2686 2451 2743 ille
2476 2690 2661 2746 oculus
2686 2694 2897 2749 saucius
2921 2705 3025 2763 est,
3055 2698 3367 2756 sordidatus
3394 2712 3504 2769 eet,
3541 2703 3775 2759 turbatus

2183 2785 2268 2831 est
2291 2778 2358 2833 ab
2387 2780 2483 2843 ira,
2510 2781 2578 2835 ab
2616 2785 2855 2848 avaritia,
2882 2802 2911 2841 a
2934 2788 3240 2858 cupiditate,
3273 2808 3306 2847 a
3335 2793 3568 2851 libidine
3605 2795 3775 2851 inscita

2183 2878 2333 2935 sata;
2368 2872 2605 2928 turbatus
2650 2885 2735 2930 est
2779 2878 2965 2933 oculus
3011 2888 3153 2947 tuus,
3202 2899 3309 2938 non
3370 2895 3555 2955 potest
3602 2887 3773 2943 videre

2184 2959 2330 3017 illam
2372 2963 2560 3019 lucem.
2607 2966 2797 3033 Crede,
2847 2979 3128 3038 antequam
3170 2974 3359 3032 videas
3400 2994 3419 3030 :
3460 2978 3763 3045 sanaberis,

2183 3063 2239 3108 et
2268 3054 2492 3111 videbis.
2532 3056 2649 3114 Lua:
2677 3069 2789 3115 orta
2814 3070 2886 3116 est
2921 3064 3064 3133 justo
3085 3104 3102 3132 ,
3142 3077 3191 3121 et
3230 3070 3389 3125 rectis
3414 3070 3571 3126 corde
3588 3071 3766 3142 jucun-

2182 3143 2335 3200 ditas.

2253 3238 2339 3293 20.
2365 3239 2752 3311 Jucundamini,
2773 3244 2868 3313 ait,
2878 3246 3011 3316 justi
3034 3248 3088 3303 in
3105 3248 3320 3305 Destino
3336 3268 3359 3307 :
3378 3263 3429 3307 et
3468 3253 3767 3322 conﬁtmiui

2184 3333 2436 3386 memoria:
2477 3335 2755 3390 sanctitatis
2797 3337 2927 3408 ejus.
2955 3337 3074 3394 iam
3107 3340 3389 3410 jucundati
3425 3344 3481 3397 in
3516 3343 3761 3409 Domitio,

2179 3422 2290 3493 jam
2318 3424 2607 3493 gaudentes
2632 3428 2683 3481 iu
2726 3428 2982 3496 Domino,
3012 3432 3085 3487 illi
3106 3434 3475 3501 conﬁtemini;
3523 3438 3643 3506 quia
3668 3435 3765 3492 nisi

2182 3517 2372 3583 vellet,
2406 3534 2507 3574 non
2533 3520 2582 3573 in
2611 3520 2698 3574 illo
2735 3521 3104 3591 gauderemus.
3136 3527 3221 3580 Ait
3246 3528 3401 3583 enim
3434 3530 3554 3599 ipse
3580 3528 3754 3584 Domi—

2182 3624 2282 3663 nus
2316 3628 2328 3664 :
2362 3609 2488 3664 ch
2514 3612 2706 3667 locutus
2728 3630 2839 3668 sum
2868 3616 3023 3678 vobis,
3049 3627 3103 3670 ut
3123 3619 3176 3671 iu
3200 3636 3277 3673 me
3300 3636 3485 3691 pacem
3514 3621 3755 3685 habeatis,

2181 3701 2238 3755 in
2278 3703 2466 3756 mundo
2494 3712 2661 3757 autem
2688 3722 2975 3775 pressuram
3005 3708 3181 3781 (Joau.
3210 3728 3298 3766 xu
3322 3754 3339 3778 ,
3376 3714 3497 3782 35).
3542 3714 3599 3769 Si
3622 3713 3756 3768 chrio

2182 3793 2341 3848 stiani
2370 3796 2525 3859 estis,
2560 3811 2833 3864 pressurus
2863 3798 2913 3852 in
2939 3800 3039 3854 isto
3088 3802 3284 3858 mundo
3316 3814 3574 3873 sperate;
3622 3814 3754 3860 tran-

2183 3887 2423 3963 quilliora
2448 3897 2502 3943 et
2526 3891 2743 3945 meliora
2770 3899 3007 3961 tempora
3036 3894 3199 3950 nolite
3227 3912 3474 3965 sperare.
3508 3899 3716 3953 Fratres
3734 3937 3749 3963 ,

2181 3962 2365 4033 fallitis
2394 3996 2520 4045 vos;
2562 3980 2701 4051 quod
2745 3982 2896 4038 vobis
2939 3962 3278 4054 Evangelium
3324 4004 3439 4043 non
3470 3988 3745 4059 promittit,

2182 4072 2349 4127 nolite
2372 4074 2522 4129 vobis
2547 4076 2876 4141 promittere.
2910 4077 3046 4146 Quid
3075 4079 3217 4135 dicat
3244 4081 3627 4154 Evangelium,
3658 4083 3750 4137 sci-

2182 4165 2287 4219 tis:
2319 4166 2621 4221 christianis
2651 4168 2945 4237 loquimur;
2996 4171 3113 4227 fidei
3138 4177 3575 4241 praevaricatores
3641 4189 3746 4231 esse

2183 4271 2289 4310 non
2320 4256 2592 4312 debemus.
2628 4257 2970 4330 Evangelium
3003 4262 3104 4319 hoc
3130 4264 3292 4331 dicit,
3343 4269 3473 4338 quia
3502 4270 3552 4323 in
3580 4269 3744 4323 novis-

2183 4347 2332 4402 simis
2354 4350 2679 4419 temporibus
2709 4352 2868 4406 multa
2897 4356 3059 4417 mala,
3085 4357 3249 4412 multa
3280 4342 3551 4427 scandala,
3577 4361 3740 4415 multis

2184 4452 2476 4507 pressurae,
2537 4441 2715 4495 multa:
2764 4442 3064 4514 iniquitates
3109 4447 3614 4507 abundabunt:sed
3663 4451 3741 4519 qui

2183 4532 2601 4598 perseveraverit
2621 4548 2788 4602 usque
2820 4536 2869 4588 in
2899 4535 3054 4591 tinem
3072 4579 3088 4605 ,
3117 4538 3201 4592 hic
3228 4542 3408 4597 salvus
3431 4544 3551 4597 erit.
3584 4541 3738 4611 Refri-

2183 4630 2363 4692 gescet,
2392 4622 2579 4692 inquit,
2609 4625 2826 4679 cltaritas
2852 4628 3123 4682 multorum
3154 4628 3367 4703 (Matth.
3400 4651 3543 4701 xxiv,
3570 4634 3735 4698 545).

2188 4711 2288 4779 Qui
2313 4728 2441 4782 ergo
2485 4726 2887 4783 perseveranter
2915 4720 3102 4787 spiritu
3143 4721 3433 4791 ferbuerit,
3463 4725 3732 4781 secundum

2183 4804 2496 4873 Apostolum
2514 4846 2530 4872 ,
2559 4807 2646 4877 qui
2673 4808 2777 4873 ait,
2806 4808 3004 4878 Spiritu
3035 4816 3276 4882 ferventes
3301 4815 3474 4890 (Rom.
3501 4833 3574 4872 ιιι
3594 4857 3609 4884 ,
3634 4816 3732 4885 ll),

2186 4896 2302 4965 eius
2336 4896 2567 4952 Charitas
2590 4915 2693 4953 non
2736 4902 3077 4971 refrigescet;
3104 4906 3225 4975 quia
3258 4908 3367 4975 ipsa
3394 4909 3618 4963 cliaritas
3647 4904 3727 4960 Dei

2183 4986 2369 5042 diffusa
2398 4998 2477 5042 est
2503 4988 2555 5041 in
2582 4988 2829 5065 cordibus
2860 4994 3058 5047 nostris
3085 5010 3183 5065 per
3216 4996 3465 5066 Spiritum
3510 5006 3731 5052 sanctum

2184 5081 2273 5151 qui
2303 5080 2454 5137 datus
2482 5088 2565 5136 est
2593 5082 2744 5137 nobis
2776 5081 2883 5155 (Id.
2917 5101 2968 5152 ν,
3001 5087 3078 5159 5).
3105 5088 3273 5145 Nemo
3318 5092 3416 5147 sibi
3454 5105 3579 5160 ergo
3616 5102 3725 5158 pro-

2184 5174 2359 5228 mittat
2384 5174 2521 5244 quod
2550 5174 2889 5244 Evangelium
2916 5192 3021 5232 non
3051 5182 3326 5248 promittit.
3376 5184 3512 5238 Ecce
3536 5180 3727 5235 venient

2185 5265 2385 5321 laetiora
2416 5275 2675 5337 tempora,
2703 5276 2756 5323 ct
2790 5267 2924 5323 facio
2955 5271 3103 5339 illud,
3131 5282 3187 5329 et
3228 5289 3349 5330 emo
3373 5275 3516 5331 illud.
3546 5275 3722 5329 Bonum

2187 5368 2269 5414 est
2298 5360 2388 5414 tibi
2413 5368 2471 5414 ut
2496 5361 2737 5416 attendas
2764 5361 2911 5417 illum
2937 5364 3027 5434 qui
3053 5381 3159 5421 non
3191 5367 3389 5426 fallitur
3416 5370 3459 5435 ί,
3477 5382 3571 5423 nec
3595 5362 3724 5419 Μελ*
3766 5412 3771 5427 ι

2186 5449 2247 5505 lit
2274 5451 2501 5520 aliquem
2523 5494 2538 5518 ,
2567 5453 2655 5521 qui
2680 5453 2772 5507 tibi
2801 5455 3045 5523 promisit
3070 5473 3173 5512 non
3201 5458 3289 5515 hic
3308 5460 3551 5523 laetitiam,
3574 5453 3654 5511 sed
3674 5454 3716 5507 in

2186 5555 2279 5606 se;
2312 5548 2365 5595 et
2388 5555 2509 5595 cum
2537 5544 2840 5599 transierint
2866 5545 2963 5601 ista
2983 5588 3001 5612 ,
3042 5564 3229 5619 speres
3246 5551 3366 5621 quia
3393 5566 3515 5607 cum
3536 5548 3625 5603 illo
3645 5554 3718 5598 re-

2185 5631 2372 5703 gnabis
2400 5633 2453 5687 in
2478 5641 2770 5702 :eternum;
2814 5652 2883 5693 ne
2924 5654 3049 5694 cum
3073 5640 3163 5697 hic
3185 5643 3271 5698 vis
3291 5656 3540 5716 regnare,
3570 5646 3717 5708 neque

2187 5723 2273 5779 hic
2301 5722 2497 5780 habeas
2513 5726 2928 5799 jucunditatcm,
2962 5749 3135 5805 neque
3159 5735 3269 5793 illic
3293 5734 3535 5795 invenias.

2254 5840 2269 5873 ι
2296 5844 2399 5889 Am.
2419 5846 2470 5891 et
2492 5849 2618 5904 Mss,
2642 5840 2784 5906 fauit.
