4088 6434
243 329 372 388 i233

238 448 1826 490 Μ

632 516 713 579 IN
755 508 1139 578 PSALMUM
1178 504 1406 571 XCVII

799 609 1215 672 ENAIIRATIO.

748 723 920 766 δειλιιο
959 723 1026 763 ΔΙ)
1064 718 1287 763 PLEBEI.

312 814 330 868 i
396 810 552 884 [vers
582 802 655 880 I.]
694 794 907 860 Caritate
949 799 1164 853 Domino
1191 792 1444 850 canticum
1477 804 1678 844 novum.
1720 778 1826 841 No-

244 922 335 960 vus
361 879 528 960 homo
554 879 715 963 novit,
747 906 900 950 vetus
927 908 1029 948 non
1056 889 1221 945 novit.
1253 884 1416 941 Vetus
1442 879 1602 937 homo
1626 888 1706 935 est
1738 891 1827 931 ve-

249 1012 325 1053 tus
354 999 461 1052 vita
486 1038 500 1061 ,
557 1001 606 1047 et
634 998 801 1045 novus
847 987 1005 1042 homo
1054 998 1191 1037 nova
1241 980 1343 1032 vita
1381 996 1392 1030 :
1425 984 1578 1030 vetus
1604 970 1711 1061 vita
1761 985 1824 1025 ex

248 1092 413 1149 Adam
449 1056 679 1142 trahitur
701 1126 715 1148 ,
751 1094 884 1136 nova
913 1077 1014 1131 vita
1044 1072 1097 1131 in
1126 1071 1341 1127 Christo
1372 1067 1653 1122 formatur.
1685 1056 1825 1116 Dici-

249 1198 328 1242 tnr
355 1194 535 1241 autem
564 1182 612 1235 in
638 1178 741 1235 hoc
787 1172 992 1245 psalmo
1034 1169 1286 1224 universo
1316 1162 1432 1218 orbi
1462 1172 1725 1216 terrarum
1773 1162 1831 1245 ut

248 1284 419 1332 cantet
448 1271 712 1328 canticum
742 1242 957 1320 novum.
1005 1260 1137 1315 Nam
1165 1255 1399 1329 apertius
1426 1248 1548 1307 alibi
1591 1250 1668 1304 sic
1694 1242 1827 1300 dici-

251 1380 349 1435 tur,
380 1366 590 1421 Cantatc
617 1356 833 1415 Domino
854 1354 1103 1411 canticum
1126 1363 1340 1412 novum;
1370 1352 1566 1400 cantate
1586 1339 1827 1406 Domino,

255 1460 405 1514 omnis
434 1468 569 1512 terra
593 1446 765 1526 (Psat.
796 1464 922 1516 xcv,
952 1445 1000 1516 I)
1026 1462 1039 1509 ;
1070 1452 1129 1499 ut
1158 1439 1450 1511 intelligant
1483 1435 1570 1507 qui
1600 1450 1659 1491 se
1691 1446 1830 1502 prte-

256 1553 427 1608 cidunt
450 1565 481 1604 a
511 1542 891 1602 communione
933 1538 1093 1594 totius
1124 1533 1267 1590 orbis
1298 1542 1594 1592 terrarum,
1642 1542 1749 1581 non
1774 1538 1833 1580 se

261 1661 403 1720 posse
428 1650 643 1698 cantare
672 1636 934 1694 canticum
967 1646 1193 1697 novum,
1245 1618 1366 1699 quia
1420 1623 1685 1679 canticum
1736 1634 1833 1675 no-

262 1714 372 1795 vum
412 1738 461 1793 in
506 1736 654 1803 toto,
686 1748 792 1788 non
820 1731 874 1786 in
906 1737 1054 1800 parte
1081 1734 1341 1781 cantatur.
1370 1716 1438 1776 Et
1464 1717 1550 1773 hic
1575 1714 1835 1772 attendite

263 1844 312 1889 et
329 1831 491 1886 videte
516 1828 623 1884 hoc
658 1820 784 1880 dici.
814 1822 883 1879 Et
925 1836 1045 1878 cum
1078 1817 1273 1873 dicitur
1302 1814 1550 1870 universo
1577 1806 1690 1864 orbi
1724 1817 1834 1863 ter-

260 1939 424 1981 rarum
451 1931 507 1977 ut
548 1926 730 1974 cantet
754 1906 1023 1971 canticum
1066 1923 1263 1965 novum
1288 1949 1300 1971 ,
1330 1896 1434 1959 hoc
1479 1899 1793 1970 intelligitur
1815 1938 1831 1963 ,

259 2019 368 2095 quia
410 2033 508 2089 pax
557 2022 739 2070 cantat
785 2009 1049 2067 canticum
1092 2019 1306 2060 novum.
1362 1999 1573 2055 Cantate
1616 1995 1836 2051 Domino

256 2086 486 2166 canticum
536 2122 753 2170 nouam;
809 2102 1048 2175 quoniam
1092 2094 1341 2150 mirabilia
1389 2093 1503 2166 fecit
1562 2086 1833 2143 Dominus.

254 2202 367 2272 Qure
398 2190 707 2255 mirabilia?
738 2174 871 2251 Ecce
894 2191 1052 2247 modo
1078 2187 1351 2257 legebatur
1383 2174 1723 2255 Evangelium
1745 2223 1758 2246 ,
1782 2190 1837 2237 et

256 2296 547 2351 audivimus
568 2290 824 2349 mirabilia
847 2285 1078 2344 Domini.
1105 2280 1438 2341 Etl‘erehatur
1460 2288 1698 2333 mortuus
1723 2275 1838 2329 uni-

257 2404 338 2445 cus
361 2388 555 2443 matris
583 2401 720 2447 suae,
751 2397 867 2453 quze
897 2389 1010 2441 erat
1042 2377 1197 2432 vidua
1232 2392 1243 2427 :
1299 2374 1550 2427 misertus
1584 2368 1837 2423 Dominus

262 2482 369 2541 fecit
394 2483 525 2537 illos
550 2492 725 2544 Stare;
773 2478 1135 2545 deposuerunt
1168 2468 1351 2532 illum;
1399 2476 1452 2522 et
1483 2462 1652 2529 dixit,
1684 2461 1838 2515 Juve-

262 2576 346 2643 nis,
372 2576 453 2629 tibi
482 2575 630 2635 dico.
654 2586 821 2643 surge.
850 2566 1071 2624 Etsedit
1100 2565 1188 2618 ille
1215 2570 1477 2624 mortuus,
1497 2567 1549 2611 et
1573 2555 1734 2625 cmpit
1758 2555 1835 2606 lo-

262 2668 362 2740 qui,
389 2676 438 2723 et
456 2663 701 2720 reddidit
718 2662 864 2716 illum
884 2658 1034 2715 matri
1058 2672 1166 2712 sua:
1189 2653 1444 2727 (Luc.vu,
1468 2649 1675 2718 12-15).
1703 2647 1840 2701 Ecce

264 2760 518 2814 mirabilia
548 2757 671 2812 fecit
700 2755 996 2817 Dominus;
1024 2749 1119 2807 sed
1149 2748 1317 2802 multo
1344 2743 1545 2815 majora
1577 2740 1838 2797 mirabilia

266 2861 398 2918 sunt,
428 2848 581 2920 thod
623 2858 790 2903 totum
821 2846 1008 2901 orbem
1042 2853 1306 2897 terrarum
1345 2854 1373 2892 a
1421 2845 1593 2891 morte
1637 2833 1838 2901 sempi-

267 2953 393 2999 terna
416 2942 626 3008 erexit,
655 2954 813 3011 quam
845 2936 985 3008 quod
1016 2934 1226 2989 unicum
1255 2932 1419 2985 ﬁlium
1451 2927 1637 2985 matris
1664 2924 1838 2981 vidua:

268 3037 610 3095 resuscitavit.
653 3032 862 3089 Cantate
906 3046 1033 3100 ergo
1066 3028 1284 3082 Domino
1314 3024 1569 3078 canticum
1612 3034 1841 3083 novum;

267 3131 495 3201 quoniam
545 3124 799 3182 mirabilia
848 3124 985 3195 fecit
1020 3120 1290 3175 Dominus.
1345 3116 1475 3183 Quae
1536 3110 1843 3168 mirabilia?

270 3224 387 3279 Audi
420 3244 432 3279 :
464 3222 689 3279 Sanavit
728 3220 771 3273 ei
809 3218 1012 3273 dextera
1051 3216 1160 3287 ejus
1213 3221 1260 3265 et
1315 3208 1577 3264 brachium
1613 3213 1842 3259 sanctum

271 3319 381 3388 ejus.
407 3315 567 3387 Quod
599 3322 684 3369 est
714 3311 987 3367 lirachium
1025 3315 1266 3363 sanctum
1297 3301 1551 3358 Domini?
1582 3298 1843 3354 Dominus

276 3420 434 3464 noster
491 3407 649 3464 Iesus
693 3405 958 3460 Christus.
984 3400 1118 3456 Audi
1168 3397 1400 3454 Isaiam:
1461 3394 1587 3463 Quis
1629 3390 1844 3447 credidit

276 3504 449 3557 auditui
476 3501 693 3559 nostra?
719 3508 763 3552 et
792 3496 1052 3551 brachium
1084 3491 1289 3547 Domini
1320 3489 1401 3543 cui
1454 3486 1728 3541 revelatum
1774 3490 1846 3539 est

283 3594 583 3665 (Isai.uu,
610 3594 635 3650 I
663 3591 719 3664 )?
752 3587 1032 3645 Brachium
1077 3598 1204 3654 ergo
1243 3588 1484 3635 sanctum
1528 3585 1583 3632 et
1623 3576 1844 3630 dextera

279 3687 455 3755 ipsius,
506 3686 651 3742 idem
702 3683 815 3753 ipse
857 3691 957 3735 est.
992 3680 1131 3747 Ergo
1174 3675 1432 3730 Dominus
1481 3680 1663 3725 noster
1690 3667 1846 3724 Iesus

281 3781 501 3836 Christus
531 3777 810 3835 brachium
840 3773 964 3838 Dei,
997 3782 1051 3826 et
1093 3770 1313 3824 dextera
1346 3765 1439 3820 Dei
1472 3783 1483 3817 :
1517 3770 1802 3834 propterea
1829 3800 1843 3827 ,

281 3872 471 3928 Sanavit
502 3872 569 3926 ei.
602 3868 717 3925 Non
749 3868 949 3922 dictum
995 3870 1079 3919 est
1123 3868 1323 3916 tantum
1346 3899 1362 3925 ,
1394 3856 1613 3911 Sanavit
1661 3853 1847 3908 orbem

286 3974 529 4019 terrarum
563 3962 779 4015 dextera
811 3957 956 4027 ejus;
990 3953 1083 4009 sed
1108 3994 1123 4019 ,
1158 3949 1371 4007 Sanavit
1402 3948 1467 4002 ei.
1511 3944 1660 4000 Multi
1702 3944 1847 3997 enim

287 4069 522 4115 sanantur
551 4058 650 4114 sibi
675 4099 689 4123 ,
723 4072 830 4110 non
861 4053 931 4107 ei.
971 4050 1112 4107 Ecce
1137 4063 1295 4118 quam
1329 4041 1479 4097 multi
1509 4040 1730 4108 cupiunt
1761 4052 1849 4091 sa-

284 4154 485 4211 nitatem
513 4152 665 4206 istnm
692 4146 1058 4217 corporalem,
1100 4139 1249 4195 etab
1298 4136 1388 4191 illo
1445 4132 1739 4202 accipiunt;
1782 4130 1852 4183 ab

284 4245 362 4300 illo
386 4254 657 4309 sanantur,
710 4252 763 4297 et
791 4255 897 4292 non
925 4237 1000 4292 illi
1025 4230 1319 4289 sanantur?
1359 4224 1638 4296 Quomodo
1664 4222 1732 4276 ab
1760 4221 1849 4276 illo

284 4351 543 4407 sanantur,
588 4348 641 4394 et
693 4352 797 4391 non
826 4333 899 4389 illi
928 4326 1213 4386 sanantur?
1255 4326 1484 4394 Accepta
1515 4317 1743 4373 sanitate
1770 4315 1850 4369 la-

284 4434 533 4489 sciviunt:
564 4430 652 4501 qui
674 4426 855 4499 aegroti
880 4423 1010 4481 casti
1032 4428 1205 4485 erant,
1233 4415 1402 4487 sanati
1421 4410 1643 4468 adulteri
1679 4408 1847 4472 liunt;

285 4527 361 4595 qui
404 4542 526 4583 cum
562 4500 915 4593 mgrtitarent,
948 4514 1217 4571 neminem
1267 4507 1532 4564 lmdebant
1557 4545 1570 4569 ,
1618 4500 1850 4571 receptis

286 4593 467 4675 viribus
514 4613 770 4670 invadunt
816 4619 867 4667 et
915 4607 1224 4680 opprimunt
1273 4604 1585 4655 innocentes
1624 4614 1635 4648 :
1681 4593 1852 4650 sanati

288 4723 429 4782 sunt,
457 4710 553 4773 sed
584 4724 689 4765 non
716 4707 786 4763 ei.
817 4704 948 4773 Quis
975 4710 1057 4757 est
1085 4701 1175 4771 qui
1203 4706 1417 4751 sanatur
1442 4693 1535 4749 ei?
1579 4690 1681 4759 Qui
1712 4691 1853 4743 intus

289 4802 642 4871 sanatur.Quis
666 4810 749 4856 est
774 4800 863 4869 qui
894 4796 1034 4851 intus
1060 4790 1308 4847 sanatur?
1332 4787 1432 4855 Qui
1462 4783 1631 4841 credit
1657 4782 1708 4834 in
1731 4794 1852 4835 eutn

291 4906 341 4955 ut
363 4913 478 4963 cum
504 4898 523 4930 ‘
554 4894 775 4955 interius
803 4889 966 4945 fuerit
990 4893 1207 4941 sanatus
1226 4924 1240 4946 ,
1272 4882 1323 4935 in
1352 4892 1549 4937 novum
1578 4874 1851 4930 hominem

289 4991 593 5049 reformatus
614 5030 629 5054 ,
660 4993 845 5059 postea
874 4989 930 5037 ct
953 4981 1055 5035 hoc
1091 4975 1234 5048 quod
1286 4973 1501 5044 languet
1530 4968 1595 5024 ad
1643 4976 1854 5036 tempus

291 5100 401 5143 caro
429 5086 531 5140 ista
556 5079 797 5137 mortalis
821 5117 837 5144 ,
866 5072 1089 5142 recipiat
1118 5070 1168 5123 in
1198 5068 1302 5121 line
1328 5074 1380 5119 et
1409 5065 1522 5134 ipsa
1552 5075 1699 5116 suam
1731 5072 1855 5127 per-

291 5176 617 5235 fectissimam
643 5171 947 5228 sanitatem.
991 5164 1252 5219 Sanemur
1294 5171 1422 5226 ergo
1453 5154 1518 5209 ei.
1550 5151 1620 5207 Ut
1673 5158 1852 5205 autem

292 5282 523 5329 sanetnur
549 5267 596 5325 ei
616 5308 631 5332 ,
665 5261 945 5320 credamus
972 5256 1024 5313 in
1051 5253 1325 5309 dexteram
1354 5248 1503 5316 ejus;
1556 5242 1678 5315 quia
1705 5257 1856 5296 sana-

291 5364 353 5417 vit
370 5366 413 5419 ci
432 5352 637 5427 dextera
664 5361 771 5425 eius
802 5366 846 5410 et
876 5350 1136 5407 brachium
1162 5352 1390 5401 sanctum
1416 5341 1545 5410 ejus.

352 5456 403 5510 ἢ.
429 5455 587 5529 [νοτε.
615 5450 704 5523 Si]
743 5448 937 5503 Notum
976 5443 1091 5514 fecit
1124 5437 1378 5495 Dominus
1420 5432 1641 5519 salutare
1684 5443 1851 5529 suum.

292 5546 398 5619 Ipsa
420 5521 651 5611 dextera,
677 5521 846 5614 ipsum
879 5536 1154 5594 brachium
1171 5574 1186 5595 ,
1219 5531 1391 5601 ipsum
1418 5526 1649 5581 salutare
1673 5521 1849 5619 Domi-

296 5613 386 5697 tius
426 5650 603 5697 noster
632 5638 789 5694 Iesus
817 5631 1096 5691 Christus,
1142 5624 1211 5680 de
1252 5637 1356 5693 quo
1391 5619 1592 5675 dictum
1636 5624 1717 5673 est
1740 5657 1753 5683 ,
1787 5613 1853 5668 Et

356 5804 364 5831 ι
389 5804 455 5852 sic
612 5804 666 5846 At
687 5792 823 5854 eum,
849 5797 894 5840 et
918 5797 1024 5837 cum
1055 5795 1069 5836 :
1097 5778 1237 5845 paulo
1260 5783 1384 5841 post,
1420 5774 1707 5837 reformatur
1750 5781 1765 5818 :
1809 5774 1861 5818 et

302 5862 423 5927 ittl‘rn,
450 5858 659 5926 recipiet.
858 5856 861 5859 λ

1297 306 1693 369 ENAltRA'l‘IO
1732 304 1798 363 IN
1840 302 2163 364 PSALMUM
2202 309 2410 369 XCVII.

3372 322 3515 383 1254

1936 424 2115 478 videbit
2140 428 2301 482 omnis
2340 446 2459 484 caro
2487 432 2710 488 salutare
2737 432 2834 489 Dei
2860 434 3021 509 (Luc.
3045 452 3136 505 ιιι,
3173 436 3241 511 6)
3271 456 3282 492 :
3310 441 3378 497 de
3409 459 3516 512 quo

1934 519 2091 572 etiam
2112 520 2243 575 dixit
2270 522 2355 577 ille
2376 524 2588 581 Simeon
2614 527 2704 597 qui
2726 527 2979 584 infantem
2997 530 3201 601 accepit
3225 531 3276 587 in
3304 549 3514 602 manus,

1939 628 1957 661 ι
1987 610 2135 666 Nunc
2173 612 2430 683 dimittis,
2477 617 2732 686 Domine,
2787 636 3003 677 servum
3043 631 3192 679 tuum
3246 624 3301 681 in
3347 640 3515 697 pace;

1933 705 2181 774 quoniam
2212 707 2458 765 viderunt
2498 711 2639 767 oculi
2682 714 2788 769 mei
2832 714 3064 775 Salutate
3107 725 3254 773 tuum
3285 716 3409 789 (Id.
3438 734 3473 774 ιι
3499 758 3517 787 ,

1932 798 2156 874 28-50).
2200 801 2392 860 Notam
2422 803 2547 860 fecit
2573 806 2829 866 Dominus
2873 808 3105 866 salutare
3155 825 3332 869 suum.
3363 830 3384 866 ι
3420 810 3519 868 Cui

1934 902 2118 947 notum
2149 893 2307 950 fecit?
2337 898 2510 967 parti,
2541 915 2609 954 an
2653 901 2939 957 universo?
2982 902 3095 959 Non
3148 905 3282 974 parti
3331 905 3515 963 alicui.

1933 982 2103 1039 Nemo
2138 983 2325 1055 fallat,
2373 1005 2531 1045 nemo
2566 991 2830 1061 decipiat,
2877 1009 3034 1050 nemo
3061 995 3235 1063 dicat,
3279 996 3411 1053 Ecce
3435 998 3519 1052 hic

1936 1086 2007 1131 est
2033 1076 2260 1137 Christus
2279 1122 2296 1148 ,
2326 1097 2439 1138 ecce
2486 1083 2593 1137 illic
2620 1083 2847 1156 (Matth.
2880 1102 3002 1142 xxxv
3021 1128 3035 1151 ,
3064 1087 3135 1144 23
3156 1089 3211 1158 ):
3239 1089 3329 1159 qui
3356 1089 3520 1158 dicit,

1937 1166 2069 1223 Ecce
2107 1170 2188 1225 hic
2227 1181 2336 1238 est,
2371 1189 2480 1229 ecce
2512 1175 2619 1228 illic
2642 1217 2658 1241 ,
2690 1187 2866 1244 partes
2906 1177 3159 1233 ostendit.
3191 1177 3289 1235 Cui
3342 1192 3520 1237 notum

1937 1262 2055 1334 fecit
2081 1260 2327 1317 Dominus
2353 1266 2574 1321 salutare
2598 1269 2936 1325 suum?Audi
2961 1270 3087 1341 quid
3117 1271 3387 1342 sequitur:
3416 1273 3522 1328 An-

1938 1360 1984 1406 te
2021 1364 2341 1425 conspectum
2383 1359 2606 1428 gentium
2645 1360 2877 1414 reuelauit
2911 1362 3168 1432 justitiam
3190 1380 3355 1418 suam.
3386 1363 3525 1421 Dex-

1938 1453 2049 1499 tera
2080 1445 2192 1513 Dei,
2223 1446 2497 1504 brachium
2530 1450 2654 1515 Dei,
2680 1452 2915 1507 salutare
2942 1454 3071 1516 Dei,
3094 1462 3147 1509 et
3170 1453 3376 1523 iustitia
3394 1454 3519 1523 Dei,

1939 1535 2196 1594 Dominus
2225 1549 2307 1595 est
2332 1541 2566 1597 salvator
2597 1552 2779 1601 noster
2804 1543 2963 1600 Iesus
2986 1545 3251 1603 Christus.

2010 1628 2062 1683 '5.
2095 1627 2244 1701 [verm
2269 1629 2348 1704 5.]
2384 1650 2403 1684 ι
2426 1632 2628 1689 Memor
2654 1634 2749 1689 fuit
2778 1636 3159 1692 misericordia)
3186 1652 3297 1695 sum
3318 1636 3480 1695 Iacob
3504 1676 3521 1704 ,

1939 1727 1994 1775 et
2018 1721 2255 1777 veritatis
2282 1737 2391 1779 sua}
2420 1724 2599 1780 domui
2630 1728 2647 1758 ί
2677 1727 3035 1796 lsracl.»Quid
3052 1738 3184 1795 θείῃ
3210 1728 3410 1786 Memor
3427 1730 3525 1786 fuit

1939 1812 2317 1869 misericordia:
2347 1825 2402 1870 et
2428 1818 2701 1873 veritatis?
2732 1840 2748 1871 ι
2784 1818 2854 1877 Ut
2884 1822 3245 1891 promitteret,
3277 1823 3529 1879 misertus

1941 1918 2055 1977 est;
2080 1909 2201 1980 quia
2232 1911 2475 1980 promisit
2497 1920 2549 1969 et
2575 1912 2817 1969 exhibuit
2842 1915 3262 1971 misericordiam
3282 1957 3297 1982 ,
3329 1916 3528 1972 veritas

1941 2012 2223 2059 consecuta
2252 2014 2372 2060 est:
2405 2005 2767 2061 misericordia
2797 2008 3051 2077 prmmisit
3076 2007 3515 2076 promissionem,

1941 2095 2225 2166 promissio
2256 2094 2490 2152 reddidit
2516 2097 2813 2152 veritatem.
2834 2097 3032 2152 Memor
3048 2098 3145 2168 [ait
3171 2099 3531 2155 misericordias

1941 2204 2048 2244 sate
2082 2188 2243 2243 Jacob
2267 2229 2283 2253 ,
2332 2199 2378 2243 et
2422 2189 2642 2244 veritatis
2685 2204 2792 2244 suae
2832 2189 3003 2244 domui
3038 2189 3223 2245 Israel.
3253 2191 3317 2246 Et
3355 2190 3527 2261 quid?

1944 2288 2146 2335 tantum
2173 2279 2339 2337 Iacob
2363 2322 2378 2347 ,
2411 2290 2464 2337 et
2503 2290 2706 2335 tantum
2736 2281 2917 2336 domui
2960 2282 3163 2339 Israel?
3197 2283 3400 2340 Domus
3436 2283 3529 2339 Iu-

1944 2370 2178 2427 daeorum
2210 2381 2265 2428 et
2312 2388 2541 2445 prepago
2588 2373 2676 2427 illa
2706 2373 2934 2428 Abrahae
2972 2374 3263 2431 secundum
3308 2390 3525 2430 carnem

1944 2465 2080 2519 solet
2104 2462 2208 2519 dici
2247 2464 2439 2519 domus
2466 2464 2625 2520 Israel
2647 2508 2663 2532 ,
2689 2474 2744 2524 et
2790 2464 2954 2522 Israel
2983 2465 3165 2523 Iacob.
3195 2466 3360 2523 Iacob
3385 2468 3527 2523 enim

1944 2554 2083 2610 filius
2108 2556 2249 2611 Isaae
2272 2597 2286 2621 ,
2317 2557 2461 2612 Isaac
2492 2565 2668 2612 autem
2698 2558 2809 2625 ipse
2841 2558 2979 2612 ﬁlius
3001 2559 3248 2614 Abrahae.
3280 2558 3419 2629 Ergo
3438 2559 3527 2615 Ia-

1945 2652 2045 2707 cob
2074 2666 2243 2719 nepos
2263 2652 2491 2706 Abrahae
2520 2650 2650 2716 fuit;
2685 2662 2738 2707 et
2777 2651 2842 2707 de
2873 2652 3037 2717 Iacob
3075 2652 3352 2707 duodecim
3396 2652 3491 2709 lilii
3512 2693 3528 2719 ,

1945 2750 1999 2796 et
2044 2740 2111 2797 de
2142 2741 2422 2796 duodecim
2470 2743 2590 2797 ﬁliis
2637 2744 2881 2799 universa
2922 2760 3156 2815 propago
3200 2743 3528 2801 Iudaeorum.

1945 2834 2209 2905 Numquid
2238 2836 2343 2891 illis
2369 2844 2571 2890 tantum
2600 2837 2891 2906 promissus
2916 2846 2998 2892 est
3022 2838 3308 2894 Christus?
3334 2837 3390 2895 Si
3421 2839 3532 2894 dis-

1946 2927 2118 2983 cutias
2141 2928 2266 2998 quid
2298 2929 2365 2981 sit
2391 2926 2586 2993 Israel,
2621 2928 2801 2983 Israeli
2834 2929 3128 2998 promissus
3152 2939 3236 2985 est
3261 2929 3524 2986 Christus.

1946 3018 2114 3077 Isaael
2141 3029 2223 3077 est
2242 3021 2442 3076 Videns
2471 3022 2655 3077 Deum.
2684 3020 2998 3077 Videbimus
3025 3038 3118 3092 per
3161 3023 3395 3092 speciem
3422 3062 3438 3088 ,
3466 3006 3531 3079 (si

1950 3129 2088 3169 nunc
2111 3114 2381 3169 videamus
2410 3130 2504 3185 per
2532 3114 2710 3170 ﬁdem.
2730 3114 2929 3170 Habeat
2956 3114 3139 3169 oculos
3166 3113 3301 3169 ﬁdes
3326 3124 3530 3183 nostra,

1949 3217 2002 3262 et
2014 3208 2348 3264 exhibebitur
2361 3208 2559 3263 veritas
2574 3207 2695 3263 ﬁdei
2716 3226 2730 3259 :
2745 3206 3028 3263 credamus
3049 3207 3099 3261 ir.
3118 3223 3239 3262 eum
3255 3223 3411 3277 quem
3428 3224 3534 3264 non

1948 3299 2191 3355 videmus
2210 3341 2225 3366 ,
2253 3307 2308 3355 et
2334 3298 2625 3370 gaudentes
2650 3298 2979 3365 videbimus;
3013 3298 3383 3354 desideremus
3418 3315 3527 3355 nou

1949 3390 2153 3457 visum,
2185 3401 2237 3445 et
2263 3390 2499 3446 fruemur
2521 3391 2656 3446 viso.
2689 3391 2832 3462 Ergo
2860 3400 2913 3446 et
2943 3390 3102 3445 modo
3132 3390 3293 3446 Israel
3335 3406 3429 3460 per
3473 3392 3534 3449 ιι.

1950 3483 2101 3551 dem;
2130 3493 2255 3541 tunc
2269 3493 2447 3541 autem
2483 3484 2646 3539 Israel
2669 3498 2763 3552 per
2787 3483 3040 3553 speciem,
3068 3482 3203 3539 facie
3226 3482 3295 3537 ad
3322 3482 3533 3541 faciem.

1950 3577 2066 3634 Non
2090 3578 2200 3649 jam
2225 3594 2321 3650 per
2350 3578 2647 3658 speculum,
2682 3593 2786 3633 non
2806 3578 2857 3633 in
2884 3578 3167 3647 mtiigmate
3196 3577 3241 3648 (ι
3263 3577 3383 3634 Cor.
3406 3595 3495 3633 xui
3514 3621 3529 3644 ,

1954 3675 2098 3747 12);
2142 3675 2270 3740 sed,
2312 3673 2760 3745 quemadmodum
2824 3672 3024 3727 dictum
3072 3682 3155 3727 est
3198 3687 3229 3725 a
3276 3672 3482 3727 Ioanne
3508 3715 3521 3737 ,

1960 3786 1980 3821 ι
2014 3766 2353 3823 Dilectissimi
2373 3807 2388 3831 ,
2419 3766 2514 3819 ﬁlii
2542 3765 2637 3820 Dei
2664 3779 2883 3830 sumus,
2915 3772 2970 3818 et
3008 3762 3244 3817 nondum
3291 3765 3536 3833 apparuit

1953 3861 2078 3932 quid
2101 3863 2333 3917 erimus:
2359 3860 2553 3915 scimus
2587 3861 2708 3929 quia
2729 3874 2847 3913 cum
2875 3858 3213 3927 apparuerit,
3251 3857 3452 3911 similes
3480 3857 3531 3911 ei

1956 3956 2193 4021 erimus;
2223 3954 2472 4025 quoniam
2502 3952 2799 4008 videbimus
2816 3966 2936 4007 eum
2966 3950 3119 4005 sicuti
3149 3959 3230 4004 est
3259 3968 3280 4001 ι
3311 3948 3355 4012 (ι
3376 3947 3535 4003 Joan.

1956 4061 2052 4114 ιιι,
2114 4047 2213 4119 2).
2271 4046 2350 4100 Ad
2390 4045 2526 4101 hanc
2576 4045 2833 4099 visionem
2892 4054 3075 4113 parate
3123 4042 3284 4099 corda
3338 4051 3535 4110 vestra,

1955 4140 2021 4195 ad
2073 4139 2175 4195 hoe
2226 4137 2474 4207 gaudium
2529 4146 2709 4207 parate
2770 4135 2975 4191 animas
3020 4145 3265 4191 vestras:
3311 4150 3537 4205 quomo-

1956 4230 2025 4286 do
2078 4230 2122 4284 si
2174 4228 2342 4283 solem
2393 4228 2555 4284 vellet
2617 4228 2756 4282 Deus
2817 4227 3128 4293 ostendere,
3195 4236 3435 4283 moueret
3484 4235 3541 4283 ut

1957 4324 2144 4380 oculos
2185 4322 2443 4393 pararetis
2504 4322 2715 4387 carnis;
2760 4321 2855 4377 sed
2906 4321 3030 4392 quia
3092 4321 3367 4390 sapientiae
3430 4336 3543 4378 suae

1958 4415 2192 4484 Speciem
2224 4412 2377 4469 vobis
2396 4412 2643 4484 dignatur
2670 4412 2977 4479 ostendere,
3002 4422 3186 4480 parate
3215 4412 3399 4469 oculos
3425 4428 3541 4467 cor-

1958 4506 2061 4563 dis.
2093 4506 2241 4562 Beati
2265 4506 2446 4561 mundi
2477 4505 2658 4570 corde,
2689 4506 2937 4575 quoniam
2970 4505 3067 4574 ipsi
3094 4506 3257 4561 Deum
3287 4504 3544 4562 videbunt

1960 4598 2185 4671 (Matth.
2219 4615 2271 4663 v,
2295 4598 2385 4668 8).
2416 4597 2612 4652 Memor
2637 4599 2732 4667 fuit
2754 4598 3111 4653 misericordia:
3147 4613 3251 4653 sate
3275 4596 3460 4663 Iacob,
3493 4606 3543 4652 et

1958 4692 2182 4747 veritatis
2196 4706 2302 4745 sua:
2322 4689 2490 4744 domui
2512 4689 2539 4743 1
2546 4690 2697 4743 sraet.
2727 4688 2855 4755 Quis
2876 4698 2960 4744 est
2984 4690 3083 4744 iste
3099 4688 3261 4745 Israel
3276 4688 3300 4743 ?
3318 4688 3395 4743 Ne
3410 4686 3546 4745 forte

1960 4802 2119 4864 unam
2146 4794 2359 4855 gentem
2382 4784 2587 4853 cogites
2613 4782 2941 4848 Iudteorum,
2970 4782 3091 4837 audi
3110 4781 3251 4850 quod
3272 4780 3541 4850 sequitur:

1970 4877 2218 4933 Viderunt
2262 4893 2434 4933 omnes
2463 4876 2588 4947 ﬁnes
2633 4884 2779 4931 terra:
2815 4876 3039 4930 salutare
3084 4873 3180 4929 .Dei
3226 4874 3404 4928 nostri.
3427 4872 3545 4928 Non

1960 4970 2163 5026 dictum
2204 4977 2320 5031 est,
2367 4968 2543 5023 omnis
2573 4977 2753 5034 terra;
2802 4966 2936 5031 sed,
2982 4982 3154 5020 omnes
3194 4966 3321 5033 ﬁnes
3359 4974 3544 5020 terror:

1962 5060 2228 5132 quomodo
2254 5060 2471 5127 dicitur,
2501 5077 2532 5117 a
2563 5059 2793 5116 termino
2824 5074 2991 5127 oscine
3015 5057 3080 5112 ad
3110 5058 3414 5113 terminum.
3439 5057 3545 5113 Ne-

1960 5171 2052 5210 mo
2065 5154 2333 5221 concidat,
2346 5167 2505 5210 nemo
2518 5152 2737 5221 dissipet
2751 5166 2770 5214 ;
2783 5149 2934 5205 tortis
2949 5158 3030 5204 est
3048 5149 3220 5205 unitas
3233 5147 3549 5205 Christi.’l‘o-

1962 5257 2077 5303 tum
2106 5246 2236 5302 emit
2259 5288 2273 5311 ,
2322 5246 2412 5316 qui
2442 5252 2645 5300 tantum
2673 5242 2901 5312 pretium
2929 5240 3075 5298 dedit
3104 5258 3119 5295 :
3160 5240 3402 5297 Viderunt
3429 5258 3543 5296 om-

1965 5356 2053 5396 nes
2083 5340 2211 5409 lines
2239 5347 2386 5393 terra;
2408 5336 2631 5392 salutare
2660 5333 2752 5389 Dei
2782 5334 2963 5391 nostri.

2034 5433 2088 5488 4.
2113 5431 2273 5505 [veru
2301 5427 2381 5501 4.]
2398 5428 2530 5494 Quia
2556 5441 2686 5497 ergo
2711 5426 2989 5492 viderunt,
3030 5420 3255 5483 Jubilatc
3276 5425 3415 5491 Deo,
3439 5427 3545 5480 uni.

1964 5542 2108 5581 uersa
2130 5534 2282 5578 terra.
2307 5521 2427 5579 Iam
2458 5520 2629 5576 nostis
2656 5520 2786 5591 quid
2829 5521 2901 5576 sit
2938 5520 3185 5590 jubilare.
3210 5519 3447 5575 Gaudete
3494 5526 3550 5574 et

1965 5616 2260 5690 loquimini.
2278 5615 2334 5672 Si
2351 5613 2492 5685 quod
2505 5612 2748 5684 gaudetis
2759 5613 2905 5684 loqui
2923 5627 3031 5669 non
3052 5611 3291 5682 potestis,
3305 5610 3548 5683 jubilate;

1966 5710 2215 5784 gaudium
2244 5717 2480 5766 vestrum
2508 5706 2772 5778 exprimat
2801 5705 3073 5775 jubilatio,
3127 5704 3171 5759 si
3213 5718 3320 5760 non
3377 5709 3555 5776 potest

2038 5828 2048 5855 ¹
2072 5825 2141 5874 sic
2168 5822 2337 5885 plures
2352 5830 2458 5873 Mss.
2485 5827 2538 5873 At
2560 5820 2693 5883 Edd.,
2719 5816 2903 5871 domus.

2228 5958 2305 5975 κὴ..
