4088 6508
536 374 679 430 4255
738 352 759 375 ‘

536 491 771 548 locutio:
801 502 906 544 non
930 486 1000 543 sit
1029 492 1206 541 tamen
1232 487 1436 536 mutum
1465 475 1713 549 gaudium
1741 493 1754 543 ;
1786 492 1878 533 cor
1905 491 2009 531 non
2038 484 2121 529 ta-

537 594 656 641 ceat
688 582 854 638 Deum
897 594 1084 640 suum,
1127 590 1231 630 non
1280 578 1451 626 taceat
1494 583 1717 623 munera
1761 568 1895 639 ejus.
1929 566 1985 622 Si
2032 564 2123 620 tibi

536 678 791 749 loqueris,
818 673 907 729 tibi
936 680 1153 728 sanatus
1173 682 1263 733 es;
1292 667 1335 721 si
1359 665 1407 720 ei
1435 672 1486 719 te
1511 662 1719 719 sanavit
1745 660 1961 716 dextera
1984 658 2121 729 ejus,

536 770 585 827 ei
634 770 848 839 loquere
891 765 975 820 cui
1021 770 1239 818 sanatus
1277 773 1358 813 es.
1404 775 1422 810 ι
1460 754 1720 810 Viderunt
1766 768 1955 808 omnes
1994 749 2128 805 lines

535 868 693 917 terrae
740 857 974 914 salutare
1020 855 1113 910 Dei
1157 851 1347 908 nostri.
1388 848 1618 905 anilate
1664 846 1776 901 Deo
1808 887 1823 912 ,
1880 844 2127 899 universa

538 962 710 1013 terra;
740 956 983 1011 cantate,
1014 950 1076 1001 et'
1101 943 1365 1000 exsultate
1388 983 1403 1007 ,
1434 950 1486 995 et
1510 940 1747 1011 psallite.

590 1044 658 1101 .5.
690 1042 857 1117 [υεη.
881 1039 973 1113 5.]
1002 1039 1218 1095 Psallite
1246 1036 1464 1090 Domino
1489 1032 1597 1087 Deo
1619 1041 1794 1086 nostro
1825 1030 1878 1083 in
1899 1027 2125 1092 cithara,

534 1138 587 1193 in
614 1139 661 1193 ci
678 1138 812 1192 (hara
836 1144 882 1191 et
910 1150 1026 1189 voce
1058 1132 1260 1203 psalmi.
1284 1127 1501 1185 Psallite
1525 1169 1538 1190 ,
1572 1141 1679 1181 non
1714 1139 1845 1179 voce
1877 1122 2025 1185 sola;
2052 1134 2130 1174 as-

537 1231 733 1286 sumite
757 1243 921 1298 opera
944 1269 960 1293 ,
990 1234 1047 1281 ut
1077 1240 1182 1280 non
1215 1233 1417 1278 tantum
1446 1220 1670 1275 cantetis
1689 1257 1705 1284 ,
1736 1215 1831 1271 sed
1854 1223 1907 1270 et
1936 1228 2129 1284 opere-

538 1323 689 1379 mini.
720 1322 819 1391 Qui
848 1328 1028 1377 cantat
1068 1328 1123 1374 et
1166 1324 1436 1386 operatur,
1470 1310 1649 1383 psallit
1675 1310 1728 1364 in
1757 1307 1963 1364 cithara
1990 1314 2045 1360 et
2074 1305 2128 1359 iu

539 1416 814 1487 psalterio.

609 1509 661 1564 6.
694 1506 856 1581 [vers.
881 1504 958 1577 6.]
987 1503 1054 1559 Et
1086 1501 1208 1556 vide
1258 1499 1437 1570 qualia
1467 1510 1668 1565 organa
1714 1492 2078 1562 adjtmguntur
2111 1492 2125 1522 ¹

538 1600 591 1654 in
636 1595 1068 1653 similitudinibus
1100 1612 1113 1647 :
1148 1591 1213 1645 In
1256 1590 1387 1644 tubis
1435 1586 1706 1642 ductilibus
1751 1594 1796 1638 et
1841 1598 1954 1637 voce
1998 1582 2133 1637 tuba:

536 1705 751 1747 corneat.
780 1686 919 1758 Quid
963 1686 1061 1741 sibi
1104 1685 1288 1739 volunt
1322 1681 1459 1737 tuba:
1488 1679 1714 1734 ductiles
1744 1686 1796 1731 et
1827 1676 1966 1730 tubae
2006 1688 2129 1729 cor-

539 1783 689 1840 nea)?
721 1780 953 1836 Dnctiles
979 1779 1121 1833 tuli-,e
1152 1790 1305 1830 aerea:
1336 1779 1487 1835 sunt,
1521 1767 1793 1825 tundendo
1824 1764 2129 1836 producun-

538 1887 644 1934 tur.
679 1877 733 1932 Si
765 1872 1057 1935 tundendo,
1099 1885 1227 1939 ergo
1257 1863 1574 1937 vapulando.
1606 1860 1768 1916 Eritis
1793 1859 1933 1913 tuba:
1955 1855 2130 1911 ducti-

540 1971 649 2035 les,
695 1968 759 2021 ad
803 1964 1011 2020 laudem
1054 1962 1142 2015 Dei
1192 1957 1493 2029 productae,
1540 1954 1584 2009 si
1634 1968 1755 2009 cum
1805 1947 2131 2005 tribulamini

544 2062 835 2136 proﬁciatis
860 2078 872 2113 :
904 2057 1173 2113 tribulatio
1206 2054 1401 2116 tum-io,
1431 2050 1697 2122 profectus
1724 2045 2001 2118 productio
2026 2051 2128 2099 est.

541 2158 688 2212 Tuba
735 2153 947 2210 ductilis
985 2158 1099 2205 erat
1140 2148 1274 2213 Job,
1319 2144 1531 2216 quando
1580 2149 1799 2213 repente
1846 2151 2131 2210 percussus

541 2248 701 2305 tantis
728 2246 935 2301 damnis
964 2252 1016 2297 et
1046 2240 1272 2296 orbitate
1301 2237 1551 2301 filiorum,
1586 2233 1833 2290 tunsione
1862 2232 1949 2285 illa
1972 2237 2131 2283 tantm

540 2336 900 2397 tribulationis
946 2334 1115 2389 factus
1160 2333 1281 2386 tuba
1326 2328 1572 2391 ductilis,
1614 2325 1841 2381 sonuit:
1885 2322 2131 2377 Dominus

537 2431 710 2498 dedit,
748 2430 990 2483 Dominus
1030 2425 1268 2488 abstulit;
1308 2423 1434 2475 sicut
1485 2420 1701 2473 Domino
1730 2416 1919 2486 placuit
1946 2416 2017 2467 ita
2047 2418 2128 2485 fa-

539 2534 674 2578 ctum
702 2531 773 2576 est
797 2535 813 2575 :
836 2521 901 2574 sit
923 2533 1105 2572 nomen
1140 2513 1348 2569 Domini
1373 2510 1708 2565 benedictum.
1736 2506 2016 2574 Quomodo
2044 2521 2133 2561 so-

540 2614 689 2671 nuit!
720 2627 877 2683 quam
909 2623 1125 2665 suavem
1160 2620 1350 2661 sonum
1396 2602 1573 2657 dedit!
1622 2601 1725 2655 Ista
1758 2597 1967 2653 ductilis
2005 2595 2130 2651 tuba

543 2709 717 2766 adhuc
747 2705 1023 2762 tunditur:
1058 2703 1213 2757 datus
1241 2708 1324 2754 est
1361 2698 1413 2753 in
1452 2703 1797 2766 potestatem,
1830 2700 1886 2745 ut
1926 2698 1981 2744 et
2005 2704 2131 2745 caro

539 2801 657 2872 ejus
675 2777 1067 2870 percuteretur;
1090 2806 1337 2864 percussa
1358 2798 1458 2853 est,
1478 2787 1642 2857 ccepit
1663 2794 1989 2854 putrescere,
2009 2795 2130 2835 sca-

540 2903 657 2951 tere
685 2890 973 2948 vermibus.
1008 2886 1291 2956 Supposita
1324 2881 1433 2937 Eva
1461 2880 1527 2933 ad
1556 2877 1921 2933 seductionem
1942 2916 1954 2935 ,
1997 2887 2132 2926 uxor

538 2987 656 3059 ejus
689 2992 895 3040 servata
924 2981 988 3037 ad
1016 2977 1367 3034 ministerium
1396 2972 1619 3035 diaboli,
1655 2986 1762 3025 non
1790 2968 1855 3022 ad
1882 2967 2129 3022 solatium

536 3078 741 3142 mariti,
785 3074 1020 3146 suggerit
1059 3068 1476 3139 blasphemiam;
1514 3080 1618 3119 non
1658 3063 1993 3130 obtemperat
2018 3059 2126 3115 ille.

535 3168 934 3237 Obtemperavit
978 3164 1149 3219 Adam
1181 3163 1303 3215 Eva:
1345 3160 1395 3213 in
1443 3156 1687 3228 paradiso
1727 3152 1879 3222 (Gen.
1916 3166 2004 3215 ιιι,
2034 3151 2127 3218 6);

536 3258 745 3330 repellit
771 3257 938 3312 Adam
970 3255 1132 3309 Evam
1160 3253 1212 3306 in
1238 3258 1496 3306 stercore.
1528 3246 1581 3299 In
1612 3254 1847 3300 stercore
1874 3242 2016 3296 enim
2047 3255 2131 3294 se-

535 3352 697 3408 debat
722 3349 824 3406 Job
844 3391 858 3413 ,
886 3363 1007 3402 cum
1038 3345 1226 3400 ﬂueret
1252 3352 1306 3396 et
1332 3344 1663 3410 putresceret
1691 3334 1980 3389 vermibus.
2012 3330 2123 3384 Me-

538 3444 639 3499 lior
662 3442 764 3498 Job
790 3441 959 3510 putris
984 3440 1036 3491 in
1065 3444 1324 3495 stercore,
1352 3446 1509 3501 quam
1541 3429 1627 3484 ille
1658 3428 1863 3494 integer
1889 3425 1941 3478 in
1974 3437 2128 3491 para-

536 3538 673 3595 diso.
706 3533 811 3591 Sed
841 3532 1014 3587 adhuc
1055 3530 1144 3583 illa
1191 3528 1297 3583 Eva
1345 3534 1495 3588 erat,
1537 3524 1646 3594 jam
1694 3521 1784 3575 ille
1816 3519 1981 3573 Adam
2025 3532 2130 3571 non

539 3638 676 3686 erat.
712 3623 1008 3695 ReSpondit
1048 3621 1170 3677 Eva:
1201 3624 1511 3689 praeparata:
1535 3614 1600 3669 ad
1632 3614 1787 3667 istam
1820 3610 2130 3679 supplanta-

539 3721 742 3778 tionem
772 3726 829 3774 et
858 3714 1205 3772 tentationem
1229 3753 1243 3777 ,
1287 3718 1342 3766 et
1384 3710 1459 3763 ait
1496 3708 1570 3763 illi
1597 3726 1609 3761 :
1645 3707 1806 3778 (Ecce
1833 3703 2132 3757 audivimus

537 3812 806 3887 quomodo
835 3810 1071 3866 tunditur
1097 3807 1216 3862 tuba
1246 3806 1364 3860 ista.
1396 3802 1663 3859 Percussit
1684 3816 1804 3856 eum
1828 3798 2071 3853 diabolus
2099 3813 2130 3852 a

539 3909 713 3979 capite
732 3919 902 3976 usque
922 3902 986 3958 ad
1010 3901 1173 3973 pedes
1192 3898 1340 3972 gravi
1358 3898 1593 3962 vulnere,
1616 3904 1670 3950 et
1686 3904 1995 3965 putrescens
2016 3908 2134 3947 ver-

536 3999 730 4065 mibus,
753 3994 973 4053 sedebat
995 3995 1046 4049 in
1071 4002 1329 4049 stercore.
1352 3987 1664 4044 Audivimus
1685 3982 2134 4056 quemadmodum

538 4102 726 4149 tunsus
746 4099 859 4155 est;
882 4087 1164 4144 audiamus
1186 4083 1457 4157 quomodo
1482 4090 1636 4139 sonet
1658 4099 1669 4135 :
1700 4080 1839 4135 tubae
1861 4078 2017 4149 hujus
2038 4077 2136 4133 du-

537 4184 675 4239 ctilis
702 4180 912 4237 dulcem
955 4195 1171 4244 vocem,
1202 4178 1247 4232 si
1274 4177 1463 4247 placet,
1495 4172 1818 4242 audiamus.)
1844 4170 2035 4227 Locuta
2058 4187 2131 4239 es,

539 4276 745 4347 inquit,
785 4285 1023 4345 tanquam
1066 4255 1169 4326 una
1214 4288 1275 4326 ea:
1316 4268 1667 4340 insipientibus
1710 4266 2017 4320 mulieribus.
2073 4248 2138 4319 Si

540 4366 669 4422 bona
688 4363 999 4437 percepimus
1017 4363 1078 4417 de
1094 4378 1249 4415 manu
1271 4359 1489 4421 Domini,
1509 4357 1645 4411 mala
1663 4373 1765 4411 non
1781 4356 2136 4409 sustinebimus

539 4456 663 4529 (Job
686 4472 723 4521 ι,
758 4455 885 4524 ll)?
907 4453 951 4509 0
972 4469 1161 4508 sonum
1184 4451 1406 4507 fortem!
1432 4465 1465 4504 o
1484 4464 1670 4503 sonum
1694 4448 1939 4502 dulcem!
1964 4447 2136 4515 Quem

540 4565 646 4606 non
674 4547 1026 4603 dormientem
1052 4546 1249 4600 excitet
1274 4557 1437 4596 sonus
1461 4541 1594 4595 iste?
1620 4555 1779 4609 quem
1803 4554 1906 4593 non
1939 4538 2134 4594 excitet

541 4641 884 4715 praesumptio
903 4640 952 4693 in
976 4638 1109 4705 Deo,
1128 4647 1186 4691 ut
1205 4635 1460 4691 adversus
1480 4634 1747 4689 diabolum
1771 4647 1989 4688 securus
2010 4647 2136 4702 pro-

540 4734 692 4792 cedat
737 4733 787 4787 in
821 4733 1097 4803 praelium;
1145 4745 1250 4785 non
1296 4728 1406 4783 suis
1431 4727 1631 4783 viribus
1657 4727 1995 4791 obtenturus,
2041 4726 2135 4781 sed

540 4827 684 4883 illius
728 4824 815 4895 qui
849 4822 1073 4893 probat?
1099 4821 1231 4889 Quia
1274 4821 1385 4889 ipse
1411 4818 1571 4873 etiam
1603 4817 1804 4883 tundit;
1847 4834 1950 4873 non
1991 4818 2133 4884 enim

540 4918 738 4974 faceret
789 4916 1007 4970 malleus
1039 4915 1057 4945 ¹
1099 4913 1166 4969 de
1207 4912 1405 4979 seipso.
1458 4911 1532 4965 De
1573 4910 1712 4965 illius
1755 4911 1894 4964 enim
1940 4908 2135 4964 diaboli

544 5024 697 5078 pmna
743 5007 920 5062 futura
954 5005 1209 5075 propheta
1253 5016 1681 5057 commemorans
1708 5002 1778 5055 ait
1825 5020 1838 5055 :
1880 5000 2136 5055 Contritus

541 5110 614 5154 est
645 5098 856 5153 malleus
895 5099 1143 5151 universes
1181 5106 1326 5150 terra:
1364 5092 1592 5168 (Jerem.
1636 5110 1701 5151 ι..
1729 5091 1843 5161 25).
1889 5092 2134 5148 Malleum

544 5192 808 5245 universa!
851 5200 1046 5253 terrm,
1091 5187 1361 5242 diabolum
1406 5185 1574 5239 voluit
1619 5184 1862 5254 intelligi.
1895 5182 1974 5239 De
2020 5184 2136 5253 ipso

543 5283 736 5338 malleo
767 5283 818 5336 in
861 5296 1018 5336 manu
1049 5281 1140 5335 Dei
1188 5281 1379 5351 posito,
1419 5278 1472 5334 id
1500 5287 1585 5335 est
1626 5277 1679 5333 in
1720 5286 1979 5349 potestate
2004 5278 2133 5346 Dei,

547 5373 841 5428 tunduntur
864 5371 1094 5428 ductiles
1124 5371 1283 5439 tubae,
1311 5382 1367 5426 ut
1392 5379 1644 5427 resonent
1673 5369 1857 5425 laudes
1894 5370 2005 5425 Dei.
2036 5368 2134 5425 Vi-

546 5464 673 5522 dete
697 5464 1143 5536 quemadmodum
1172 5462 1382 5536 (audeo
1422 5462 1619 5527 dicere,
1663 5460 1852 5517 fratres
1878 5461 1981 5517 mei
2005 5460 2045 5535 ,)
2068 5462 2136 5518 de

540 5558 647 5614 isto
671 5557 865 5615 malleo
894 5558 1053 5613 etlam
1081 5556 1367 5626 Apostolus
1406 5556 1761 5610 tundebatur:
1791 5553 1857 5609 In
1883 5556 2137 5627 magnitu-

541 5652 660 5707 dine
681 5695 696 5720 ,
724 5651 937 5723 inquit,
968 5650 1330 5705 reoelationum
1361 5664 1423 5702 ne
1466 5646 1703 5714 extollar,
1732 5648 1880 5703 datus
1908 5657 1982 5703 est
2010 5648 2135 5702 mihi

543 5744 778 5803 stimulus
804 5744 971 5799 carnis
993 5758 1120 5797 mete
1146 5741 1357 5812 angelus
1381 5749 1591 5806 satanw,
1618 5742 1703 5811 qui
1735 5757 1813 5795 me
1829 5741 2129 5812 colaphizet.

610 5881 627 5913 ι
656 5880 732 5930 sic
755 5880 970 5942 potiores
992 5885 1099 5929 Mss.
1124 5876 1223 5937 alii,
1245 5874 1489 5927 malleum.
1511 5880 1563 5925 At
1584 5874 1715 5936 ωσι,
1736 5874 1949 5927 melleas.

1780 360 1835 415 S.
1867 354 2238 416 AUGUSTINI
2278 354 2584 413 EPISCOPI

2234 474 2373 531 Ecce
2400 474 2670 541 tunditur;
2694 472 2966 530 videamus
2989 471 3465 544 quemadmodum
3495 482 3669 533 sonet
3696 493 3709 530 :
3742 477 3874 537 Pro-

2234 574 2342 635 pter
2368 565 2524 635 quod,
2553 566 2755 636 inquit,
2778 575 2852 620 ter
2874 564 3147 620 Dominum
3169 566 3374 637 rogavi,
3400 575 3466 621 ut
3489 567 3737 638 auferret
3758 586 3868 628 eum

2232 671 2264 709 a
2286 671 2387 721 me;
2410 666 2455 711 et
2490 657 2619 712 dixit
2644 657 2788 722 mihi,
2813 656 3013 729 Sumcit
3043 657 3131 713 tibi
3159 659 3331 730 gratia
3358 676 3490 715 mea
3511 676 3535 725 ;
3567 676 3697 716 nam
3724 663 3873 721 virtus

2232 750 2285 805 in
2314 751 2612 821 inﬁrmitate
2639 752 2923 824 perﬁcitur.
2954 753 3063 824 Ego
3089 752 3269 809 tubam
3294 796 3314 822 ,
3346 751 3547 827 inquit
3573 754 3673 812 ille
3714 754 3872 814 fabri-

2233 850 2405 909 cator,
2438 843 2700 914 perlicere
2725 844 2886 911 volo;
2915 860 3022 901 non
3054 844 3333 916 perficiam
3364 846 3487 903 nisi
3517 845 3752 904 tundam
3780 867 3796 905 :
3821 851 3873 906 in

2232 935 2714 1004 inﬁrmitate‘virtus
2740 938 3021 1009 perﬁcitur.
3049 938 3117 993 Et
3153 938 3277 994 audi
3301 938 3433 1011 jam
3472 938 3658 1011 ipsam
3690 942 3868 1000 tubam

2232 1026 2483 1083 ductilem
2505 1030 2643 1087 bene
2664 1040 2942 1087 sonantem
2968 1050 2981 1086 :
3008 1031 3225 1100 Quando
3239 1032 3526 1103 inﬁrmor,
3545 1042 3675 1089 tunc
3700 1044 3871 1105 potens

2233 1138 2346 1175 sum
2386 1124 2405 1193 (
2425 1122 2468 1178 ll
2495 1123 2613 1178 Cor.
2658 1140 2755 1191 xn,
2787 1121 2961 1197 7-10).
2997 1124 3065 1180 Et
3101 1126 3213 1197 ipse
3236 1125 3582 1196 Apostolus,
3617 1136 3867 1199 tanquam

2234 1216 2506 1283 apostolus
2530 1215 2742 1271 haerens
2768 1216 3005 1284 Christo,
3034 1216 3246 1274 haerens
3270 1218 3354 1275 illi
3384 1218 3651 1276 dextera:
3677 1220 3747 1277 de
3770 1238 3867 1295 qua

2235 1315 2445 1362 tenetur
2489 1308 2713 1365 malleus
2741 1318 2802 1364 ut
2830 1309 3087 1380 producat
3131 1311 3313 1366 tubam
3342 1352 3363 1379 ,
3399 1312 3461 1367 in
3507 1312 3602 1367 illa
3648 1312 3864 1371 dextera

2236 1398 2438 1468 positus
2467 1397 2595 1454 facit
2618 1409 2673 1456 et
2702 1402 2818 1471 ipse
2855 1400 2922 1456 de
2962 1401 3081 1472 ipso
3105 1403 3335 1467 malleo;
3372 1401 3519 1458 dicit
3545 1402 3619 1459 de
3647 1405 3864 1475 quibus-

2234 1488 2380 1555 dam,
2414 1490 2555 1556 Quos
2585 1493 2777 1546 tradidi
2805 1502 3020 1557 satante,
3052 1502 3106 1547 ut
3128 1494 3333 1549 discant
3360 1510 3476 1549 non
3506 1494 3862 1566 blasphemare

2237 1582 2292 1655 (ι
2320 1581 2453 1637 Tim.
2504 1600 2543 1649 ι,
2573 1583 2693 1656 20).
2724 1584 2965 1640 Tradidit
2995 1586 3189 1641 malleo
3220 1584 3573 1643 tundendos.
3607 1586 3749 1644 Male
3774 1604 3860 1644 so-

2237 1675 2439 1731 nabant
2467 1687 2753 1748 antequam
2799 1677 3259 1749 producerentur;
3311 1679 3470 1736 forte
3514 1680 3767 1751 producti
3809 1690 3857 1739 et

2236 1770 2361 1826 facti
2383 1771 2524 1826 tubae
2544 1769 2793 1837 ductiles,
2819 1771 3015 1828 amissa
3036 1770 3401 1843 blasphemia,
3432 1770 3633 1829 laudes
3655 1773 3856 1831 Domini

2236 1870 2554 1920 sonuerunt.
2585 1862 2678 1918 Hae
2708 1871 2833 1919 sunt
2856 1864 2997 1919 tubas
3023 1864 3272 1921 duetiles.

2307 1957 2361 2011 7.
2404 1955 2519 2012 Vox
2550 1957 2691 2011 tubae
2719 1971 2933 2012 corneae
2958 1956 3087 2027 quid
3114 1957 3234 2012 est?
3261 1954 3461 2013 Cornu
3488 1956 3713 2014 excedit
3739 1972 3852 2014 car-

2236 2065 2359 2106 nem
2392 2068 2404 2103 :
2437 2066 2661 2106 necesse
2698 2060 2783 2107 est
2820 2059 2880 2106 ut
2908 2066 3125 2106 carnem
3169 2051 3497 2123 superando
3542 2050 3613 2106 sit
3651 2051 3848 2109 firmum

2236 2142 2303 2197 ad
2350 2142 2767 2213 perdurandum,
2813 2152 2868 2199 et
2914 2158 3083 2216 capax
3127 2142 3298 2200 vocis.
3345 2142 3463 2200 Sed
3516 2142 3667 2199 unde
3716 2142 3848 2199 hoc?

2236 2236 2368 2304 Quia
2396 2252 2616 2293 carnem
2662 2236 2952 2307 superavit.
2999 2235 3101 2304 Qui
3143 2236 3258 2291 vult
3285 2250 3420 2292 esse
3474 2234 3607 2292 tuba
3638 2249 3839 2303 cornea,

2236 2338 2454 2401 superet
2473 2344 2711 2385 carnem.
2729 2328 2867 2398 Quid
2889 2335 2993 2393 est,
3015 2338 3232 2400 superet
3249 2330 3527 2386 carnem?
3558 2328 3843 2386 Transceno

2236 2422 2329 2477 dat
2369 2422 2614 2479 carnales
2643 2421 2887 2488 allectus,
2916 2422 3095 2477 vincat
3120 2422 3375 2477 carnales
3406 2421 3688 2479 libidines.
3714 2422 3838 2479 Audi

2237 2515 2394 2569 tubas
2432 2528 2659 2569 corneas
2689 2531 2702 2568 :
2739 2532 2759 2566 ι
2793 2512 2848 2570 Si
2895 2522 3074 2569 autem
3119 2513 3516 2569 resurrexistis
3546 2528 3671 2569 cum
3696 2512 3838 2569 Chri-

2235 2613 2344 2673 sto,
2383 2624 2402 2659 ι
2435 2606 2725 2676 Apostolus
2761 2605 2912 2670 dicit,
2952 2624 2971 2657 ι
3008 2621 3129 2676 quae
3172 2620 3394 2661 sursum
3437 2615 3570 2661 sunt
3608 2605 3831 2677 quaerite,

2234 2697 2328 2754 ubi
2356 2697 2600 2753 Christus
2628 2707 2711 2754 est
2740 2698 2791 2752 in
2819 2696 3038 2753 dextera
3072 2697 3165 2753 Dei
3192 2696 3397 2752 sedens
3422 2713 3438 2763 ;
3483 2711 3607 2767 quae
3638 2710 3834 2753 sursum

2237 2799 2362 2845 sunt
2381 2791 2572 2859 sapite,
2592 2806 2697 2845 non
2715 2807 2831 2861 qua:
2853 2805 3015 2860 super
3041 2800 3237 2845 terram
3258 2808 3278 2843 ι
3301 2789 3539 2861 (Coloss.
3565 2806 3643 2855 ut,
3663 2791 3685 2846 Ι
3706 2799 3749 2846 et
3762 2789 3826 2862 2).

2235 2881 2372 2949 Quid
2404 2893 2507 2949 est,
2544 2901 2565 2935 ι
2604 2898 2721 2953 qum
2748 2897 2960 2938 sursum
2987 2890 3115 2938 sunt
3141 2884 3414 2951 quarrite?
3451 2903 3469 2935 ι
3516 2881 3575 2939 Id
3602 2890 3704 2949 est,
3727 2898 3829 2938 car-

2236 2990 2361 3031 nem
2389 2974 2652 3037 excedite,
2678 2975 2843 3029 nolite
2864 2975 3100 3029 carnalia
3125 2978 3390 3045 cogitare.
3416 2973 3674 3031 Nondum
3692 2981 3827 3030 erant

2237 3066 2379 3122 tubae
2405 3081 2641 3133 corneae,
2674 3066 2870 3135 quibus
2910 3067 3088 3121 adhuc
3118 3066 3191 3122 ita
3240 3065 3577 3136 loquebatur
3606 3085 3621 3123 :
3652 3084 3672 3120 ι
3714 3065 3827 3122 Fra-

2238 3168 2367 3225 tres,
2404 3175 2508 3215 non
2542 3161 2688 3229 potui
2732 3160 2885 3215 vobis
2932 3160 3078 3229 loqui
3120 3160 3270 3229 quasi
3306 3158 3704 3231 Spiritualibus,
3743 3155 3825 3214 sed

2235 3252 2386 3320 quasi
2417 3252 2743 3306 carnalibus.
2791 3250 3066 3322 Tanquam
3111 3250 3353 3322 parvulis
3396 3251 3453 3307 in
3484 3250 3717 3314 Christo,
3754 3248 3825 3303 lac

2237 3343 2387 3398 vobis
2419 3352 2600 3413 potum
2622 3343 2767 3406 dedi,
2791 3359 2894 3399 non
2921 3358 3135 3410 escam;
3170 3358 3349 3414 neque
3376 3343 3527 3399 enim
3554 3340 3821 3414 poteratis:

2236 3434 2331 3490 sed
2363 3451 2461 3491 nec
2510 3435 2684 3492 adhuc
2721 3435 2935 3507 quidem
2988 3436 3248 3507 potestis;
3298 3435 3440 3492 estis
3480 3436 3624 3492 enim
3668 3433 3822 3489 adhuc

2236 3528 2501 3584 carnales.
2538 3547 2557 3581 ι
2594 3529 2733 3599 Ergo
2763 3545 2868 3585 non
2916 3538 3071 3585 erant
3116 3530 3255 3585 tubae
3296 3544 3546 3599 corneae,
3574 3528 3691 3600 quia
3728 3541 3819 3583 non

2237 3630 2581 3677 excesserant
2604 3636 2844 3677 carnem.
2865 3620 3046 3677 Cornu
3072 3632 3129 3678 et
3153 3621 3301 3679 carni
3329 3623 3530 3690 haeret,
3546 3631 3602 3678 et
3624 3635 3816 3676 carnem

2237 3712 2478 3779 excedit;
2508 3722 2563 3768 et
2586 3729 2891 3785 quanquam
2924 3713 2992 3771 de
3027 3729 3191 3771 carne
3220 3714 3454 3784 oriatur,
3483 3722 3695 3785 superat
3718 3727 3818 3769 car-

2240 3819 2384 3860 nem.
2415 3804 2468 3861 Si
2497 3806 2587 3861 es’
2617 3821 2748 3877 ergo
2772 3822 2838 3862 ex
2868 3806 3069 3862 carnali
3097 3807 3438 3878 spiritualis;
3470 3806 3645 3863 adhuc
3675 3818 3813 3862 carne

2238 3895 2415 3950 calcas
2443 3903 2663 3962 terram,
2686 3906 2741 3952 et
2767 3898 2959 3968 spiritu
2992 3898 3231 3971 erumpis
3257 3899 3309 3954 in
3336 3899 3539 3956 emtum
3560 3917 3574 3955 :
3594 3896 3659 3953 In
3685 3909 3814 3952 carne

2238 3990 2374 4044 enim
2402 3990 2734 4057 ambulantes,
2768 3991 2956 4063 inquit,
2992 4009 3093 4047 non
3137 3993 3421 4048 secundum
3468 4008 3663 4048 carnem
3696 3988 3808 4043 mili-

2241 4090 2405 4136 tamus
2434 4080 2509 4154 (ll
2537 4081 2657 4137 Cor.
2691 4098 2749 4149 x,
2774 4082 2854 4156 ὅ).
2884 4083 3017 4139 Nam
3058 4084 3189 4140 illud
3215 4085 3413 4156 quibus
3449 4085 3582 4141 dixit
3605 4084 3806 4154 Aposto‘

2241 4171 2344 4239 lus,
2374 4171 2587 4239 fratres,
2621 4189 2727 4229 non
2752 4175 3239 4244 prmtermittamus.
3272 4175 3417 4243 Quid
3442 4176 3547 4232 illis
3575 4173 3664 4242 ait,
3685 4170 3804 4227 unde

2240 4265 2495 4336 probaret
2526 4266 2647 4321 illos
2691 4267 2936 4323 carnales
2980 4267 3211 4323 carnalia
3242 4283 3459 4340 sapere,
3491 4277 3547 4325 et
3594 4264 3802 4323 nondum

2241 4357 2409 4412 factos
2438 4358 2589 4414 tubas
2615 4359 2883 4416 corneas?
2918 4378 2936 4411 ι
2969 4358 3103 4415 Cum
3134 4361 3278 4416 enim
3308 4360 3445 4418 dicit
3469 4358 3801 4431 unusquisque

2240 4460 2500 4516 vestrum,
2535 4452 2645 4523 Ego
2676 4466 2795 4507 sum
2843 4452 3032 4519 Pauli;
3082 4452 3239 4518 alius,
3268 4452 3384 4525 Ego
3419 4454 3644 4525 Apollo;
3684 4448 3800 4506 alius

2241 4553 2443 4610 autem,
2476 4544 2590 4615 Ego
2614 4543 2846 4617 Cepbaa:
2882 4560 3060 4600 nonne
3094 4546 3339 4603 carnales
3366 4546 3517 4613 estis,
3554 4554 3608 4602 et
3629 4554 3795 4600 secun-

2240 4637 2366 4693 dum
2395 4638 2665 4694 hominem
2699 4639 3015 4695 ambulatis?
3059 4639 3193 4709 Quid
3238 4649 3324 4697 est
3368 4650 3546 4698 autem
3592 4633 3797 4710 Apollo?

2240 4731 2365 4801 quid
2409 4741 2586 4785 autem
2638 4730 2874 4787 Paulus?
2921 4730 3147 4787 Ministri
3195 4733 3309 4800 Dei,
3343 4750 3439 4804 per
3478 4747 3609 4804 quos
3638 4724 3792 4786 credi-

2241 4822 2413 4878 distis.
2456 4822 2567 4893 Ego
2618 4821 2871 4893 plantavi,
2922 4823 3113 4892 Apollo
3161 4824 3383 4894 rigavit;
3430 4823 3523 4880 sed
3568 4822 3694 4877 Deus
3728 4815 3772 4871 in

2240 4924 2568 4970 crementum
2590 4914 2735 4969 dedit
2764 4933 2784 4968 ι
2819 4914 2861 4986 (Ι
2891 4914 3008 4970 Cor.
3032 4916 3185 4983 t,‘i2,
3214 4927 3261 4971 et
3288 4934 3363 4984 tn,
3396 4916 3530 4989 1-6).
3551 4913 3667 4970 Vult
3689 4908 3790 4965 illos

2240 5021 2369 5077 ergo
2396 5007 2527 5075 erigi
2557 5008 2624 5062 ab
2644 5021 2738 5077 spe
2766 5020 2923 5077 quam
2951 5008 3002 5061 in
3044 5007 3262 5064 homine
3288 5016 3588 5079 posuerant,
3611 5013 3661 5060 et
3680 5014 3790 5057 con‘

2242 5098 2445 5169 tingere
2467 5097 2761 5168 spiritualia
2788 5096 3021 5166 Christi;
3053 5107 3110 5154 ut
3137 5111 3357 5171 possent
3383 5114 3503 5158 esse
3537 5095 3664 5153 tuba:
3687 5104 3787 5147 cor-

2241 5206 2377 5258 neze,
2404 5193 2449 5248 si
2490 5205 2805 5265 superarent
2833 5208 3070 5250 carnem.
3108 5194 3347 5264 Fratres,
3376 5194 3540 5251 nolite
3562 5189 3785 5248 insultare

2242 5285 2496 5342 fratribus
2522 5302 2657 5358 quos
2706 5287 2941 5343 nondum
2990 5290 3256 5345 convertit
3304 5283 3648 5346 misericordia
3675 5275 3777 5339 Dei:

2241 5379 2496 5434 IIOVeritis
2520 5382 2644 5449 quia
2681 5378 2939 5451 quamdiu
2976 5379 3080 5436 hoc
3123 5381 3316 5448 facitis,
3358 5393 3562 5438 carnem
3605 5366 3777 5441 sapitis-

2240 5468 2390 5525 Tuba
2437 5484 2543 5525 non
2578 5479 2662 5526 est
2691 5470 2780 5526 illa
2805 5487 2925 5543 qua:
2962 5472 3194 5528 delectat
3238 5488 3395 5530 aures
3440 5470 3561 5527 Dei:
3590 5460 3774 5520 insulta-

2242 5562 2403 5618 tionis
2431 5562 2556 5618 tuba
2603 5562 2991 5620 infructuosum
3035 5564 3235 5621 bellum
3281 5564 3425 5622 facit.
3455 5559 3590 5617 Tuba
3612 5559 3772 5610 001³1³6³

2241 5663 2295 5711 te
2314 5655 2485 5728 erigat
2510 5654 2769 5713 adversus
2795 5655 3091 5724 diabolum,
3119 5671 3224 5713 non
3268 5660 3388 5715 tuba
3414 5664 3590 5712 carnea
3614 5644 3767 5700 adver-

2242 5813 2323 5941 ρει
2348 5813 2552 5927 ξξορῗῇε.
2576 5819 2629 5862 At
2651 5811 2785 5873 add,
2812 5811 2922 5865 Fies
2943 5825 3076 5878 ergo,
3103 5820 3199 5865 etc.
3237 5811 3470 5875 Pauloque
3505 5809 3613 5870 Ροδῦ
3633 5803 3764 5850 mm“

2301 5889 2325 5927 ε
2354 5889 2407 5927 ιι
2446 5914 2451 5919 ,
2522 5888 2617 5925 um.

2301 5889 2325 5927 8
2354 5888 2407 5927 ιιι
2427 5888 2617 5927 catum.

3738 356 3870 415 1256
