4088 6434
285 368 443 423 1257
728 431 732 434 ,

274 504 389 543 sus
414 486 618 542 fratrem
649 493 818 536 tuum.
843 480 911 534 In
935 479 1064 535 tubis
1090 477 1355 535 dnctilibus
1385 484 1429 529 et
1458 491 1573 529 voce
1598 475 1729 529 tuba:
1752 490 1864 529 cor-

274 576 624 648 neajubilate
649 574 701 627 in
730 581 1000 642 conspectu
1024 570 1157 640 regis
1183 568 1436 621 Domini’.

358 673 414 731 8.
454 670 609 749 [τετε.
646 664 792 740 7-9.]
830 666 900 721 Et
943 663 1092 718 vobis
1115 661 1459 731 jubilantibus
1500 667 1554 714 et
1593 657 1867 714 exsultan-

271 765 429 821 tibus
457 748 508 817 in
543 760 685 816 tubis
705 756 992 814 ductilihus
1012 764 1065 811 et
1091 755 1141 807 in
1170 767 1300 808 voce
1327 752 1464 806 tubae
1489 765 1719 815 corneae,
1743 748 1867 819 quid

267 855 561 929 sequitur?
608 852 993 909 Commoveatur
1020 863 1160 902 mare
1196 855 1241 901 et
1281 843 1542 917 plenitudo
1580 844 1709 913 ejus.
1741 841 1869 897 Fra-

268 959 416 1015 tres,
452 944 860 1017 praedicantibus
889 941 1163 996 veritatem
1193 937 1484 1007 Apostolis,
1509 944 1755 1003 tanquam
1788 940 1869 986 tu-

263 1041 366 1095 bis
391 1037 677 1094 ductilibus
716 1044 770 1090 et
800 1034 938 1088 tubis
967 1031 1197 1093 corneis,
1225 1036 1549 1087 commotum
1578 1033 1662 1080 est
1698 1038 1864 1086 mare,

262 1136 628 1186 surrexerunt
650 1126 865 1189 ﬂuctus,
882 1129 1163 1179 creverunt
1194 1126 1557 1189 tempestates,
1574 1115 1723 1170 factm
1745 1122 1867 1169 sunt

262 1222 679 1293 persecutiones
712 1218 979 1273 Echcsi:e.
1012 1214 1165 1270 Unde
1211 1219 1535 1268 commotum
1572 1218 1655 1264 est
1682 1206 1866 1261 mare?

262 1315 414 1371 Cum
446 1312 790 1383 jubilabatur,
838 1324 960 1363 cum
993 1305 1318 1376 psallebatur
1366 1303 1508 1365 Deo;
1560 1300 1657 1354 Dei
1709 1312 1865 1353 aures

265 1407 705 1467 delectabantur,
758 1402 921 1456 maris
971 1399 1161 1453 ﬂuctus
1209 1394 1597 1451 excitabantur.
1630 1390 1864 1446 Commo-

268 1509 452 1551 καίειν
492 1512 631 1548 mare
673 1502 722 1548 et
769 1490 1029 1563 plenitudo
1068 1490 1198 1559 ejus,
1244 1488 1377 1539 orbis
1419 1495 1566 1537 terrae
1608 1490 1653 1536 et
1695 1498 1866 1535 omnes

269 1589 559 1643 habitantes
604 1588 656 1639 in
686 1601 763 1639 eo.
796 1584 1204 1638 Commoveatur
1252 1593 1401 1631 mare
1441 1576 1491 1629 in
1540 1572 1865 1644 persecutio-

270 1683 452 1736 nihus.
503 1678 748 1733 Flumina
796 1673 1036 1744 plaudent
1083 1670 1314 1725 manibus
1357 1669 1409 1720 in
1468 1666 1711 1735 idipsum.
1754 1663 1865 1717 Mo-

271 1781 460 1827 veatur
508 1784 679 1834 mare,
711 1778 765 1822 et
810 1764 1029 1819 ﬂumina
1077 1760 1336 1831 plaudeut
1385 1756 1628 1817 manibus
1682 1755 1734 1808 in
1786 1752 1862 1807 id-

270 1866 448 1934 ipsum
494 1879 507 1915 :
559 1862 690 1914 ﬁunt
747 1856 1165 1928 persecutiones,
1220 1861 1273 1906 et
1325 1848 1553 1920 gaudent
1584 1847 1751 1903 sancti
1810 1846 1861 1898 in

267 1955 466 2008 Deum.
511 1951 666 2007 Unde
711 1949 931 2003 ﬂumina
987 1944 1242 2015 plaudent
1287 1940 1565 1995 inanibus?
1592 1938 1715 2007 quid
1758 1945 1859 2003 est,

264 2043 536 2116 plaudere
592 2039 879 2094 manibus?
940 2036 1185 2093 Gaudere
1237 2034 1507 2104 operibus.
1569 2029 1858 2092 Plaudere,

259 2135 507 2205 gaudere
561 2141 679 2196 est;
747 2130 1026 2193 manibus,
1078 2126 1350 2196 operibus.
1411 2124 1540 2189 Quae
1599 2120 1861 2174 ﬂumina?

258 2228 418 2295 Quos
469 2226 615 2280 Deus
662 2223 785 2278 fecit
829 2220 1067 2285 ﬂumina,
1107 2216 1283 2272 dando
1326 2215 1429 2268 illis
1482 2212 1623 2267 illam
1668 2226 1859 2281 aquam

260 2316 536 2388 Spiritum
590 2322 851 2371 sanctum.
886 2312 948 2366 Si
992 2310 1102 2381 quis
1141 2309 1266 2374 sitit,
1300 2306 1488 2375 inquit,
1518 2304 1677 2357 veniat
1706 2314 1753 2355 et
1783 2302 1859 2354 bi-

263 2416 373 2467 bat.
405 2411 512 2477 Qui
556 2410 709 2464 credit
756 2408 807 2461 in
848 2423 945 2473 me,
978 2403 1191 2475 [lumina
1237 2415 1381 2472 aqua!
1424 2398 1547 2451 viva:
1592 2398 1749 2466 ﬂuent
1799 2394 1862 2448 de

264 2515 442 2559 ventre
471 2506 582 2572 ejus
626 2499 801 2572 (Joan.
837 2515 928 2564 vn,
956 2494 1166 2565 57—59).
1208 2492 1309 2546 Ista
1355 2490 1570 2544 [lumina
1619 2487 1860 2541 manibus

269 2595 623 2666 plaudebant,
649 2593 747 2646 ista
769 2589 987 2644 ﬂumina
1002 2585 1255 2655 Operibus
1280 2581 1601 2653 gaudebant,
1619 2588 1670 2633 et
1693 2580 1855 2632 Deum

268 2686 685 2744 benedicebant.

346 2782 401 2833 9.
446 2779 643 2832 Montes
689 2771 1006 2829 casuitabunt
1055 2786 1087 2822 a
1138 2768 1269 2838 facie
1312 2764 1580 2829 Domini’,
1620 2762 1856 2830 quoniam

274 2873 430 2929 venit,
456 2866 691 2937 quoniam
730 2862 860 2917 venit
893 2858 1130 2931 judicare
1170 2868 1372 2911 terram.
1418 2853 1611 2922 Magni,
1645 2859 1853 2904 montes.

278 2962 439 3018 Venit
466 2960 607 3013 Deus
626 2956 865 3025 judicare
906 2962 1125 3015 terram,
1167 2957 1219 3003 et
1253 2946 1500 3018 gaudent.
1552 2943 1685 2999 Sunt
1714 2942 1855 2996 enim

276 3060 509 3118 tuentes,
542 3049 632 3121 qui
675 3056 903 3101 venturo
935 3041 1163 3097 Domino
1189 3038 1429 3109 judicare
1474 3043 1692 3098 terram,
1725 3047 1854 3085 con-

276 3146 606 3201 tremiseent.
666 3140 807 3209 Ergo
854 3144 978 3191 sunt
1020 3143 1232 3188 montes
1276 3131 1434 3194 boni,
1481 3136 1600 3187 sunt
1648 3137 1855 3181 montes

280 3237 402 3291 mali
438 3254 450 3289 :
482 3240 691 3288 montes
737 3227 884 3290 boni,
929 3223 1237 3295 magnitudo
1276 3220 1600 3290 spiritualis;
1648 3226 1856 3270 montes

278 3329 423 3389 mali,
451 3336 625 3384 tumor
651 3321 935 3393 superbiae.
968 3316 1165 3372 Montes
1194 3314 1511 3369 exsultabant
1543 3329 1573 3364 a
1602 3311 1731 3381 [acie
1755 3309 1857 3361 Do-

279 3420 419 3485 mini,
463 3418 701 3490 quoniam
745 3414 897 3476 venit,
929 3411 1167 3481 quoniam
1214 3408 1339 3461 venit
1373 3404 1609 3475 judicare
1646 3412 1850 3454 terram.

279 3513 447 3579 Quare
474 3509 672 3570 veniet,
702 3516 757 3561 et
783 3503 1051 3574 quomodo
1081 3499 1295 3555 veniet?
1329 3498 1580 3565 Quoniam
1614 3495 1741 3547 venit
1763 3494 1853 3563 jn-

283 3606 444 3658 dicare
467 3613 671 3656 terram.
713 3597 971 3651 Judicabit
999 3592 1164 3649 orbem
1199 3602 1345 3645 terrm
1366 3592 1416 3642 in
1437 3588 1657 3660 justitia,
1684 3594 1726 3641 et
1760 3602 1852 3655 po-

280 3698 419 3767 pulos
462 3699 515 3749 in
543 3694 791 3764 aequitate.
819 3690 1096 3747 Gaudcaut
1138 3702 1265 3756 ergo
1304 3694 1549 3746 montes;
1582 3681 1667 3735 ille
1712 3680 1853 3733 enim

284 3803 380 3843 non
407 3786 603 3856 injuste
625 3783 902 3854 iudicabit.
936 3781 1170 3834 Venturo
1201 3778 1336 3832 forte
1360 3775 1537 3844 aliquo
1561 3771 1738 3843 judice
1767 3770 1855 3825 Ιιο·

283 3861 435 3941 mine:
456 3880 539 3935 cui
559 3896 660 3932 non
675 3885 848 3947 potest
864 3884 1047 3945 patere
1065 3869 1417 3931 conscientia,
1441 3865 1856 3921 contremiscunt

286 3973 523 4026 homines
548 3970 704 4023 etiam
734 3967 1065 4029 innocentes,
1086 3963 1131 4017 si
1162 3964 1228 4017 ab
1259 3962 1373 4030 ipso
1395 3966 1701 4027 exspectant
1727 3970 1855 4024 prae-

288 4063 446 4116 mium
468 4059 652 4125 laudis,
674 4059 756 4112 vel
784 4058 970 4111 timent
999 4069 1208 4124 poenam
1233 4050 1619 4105 damnationis:
1642 4045 1855 4117 quando

285 4153 372 4208 ille
403 4153 573 4207 veniet
596 4152 685 4221 qui
715 4149 821 4204 falli
858 4163 963 4202 non
993 4155 1189 4218 potest,
1215 4143 1481 4214 gaudeant
1519 4148 1743 4201 montes,
1771 4152 1852 4192 se-

283 4247 390 4302 curi
431 4245 735 4316 gaudeant;
778 4240 1216 4297 illuminabuntur
1256 4237 1322 4289 ab
1360 4250 1446 4299 eo,
1480 4248 1587 4288 non
1629 4233 1851 4286 damna.

285 4344 502 4403 buntur;
533 4337 819 4409 gaudeant,
852 4334 975 4404 quia
1001 4333 1179 4386 veniet
1207 4329 1463 4383 Dominus
1485 4327 1725 4396 judicare
1762 4339 1853 4377 ors

285 4435 395 4490 hem
438 4444 701 4487 terrarum
743 4429 794 4482 in
826 4427 1111 4497 mquitate;
1157 4438 1217 4477 ac
1247 4422 1291 4475 si
1326 4428 1532 4475 montes
1568 4419 1694 4489 justi
1721 4432 1852 4487 gau-

288 4526 424 4588 dent,
451 4520 614 4591 iniqui
642 4518 1076 4574 contremiscant.
1122 4512 1226 4568 Sed
1268 4526 1393 4566 ecce
1423 4510 1653 4564 nondum
1684 4509 1851 4572 venit,

288 4615 401 4685 quid
430 4625 565 4683 opus
596 4621 677 4665 est
702 4619 757 4663 ut
789 4607 1064 4667 trmiant?
1092 4603 1457 4672 Corrigantur,
1490 4610 1541 4653 et
1568 4599 1851 4670 gaudeant.

287 4706 338 4761 In
382 4712 643 4775 potestate
686 4709 775 4755 tua
816 4709 899 4753 est
944 4695 1210 4766 quomodo
1254 4700 1531 4761 ex5pectes
1573 4697 1854 4744 venturum

289 4798 573 4852 Christum.
604 4793 727 4846 Ideo
765 4790 941 4844 differt
970 4788 1172 4851 venire,
1207 4794 1261 4837 ut
1287 4799 1406 4838 cum
1440 4781 1646 4836 venerit
1673 4794 1778 4833 non
1807 4786 1856 4832 te

286 4889 513 4943 damnet.
559 4884 700 4939 Ecce
730 4881 962 4936 nomium
991 4878 1155 4942 venit,
1192 4877 1277 4929 ille
1309 4877 1359 4929 in
1392 4874 1530 4929 carie
1569 4880 1670 4937 est,
1705 4880 1760 4925 tu
1804 4871 1855 4923 in

288 4992 417 5037 tersa
450 4996 464 5031 :
496 4976 585 5032 ille
624 4975 800 5029 differt
829 4971 1136 5033 adventum,
1180 4978 1232 5020 ttt
1278 4967 1384 5020 noli
1424 4965 1639 5020 diﬁ'erre
1682 4963 1859 5017 cousi—

287 5072 427 5125 lium.
457 5066 728 5122 Adventus
758 5064 922 5134 ipsius
946 5061 1112 5115 durus
1149 5068 1231 5112 est
1253 5057 1423 5123 duris,
1452 5056 1595 5109 mitis
1625 5063 1708 5108 est
1736 5054 1855 5123 piis.

292 5162 415 5217 Vide
441 5172 568 5230 ergo
589 5156 747 5212 modo
785 5164 841 5210 tu
867 5154 957 5226 qui
986 5153 1059 5207 sis
1086 5170 1097 5205 :
1128 5152 1170 5204 si
1200 5150 1384 5215 durus,
1418 5148 1544 5202 licet
1572 5146 1665 5199 tibi
1701 5146 1858 5200 mite-

287 5267 462 5317 scere;
503 5251 548 5305 si
592 5248 759 5313 mitis,
794 5246 903 5316 jam
959 5243 1131 5315 gaude
1178 5252 1480 5295 venturum.
1523 5237 1859 5292 Christianus

286 5346 422 5403 enim
438 5357 515 5398 es.
531 5341 630 5403 Ita,
645 5339 837 5408 inquis.
852 5336 1025 5391 Credo
1040 5333 1181 5404 quod
1199 5347 1340 5393 oras,
1360 5339 1413 5384 et
1432 5328 1594 5382 dicis:
1612 5326 1860 5380 Adveniat

293 5450 496 5506 regnum
531 5442 672 5486 tuum
703 5428 913 5502 (Matth.
940 5443 1015 5493 vt,
1047 5425 1160 5495 10).
1187 5423 1351 5493 Optas
1380 5430 1436 5475 ut
1480 5420 1675 5481 veniat,
1703 5433 1860 5488 quem

349 5571 365 5603 ⁸
388 5576 493 5619 Mss.
514 5564 739 5630 plerique
768 5576 777 5612 :
800 5560 1011 5630 a'ubitate
1035 5557 1232 5629 Domino
1253 5556 1302 5606 in
1325 5559 1594 5630 conspectu
1611 5551 1745 5630 regis
1761 5559 1863 5630 ea;

287 5632 433 5691 mini;
458 5620 739 5691 et'quidam
764 5639 775 5673 :
801 5622 1008 5691 .Inbflate
1044 5631 1149 5691 Deo
1172 5620 1233 5689 in'
1258 5624 1519 5691 conspectu
1545 5620 1865 5691 regreditu-

287 5676 679 5765 alifipha‘cxx
720 5688 931 5749 legitur:
976 5683 1181 5733 Jubitate
1217 5680 1266 5730 in
1304 5676 1554 5742 conspectu
1600 5676 1731 5739 regis
1768 5684 1862 5725 εο-

288 5766 425 5807 milia.

351 5821 370 5849 ¹
392 5824 519 5874 atas,
542 5827 574 5862 tt
597 5810 720 5875 facie
745 5809 844 5859 rei.

564 5897 791 5958 SANCT.
839 5896 881 5952 A
896 5908 1113 5951 ususr.
1161 5890 1266 5949 IV.

1360 357 1753 415 ENARRATIO
1794 358 1857 415 IN
1900 359 2216 424 PSALMUM
2260 364 2483 422 XCVIII.

3316 316 3344 350 6

1988 478 2142 534 times
2181 496 2245 534 ne
2287 483 2479 537 veniat.
2521 482 2738 555 Corrige
2778 494 2847 553 te,
2874 495 2929 541 ut
2959 501 3061 540 non
3093 500 3213 542 ores
3255 496 3440 542 contra
3489 498 3559 543 tc.

2006 595 3528 619 __________________________

2565 750 2978 808 ENARRATIU.

2493 857 2661 897 SERMO
2699 860 2766 898 AD
2825 861 3025 911 Ριειιεις
3036 886 3048 897 .

2049 929 2100 980 1.
2132 927 2366 995 Fratres,
2393 940 2575 987 notum
2608 949 2726 989 esse
2748 935 2858 1004 jam
2878 936 3037 995 debet
3056 936 3312 993 Charitati
3341 951 3555 1009 vestrm,

1976 1026 2223 1089 tanquam
2256 1020 2377 1075 ﬁliis
2410 1023 2680 1091 Ecclesiae,
2710 1033 2763 1080 et
2794 1027 3016 1081 eruditis
3055 1028 3103 1081 in
3133 1030 3315 1084 schola
3353 1030 3550 1086 Christi

1975 1124 2070 1179 per
2096 1126 2283 1166 omnes
2324 1112 2552 1169 Litteras
2593 1119 2931 1188 antiquorum
2962 1131 3167 1189 patrum
3218 1135 3546 1192 nostrorum,

1972 1200 2061 1269 qui
2086 1203 2417 1271 scripserunt
2445 1207 2603 1260 verba
2633 1208 2747 1275 Dei,
2772 1219 2825 1263 et
2853 1212 3111 1280 magnalia
3140 1212 3255 1277 Dei,
3281 1215 3433 1269 nobis
3455 1230 3549 1278 eos

1971 1294 2253 1349 consulere
2280 1296 2528 1361 voluisse,
2564 1300 2650 1367 qui
2700 1299 2860 1355 futuri
2904 1317 3116 1358 eramus
3166 1303 3266 1359 hoc
3316 1315 3555 1376 tempore

1965 1382 2076 1453 jam
2114 1385 2392 1442 credentes
2426 1388 2476 1441 in
2504 1388 2807 1457 Christum;
2853 1394 2939 1462 qui
2971 1404 3270 1463 opportuno
3314 1404 3554 1466 tempore

1971 1478 2114 1531 venit
2143 1478 2206 1532 ad
2238 1495 2355 1540 nos,
2380 1482 2555 1549 primo
2583 1482 2821 1551 humilis,
2850 1493 3033 1553 postea
3079 1496 3337 1542 venturus
3372 1490 3549 1543 excel-

1971 1583 2081 1623 sus.
2111 1570 2289 1624 Primo
2323 1572 2462 1633 enim
2497 1576 2639 1627 venit
2667 1586 2789 1629 ante
2811 1575 3042 1645 judicem
3072 1588 3342 1635 staturus:
3370 1590 3551 1649 postea

1968 1668 2223 1715 venturus
2250 1671 2332 1716 est
2361 1662 2524 1730 jndex
2556 1678 2821 1732 sessurus,
2855 1675 2913 1721 ut
2938 1679 3059 1721 ante
3108 1669 3254 1723 illum
3297 1679 3403 1725 stet
3446 1686 3543 1740 pro

1969 1751 2160 1805 merito
2206 1766 2303 1807 suo
2350 1769 2518 1822 genus
2570 1754 2878 1811 lmmanum.
2929 1758 3324 1814 Praecesserunt
3371 1772 3547 1817 autem

1970 1841 2114 1894 illum
2147 1843 2296 1897 multi
2330 1860 2624 1912 perennes,
2661 1857 2906 1917 tanquam
2932 1850 3162 1917 judicem
3194 1867 3463 1921 magnum,
3496 1864 3550 1913 et

1970 1930 2121 1985 hunc
2151 1933 2322 1988 adhuc
2366 1937 2416 1988 in
2443 1935 2742 1993 humilitate
2768 1950 3069 1993 venturum.
3101 1941 3248 1996 Multi
3277 1954 3548 2012 prmconcs

1967 2034 2357 2091 praeesserunt
2402 2025 2576 2085 adhuc
2629 2028 2955 2093 nasciturum
3005 2030 3069 2083 de
3112 2031 3315 2101 virgine
3361 2031 3544 2095 Maria,

1968 2111 2199 2166 futurum
2230 2114 2505 2181 infantem,
2537 2126 2589 2171 et
2615 2120 3022 2174 sucturum‘lac
3045 2138 3057 2181 ς
3081 2120 3314 2176 futurum
3345 2138 3543 2191 parvu-

1966 2204 2097 2270 Ium,
2124 2206 2352 2261 Verbum
2378 2208 2469 2263 Dei
2494 2225 2590 2278 per
2618 2211 2759 2279 quod
2791 2213 2926 2266 facta
2949 2223 3073 2267 sunt
3101 2215 3300 2275 omnia.
3320 2231 3547 2285 przeces-

1964 2305 2151 2350 serunt
2180 2298 2328 2352 multi
2359 2309 2653 2366 pra-cenes,
2699 2311 2753 2356 et
2776 2302 3023 2357 dixerunt
3055 2304 3224 2358 futura
3258 2307 3357 2359 ista
3409 2316 3545 2361 tem-

1966 2400 2091 2455 pora
2119 2403 2130 2440 :
2162 2386 2257 2442 sed
2294 2389 2364 2442 ita
2402 2388 2666 2454 dixerunt,
2700 2401 2759 2445 ut
2796 2393 3117 2461 quibusdam
3152 2396 3331 2464 figuris
3359 2411 3539 2449 rerum

1965 2486 2203 2549 tegerent
2258 2482 2551 2537 sententias
2613 2499 2766 2550 suas,
2824 2485 3099 2555 ipsumque
3153 2488 3391 2540 velamen
3438 2504 3544 2556 quo

1965 2580 2101 2625 tecta
2130 2580 2212 2626 est
2246 2572 2441 2627 veritas
2478 2574 2529 2626 in
2560 2574 2731 2628 Libris
2758 2578 3118 2644 antiquorum,
3163 2586 3287 2632 tunc
3330 2578 3544 2631 tullcre-

1964 2670 2069 2728 tur,
2111 2664 2321 2732 quando
2363 2664 2470 2731 jam
2505 2665 2613 2733 ipsa
2645 2667 2838 2720 veritas
2883 2667 2949 2720 de
2977 2677 3112 2721 terra
3152 2668 3404 2733 oriretur.
3455 2668 3543 2722 Sic

1962 2754 2105 2807 enim
2137 2754 2328 2810 dicitur
2358 2754 2409 2807 iu
2457 2757 2657 2822 psalmo
2684 2775 2695 2807 έ
2740 2756 2930 2821 Veritas
2958 2758 3019 2811 de
3060 2768 3191 2815 terra
3220 2768 3331 2811 orta
3370 2768 3460 2826 est,
3492 2770 3543 2811 et

1954 2846 2154 2914 justitia
2185 2844 2247 2898 de.
2292 2846 2416 2905 creto
2447 2848 2703 2916 prospexit
2750 2846 2923 2918 (Psol.
2972 2865 3196 2913 LXXXIV,
3242 2850 3353 2913 19.).
3388 2848 3543 2903 Modo

1961 2952 2088 3006 ergo
2120 2945 2226 2991 tota
2261 2939 2485 2993 intentio
2515 2948 2695 2999 nostra
2725 2950 2826 3005 est,
2860 2942 3073 3010 quando
3099 2941 3364 2996 Psalmum
3395 2941 3542 2995 audi-

1965 3044 2101 3093 mus,
2128 3029 2341 3098 quaudu
2361 3029 2703 3100 Prophetam,
2731 3032 2945 3101 quando
2975 3031 3193 3102 Legem,
3221 3048 3340 3101 qua:
3364 3033 3540 3086 omnia

1963 3130 2246 3188 antequam
2286 3122 2494 3185 veniret
2543 3122 2596 3176 in
2646 3137 2807 3177 carne
2857 3124 3107 3177 Dominus
3157 3135 3339 3178 noster
3387 3124 3543 3179 Jesus

1961 3208 2228 3274 Christus,
2258 3211 2559 3280 conscripta
2585 3221 2728 3280 sunt,
2757 3211 3027 3275 Christum
3061 3213 3130 3267 ibi
3159 3214 3357 3277 videre,
3388 3213 3541 3267 Chri-

1960 3308 2099 3353 stum
2130 3300 2198 3353 ibi
2228 3300 2547 3371 intelligere.
2582 3302 2822 3355 lutendat
2848 3319 2975 3373 ergo
3002 3305 3274 3359 uobiscum
3299 3304 3541 3358 Charitas

1961 3400 2137 3446 vestra
2159 3392 2223 3446 ad
2251 3393 2406 3452 istum
2431 3394 2715 3466 psalmum,
2736 3404 2788 3447 et
2808 3411 3107 3464 quzrranttts
3137 3397 3219 3449 hic
3236 3397 3536 3450 Christum:

1962 3485 2143 3555 utique
2163 3485 2438 3555 apparebit
2454 3487 2838 3555 qumreutibus,
2857 3490 2944 3557 qui
2971 3488 3144 3555 primo
3165 3491 3405 3558 apparuit
3434 3507 3537 3544 nun

1961 3577 2356 3646 quaerentibus;
2404 3586 2461 3632 et
2504 3594 2606 3631 non
2655 3577 2869 3633 deseret
2912 3578 3278 3633 desiderantes
3321 3596 3407 3639 se.
3453 3580 3541 3649 qni

1961 3669 2184 3723 redemit
2214 3669 2546 3740 negligentes
2578 3684 2656 3723 se.
2690 3670 2827 3725 Ecce
2857 3670 2924 3724 de
2954 3671 3043 3725 illo
3082 3676 3245 3741 erepit
3275 3672 3537 3735 Psalmus,

1958 3759 2026 3813 de
2052 3760 2142 3812 illo
2168 3758 2383 3813 dicitur.

2029 3852 2082 3905 2.
2137 3851 2285 3925 [vers.
2314 3851 2387 3924 1.]
2430 3851 2676 3907 Dominus
2717 3854 2962 3923 regnavit,
3009 3854 3292 3905 irascantur
3344 3857 3537 3924 populi.

1959 3940 2132 4010 Cccpit
2156 3941 2297 3996 enim
2326 3956 2548 4009 regnare
2580 3942 2833 3994 Dominus
2880 3949 3059 3994 noster
3095 3941 3249 3995 Jesus
3274 3941 3536 4006 Christus,

1958 4036 2119 4104 ccepit
2148 4034 2423 4102 [medicari
2455 4075 2468 4098 ,
2520 4042 2796 4103 postquam
2851 4033 3142 4097 resurrexit
3169 4048 3199 4087 a
3221 4034 3446 4099 mortuis
3488 4047 3543 4089 et

1959 4125 2197 4180 ascendit
2246 4124 2296 4178 in
2329 4125 2545 4188 coelum,
2577 4132 2918 4193 posteaquam
2972 4124 3207 4193 implevit
3254 4125 3543 4193 discipulos

1959 4235 2084 4275 suos
2111 4218 2297 4273 ﬁducia
2319 4217 2547 4286 Spiritus
2574 4217 2761 4281 sancti,
2788 4226 2846 4271 ut
2872 4233 2974 4271 nou
3019 4217 3263 4271 timerent
3292 4227 3540 4284 mortem,

1960 4326 2116 4381 quam
2145 4310 2232 4364 ille
2256 4308 2365 4379 jam
2394 4307 2661 4363 occiderat
2684 4308 2736 4363 in
2785 4323 2863 4363 se.
2915 4307 3087 4379 Coepit
3115 4323 3242 4378 ergo
3268 4308 3544 4378 praedicari

1963 4402 2219 4456 Dominus
2240 4399 2503 4466 Christus,
2537 4408 2595 4452 ut
2622 4399 2673 4453 in
2706 4398 2854 4453 illum
2891 4398 3169 4455 crederent
3194 4400 3283 4469 qui
3319 4400 3545 4454 salutem

1962 4492 2159 4547 habere
2184 4491 2413 4553 vellent;
2447 4500 2499 4543 et
2517 4490 2632 4544 irati
2656 4499 2780 4543 sunt
2803 4490 2976 4561 populi
3003 4491 3091 4559 qui
3116 4490 3250 4544 idola
3278 4490 3542 4545 colebant.

1962 4583 2331 4638 lrascehantur
2380 4582 2469 4651 qui
2522 4582 2768 4637 colebant
2820 4582 2959 4654 quod
3007 4581 3263 4647 fecerant,
3297 4582 3416 4651 quia
3449 4599 3545 4635 au-

1963 4676 2304 4730 nuutiahatur
2330 4674 2418 4727 ille
2444 4688 2471 4726 a
2504 4688 2609 4744 quo
2634 4673 2752 4727 facti
2800 4684 2939 4728 sunt.
2965 4673 3158 4743 Utique
3201 4673 3286 4726 ille
3336 4690 3546 4725 annuu-

1964 4765 2127 4825 tiabat
2166 4782 2260 4835 per
2282 4765 2572 4833 discipulos
2605 4780 2729 4817 suos
2775 4766 3007 4833 seipsum
3032 4807 3044 4825 ,
3076 4765 3163 4833 qui
3192 4763 3309 4817 illos
3337 4762 3541 4817 volebat

1964 4858 2198 4912 converti
2239 4856 2302 4908 ad
2332 4872 2451 4909 eum
2480 4872 2507 4906 a
2539 4871 2643 4924 quo
2694 4855 2815 4908 facti
2865 4862 3039 4918 erant,
3071 4863 3123 4906 et
3165 4852 3329 4905 averti
3361 4851 3428 4905 ab
3472 4852 3545 4907 eis

1964 4964 2081 5018 qua:
2106 4948 2203 5018 ipsi
2232 4948 2483 5005 fecerant.
2517 4946 2593 5005 Illi
2617 4962 2713 5016 pro
2746 4945 2886 5000 idolo
2915 4960 3012 4999 suo
3050 4943 3412 4997 irascebantur
3444 4944 3545 4997 Do-

1967 5041 2112 5096 mino
2141 5054 2258 5105 suo,
2286 5040 2374 5110 qui
2401 5040 2444 5095 si
2464 5053 2560 5111 pro
2589 5038 2729 5091 idolo
2752 5053 2849 5092 suo
2874 5038 3229 5090 irascerentur
3253 5047 3411 5087 servo
3432 5048 3549 5093 suo.

1967 5132 2252 5193 damnandi
2279 5139 2450 5193 erant.
2488 5130 2675 5184 Melior
2718 5129 2860 5182 enim
2913 5141 3100 5180 servus
3153 5140 3363 5189 eorum,
3390 5142 3549 5195 quam

1969 5226 2165 5281 idolum
2191 5238 2375 5279 eorum
2409 5242 2422 5279 :
2453 5237 2665 5277 servum
2693 5220 2834 5275 enim
2867 5234 3051 5273 eorum
3084 5218 3226 5273 Deus
3253 5218 3399 5283 fecit,
3434 5217 3551 5271 ido-

1969 5318 2078 5373 lum
2101 5331 2284 5371 corum
2308 5314 2454 5369 faber
2474 5312 2617 5367 fecit.
2643 5312 2731 5366 Sic
2761 5311 3123 5365 irascebantur
3146 5326 3244 5380 pro
3267 5310 3408 5364 idolo
3434 5324 3551 5375 suo,

1969 5418 2025 5462 ut
2053 5409 2203 5462 irasci
2252 5422 2353 5460 non
2410 5405 2656 5458 timerent
2702 5402 2925 5455 Domino
2954 5416 3070 5456 suo.
3100 5402 3206 5457 Sed
3248 5404 3551 5466 irascantur,

1968 5499 2276 5569 praedictum
2310 5505 2410 5561 est,
2434 5509 2537 5549 non
2560 5494 2804 5562 jussum;
2838 5494 2890 5546 in
2940 5492 3215 5562 prophetia
3250 5494 3390 5547 enim
3420 5490 3554 5544 dici-

1969 5600 2075 5658 tur,
2101 5590 2347 5646 Dominus
2366 5588 2608 5659 regnavit,
2638 5589 2923 5640 irascantur
2952 5587 3146 5656 pOpuli.
3178 5585 3273 5639 Est
3301 5582 3438 5653 quod
3467 5581 3555 5661 ﬁat

1971 5696 2025 5740 et
2061 5683 2128 5738 de
2182 5681 2389 5751 populis
2439 5679 2791 5735 irascentibus
2823 5693 2835 5730 :
2865 5677 2939 5731 illi
2970 5679 3283 5735 irascantur,
3310 5682 3363 5726 et
3392 5673 3444 5728 in
3482 5674 3555 5737 ira

2030 5799 2045 5829 ι
2083 5797 2155 5844 Sic
2172 5799 2282 5844 Mss.
2300 5793 2414 5844 Edd.
2434 5804 2572 5851 vero,
2598 5790 2883 5855 sugitnrum.

2819 5872 3230 5949 {QuaranteJ
