  <div class='ocr_page' id='page_1' title='image "/cluster/home/n/w/nwhite01/storage/ocr_20150623/37/uva.x000827106/127.png"; bbox 0 0 4088 6438; ppageno 0'>
   <div class='ocr_carea' id='block_1_1' title="bbox 607 383 742 439">
    <p class='ocr_par' dir='ltr' id='par_1_1' title="bbox 607 383 742 439">
     <span class='ocr_line' id='line_1_1' title="bbox 607 383 742 439; baseline 0 0"><span class='ocrx_word' id='word_1_1' title='bbox 607 383 742 439; x_wconf 62' lang='grc' dir='ltr'><strong>ηδε)</strong></span> 
     </span>
    </p>
   </div>
   <div class='ocr_carea' id='block_1_2' title="bbox 606 487 2184 566">
    <p class='ocr_par' dir='ltr' id='par_1_2' title="bbox 606 487 2184 566">
     <span class='ocr_line' id='line_1_2' title="bbox 606 487 2184 566; baseline -0.004 -15"><span class='ocrx_word' id='word_1_2' title='bbox 606 511 838 566; x_wconf 73' lang='lat' dir='ltr'><strong>,psorum</strong></span> <span class='ocrx_word' id='word_1_3' title='bbox 865 504 1124 563; x_wconf 76' lang='lat' dir='ltr'><strong>martyres</strong></span> <span class='ocrx_word' id='word_1_4' title='bbox 1150 500 1487 549; x_wconf 87' lang='lat' dir='ltr'><strong>coronentur.</strong></span> <span class='ocrx_word' id='word_1_5' title='bbox 1515 489 1650 557; x_wconf 87' lang='lat' dir='ltr'><strong>Quid</strong></span> <span class='ocrx_word' id='word_1_6' title='bbox 1692 487 1934 545; x_wconf 85' lang='lat' dir='ltr'><strong>fecerunt</strong></span> <span class='ocrx_word' id='word_1_7' title='bbox 1978 505 2184 544; x_wconf 85' lang='lat' dir='ltr'><strong>annun-</strong></span> 
     </span>
    </p>
   </div>
   <div class='ocr_carea' id='block_1_3' title="bbox 604 582 2182 649">
    <p class='ocr_par' dir='ltr' id='par_1_3' title="bbox 604 582 2182 649">
     <span class='ocr_line' id='line_1_3' title="bbox 604 582 2182 649; baseline -0.007 -4"><span class='ocrx_word' id='word_1_8' title='bbox 604 589 881 645; x_wconf 90' lang='lat' dir='ltr'><strong>tiatoribus</strong></span> <span class='ocrx_word' id='word_1_9' title='bbox 918 586 1068 643; x_wconf 88' lang='lat' dir='ltr'><strong>verbi</strong></span> <span class='ocrx_word' id='word_1_10' title='bbox 1114 585 1387 649; x_wconf 91' lang='lat' dir='ltr'><strong>veritatis,</strong></span> <span class='ocrx_word' id='word_1_11' title='bbox 1435 583 1663 639; x_wconf 90' lang='lat' dir='ltr'><strong>nubibus</strong></span> <span class='ocrx_word' id='word_1_12' title='bbox 1708 582 1906 638; x_wconf 88' lang='lat' dir='ltr'><strong>Christi</strong></span> <span class='ocrx_word' id='word_1_13' title='bbox 1954 582 2182 637; x_wconf 90' lang='lat' dir='ltr'><strong>circum-</strong></span> 
     </span>
    </p>
   </div>
   <div class='ocr_carea' id='block_1_4' title="bbox 603 672 2182 743">
    <p class='ocr_par' dir='ltr' id='par_1_4' title="bbox 603 672 2182 743">
     <span class='ocr_line' id='line_1_4' title="bbox 603 672 2182 743; baseline -0.007 -7"><span class='ocrx_word' id='word_1_14' title='bbox 603 681 849 737; x_wconf 89' lang='lat' dir='ltr'><strong>euntibus</strong></span> <span class='ocrx_word' id='word_1_15' title='bbox 893 678 1077 733; x_wconf 88' lang='lat' dir='ltr'><strong>orbem</strong></span> <span class='ocrx_word' id='word_1_16' title='bbox 1129 686 1387 730; x_wconf 89' lang='lat' dir='ltr'><strong>terrarum</strong></span> <span class='ocrx_word' id='word_1_17' title='bbox 1434 683 1487 729; x_wconf 90' lang='lat' dir='ltr'><strong>et</strong></span> <span class='ocrx_word' id='word_1_18' title='bbox 1534 672 1958 743; x_wconf 90' lang='lat' dir='ltr'><strong>compluentibus</strong></span> <span class='ocrx_word' id='word_1_19' title='bbox 2002 688 2182 743; x_wconf 89' lang='lat' dir='ltr'><strong>agrum</strong></span> 
     </span>
    </p>
   </div>
   <div class='ocr_carea' id='block_1_5' title="bbox 604 765 2187 837">
    <p class='ocr_par' dir='ltr' id='par_1_5' title="bbox 604 765 2187 837">
     <span class='ocr_line' id='line_1_5' title="bbox 604 765 2187 837; baseline -0.004 -11"><span class='ocrx_word' id='word_1_20' title='bbox 604 767 737 827; x_wconf 82' lang='lat' dir='ltr'><strong>Dei?</strong></span> <span class='ocrx_word' id='word_1_21' title='bbox 760 769 895 837; x_wconf 86' lang='lat' dir='ltr'><strong>Quid</strong></span> <span class='ocrx_word' id='word_1_22' title='bbox 923 769 1025 823; x_wconf 88' lang='lat' dir='ltr'><strong>illis</strong></span> <span class='ocrx_word' id='word_1_23' title='bbox 1053 767 1289 823; x_wconf 86' lang='lat' dir='ltr'><strong>fecerunt</strong></span> <span class='ocrx_word' id='word_1_24' title='bbox 1336 767 1423 836; x_wconf 91' lang='lat' dir='ltr'><strong>qui</strong></span> <span class='ocrx_word' id='word_1_25' title='bbox 1468 765 1853 830; x_wconf 83' lang='lat' dir='ltr'><strong>irascebantur,</strong></span> <span class='ocrx_word' id='word_1_26' title='bbox 1883 766 1984 820; x_wconf 90' lang='lat' dir='ltr'><strong>nisi</strong></span> <span class='ocrx_word' id='word_1_27' title='bbox 2020 775 2077 820; x_wconf 88' lang='lat' dir='ltr'><strong>ut</strong></span> <span class='ocrx_word' id='word_1_28' title='bbox 2107 767 2187 819; x_wconf 87' lang='lat' dir='ltr'><strong>in-</strong></span> 
     </span>
    </p>
   </div>
   <div class='ocr_carea' id='block_1_6' title="bbox 601 857 2185 929">
    <p class='ocr_par' dir='ltr' id='par_1_6' title="bbox 601 857 2185 929">
     <span class='ocr_line' id='line_1_6' title="bbox 601 857 2185 929; baseline -0.005 -11"><span class='ocrx_word' id='word_1_29' title='bbox 601 872 683 918; x_wconf 90' lang='lat' dir='ltr'><strong>ter</strong></span> <span class='ocrx_word' id='word_1_30' title='bbox 703 876 890 917; x_wconf 89' lang='lat' dir='ltr'><strong>manus</strong></span> <span class='ocrx_word' id='word_1_31' title='bbox 916 876 1099 916; x_wconf 90' lang='lat' dir='ltr'><strong>eorum</strong></span> <span class='ocrx_word' id='word_1_32' title='bbox 1127 872 1251 915; x_wconf 86' lang='lat' dir='ltr'><strong>caro</strong></span> <span class='ocrx_word' id='word_1_33' title='bbox 1268 857 1608 929; x_wconf 77' lang='lat' dir='ltr'><strong>affligeretur,</strong></span> <span class='ocrx_word' id='word_1_34' title='bbox 1624 868 1676 915; x_wconf 93' lang='lat' dir='ltr'><strong>et</strong></span> <span class='ocrx_word' id='word_1_35' title='bbox 1693 860 1743 912; x_wconf 93' lang='lat' dir='ltr'><strong>in</strong></span> <span class='ocrx_word' id='word_1_36' title='bbox 1771 860 2016 913; x_wconf 91' lang='lat' dir='ltr'><strong>manibus</strong></span> <span class='ocrx_word' id='word_1_37' title='bbox 2036 859 2185 913; x_wconf 86' lang='lat' dir='ltr'><strong>Chri-</strong></span> 
     </span>
    </p>
   </div>
   <div class='ocr_carea' id='block_1_7' title="bbox 598 951 2186 1023">
    <p class='ocr_par' dir='ltr' id='par_1_7' title="bbox 598 951 2186 1023">
     <span class='ocr_line' id='line_1_7' title="bbox 598 951 2186 1023; baseline -0.005 -12"><span class='ocrx_word' id='word_1_38' title='bbox 598 955 663 1011; x_wconf 78' lang='lat' dir='ltr'><strong>sti</strong></span> <span class='ocrx_word' id='word_1_39' title='bbox 679 954 894 1023; x_wconf 92' lang='lat' dir='ltr'><strong>spiritus</strong></span> <span class='ocrx_word' id='word_1_40' title='bbox 910 952 1293 1007; x_wconf 85' lang='lat' dir='ltr'><strong>coronaretur?</strong></span> <span class='ocrx_word' id='word_1_41' title='bbox 1316 951 1422 1006; x_wconf 83' lang='lat' dir='ltr'><strong>Nec</strong></span> <span class='ocrx_word' id='word_1_42' title='bbox 1439 952 1549 1021; x_wconf 91' lang='lat' dir='ltr'><strong>ipsa</strong></span> <span class='ocrx_word' id='word_1_43' title='bbox 1566 966 1689 1006; x_wconf 88' lang='lat' dir='ltr'><strong>caro</strong></span> <span class='ocrx_word' id='word_1_44' title='bbox 1706 967 1860 1021; x_wconf 90' lang='lat' dir='ltr'><strong>quam</strong></span> <span class='ocrx_word' id='word_1_45' title='bbox 1883 961 2186 1021; x_wconf 87' lang='lat' dir='ltr'><strong>persecuto-</strong></span> 
     </span>
    </p>
   </div>
   <div class='ocr_carea' id='block_1_8' title="bbox 598 1042 2181 1113">
    <p class='ocr_par' dir='ltr' id='par_1_8' title="bbox 598 1042 2181 1113">
     <span class='ocr_line' id='line_1_8' title="bbox 598 1042 2181 1113; baseline -0.003 -14"><span class='ocrx_word' id='word_1_46' title='bbox 598 1058 685 1100; x_wconf 87' lang='lat' dir='ltr'><strong>res</strong></span> <span class='ocrx_word' id='word_1_47' title='bbox 714 1042 958 1099; x_wconf 79' lang='lat' dir='ltr'><strong>occidere</strong></span> <span class='ocrx_word' id='word_1_48' title='bbox 989 1051 1293 1113; x_wconf 89' lang='lat' dir='ltr'><strong>potuerunt,</strong></span> <span class='ocrx_word' id='word_1_49' title='bbox 1320 1042 1388 1097; x_wconf 90' lang='lat' dir='ltr'><strong>ita</strong></span> <span class='ocrx_word' id='word_1_50' title='bbox 1420 1052 1627 1097; x_wconf 88' lang='lat' dir='ltr'><strong>mortua</strong></span> <span class='ocrx_word' id='word_1_51' title='bbox 1651 1050 1731 1095; x_wconf 88' lang='lat' dir='ltr'><strong>est</strong></span> <span class='ocrx_word' id='word_1_52' title='bbox 1762 1051 1816 1095; x_wconf 92' lang='lat' dir='ltr'><strong>ut</strong></span> <span class='ocrx_word' id='word_1_53' title='bbox 1846 1042 1895 1095; x_wconf 91' lang='lat' dir='ltr'><strong>in</strong></span> <span class='ocrx_word' id='word_1_54' title='bbox 1927 1050 2181 1096; x_wconf 78' lang='lat' dir='ltr'><strong>:eternum</strong></span> 
     </span>
    </p>
   </div>
   <div class='ocr_carea' id='block_1_9' title="bbox 600 1128 2184 1203">
    <p class='ocr_par' dir='ltr' id='par_1_9' title="bbox 600 1128 2184 1203">
     <span class='ocr_line' id='line_1_9' title="bbox 600 1128 2184 1203; baseline 0 -14"><span class='ocrx_word' id='word_1_55' title='bbox 600 1135 842 1191; x_wconf 85' lang='lat' dir='ltr'><strong>interiret</strong></span> <span class='ocrx_word' id='word_1_56' title='bbox 872 1152 886 1188; x_wconf 91' lang='lat'>:</span> <span class='ocrx_word' id='word_1_57' title='bbox 911 1133 1129 1189; x_wconf 84' lang='lat' dir='ltr'><strong>habebit</strong></span> <span class='ocrx_word' id='word_1_58' title='bbox 1153 1133 1294 1189; x_wconf 89' lang='lat' dir='ltr'><strong>enim</strong></span> <span class='ocrx_word' id='word_1_59' title='bbox 1326 1128 1537 1203; x_wconf 83' lang='lat' dir='ltr'><strong>tempus&#39;</strong></span> <span class='ocrx_word' id='word_1_60' title='bbox 1557 1148 1709 1188; x_wconf 91' lang='lat' dir='ltr'><strong>suum</strong></span> <span class='ocrx_word' id='word_1_61' title='bbox 1737 1147 1842 1203; x_wconf 93' lang='lat' dir='ltr'><strong>quo</strong></span> <span class='ocrx_word' id='word_1_62' title='bbox 1873 1144 2112 1203; x_wconf 83' lang='lat' dir='ltr'><strong>resurgat</strong></span> <span class='ocrx_word' id='word_1_63' title='bbox 2132 1143 2184 1189; x_wconf 88' lang='lat' dir='ltr'><strong>et</strong></span> 
     </span>
    </p>
   </div>
   <div class='ocr_carea' id='block_1_10' title="bbox 599 1223 2183 1296">
    <p class='ocr_par' dir='ltr' id='par_1_10' title="bbox 599 1223 2183 1296">
     <span class='ocr_line' id='line_1_10' title="bbox 599 1223 2183 1296; baseline -0.003 -16"><span class='ocrx_word' id='word_1_64' title='bbox 599 1226 745 1296; x_wconf 87' lang='lat' dir='ltr'><strong>lpsa;</strong></span> <span class='ocrx_word' id='word_1_65' title='bbox 779 1226 902 1295; x_wconf 90' lang='lat' dir='ltr'><strong>quia</strong></span> <span class='ocrx_word' id='word_1_66' title='bbox 938 1225 1381 1281; x_wconf 81' lang='lat' dir='ltr'><strong>resurrectionem</strong></span> <span class='ocrx_word' id='word_1_67' title='bbox 1413 1224 1588 1278; x_wconf 87' lang='lat' dir='ltr'><strong>carnis</strong></span> <span class='ocrx_word' id='word_1_68' title='bbox 1608 1224 1715 1293; x_wconf 86' lang='lat' dir='ltr'><strong>jam</strong></span> <span class='ocrx_word' id='word_1_69' title='bbox 1744 1223 1976 1278; x_wconf 88' lang='lat' dir='ltr'><strong>ostendit</strong></span> <span class='ocrx_word' id='word_1_70' title='bbox 2007 1224 2183 1278; x_wconf 86' lang='lat' dir='ltr'><strong>Domi-</strong></span> 
     </span>
    </p>
   </div>
   <div class='ocr_carea' id='block_1_11' title="bbox 599 1312 2182 1386">
    <p class='ocr_par' dir='ltr' id='par_1_11' title="bbox 599 1312 2182 1386">
     <span class='ocr_line' id='line_1_11' title="bbox 599 1312 2182 1386; baseline -0.002 -16"><span class='ocrx_word' id='word_1_71' title='bbox 599 1331 698 1371; x_wconf 87' lang='lat' dir='ltr'><strong>nus</strong></span> <span class='ocrx_word' id='word_1_72' title='bbox 725 1316 778 1369; x_wconf 91' lang='lat' dir='ltr'><strong>in</strong></span> <span class='ocrx_word' id='word_1_73' title='bbox 807 1317 1003 1386; x_wconf 91' lang='lat' dir='ltr'><strong>seipso.</strong></span> <span class='ocrx_word' id='word_1_74' title='bbox 1039 1315 1163 1370; x_wconf 89' lang='lat' dir='ltr'><strong>Inde</strong></span> <span class='ocrx_word' id='word_1_75' title='bbox 1193 1313 1335 1368; x_wconf 86' lang='lat' dir='ltr'><strong>illam</strong></span> <span class='ocrx_word' id='word_1_76' title='bbox 1388 1314 1552 1367; x_wconf 87' lang='lat' dir='ltr'><strong>voluit</strong></span> <span class='ocrx_word' id='word_1_77' title='bbox 1578 1328 1606 1367; x_wconf 90' lang='lat' dir='ltr'><strong>a</strong></span> <span class='ocrx_word' id='word_1_78' title='bbox 1635 1312 1787 1368; x_wconf 91' lang='lat' dir='ltr'><strong>nobis</strong></span> <span class='ocrx_word' id='word_1_79' title='bbox 1836 1313 2097 1382; x_wconf 89' lang='lat' dir='ltr'><strong>accipere,</strong></span> <span class='ocrx_word' id='word_1_80' title='bbox 2126 1322 2182 1368; x_wconf 92' lang='lat' dir='ltr'><strong>ut</strong></span> 
     </span>
    </p>
   </div>
   <div class='ocr_carea' id='block_1_12' title="bbox 600 1403 2177 1477">
    <p class='ocr_par' dir='ltr' id='par_1_12' title="bbox 600 1403 2177 1477">
     <span class='ocr_line' id='line_1_12' title="bbox 600 1403 2177 1477; baseline -0.003 -15"><span class='ocrx_word' id='word_1_81' title='bbox 600 1407 669 1464; x_wconf 90' lang='lat' dir='ltr'><strong>de</strong></span> <span class='ocrx_word' id='word_1_82' title='bbox 712 1418 892 1463; x_wconf 88' lang='lat' dir='ltr'><strong>nostra</strong></span> <span class='ocrx_word' id='word_1_83' title='bbox 931 1420 1208 1477; x_wconf 84' lang='lat' dir='ltr'><strong>possemus</strong></span> <span class='ocrx_word' id='word_1_84' title='bbox 1255 1420 1361 1459; x_wconf 84' lang='lat' dir='ltr'><strong>non</strong></span> <span class='ocrx_word' id='word_1_85' title='bbox 1428 1403 1733 1475; x_wconf 74' lang='lat' dir='ltr'><strong>desperare.</strong></span> <span class='ocrx_word' id='word_1_86' title='bbox 1781 1404 1940 1473; x_wconf 83' lang='lat' dir='ltr'><strong>Ergo,</strong></span> <span class='ocrx_word' id='word_1_87' title='bbox 1971 1404 2177 1471; x_wconf 83' lang='lat' dir='ltr'><strong>fratres,</strong></span> 
     </span>
    </p>
   </div>
   <div class='ocr_carea' id='block_1_13' title="bbox 602 1495 2175 1566">
    <p class='ocr_par' dir='ltr' id='par_1_13' title="bbox 602 1495 2175 1566">
     <span class='ocr_line' id='line_1_13' title="bbox 602 1495 2175 1566; baseline -0.003 -12"><span class='ocrx_word' id='word_1_88' title='bbox 602 1513 727 1555; x_wconf 86' lang='lat' dir='ltr'><strong>caro</strong></span> <span class='ocrx_word' id='word_1_89' title='bbox 764 1512 1042 1554; x_wconf 87' lang='lat' dir='ltr'><strong>servorum</strong></span> <span class='ocrx_word' id='word_1_90' title='bbox 1071 1511 1228 1566; x_wconf 87' lang='lat' dir='ltr'><strong>quam</strong></span> <span class='ocrx_word' id='word_1_91' title='bbox 1257 1495 1566 1551; x_wconf 90' lang='lat' dir='ltr'><strong>occiderunt</strong></span> <span class='ocrx_word' id='word_1_92' title='bbox 1606 1496 1836 1550; x_wconf 88' lang='lat' dir='ltr'><strong>cultores</strong></span> <span class='ocrx_word' id='word_1_93' title='bbox 1874 1495 2135 1551; x_wconf 87' lang='lat' dir='ltr'><strong>idolorum</strong></span> <span class='ocrx_word' id='word_1_94' title='bbox 2162 1538 2175 1561; x_wconf 91' lang='lat'><strong>,</strong></span> 
     </span>
    </p>
   </div>
   <div class='ocr_carea' id='block_1_14' title="bbox 600 1585 2178 1659">
    <p class='ocr_par' dir='ltr' id='par_1_14' title="bbox 600 1585 2178 1659">
     <span class='ocr_line' id='line_1_14' title="bbox 600 1585 2178 1659; baseline -0.001 -15"><span class='ocrx_word' id='word_1_95' title='bbox 600 1598 837 1659; x_wconf 78' lang='lat' dir='ltr'><strong>resurget</strong></span> <span class='ocrx_word' id='word_1_96' title='bbox 870 1588 922 1642; x_wconf 88' lang='lat' dir='ltr'><strong>in</strong></span> <span class='ocrx_word' id='word_1_97' title='bbox 955 1595 1192 1657; x_wconf 90' lang='lat' dir='ltr'><strong>tempore</strong></span> <span class='ocrx_word' id='word_1_98' title='bbox 1229 1601 1329 1640; x_wconf 92' lang='lat' dir='ltr'><strong>suo</strong></span> <span class='ocrx_word' id='word_1_99' title='bbox 1357 1605 1369 1641; x_wconf 91' lang='lat'>:</span> <span class='ocrx_word' id='word_1_100' title='bbox 1400 1585 1535 1640; x_wconf 85' lang='lat' dir='ltr'><strong>idola</strong></span> <span class='ocrx_word' id='word_1_101' title='bbox 1567 1602 1684 1655; x_wconf 77' lang='lat' dir='ltr'><strong>quze</strong></span> <span class='ocrx_word' id='word_1_102' title='bbox 1713 1585 1869 1656; x_wconf 80' lang='lat' dir='ltr'><strong>fregit</strong></span> <span class='ocrx_word' id='word_1_103' title='bbox 1893 1586 2135 1642; x_wconf 86' lang='lat' dir='ltr'><strong>Christus</strong></span> <span class='ocrx_word' id='word_1_104' title='bbox 2163 1629 2178 1654; x_wconf 93' lang='lat'><strong>,</strong></span> 
     </span>
    </p>
   </div>
   <div class='ocr_carea' id='block_1_15' title="bbox 601 1675 2181 1749">
    <p class='ocr_par' dir='ltr' id='par_1_15' title="bbox 601 1675 2181 1749">
     <span class='ocr_line' id='line_1_15' title="bbox 601 1675 2181 1749; baseline -0.003 -14"><span class='ocrx_word' id='word_1_105' title='bbox 601 1695 872 1749; x_wconf 83' lang='lat' dir='ltr'><strong>nunquam</strong></span> <span class='ocrx_word' id='word_1_106' title='bbox 894 1678 1086 1733; x_wconf 88' lang='lat' dir='ltr'><strong>iterum</strong></span> <span class='ocrx_word' id='word_1_107' title='bbox 1115 1676 1269 1732; x_wconf 82' lang='lat' dir='ltr'><strong>faciet</strong></span> <span class='ocrx_word' id='word_1_108' title='bbox 1295 1675 1461 1731; x_wconf 82' lang='lat' dir='ltr'><strong>faber.</strong></span> <span class='ocrx_word' id='word_1_109' title='bbox 1495 1676 1752 1742; x_wconf 87' lang='lat' dir='ltr'><strong>Audistis,</strong></span> <span class='ocrx_word' id='word_1_110' title='bbox 1777 1691 1897 1730; x_wconf 91' lang='lat' dir='ltr'><strong>cum</strong></span> <span class='ocrx_word' id='word_1_111' title='bbox 1924 1675 2181 1732; x_wconf 85' lang='lat' dir='ltr'><strong>Jercmias</strong></span> 
     </span>
    </p>
   </div>
   <div class='ocr_carea' id='block_1_16' title="bbox 599 1766 2179 1842">
    <p class='ocr_par' dir='ltr' id='par_1_16' title="bbox 599 1766 2179 1842">
     <span class='ocr_line' id='line_1_16' title="bbox 599 1766 2179 1842; baseline -0.003 -17"><span class='ocrx_word' id='word_1_112' title='bbox 599 1771 867 1842; x_wconf 82' lang='lat' dir='ltr'><strong>legeretur</strong></span> <span class='ocrx_word' id='word_1_113' title='bbox 889 1777 1016 1823; x_wconf 86' lang='lat' dir='ltr'><strong>ante</strong></span> <span class='ocrx_word' id='word_1_114' title='bbox 1064 1768 1410 1838; x_wconf 85' lang='lat' dir='ltr'><strong>apostolicam</strong></span> <span class='ocrx_word' id='word_1_115' title='bbox 1463 1767 1765 1829; x_wconf 88' lang='lat' dir='ltr'><strong>lectionem,</strong></span> <span class='ocrx_word' id='word_1_116' title='bbox 1795 1766 1838 1821; x_wconf 91' lang='lat' dir='ltr'><strong>si</strong></span> <span class='ocrx_word' id='word_1_117' title='bbox 1874 1782 2056 1822; x_wconf 89' lang='lat' dir='ltr'><strong>aurem</strong></span> <span class='ocrx_word' id='word_1_118' title='bbox 2084 1782 2179 1837; x_wconf 83' lang='lat' dir='ltr'><strong>ap-</strong></span> 
     </span>
    </p>
   </div>
   <div class='ocr_carea' id='block_1_17' title="bbox 604 1860 2182 1935">
    <p class='ocr_par' dir='ltr' id='par_1_17' title="bbox 604 1860 2182 1935">
     <span class='ocr_line' id='line_1_17' title="bbox 604 1860 2182 1935; baseline -0.001 -18"><span class='ocrx_word' id='word_1_119' title='bbox 604 1864 888 1935; x_wconf 85' lang='lat' dir='ltr'><strong>posuistis;</strong></span> <span class='ocrx_word' id='word_1_120' title='bbox 921 1861 1127 1916; x_wconf 86' lang='lat' dir='ltr'><strong>vidistis</strong></span> <span class='ocrx_word' id='word_1_121' title='bbox 1173 1860 1244 1915; x_wconf 88' lang='lat' dir='ltr'><strong>ibi</strong></span> <span class='ocrx_word' id='word_1_122' title='bbox 1298 1870 1534 1929; x_wconf 88' lang='lat' dir='ltr'><strong>tempora</strong></span> <span class='ocrx_word' id='word_1_123' title='bbox 1580 1860 1856 1927; x_wconf 65' lang='lat' dir='ltr'><strong>prmscutia</strong></span> <span class='ocrx_word' id='word_1_124' title='bbox 1896 1876 2012 1929; x_wconf 77' lang='lat' dir='ltr'><strong>quze</strong></span> <span class='ocrx_word' id='word_1_125' title='bbox 2043 1876 2182 1915; x_wconf 90' lang='lat' dir='ltr'><strong>nunc</strong></span> 
     </span>
    </p>
   </div>
   <div class='ocr_carea' id='block_1_18' title="bbox 602 1950 2181 2025">
    <p class='ocr_par' dir='ltr' id='par_1_18' title="bbox 602 1950 2181 2025">
     <span class='ocr_line' id='line_1_18' title="bbox 602 1950 2181 2025; baseline -0.001 -16"><span class='ocrx_word' id='word_1_126' title='bbox 602 1956 825 2025; x_wconf 81' lang='lat' dir='ltr'><strong>agimus.</strong></span> <span class='ocrx_word' id='word_1_127' title='bbox 870 1954 1016 2008; x_wconf 78' lang='lat' dir='ltr'><strong>Dixit</strong></span> <span class='ocrx_word' id='word_1_128' title='bbox 1063 1954 1243 2008; x_wconf 92' lang='lat' dir='ltr'><strong>enim:</strong></span> <span class='ocrx_word' id='word_1_129' title='bbox 1280 1950 1365 2005; x_wconf 84' lang='lat' dir='ltr'><strong>Dii</strong></span> <span class='ocrx_word' id='word_1_130' title='bbox 1413 1953 1497 2020; x_wconf 87' lang='lat' dir='ltr'><strong>qui</strong></span> <span class='ocrx_word' id='word_1_131' title='bbox 1540 1953 1718 2005; x_wconf 73' lang='lat' dir='ltr'><strong>cwlum</strong></span> <span class='ocrx_word' id='word_1_132' title='bbox 1767 1962 1812 2005; x_wconf 91' lang='lat' dir='ltr'><strong>et</strong></span> <span class='ocrx_word' id='word_1_133' title='bbox 1861 1961 2039 2006; x_wconf 85' lang='lat' dir='ltr'><strong>terram</strong></span> <span class='ocrx_word' id='word_1_134' title='bbox 2083 1971 2181 2007; x_wconf 86' lang='lat' dir='ltr'><strong>non</strong></span> 
     </span>
    </p>
   </div>
   <div class='ocr_carea' id='block_1_19' title="bbox 604 2040 2177 2115">
    <p class='ocr_par' dir='ltr' id='par_1_19' title="bbox 604 2040 2177 2115">
     <span class='ocr_line' id='line_1_19' title="bbox 604 2040 2177 2115; baseline -0.001 -16"><span class='ocrx_word' id='word_1_135' title='bbox 604 2048 843 2115; x_wconf 81' lang='lat' dir='ltr'><strong>fecerunt,</strong></span> <span class='ocrx_word' id='word_1_136' title='bbox 875 2054 1076 2115; x_wconf 86' lang='lat' dir='ltr'><strong>pereant</strong></span> <span class='ocrx_word' id='word_1_137' title='bbox 1101 2044 1163 2097; x_wconf 83' lang='lat' dir='ltr'><strong>de</strong></span> <span class='ocrx_word' id='word_1_138' title='bbox 1183 2051 1314 2097; x_wconf 85' lang='lat' dir='ltr'><strong>terra</strong></span> <span class='ocrx_word' id='word_1_139' title='bbox 1331 2052 1382 2096; x_wconf 85' lang='lat' dir='ltr'><strong>et</strong></span> <span class='ocrx_word' id='word_1_140' title='bbox 1403 2041 1464 2096; x_wconf 89' lang='lat' dir='ltr'><strong>de</strong></span> <span class='ocrx_word' id='word_1_141' title='bbox 1483 2044 1574 2096; x_wconf 86' lang='lat' dir='ltr'><strong>sub</strong></span> <span class='ocrx_word' id='word_1_142' title='bbox 1596 2043 1719 2096; x_wconf 73' lang='lat' dir='ltr'><strong>caelo</strong></span> <span class='ocrx_word' id='word_1_143' title='bbox 1741 2040 1948 2113; x_wconf 84' lang='lat' dir='ltr'><strong>(Jerem.</strong></span> <span class='ocrx_word' id='word_1_144' title='bbox 1982 2059 2039 2111; x_wconf 70' lang='grc' dir='ltr'>ι,</span> <span class='ocrx_word' id='word_1_145' title='bbox 2068 2046 2089 2098; x_wconf 77' lang='grc'><strong>1</strong></span> <span class='ocrx_word' id='word_1_146' title='bbox 2110 2043 2177 2115; x_wconf 87' lang='grc' dir='ltr'><strong>ι).</strong></span> 
     </span>
    </p>
   </div>
   <div class='ocr_carea' id='block_1_20' title="bbox 603 2132 2177 2203">
    <p class='ocr_par' dir='ltr' id='par_1_20' title="bbox 603 2132 2177 2203">
     <span class='ocr_line' id='line_1_20' title="bbox 603 2132 2177 2203; baseline -0.001 -15"><span class='ocrx_word' id='word_1_147' title='bbox 603 2132 717 2189; x_wconf 82' lang='lat' dir='ltr'><strong>Non</strong></span> <span class='ocrx_word' id='word_1_148' title='bbox 735 2134 885 2199; x_wconf 77' lang='lat' dir='ltr'><strong>dixit,</strong></span> <span class='ocrx_word' id='word_1_149' title='bbox 912 2134 988 2188; x_wconf 90' lang='lat' dir='ltr'><strong>Dii</strong></span> <span class='ocrx_word' id='word_1_150' title='bbox 1011 2134 1099 2203; x_wconf 90' lang='lat' dir='ltr'><strong>qui</strong></span> <span class='ocrx_word' id='word_1_151' title='bbox 1125 2133 1317 2188; x_wconf 69' lang='lat' dir='ltr'><strong>omium</strong></span> <span class='ocrx_word' id='word_1_152' title='bbox 1342 2141 1395 2187; x_wconf 89' lang='lat' dir='ltr'><strong>et</strong></span> <span class='ocrx_word' id='word_1_153' title='bbox 1421 2141 1616 2186; x_wconf 88' lang='lat' dir='ltr'><strong>terram</strong></span> <span class='ocrx_word' id='word_1_154' title='bbox 1642 2148 1745 2186; x_wconf 91' lang='lat' dir='ltr'><strong>non</strong></span> <span class='ocrx_word' id='word_1_155' title='bbox 1779 2132 2032 2199; x_wconf 88' lang='lat' dir='ltr'><strong>fecerunt,</strong></span> <span class='ocrx_word' id='word_1_156' title='bbox 2057 2148 2177 2202; x_wconf 86' lang='lat' dir='ltr'><strong>per-</strong></span> 
     </span>
    </p>
   </div>
   <div class='ocr_carea' id='block_1_21' title="bbox 600 2222 2181 2293">
    <p class='ocr_par' dir='ltr' id='par_1_21' title="bbox 600 2222 2181 2293">
     <span class='ocr_line' id='line_1_21' title="bbox 600 2222 2181 2293; baseline -0.003 -12"><span class='ocrx_word' id='word_1_157' title='bbox 600 2234 727 2283; x_wconf 62' lang='lat' dir='ltr'><strong>eant</strong></span> <span class='ocrx_word' id='word_1_158' title='bbox 767 2224 835 2279; x_wconf 92' lang='lat' dir='ltr'><strong>de</strong></span> <span class='ocrx_word' id='word_1_159' title='bbox 882 2224 1020 2279; x_wconf 65' lang='lat' dir='ltr'><strong>caelo</strong></span> <span class='ocrx_word' id='word_1_160' title='bbox 1050 2232 1104 2278; x_wconf 92' lang='lat' dir='ltr'><strong>et</strong></span> <span class='ocrx_word' id='word_1_161' title='bbox 1149 2224 1216 2278; x_wconf 91' lang='lat' dir='ltr'><strong>de</strong></span> <span class='ocrx_word' id='word_1_162' title='bbox 1268 2231 1440 2287; x_wconf 87' lang='lat' dir='ltr'><strong>terra;</strong></span> <span class='ocrx_word' id='word_1_163' title='bbox 1487 2222 1609 2292; x_wconf 88' lang='lat' dir='ltr'><strong>quia</strong></span> <span class='ocrx_word' id='word_1_164' title='bbox 1654 2237 1923 2293; x_wconf 89' lang='lat' dir='ltr'><strong>nunquam</strong></span> <span class='ocrx_word' id='word_1_165' title='bbox 1971 2223 2181 2278; x_wconf 88' lang='lat' dir='ltr'><strong>fuerunt</strong></span> 
     </span>
    </p>
   </div>
   <div class='ocr_carea' id='block_1_22' title="bbox 604 2311 2179 2385">
    <p class='ocr_par' dir='ltr' id='par_1_22' title="bbox 604 2311 2179 2385">
     <span class='ocr_line' id='line_1_22' title="bbox 604 2311 2179 2385; baseline -0.004 -12"><span class='ocrx_word' id='word_1_166' title='bbox 604 2332 657 2373; x_wconf 89' lang='lat' dir='ltr'><strong>.n</strong></span> <span class='ocrx_word' id='word_1_167' title='bbox 705 2315 844 2373; x_wconf 65' lang='lat' dir='ltr'><strong>caelo</strong></span> <span class='ocrx_word' id='word_1_168' title='bbox 868 2334 881 2371; x_wconf 90' lang='lat'><strong>:</strong></span> <span class='ocrx_word' id='word_1_169' title='bbox 910 2314 1004 2371; x_wconf 92' lang='lat' dir='ltr'><strong>sed</strong></span> <span class='ocrx_word' id='word_1_170' title='bbox 1027 2313 1151 2385; x_wconf 89' lang='lat' dir='ltr'><strong>quid</strong></span> <span class='ocrx_word' id='word_1_171' title='bbox 1172 2312 1345 2369; x_wconf 81' lang='lat' dir='ltr'><strong>dixit?</strong></span> <span class='ocrx_word' id='word_1_172' title='bbox 1370 2311 1459 2368; x_wconf 90' lang='lat' dir='ltr'><strong>Dii</strong></span> <span class='ocrx_word' id='word_1_173' title='bbox 1477 2313 1564 2384; x_wconf 90' lang='lat' dir='ltr'><strong>qui</strong></span> <span class='ocrx_word' id='word_1_174' title='bbox 1581 2312 1759 2366; x_wconf 71' lang='lat' dir='ltr'><strong>coelum</strong></span> <span class='ocrx_word' id='word_1_175' title='bbox 1785 2322 1831 2366; x_wconf 95' lang='lat' dir='ltr'><strong>et</strong></span> <span class='ocrx_word' id='word_1_176' title='bbox 1861 2321 2045 2366; x_wconf 86' lang='lat' dir='ltr'><strong>terram</strong></span> <span class='ocrx_word' id='word_1_177' title='bbox 2081 2330 2179 2367; x_wconf 84' lang='lat' dir='ltr'><strong>non</strong></span> 
     </span>
    </p>
   </div>
   <div class='ocr_carea' id='block_1_23' title="bbox 598 2402 2174 2478">
    <p class='ocr_par' dir='ltr' id='par_1_23' title="bbox 598 2402 2174 2478">
     <span class='ocr_line' id='line_1_23' title="bbox 598 2402 2174 2478; baseline -0.004 -16"><span class='ocrx_word' id='word_1_178' title='bbox 598 2407 843 2477; x_wconf 73' lang='lat' dir='ltr'><strong>fecerunt,</strong></span> <span class='ocrx_word' id='word_1_179' title='bbox 870 2414 1071 2478; x_wconf 84' lang='lat' dir='ltr'><strong>pereant</strong></span> <span class='ocrx_word' id='word_1_180' title='bbox 1096 2406 1158 2459; x_wconf 87' lang='lat' dir='ltr'><strong>de</strong></span> <span class='ocrx_word' id='word_1_181' title='bbox 1190 2414 1342 2459; x_wconf 83' lang='lat' dir='ltr'><strong>terra.</strong></span> <span class='ocrx_word' id='word_1_182' title='bbox 1372 2404 1533 2471; x_wconf 83' lang='lat' dir='ltr'><strong>Quasi</strong></span> <span class='ocrx_word' id='word_1_183' title='bbox 1566 2403 1834 2472; x_wconf 87' lang='lat' dir='ltr'><strong>respondit</strong></span> <span class='ocrx_word' id='word_1_184' title='bbox 1861 2402 1923 2458; x_wconf 90' lang='lat' dir='ltr'><strong>ad</strong></span> <span class='ocrx_word' id='word_1_185' title='bbox 1963 2413 2174 2468; x_wconf 85' lang='lat' dir='ltr'><strong>terram,</strong></span> 
     </span>
    </p>
   </div>
   <div class='ocr_carea' id='block_1_24' title="bbox 600 2498 2177 2572">
    <p class='ocr_par' dir='ltr' id='par_1_24' title="bbox 600 2498 2177 2572">
     <span class='ocr_line' id='line_1_24' title="bbox 600 2498 2177 2572; baseline -0.003 -14"><span class='ocrx_word' id='word_1_186' title='bbox 600 2512 655 2558; x_wconf 92' lang='lat' dir='ltr'><strong>et</strong></span> <span class='ocrx_word' id='word_1_187' title='bbox 702 2502 868 2559; x_wconf 88' lang='lat' dir='ltr'><strong>defuit</strong></span> <span class='ocrx_word' id='word_1_188' title='bbox 923 2500 1063 2572; x_wconf 91' lang='lat' dir='ltr'><strong>quod</strong></span> <span class='ocrx_word' id='word_1_189' title='bbox 1111 2500 1459 2569; x_wconf 85' lang='lat' dir='ltr'><strong>responderet</strong></span> <span class='ocrx_word' id='word_1_190' title='bbox 1506 2498 1572 2553; x_wconf 89' lang='lat' dir='ltr'><strong>de</strong></span> <span class='ocrx_word' id='word_1_191' title='bbox 1618 2498 1775 2563; x_wconf 61' lang='lat' dir='ltr'><strong>coelo,</strong></span> <span class='ocrx_word' id='word_1_192' title='bbox 1806 2498 1926 2568; x_wconf 83' lang='lat' dir='ltr'><strong>quia</strong></span> <span class='ocrx_word' id='word_1_193' title='bbox 1957 2499 2029 2553; x_wconf 89' lang='lat' dir='ltr'><strong>illi</strong></span> <span class='ocrx_word' id='word_1_194' title='bbox 2073 2514 2177 2553; x_wconf 90' lang='lat' dir='ltr'><strong>non</strong></span> 
     </span>
    </p>
   </div>
   <div class='ocr_carea' id='block_1_25' title="bbox 600 2590 2177 2662">
    <p class='ocr_par' dir='ltr' id='par_1_25' title="bbox 600 2590 2177 2662">
     <span class='ocr_line' id='line_1_25' title="bbox 600 2590 2177 2662; baseline -0.001 -14"><span class='ocrx_word' id='word_1_195' title='bbox 600 2593 812 2650; x_wconf 88' lang='lat' dir='ltr'><strong>fuerunt</strong></span> <span class='ocrx_word' id='word_1_196' title='bbox 862 2595 911 2649; x_wconf 93' lang='lat' dir='ltr'><strong>in</strong></span> <span class='ocrx_word' id='word_1_197' title='bbox 939 2594 1078 2648; x_wconf 66' lang='lat' dir='ltr'><strong>curio</strong></span> <span class='ocrx_word' id='word_1_198' title='bbox 1111 2611 1124 2647; x_wconf 92' lang='lat'><strong>:</strong></span> <span class='ocrx_word' id='word_1_199' title='bbox 1159 2593 1325 2662; x_wconf 80' lang='lat' dir='ltr'><strong>ipsam</strong></span> <span class='ocrx_word' id='word_1_200' title='bbox 1359 2600 1555 2646; x_wconf 88' lang='lat' dir='ltr'><strong>terram</strong></span> <span class='ocrx_word' id='word_1_201' title='bbox 1605 2591 1686 2646; x_wconf 89' lang='lat' dir='ltr'><strong>bis</strong></span> <span class='ocrx_word' id='word_1_202' title='bbox 1729 2590 1879 2654; x_wconf 82' lang='lat' dir='ltr'><strong>dixit,</strong></span> <span class='ocrx_word' id='word_1_203' title='bbox 1912 2593 2032 2662; x_wconf 87' lang='lat' dir='ltr'><strong>quia</strong></span> <span class='ocrx_word' id='word_1_204' title='bbox 2065 2595 2177 2662; x_wconf 89' lang='lat' dir='ltr'><strong>ipsa</strong></span> 
     </span>
    </p>
   </div>
   <div class='ocr_carea' id='block_1_26' title="bbox 594 2682 2178 2751">
    <p class='ocr_par' dir='ltr' id='par_1_26' title="bbox 594 2682 2178 2751">
     <span class='ocr_line' id='line_1_26' title="bbox 594 2682 2178 2751; baseline -0.002 -9"><span class='ocrx_word' id='word_1_205' title='bbox 594 2695 680 2742; x_wconf 88' lang='lat' dir='ltr'><strong>est</strong></span> <span class='ocrx_word' id='word_1_206' title='bbox 713 2686 813 2741; x_wconf 89' lang='lat' dir='ltr'><strong>sub</strong></span> <span class='ocrx_word' id='word_1_207' title='bbox 841 2686 995 2741; x_wconf 59' lang='lat' dir='ltr'><strong>cutio.</strong></span> <span class='ocrx_word' id='word_1_208' title='bbox 1029 2684 1245 2739; x_wconf 81' lang='lat' dir='ltr'><strong>Pereunt</strong></span> <span class='ocrx_word' id='word_1_209' title='bbox 1267 2685 1329 2738; x_wconf 88' lang='lat' dir='ltr'><strong>de</strong></span> <span class='ocrx_word' id='word_1_210' title='bbox 1353 2693 1486 2738; x_wconf 91' lang='lat' dir='ltr'><strong>terra</strong></span> <span class='ocrx_word' id='word_1_211' title='bbox 1507 2693 1552 2737; x_wconf 81' lang='lat' dir='ltr'><strong>et</strong></span> <span class='ocrx_word' id='word_1_212' title='bbox 1580 2684 1643 2737; x_wconf 86' lang='lat' dir='ltr'><strong>de</strong></span> <span class='ocrx_word' id='word_1_213' title='bbox 1667 2684 1757 2737; x_wconf 84' lang='lat' dir='ltr'><strong>sub</strong></span> <span class='ocrx_word' id='word_1_214' title='bbox 1785 2682 1928 2751; x_wconf 64' lang='lat' dir='ltr'><strong>caelo,</strong></span> <span class='ocrx_word' id='word_1_215' title='bbox 1953 2684 2019 2738; x_wconf 91' lang='lat' dir='ltr'><strong>de</strong></span> <span class='ocrx_word' id='word_1_216' title='bbox 2045 2694 2178 2739; x_wconf 86' lang='lat' dir='ltr'><strong>tem-</strong></span> 
     </span>
    </p>
   </div>
   <div class='ocr_carea' id='block_1_27' title="bbox 601 2774 2176 2849">
    <p class='ocr_par' dir='ltr' id='par_1_27' title="bbox 601 2774 2176 2849">
     <span class='ocr_line' id='line_1_27' title="bbox 601 2774 2176 2849; baseline -0.001 -19"><span class='ocrx_word' id='word_1_217' title='bbox 601 2778 701 2849; x_wconf 88' lang='lat' dir='ltr'><strong>plis</strong></span> <span class='ocrx_word' id='word_1_218' title='bbox 729 2778 857 2834; x_wconf 91' lang='lat' dir='ltr'><strong>suis.</strong></span> <span class='ocrx_word' id='word_1_219' title='bbox 888 2777 1074 2832; x_wconf 63' lang='lat' dir='ltr'><strong>Videte</strong></span> <span class='ocrx_word' id='word_1_220' title='bbox 1118 2776 1161 2830; x_wconf 93' lang='lat' dir='ltr'><strong>si</strong></span> <span class='ocrx_word' id='word_1_221' title='bbox 1207 2790 1313 2831; x_wconf 95' lang='lat' dir='ltr'><strong>non</strong></span> <span class='ocrx_word' id='word_1_222' title='bbox 1361 2774 1437 2841; x_wconf 85' lang='lat' dir='ltr'><strong>lit,</strong></span> <span class='ocrx_word' id='word_1_223' title='bbox 1470 2775 1513 2829; x_wconf 88' lang='lat' dir='ltr'><strong>si</strong></span> <span class='ocrx_word' id='word_1_224' title='bbox 1546 2791 1650 2829; x_wconf 92' lang='lat' dir='ltr'><strong>non</strong></span> <span class='ocrx_word' id='word_1_225' title='bbox 1698 2790 1763 2829; x_wconf 83' lang='lat' dir='ltr'><strong>ex</strong></span> <span class='ocrx_word' id='word_1_226' title='bbox 1795 2789 1980 2844; x_wconf 83' lang='lat' dir='ltr'><strong>magna</strong></span> <span class='ocrx_word' id='word_1_227' title='bbox 2029 2786 2176 2845; x_wconf 88' lang='lat' dir='ltr'><strong>parte</strong></span> 
     </span>
    </p>
   </div>
   <div class='ocr_carea' id='block_1_28' title="bbox 592 2867 2174 2939">
    <p class='ocr_par' dir='ltr' id='par_1_28' title="bbox 592 2867 2174 2939">
     <span class='ocr_line' id='line_1_28' title="bbox 592 2867 2174 2939; baseline -0.003 -14"><span class='ocrx_word' id='word_1_228' title='bbox 592 2870 701 2939; x_wconf 85' lang='lat' dir='ltr'><strong>jam</strong></span> <span class='ocrx_word' id='word_1_229' title='bbox 732 2868 923 2924; x_wconf 90' lang='lat' dir='ltr'><strong>factum</strong></span> <span class='ocrx_word' id='word_1_230' title='bbox 964 2877 1046 2923; x_wconf 89' lang='lat' dir='ltr'><strong>est</strong></span> <span class='ocrx_word' id='word_1_231' title='bbox 1078 2886 1089 2921; x_wconf 90' lang='lat'><strong>:</strong></span> <span class='ocrx_word' id='word_1_232' title='bbox 1120 2867 1243 2937; x_wconf 90' lang='lat' dir='ltr'><strong>quid</strong></span> <span class='ocrx_word' id='word_1_233' title='bbox 1289 2867 1429 2922; x_wconf 89' lang='lat' dir='ltr'><strong>enim</strong></span> <span class='ocrx_word' id='word_1_234' title='bbox 1482 2867 1759 2933; x_wconf 86' lang='lat' dir='ltr'><strong>remansit,</strong></span> <span class='ocrx_word' id='word_1_235' title='bbox 1784 2875 1873 2919; x_wconf 89' lang='lat' dir='ltr'><strong>aut</strong></span> <span class='ocrx_word' id='word_1_236' title='bbox 1921 2876 2174 2935; x_wconf 86' lang='lat' dir='ltr'><strong>quantum</strong></span> 
     </span>
    </p>
   </div>
   <div class='ocr_carea' id='block_1_29' title="bbox 595 2957 2175 3017">
    <p class='ocr_par' dir='ltr' id='par_1_29' title="bbox 595 2957 2175 3017">
     <span class='ocr_line' id='line_1_29' title="bbox 595 2957 2175 3017; baseline -0.003 0"><span class='ocrx_word' id='word_1_237' title='bbox 595 2960 1075 3017; x_wconf 71' lang='lat' dir='ltr'><strong>remansit?Maais</strong></span> <span class='ocrx_word' id='word_1_238' title='bbox 1101 2969 1470 3014; x_wconf 89' lang='lat' dir='ltr'><strong>remanserunt</strong></span> <span class='ocrx_word' id='word_1_239' title='bbox 1520 2957 1658 3013; x_wconf 90' lang='lat' dir='ltr'><strong>idola</strong></span> <span class='ocrx_word' id='word_1_240' title='bbox 1702 2959 1752 3012; x_wconf 94' lang='lat' dir='ltr'><strong>in</strong></span> <span class='ocrx_word' id='word_1_241' title='bbox 1797 2959 2047 3013; x_wconf 85' lang='lat' dir='ltr'><strong>eordibus</strong></span> <span class='ocrx_word' id='word_1_242' title='bbox 2078 2960 2175 3014; x_wconf 70' lang='grc' dir='ltr'><strong>Ρη-</strong></span> 
     </span>
    </p>
   </div>
   <div class='ocr_carea' id='block_1_30' title="bbox 592 2976 1991 3124">
    <p class='ocr_par' dir='ltr' id='par_1_30' title="bbox 592 2976 1991 3124">
     <span class='ocr_line' id='line_1_30' title="bbox 595 2976 1991 3045; baseline -0.007 -28"><span class='ocrx_word' id='word_1_243' title='bbox 595 2976 1075 3045; x_wconf 66' lang='lat' dir='ltr'><strong>remansuz&#39;magts</strong></span> <span class='ocrx_word' id='word_1_244' title='bbox 1101 2976 1470 3014; x_wconf 86' lang='lat' dir='ltr'><strong>remanserunt</strong></span> <span class='ocrx_word' id='word_1_245' title='bbox 1520 2976 1658 3013; x_wconf 68' lang='lat' dir='ltr'><strong>tuoxa</strong></span> <span class='ocrx_word' id='word_1_246' title='bbox 1702 2976 1752 3012; x_wconf 85' lang='lat' dir='ltr'><strong>tn</strong></span> <span class='ocrx_word' id='word_1_247' title='bbox 1797 2976 1991 3013; x_wconf 65' lang='lat' dir='ltr'><strong>eorum:</strong></span> 
     </span>
     <span class='ocr_line' id='line_1_31' title="bbox 592 3049 1657 3124; baseline -0.005 -18"><span class='ocrx_word' id='word_1_248' title='bbox 592 3068 869 3124; x_wconf 79' lang='lat' dir='ltr'><strong>ganorum,</strong></span> <span class='ocrx_word' id='word_1_249' title='bbox 897 3068 1052 3123; x_wconf 89' lang='lat' dir='ltr'><strong>quam</strong></span> <span class='ocrx_word' id='word_1_250' title='bbox 1078 3051 1128 3105; x_wconf 91' lang='lat' dir='ltr'><strong>iu</strong></span> <span class='ocrx_word' id='word_1_251' title='bbox 1160 3049 1290 3117; x_wconf 79' lang='lat' dir='ltr'><strong>locis</strong></span> <span class='ocrx_word' id='word_1_252' title='bbox 1320 3058 1462 3119; x_wconf 85' lang='lat' dir='ltr'><strong>temp</strong></span> <span class='ocrx_word' id='word_1_253' title='bbox 1486 3065 1657 3102; x_wconf 88' lang='lat' dir='ltr'><strong>orum.</strong></span> 
     </span>
    </p>
   </div>
   <div class='ocr_carea' id='block_1_31' title="bbox 663 3132 2175 3215">
    <p class='ocr_par' dir='ltr' id='par_1_31' title="bbox 663 3132 2175 3215">
     <span class='ocr_line' id='line_1_32' title="bbox 663 3132 2175 3215; baseline -0.003 -15"><span class='ocrx_word' id='word_1_254' title='bbox 663 3132 715 3201; x_wconf 53' lang='grc' dir='ltr'><strong>ὅ.</strong></span> <span class='ocrx_word' id='word_1_255' title='bbox 740 3143 900 3215; x_wconf 79' lang='lat' dir='ltr'><strong>Ergo,</strong></span> <span class='ocrx_word' id='word_1_256' title='bbox 930 3132 1222 3197; x_wconf 63' lang='grc' dir='ltr'><strong>Ῑὶοηιίηιιῖ</strong></span> <span class='ocrx_word' id='word_1_257' title='bbox 1236 3142 1480 3214; x_wconf 76' lang='lat' dir='ltr'><strong>regnavit,</strong></span> <span class='ocrx_word' id='word_1_258' title='bbox 1518 3143 1801 3195; x_wconf 83' lang='lat' dir='ltr'><strong>irascantur</strong></span> <span class='ocrx_word' id='word_1_259' title='bbox 1833 3143 2027 3213; x_wconf 81' lang='lat' dir='ltr'><strong>populi.</strong></span> <span class='ocrx_word' id='word_1_260' title='bbox 2078 3142 2175 3207; x_wconf 86' lang='lat' dir='ltr'><strong>Qui</strong></span> 
     </span>
    </p>
   </div>
   <div class='ocr_carea' id='block_1_32' title="bbox 590 3232 2174 3305">
    <p class='ocr_par' dir='ltr' id='par_1_32' title="bbox 590 3232 2174 3305">
     <span class='ocr_line' id='line_1_33' title="bbox 590 3232 2174 3305; baseline -0.003 -15"><span class='ocrx_word' id='word_1_261' title='bbox 590 3236 727 3291; x_wconf 77' lang='lat' dir='ltr'><strong>sedet</strong></span> <span class='ocrx_word' id='word_1_262' title='bbox 776 3253 928 3305; x_wconf 83' lang='lat' dir='ltr'><strong>super</strong></span> <span class='ocrx_word' id='word_1_263' title='bbox 978 3234 1244 3289; x_wconf 87' lang='lat' dir='ltr'><strong>Cherubim</strong></span> <span class='ocrx_word' id='word_1_264' title='bbox 1276 3249 1294 3287; x_wconf 90' lang='lat'><strong><em>:</em></strong></span> <span class='ocrx_word' id='word_1_265' title='bbox 1323 3232 1595 3294; x_wconf 88' lang='lat' dir='ltr'><strong>subaudis,</strong></span> <span class='ocrx_word' id='word_1_266' title='bbox 1645 3233 1891 3300; x_wconf 74' lang='lat' dir='ltr'><strong>regnarit.</strong></span> <span class='ocrx_word' id='word_1_267' title='bbox 1942 3232 2174 3286; x_wconf 81' lang='lat' dir='ltr'><strong>Comum-</strong></span> 
     </span>
    </p>
   </div>
   <div class='ocr_carea' id='block_1_33' title="bbox 590 3322 2171 3393">
    <p class='ocr_par' dir='ltr' id='par_1_33' title="bbox 590 3322 2171 3393">
     <span class='ocr_line' id='line_1_34' title="bbox 590 3322 2171 3393; baseline -0.003 -12"><span class='ocrx_word' id='word_1_268' title='bbox 590 3338 761 3382; x_wconf 84' lang='lat' dir='ltr'><strong>ueatur</strong></span> <span class='ocrx_word' id='word_1_269' title='bbox 803 3336 955 3381; x_wconf 87' lang='lat' dir='ltr'><strong>terra.</strong></span> <span class='ocrx_word' id='word_1_270' title='bbox 994 3326 1187 3380; x_wconf 84' lang='lat' dir='ltr'><strong>iterum</strong></span> <span class='ocrx_word' id='word_1_271' title='bbox 1236 3324 1388 3388; x_wconf 85' lang='lat' dir='ltr'><strong>dixit,</strong></span> <span class='ocrx_word' id='word_1_272' title='bbox 1434 3323 1738 3376; x_wconf 77' lang='lat' dir='ltr'><strong>Irascuntur</strong></span> <span class='ocrx_word' id='word_1_273' title='bbox 1782 3322 1978 3393; x_wconf 85' lang='lat' dir='ltr'><strong>populi.</strong></span> <span class='ocrx_word' id='word_1_274' title='bbox 2022 3323 2171 3391; x_wconf 88' lang='lat' dir='ltr'><strong>Quod</strong></span> 
     </span>
    </p>
   </div>
   <div class='ocr_carea' id='block_1_34' title="bbox 589 3414 2173 3484">
    <p class='ocr_par' dir='ltr' id='par_1_34' title="bbox 589 3414 2173 3484">
     <span class='ocr_line' id='line_1_35' title="bbox 589 3414 2173 3484; baseline -0.004 -11"><span class='ocrx_word' id='word_1_275' title='bbox 589 3418 729 3473; x_wconf 86' lang='lat' dir='ltr'><strong>enim</strong></span> <span class='ocrx_word' id='word_1_276' title='bbox 774 3416 926 3483; x_wconf 79' lang='lat' dir='ltr'><strong>dixit,</strong></span> <span class='ocrx_word' id='word_1_277' title='bbox 964 3416 1204 3470; x_wconf 85' lang='lat' dir='ltr'><strong>Dominus</strong></span> <span class='ocrx_word' id='word_1_278' title='bbox 1228 3415 1368 3479; x_wconf 90' lang='lat' dir='ltr'><strong>;hoc</strong></span> <span class='ocrx_word' id='word_1_279' title='bbox 1396 3415 1663 3484; x_wconf 82' lang='lat' dir='ltr'><strong>repetivit,</strong></span> <span class='ocrx_word' id='word_1_280' title='bbox 1695 3414 1795 3480; x_wconf 86' lang='lat' dir='ltr'><strong>Qui</strong></span> <span class='ocrx_word' id='word_1_281' title='bbox 1840 3414 1975 3468; x_wconf 82' lang='lat' dir='ltr'><strong>sedet</strong></span> <span class='ocrx_word' id='word_1_282' title='bbox 2022 3431 2173 3484; x_wconf 84' lang='lat' dir='ltr'><strong>super</strong></span> 
     </span>
    </p>
   </div>
   <div class='ocr_carea' id='block_1_35' title="bbox 589 3504 2169 3578">
    <p class='ocr_par' dir='ltr' id='par_1_35' title="bbox 589 3504 2169 3578">
     <span class='ocr_line' id='line_1_36' title="bbox 589 3504 2169 3578; baseline -0.003 -14"><span class='ocrx_word' id='word_1_283' title='bbox 589 3509 858 3565; x_wconf 85' lang='lat' dir='ltr'><strong>Cherubim</strong></span> <span class='ocrx_word' id='word_1_284' title='bbox 886 3525 903 3563; x_wconf 89' lang='lat'><strong><em>:</em></strong></span> <span class='ocrx_word' id='word_1_285' title='bbox 932 3515 985 3562; x_wconf 88' lang='lat' dir='ltr'><strong>et</strong></span> <span class='ocrx_word' id='word_1_286' title='bbox 1007 3508 1143 3578; x_wconf 88' lang='lat' dir='ltr'><strong>quod</strong></span> <span class='ocrx_word' id='word_1_287' title='bbox 1181 3507 1347 3571; x_wconf 80' lang='lat' dir='ltr'><strong>dixit,</strong></span> <span class='ocrx_word' id='word_1_288' title='bbox 1381 3506 1626 3575; x_wconf 84' lang='lat' dir='ltr'><strong>regnauit,</strong></span> <span class='ocrx_word' id='word_1_289' title='bbox 1650 3505 1922 3559; x_wconf 89' lang='lat' dir='ltr'><strong>subaudiri</strong></span> <span class='ocrx_word' id='word_1_290' title='bbox 1958 3504 2076 3560; x_wconf 88' lang='lat' dir='ltr'><strong>fecit</strong></span> <span class='ocrx_word' id='word_1_291' title='bbox 2119 3507 2169 3560; x_wconf 93' lang='lat' dir='ltr'><strong>in</strong></span> 
     </span>
    </p>
   </div>
   <div class='ocr_carea' id='block_1_36' title="bbox 588 3596 2167 3670">
    <p class='ocr_par' dir='ltr' id='par_1_36' title="bbox 588 3596 2167 3670">
     <span class='ocr_line' id='line_1_37' title="bbox 588 3596 2167 3670; baseline -0.003 -14"><span class='ocrx_word' id='word_1_292' title='bbox 588 3604 693 3656; x_wconf 85' lang='lat' dir='ltr'><strong>alio</strong></span> <span class='ocrx_word' id='word_1_293' title='bbox 721 3616 880 3656; x_wconf 88' lang='lat' dir='ltr'><strong>versu</strong></span> <span class='ocrx_word' id='word_1_294' title='bbox 914 3618 926 3653; x_wconf 92' lang='lat'><strong>:</strong></span> <span class='ocrx_word' id='word_1_295' title='bbox 959 3611 1012 3655; x_wconf 91' lang='lat' dir='ltr'><strong>et</strong></span> <span class='ocrx_word' id='word_1_296' title='bbox 1038 3598 1177 3670; x_wconf 87' lang='lat' dir='ltr'><strong>quod</strong></span> <span class='ocrx_word' id='word_1_297' title='bbox 1200 3599 1293 3664; x_wconf 89' lang='lat' dir='ltr'><strong>ait,</strong></span> <span class='ocrx_word' id='word_1_298' title='bbox 1322 3596 1617 3651; x_wconf 81' lang='lat' dir='ltr'><strong>Irascuntur</strong></span> <span class='ocrx_word' id='word_1_299' title='bbox 1644 3598 1861 3668; x_wconf 83' lang='lat' dir='ltr'><strong>populi;</strong></span> <span class='ocrx_word' id='word_1_300' title='bbox 1891 3598 1991 3652; x_wconf 88' lang='lat' dir='ltr'><strong>hoc</strong></span> <span class='ocrx_word' id='word_1_301' title='bbox 2016 3598 2167 3666; x_wconf 81' lang='lat' dir='ltr'><strong>dixit,</strong></span> 
     </span>
    </p>
   </div>
   <div class='ocr_carea' id='block_1_37' title="bbox 589 3688 2173 3758">
    <p class='ocr_par' dir='ltr' id='par_1_37' title="bbox 589 3688 2173 3758">
     <span class='ocr_line' id='line_1_38' title="bbox 589 3688 2173 3758; baseline -0.005 -8"><span class='ocrx_word' id='word_1_302' title='bbox 589 3694 971 3750; x_wconf 77' lang='lat' dir='ltr'><strong>Commoveatur</strong></span> <span class='ocrx_word' id='word_1_303' title='bbox 996 3701 1146 3745; x_wconf 87' lang='lat' dir='ltr'><strong>terra.</strong></span> <span class='ocrx_word' id='word_1_304' title='bbox 1170 3690 1305 3758; x_wconf 86' lang='lat' dir='ltr'><strong>Quid</strong></span> <span class='ocrx_word' id='word_1_305' title='bbox 1332 3697 1453 3744; x_wconf 89' lang='lat' dir='ltr'><strong>sunt</strong></span> <span class='ocrx_word' id='word_1_306' title='bbox 1479 3690 1620 3742; x_wconf 89' lang='lat' dir='ltr'><strong>enim</strong></span> <span class='ocrx_word' id='word_1_307' title='bbox 1654 3688 1850 3758; x_wconf 88' lang='lat' dir='ltr'><strong>populi,</strong></span> <span class='ocrx_word' id='word_1_308' title='bbox 1876 3688 1977 3742; x_wconf 91' lang='lat' dir='ltr'><strong>nisi</strong></span> <span class='ocrx_word' id='word_1_309' title='bbox 2006 3689 2173 3743; x_wconf 83' lang='lat' dir='ltr'><strong>terra?</strong></span> 
     </span>
    </p>
   </div>
   <div class='ocr_carea' id='block_1_38' title="bbox 598 3779 2167 3855">
    <p class='ocr_par' dir='ltr' id='par_1_38' title="bbox 598 3779 2167 3855">
     <span class='ocr_line' id='line_1_39' title="bbox 598 3779 2167 3855; baseline -0.004 -14"><span class='ocrx_word' id='word_1_310' title='bbox 598 3787 864 3855; x_wconf 77' lang='lat' dir='ltr'><strong>Quantum</strong></span> <span class='ocrx_word' id='word_1_311' title='bbox 914 3793 1089 3855; x_wconf 87' lang='lat' dir='ltr'><strong>potest</strong></span> <span class='ocrx_word' id='word_1_312' title='bbox 1131 3782 1389 3837; x_wconf 84' lang='lat' dir='ltr'><strong>irascatur</strong></span> <span class='ocrx_word' id='word_1_313' title='bbox 1419 3794 1557 3834; x_wconf 88' lang='lat' dir='ltr'><strong>terra</strong></span> <span class='ocrx_word' id='word_1_314' title='bbox 1583 3781 1629 3835; x_wconf 91' lang='lat' dir='ltr'><strong>ei</strong></span> <span class='ocrx_word' id='word_1_315' title='bbox 1660 3780 1749 3849; x_wconf 87' lang='lat' dir='ltr'><strong>qui</strong></span> <span class='ocrx_word' id='word_1_316' title='bbox 1792 3780 1903 3849; x_wconf 85' lang='lat' dir='ltr'><strong>jam</strong></span> <span class='ocrx_word' id='word_1_317' title='bbox 1944 3779 2093 3834; x_wconf 86' lang='lat' dir='ltr'><strong>sedet</strong></span> <span class='ocrx_word' id='word_1_318' title='bbox 2118 3780 2167 3834; x_wconf 93' lang='lat' dir='ltr'><strong>in</strong></span> 
     </span>
    </p>
   </div>
   <div class='ocr_carea' id='block_1_39' title="bbox 521 3872 2171 3939">
    <p class='ocr_par' dir='ltr' id='par_1_39' title="bbox 521 3872 2171 3939">
     <span class='ocr_line' id='line_1_40' title="bbox 521 3872 2171 3939; baseline -0.008 -3"><span class='ocrx_word' id='word_1_319' title='bbox 521 3914 538 3925; x_wconf 70' lang='grc' dir='ltr'><strong>ι</strong></span> <span class='ocrx_word' id='word_1_320' title='bbox 587 3878 748 3935; x_wconf 75' lang='grc' dir='ltr'><strong>εωιο.</strong></span> <span class='ocrx_word' id='word_1_321' title='bbox 789 3876 913 3935; x_wconf 88' lang='lat' dir='ltr'><strong>Fuit</strong></span> <span class='ocrx_word' id='word_1_322' title='bbox 954 3876 1094 3931; x_wconf 90' lang='lat' dir='ltr'><strong>enim</strong></span> <span class='ocrx_word' id='word_1_323' title='bbox 1122 3874 1378 3929; x_wconf 87' lang='lat' dir='ltr'><strong>Dominus</strong></span> <span class='ocrx_word' id='word_1_324' title='bbox 1425 3881 1478 3927; x_wconf 92' lang='lat' dir='ltr'><strong>et</strong></span> <span class='ocrx_word' id='word_1_325' title='bbox 1514 3872 1568 3926; x_wconf 89' lang='lat' dir='ltr'><strong>in</strong></span> <span class='ocrx_word' id='word_1_326' title='bbox 1600 3879 1758 3937; x_wconf 86' lang='lat' dir='ltr'><strong>terra,</strong></span> <span class='ocrx_word' id='word_1_327' title='bbox 1789 3880 1843 3926; x_wconf 87' lang='lat' dir='ltr'><strong>et</strong></span> <span class='ocrx_word' id='word_1_328' title='bbox 1883 3872 2171 3939; x_wconf 85' lang='lat' dir='ltr'><strong>assumpsit</strong></span> 
     </span>
    </p>
   </div>
   <div class='ocr_carea' id='block_1_40' title="bbox 584 3963 2168 4037">
    <p class='ocr_par' dir='ltr' id='par_1_40' title="bbox 584 3963 2168 4037">
     <span class='ocr_line' id='line_1_41' title="bbox 584 3963 2168 4037; baseline -0.005 -12"><span class='ocrx_word' id='word_1_329' title='bbox 584 3980 779 4025; x_wconf 82' lang='lat' dir='ltr'><strong>terram</strong></span> <span class='ocrx_word' id='word_1_330' title='bbox 812 3969 992 4037; x_wconf 87' lang='lat' dir='ltr'><strong>inqua</strong></span> <span class='ocrx_word' id='word_1_331' title='bbox 1031 3975 1174 4023; x_wconf 87' lang='lat' dir='ltr'><strong>esset</strong></span> <span class='ocrx_word' id='word_1_332' title='bbox 1221 3966 1273 4019; x_wconf 93' lang='lat' dir='ltr'><strong>in</strong></span> <span class='ocrx_word' id='word_1_333' title='bbox 1321 3972 1478 4019; x_wconf 90' lang='lat' dir='ltr'><strong>terra.</strong></span> <span class='ocrx_word' id='word_1_334' title='bbox 1524 3963 1699 4017; x_wconf 84' lang='lat' dir='ltr'><strong>Induit</strong></span> <span class='ocrx_word' id='word_1_335' title='bbox 1746 3979 1806 4019; x_wconf 91' lang='lat' dir='ltr'><strong>se</strong></span> <span class='ocrx_word' id='word_1_336' title='bbox 1844 3978 2081 4027; x_wconf 91' lang='lat' dir='ltr'><strong>carnem,</strong></span> <span class='ocrx_word' id='word_1_337' title='bbox 2115 3972 2168 4018; x_wconf 89' lang='lat' dir='ltr'><strong>et</strong></span> 
     </span>
    </p>
   </div>
   <div class='ocr_carea' id='block_1_41' title="bbox 589 4054 2170 4134">
    <p class='ocr_par' dir='ltr' id='par_1_41' title="bbox 589 4054 2170 4134">
     <span class='ocr_line' id='line_1_42' title="bbox 589 4054 2170 4134; baseline -0.006 -16"><span class='ocrx_word' id='word_1_338' title='bbox 589 4065 735 4134; x_wconf 84' lang='lat' dir='ltr'><strong>prior</strong></span> <span class='ocrx_word' id='word_1_339' title='bbox 764 4061 928 4115; x_wconf 89' lang='lat' dir='ltr'><strong>voluit</strong></span> <span class='ocrx_word' id='word_1_340' title='bbox 968 4060 1075 4130; x_wconf 87' lang='lat' dir='ltr'><strong>pati</strong></span> <span class='ocrx_word' id='word_1_341' title='bbox 1127 4058 1420 4113; x_wconf 88' lang='lat' dir='ltr'><strong>irascentes</strong></span> <span class='ocrx_word' id='word_1_342' title='bbox 1469 4057 1712 4126; x_wconf 88' lang='lat' dir='ltr'><strong>populos.</strong></span> <span class='ocrx_word' id='word_1_343' title='bbox 1738 4054 1817 4111; x_wconf 87' lang='lat' dir='ltr'><strong>Ne</strong></span> <span class='ocrx_word' id='word_1_344' title='bbox 1839 4056 1969 4110; x_wconf 91' lang='lat' dir='ltr'><strong>iram</strong></span> <span class='ocrx_word' id='word_1_345' title='bbox 2003 4070 2170 4125; x_wconf 90' lang='lat' dir='ltr'><strong>popu-</strong></span> 
     </span>
    </p>
   </div>
   <div class='ocr_carea' id='block_1_42' title="bbox 586 4148 2169 4221">
    <p class='ocr_par' dir='ltr' id='par_1_42' title="bbox 586 4148 2169 4221">
     <span class='ocr_line' id='line_1_43' title="bbox 586 4148 2169 4221; baseline -0.006 -9"><span class='ocrx_word' id='word_1_346' title='bbox 586 4158 759 4211; x_wconf 90' lang='lat' dir='ltr'><strong>lorum</strong></span> <span class='ocrx_word' id='word_1_347' title='bbox 788 4154 1037 4209; x_wconf 90' lang='lat' dir='ltr'><strong>timerent</strong></span> <span class='ocrx_word' id='word_1_348' title='bbox 1056 4152 1195 4207; x_wconf 87' lang='lat' dir='ltr'><strong>servi</strong></span> <span class='ocrx_word' id='word_1_349' title='bbox 1224 4151 1359 4221; x_wconf 85' lang='lat' dir='ltr'><strong>ejus,</strong></span> <span class='ocrx_word' id='word_1_350' title='bbox 1385 4150 1529 4221; x_wconf 88' lang='lat' dir='ltr'><strong>prior</strong></span> <span class='ocrx_word' id='word_1_351' title='bbox 1555 4149 1695 4203; x_wconf 89' lang='lat' dir='ltr'><strong>illam</strong></span> <span class='ocrx_word' id='word_1_352' title='bbox 1730 4149 1835 4218; x_wconf 91' lang='lat' dir='ltr'><strong>pati</strong></span> <span class='ocrx_word' id='word_1_353' title='bbox 1883 4148 2050 4203; x_wconf 86' lang='lat' dir='ltr'><strong>voluit</strong></span> <span class='ocrx_word' id='word_1_354' title='bbox 2078 4167 2090 4201; x_wconf 88' lang='lat'><strong>:</strong></span> <span class='ocrx_word' id='word_1_355' title='bbox 2115 4157 2169 4203; x_wconf 85' lang='lat' dir='ltr'><strong>et</strong></span> 
     </span>
    </p>
   </div>
   <div class='ocr_carea' id='block_1_43' title="bbox 585 4238 2166 4318">
    <p class='ocr_par' dir='ltr' id='par_1_43' title="bbox 585 4238 2166 4318">
     <span class='ocr_line' id='line_1_44' title="bbox 585 4238 2166 4318; baseline -0.007 -15"><span class='ocrx_word' id='word_1_356' title='bbox 585 4248 707 4318; x_wconf 85' lang='lat' dir='ltr'><strong>quia</strong></span> <span class='ocrx_word' id='word_1_357' title='bbox 731 4244 1033 4301; x_wconf 87' lang='lat' dir='ltr'><strong>necessaria</strong></span> <span class='ocrx_word' id='word_1_358' title='bbox 1057 4251 1171 4298; x_wconf 90' lang='lat' dir='ltr'><strong>erat</strong></span> <span class='ocrx_word' id='word_1_359' title='bbox 1210 4242 1287 4296; x_wconf 90' lang='lat' dir='ltr'><strong>ira</strong></span> <span class='ocrx_word' id='word_1_360' title='bbox 1332 4241 1650 4311; x_wconf 84' lang='lat' dir='ltr'><strong>populorum</strong></span> <span class='ocrx_word' id='word_1_361' title='bbox 1694 4239 1865 4294; x_wconf 86' lang='lat' dir='ltr'><strong>servis</strong></span> <span class='ocrx_word' id='word_1_362' title='bbox 1891 4238 2027 4308; x_wconf 88' lang='lat' dir='ltr'><strong>ejus,</strong></span> <span class='ocrx_word' id='word_1_363' title='bbox 2058 4249 2166 4293; x_wconf 85' lang='lat' dir='ltr'><strong>uta</strong></span> 
     </span>
    </p>
   </div>
   <div class='ocr_carea' id='block_1_44' title="bbox 596 4328 2169 4408">
    <p class='ocr_par' dir='ltr' id='par_1_44' title="bbox 596 4328 2169 4408">
     <span class='ocr_line' id='line_1_45' title="bbox 596 4328 2169 4408; baseline -0.005 -17"><span class='ocrx_word' id='word_1_364' title='bbox 596 4338 829 4408; x_wconf 75' lang='lat' dir='ltr'><strong>peccatis</strong></span> <span class='ocrx_word' id='word_1_365' title='bbox 879 4335 990 4391; x_wconf 87' lang='lat' dir='ltr'><strong>suis</strong></span> <span class='ocrx_word' id='word_1_366' title='bbox 1034 4332 1282 4388; x_wconf 88' lang='lat' dir='ltr'><strong>omnibus</strong></span> <span class='ocrx_word' id='word_1_367' title='bbox 1311 4347 1403 4401; x_wconf 92' lang='lat' dir='ltr'><strong>per</strong></span> <span class='ocrx_word' id='word_1_368' title='bbox 1428 4332 1570 4401; x_wconf 89' lang='lat' dir='ltr'><strong>ipsas</strong></span> <span class='ocrx_word' id='word_1_369' title='bbox 1601 4328 1968 4385; x_wconf 89' lang='lat' dir='ltr'><strong>tribulationes</strong></span> <span class='ocrx_word' id='word_1_370' title='bbox 2015 4345 2169 4384; x_wconf 90' lang='lat' dir='ltr'><strong>cura-</strong></span> 
     </span>
    </p>
   </div>
   <div class='ocr_carea' id='block_1_45' title="bbox 588 4423 2167 4495">
    <p class='ocr_par' dir='ltr' id='par_1_45' title="bbox 588 4423 2167 4495">
     <span class='ocr_line' id='line_1_46' title="bbox 588 4423 2167 4495; baseline -0.006 -10"><span class='ocrx_word' id='word_1_371' title='bbox 588 4442 790 4495; x_wconf 86' lang='lat' dir='ltr'><strong>rentur,</strong></span> <span class='ocrx_word' id='word_1_372' title='bbox 815 4439 869 4483; x_wconf 90' lang='lat' dir='ltr'><strong>et</strong></span> <span class='ocrx_word' id='word_1_373' title='bbox 892 4435 1239 4490; x_wconf 87' lang='lat' dir='ltr'><strong>sanarentur;</strong></span> <span class='ocrx_word' id='word_1_374' title='bbox 1268 4439 1505 4478; x_wconf 90' lang='lat' dir='ltr'><strong>amarum</strong></span> <span class='ocrx_word' id='word_1_375' title='bbox 1529 4423 1777 4493; x_wconf 90' lang='lat' dir='ltr'><strong>poculum</strong></span> <span class='ocrx_word' id='word_1_376' title='bbox 1819 4423 1963 4493; x_wconf 87' lang='lat' dir='ltr'><strong>prior</strong></span> <span class='ocrx_word' id='word_1_377' title='bbox 2003 4423 2167 4477; x_wconf 87' lang='lat' dir='ltr'><strong>medi-</strong></span> 
     </span>
    </p>
   </div>
   <div class='ocr_carea' id='block_1_46' title="bbox 583 4512 2167 4586">
    <p class='ocr_par' dir='ltr' id='par_1_46' title="bbox 583 4512 2167 4586">
     <span class='ocr_line' id='line_1_47' title="bbox 583 4512 2167 4586; baseline -0.006 -9"><span class='ocrx_word' id='word_1_378' title='bbox 583 4538 677 4579; x_wconf 79' lang='lat' dir='ltr'><strong>cus</strong></span> <span class='ocrx_word' id='word_1_379' title='bbox 702 4522 853 4586; x_wconf 90' lang='lat' dir='ltr'><strong>bibit,</strong></span> <span class='ocrx_word' id='word_1_380' title='bbox 883 4536 949 4575; x_wconf 91' lang='lat' dir='ltr'><strong>ne</strong></span> <span class='ocrx_word' id='word_1_381' title='bbox 978 4519 1162 4574; x_wconf 85' lang='lat' dir='ltr'><strong>bibere</strong></span> <span class='ocrx_word' id='word_1_382' title='bbox 1194 4516 1402 4571; x_wconf 89' lang='lat' dir='ltr'><strong>timeret</strong></span> <span class='ocrx_word' id='word_1_383' title='bbox 1446 4522 1696 4585; x_wconf 68' lang='lat' dir='ltr'><strong>tegrotus.</strong></span> <span class='ocrx_word' id='word_1_384' title='bbox 1727 4513 1887 4584; x_wconf 86' lang='lat' dir='ltr'><strong>Ergo,</strong></span> <span class='ocrx_word' id='word_1_385' title='bbox 1924 4512 2167 4567; x_wconf 82' lang='lat' dir='ltr'><strong>Dominus</strong></span> 
     </span>
    </p>
   </div>
   <div class='ocr_carea' id='block_1_47' title="bbox 585 4605 2165 4686">
    <p class='ocr_par' dir='ltr' id='par_1_47' title="bbox 585 4605 2165 4686">
     <span class='ocr_line' id='line_1_48' title="bbox 585 4605 2165 4686; baseline -0.006 -18"><span class='ocrx_word' id='word_1_386' title='bbox 585 4614 829 4686; x_wconf 65' lang='lat' dir='ltr'><strong>regnavit,</strong></span> <span class='ocrx_word' id='word_1_387' title='bbox 856 4614 1142 4668; x_wconf 84' lang='lat' dir='ltr'><strong>irascantur</strong></span> <span class='ocrx_word' id='word_1_388' title='bbox 1185 4606 1730 4679; x_wconf 85' lang='lat' dir='ltr'><strong>paputi:irascantur</strong></span> <span class='ocrx_word' id='word_1_389' title='bbox 1781 4605 1994 4675; x_wconf 87' lang='lat' dir='ltr'><strong>populi,</strong></span> <span class='ocrx_word' id='word_1_390' title='bbox 2045 4605 2165 4675; x_wconf 89' lang='lat' dir='ltr'><strong>quia</strong></span> 
     </span>
    </p>
   </div>
   <div class='ocr_carea' id='block_1_48' title="bbox 585 4694 2162 4773">
    <p class='ocr_par' dir='ltr' id='par_1_48' title="bbox 585 4694 2162 4773">
     <span class='ocr_line' id='line_1_49' title="bbox 585 4694 2162 4773; baseline -0.008 -13"><span class='ocrx_word' id='word_1_391' title='bbox 585 4706 650 4760; x_wconf 84' lang='lat' dir='ltr'><strong>de</strong></span> <span class='ocrx_word' id='word_1_392' title='bbox 675 4705 749 4759; x_wconf 88' lang='lat' dir='ltr'><strong>ira</strong></span> <span class='ocrx_word' id='word_1_393' title='bbox 775 4705 1009 4773; x_wconf 88' lang='lat' dir='ltr'><strong>ipsorum</strong></span> <span class='ocrx_word' id='word_1_394' title='bbox 1038 4700 1204 4754; x_wconf 87' lang='lat' dir='ltr'><strong>multa</strong></span> <span class='ocrx_word' id='word_1_395' title='bbox 1234 4698 1372 4753; x_wconf 88' lang='lat' dir='ltr'><strong>bona</strong></span> <span class='ocrx_word' id='word_1_396' title='bbox 1400 4695 1523 4750; x_wconf 82' lang='lat' dir='ltr'><strong>facit</strong></span> <span class='ocrx_word' id='word_1_397' title='bbox 1563 4695 1721 4751; x_wconf 90' lang='lat' dir='ltr'><strong>Deus.</strong></span> <span class='ocrx_word' id='word_1_398' title='bbox 1750 4694 1824 4748; x_wconf 91' lang='lat' dir='ltr'><strong>llli</strong></span> <span class='ocrx_word' id='word_1_399' title='bbox 1847 4695 2162 4760; x_wconf 73' lang='lat' dir='ltr'><strong>irascuntur,</strong></span> 
     </span>
    </p>
   </div>
   <div class='ocr_carea' id='block_1_49' title="bbox 582 4787 2162 4861">
    <p class='ocr_par' dir='ltr' id='par_1_49' title="bbox 582 4787 2162 4861">
     <span class='ocr_line' id='line_1_50' title="bbox 582 4787 2162 4861; baseline -0.006 -12"><span class='ocrx_word' id='word_1_400' title='bbox 582 4807 635 4849; x_wconf 87' lang='lat' dir='ltr'><strong>et</strong></span> <span class='ocrx_word' id='word_1_401' title='bbox 662 4793 803 4849; x_wconf 90' lang='lat' dir='ltr'><strong>servi</strong></span> <span class='ocrx_word' id='word_1_402' title='bbox 833 4791 925 4847; x_wconf 89' lang='lat' dir='ltr'><strong>Dei</strong></span> <span class='ocrx_word' id='word_1_403' title='bbox 951 4797 1267 4861; x_wconf 88' lang='lat' dir='ltr'><strong>purgantur;</strong></span> <span class='ocrx_word' id='word_1_404' title='bbox 1301 4787 1419 4857; x_wconf 89' lang='lat' dir='ltr'><strong>quia</strong></span> <span class='ocrx_word' id='word_1_405' title='bbox 1450 4794 1788 4847; x_wconf 85' lang='lat' dir='ltr'><strong>exercentur,</strong></span> <span class='ocrx_word' id='word_1_406' title='bbox 1823 4795 2162 4840; x_wconf 75' lang='lat' dir='ltr'><strong>coronantur.</strong></span> 
     </span>
    </p>
   </div>
   <div class='ocr_carea' id='block_1_50' title="bbox 583 4875 2162 4954">
    <p class='ocr_par' dir='ltr' id='par_1_50' title="bbox 583 4875 2162 4954">
     <span class='ocr_line' id='line_1_51' title="bbox 583 4875 2162 4954; baseline -0.006 -16"><span class='ocrx_word' id='word_1_407' title='bbox 583 4885 879 4943; x_wconf 77' lang='lat' dir='ltr'><strong>Irascuntur</strong></span> <span class='ocrx_word' id='word_1_408' title='bbox 911 4881 1108 4954; x_wconf 86' lang='lat' dir='ltr'><strong>populi.</strong></span> <span class='ocrx_word' id='word_1_409' title='bbox 1139 4879 1237 4945; x_wconf 86' lang='lat' dir='ltr'><strong>Qui</strong></span> <span class='ocrx_word' id='word_1_410' title='bbox 1262 4878 1397 4931; x_wconf 85' lang='lat' dir='ltr'><strong>sedet</strong></span> <span class='ocrx_word' id='word_1_411' title='bbox 1421 4893 1573 4945; x_wconf 82' lang='lat' dir='ltr'><strong>super</strong></span> <span class='ocrx_word' id='word_1_412' title='bbox 1600 4875 1865 4928; x_wconf 73' lang='lat' dir='ltr'><strong>Cherubim</strong></span> <span class='ocrx_word' id='word_1_413' title='bbox 1888 4876 2124 4945; x_wconf 81' lang='lat' dir='ltr'><strong>regnavit</strong></span> <span class='ocrx_word' id='word_1_414' title='bbox 2148 4891 2162 4940; x_wconf 91' lang='lat'>;</span> 
     </span>
    </p>
   </div>
   <div class='ocr_carea' id='block_1_51' title="bbox 580 4968 2167 5034">
    <p class='ocr_par' dir='ltr' id='par_1_51' title="bbox 580 4968 2167 5034">
     <span class='ocr_line' id='line_1_52' title="bbox 580 4968 2167 5034; baseline -0.006 -2"><span class='ocrx_word' id='word_1_415' title='bbox 580 4986 951 5034; x_wconf 86' lang='lat' dir='ltr'><strong>commoveatur</strong></span> <span class='ocrx_word' id='word_1_416' title='bbox 1005 4985 1156 5027; x_wconf 80' lang='lat' dir='ltr'><strong>terra.</strong></span> <span class='ocrx_word' id='word_1_417' title='bbox 1209 4969 1495 5026; x_wconf 89' lang='lat' dir='ltr'><strong>Cherubim</strong></span> <span class='ocrx_word' id='word_1_418' title='bbox 1550 4968 1704 5022; x_wconf 88' lang='lat' dir='ltr'><strong>sedes</strong></span> <span class='ocrx_word' id='word_1_419' title='bbox 1755 4968 1847 5022; x_wconf 86' lang='lat' dir='ltr'><strong>Dei</strong></span> <span class='ocrx_word' id='word_1_420' title='bbox 1889 4968 2167 5034; x_wconf 88' lang='lat' dir='ltr'><strong>est,sicut</strong></span> 
     </span>
    </p>
   </div>
   <div class='ocr_carea' id='block_1_52' title="bbox 581 5057 2162 5137">
    <p class='ocr_par' dir='ltr' id='par_1_52' title="bbox 581 5057 2162 5137">
     <span class='ocr_line' id='line_1_53' title="bbox 581 5057 2162 5137; baseline -0.008 -13"><span class='ocrx_word' id='word_1_421' title='bbox 581 5068 870 5137; x_wconf 71' lang='lat' dir='ltr'><strong>Scriptura;</strong></span> <span class='ocrx_word' id='word_1_422' title='bbox 898 5064 1134 5131; x_wconf 86' lang='lat' dir='ltr'><strong>tradunt,</strong></span> <span class='ocrx_word' id='word_1_423' title='bbox 1158 5061 1391 5118; x_wconf 61' lang='lat' dir='ltr'><strong>caelestis</strong></span> <span class='ocrx_word' id='word_1_424' title='bbox 1420 5058 1663 5129; x_wconf 84' lang='lat' dir='ltr'><strong>quaedam</strong></span> <span class='ocrx_word' id='word_1_425' title='bbox 1701 5057 1855 5113; x_wconf 89' lang='lat' dir='ltr'><strong>sedes</strong></span> <span class='ocrx_word' id='word_1_426' title='bbox 1900 5059 2162 5125; x_wconf 86' lang='lat' dir='ltr'><strong>sublimis,</strong></span> 
     </span>
    </p>
   </div>
   <div class='ocr_carea' id='block_1_53' title="bbox 580 5150 2163 5227">
    <p class='ocr_par' dir='ltr' id='par_1_53' title="bbox 580 5150 2163 5227">
     <span class='ocr_line' id='line_1_54' title="bbox 580 5150 2163 5227; baseline -0.005 -17"><span class='ocrx_word' id='word_1_427' title='bbox 580 5174 738 5227; x_wconf 86' lang='lat' dir='ltr'><strong>quam</strong></span> <span class='ocrx_word' id='word_1_428' title='bbox 766 5172 863 5212; x_wconf 93' lang='lat' dir='ltr'><strong>nos</strong></span> <span class='ocrx_word' id='word_1_429' title='bbox 888 5172 993 5211; x_wconf 93' lang='lat' dir='ltr'><strong>non</strong></span> <span class='ocrx_word' id='word_1_430' title='bbox 1020 5155 1293 5218; x_wconf 85' lang='lat' dir='ltr'><strong>videmus;</strong></span> <span class='ocrx_word' id='word_1_431' title='bbox 1326 5150 1420 5207; x_wconf 90' lang='lat' dir='ltr'><strong>sed</strong></span> <span class='ocrx_word' id='word_1_432' title='bbox 1444 5150 1660 5205; x_wconf 82' lang='lat' dir='ltr'><strong>verbum</strong></span> <span class='ocrx_word' id='word_1_433' title='bbox 1693 5150 1783 5203; x_wconf 88' lang='lat' dir='ltr'><strong>Dei</strong></span> <span class='ocrx_word' id='word_1_434' title='bbox 1811 5150 1956 5203; x_wconf 90' lang='lat' dir='ltr'><strong>novit</strong></span> <span class='ocrx_word' id='word_1_435' title='bbox 2001 5150 2163 5214; x_wconf 90' lang='lat' dir='ltr'><strong>illam,</strong></span> 
     </span>
    </p>
   </div>
   <div class='ocr_carea' id='block_1_54' title="bbox 582 5240 2167 5317">
    <p class='ocr_par' dir='ltr' id='par_1_54' title="bbox 582 5240 2167 5317">
     <span class='ocr_line' id='line_1_55' title="bbox 582 5240 2167 5317; baseline -0.006 -13"><span class='ocrx_word' id='word_1_436' title='bbox 582 5249 731 5304; x_wconf 89' lang='lat' dir='ltr'><strong>novit</strong></span> <span class='ocrx_word' id='word_1_437' title='bbox 757 5258 1005 5317; x_wconf 89' lang='lat' dir='ltr'><strong>tanquam</strong></span> <span class='ocrx_word' id='word_1_438' title='bbox 1034 5245 1213 5301; x_wconf 89' lang='lat' dir='ltr'><strong>sedem</strong></span> <span class='ocrx_word' id='word_1_439' title='bbox 1246 5260 1419 5309; x_wconf 90' lang='lat' dir='ltr'><strong>suam,</strong></span> <span class='ocrx_word' id='word_1_440' title='bbox 1440 5253 1494 5297; x_wconf 92' lang='lat' dir='ltr'><strong>et</strong></span> <span class='ocrx_word' id='word_1_441' title='bbox 1523 5243 1694 5312; x_wconf 92' lang='lat' dir='ltr'><strong>ipsum</strong></span> <span class='ocrx_word' id='word_1_442' title='bbox 1729 5240 1965 5297; x_wconf 85' lang='lat' dir='ltr'><strong>Verbum</strong></span> <span class='ocrx_word' id='word_1_443' title='bbox 1995 5240 2086 5295; x_wconf 91' lang='lat' dir='ltr'><strong>Dei</strong></span> <span class='ocrx_word' id='word_1_444' title='bbox 2115 5249 2167 5295; x_wconf 91' lang='lat' dir='ltr'><strong>et</strong></span> 
     </span>
    </p>
   </div>
   <div class='ocr_carea' id='block_1_55' title="bbox 580 5331 2165 5409">
    <p class='ocr_par' dir='ltr' id='par_1_55' title="bbox 580 5331 2165 5409">
     <span class='ocr_line' id='line_1_56' title="bbox 580 5331 2165 5409; baseline -0.005 -15"><span class='ocrx_word' id='word_1_445' title='bbox 580 5338 812 5409; x_wconf 87' lang='lat' dir='ltr'><strong>Spiritus</strong></span> <span class='ocrx_word' id='word_1_446' title='bbox 852 5338 947 5392; x_wconf 93' lang='lat' dir='ltr'><strong>Dei</strong></span> <span class='ocrx_word' id='word_1_447' title='bbox 977 5336 1110 5392; x_wconf 86' lang='lat' dir='ltr'><strong>dixit</strong></span> <span class='ocrx_word' id='word_1_448' title='bbox 1139 5337 1309 5391; x_wconf 88' lang='lat' dir='ltr'><strong>servis</strong></span> <span class='ocrx_word' id='word_1_449' title='bbox 1338 5336 1430 5389; x_wconf 88' lang='lat' dir='ltr'><strong>Dei</strong></span> <span class='ocrx_word' id='word_1_450' title='bbox 1472 5335 1559 5387; x_wconf 92' lang='lat' dir='ltr'><strong>ubi</strong></span> <span class='ocrx_word' id='word_1_451' title='bbox 1607 5332 1791 5387; x_wconf 89' lang='lat' dir='ltr'><strong>sedeat</strong></span> <span class='ocrx_word' id='word_1_452' title='bbox 1839 5331 1999 5386; x_wconf 89' lang='lat' dir='ltr'><strong>Deus.</strong></span> <span class='ocrx_word' id='word_1_453' title='bbox 2052 5331 2165 5386; x_wconf 89' lang='lat' dir='ltr'><strong>Non</strong></span> 
     </span>
    </p>
   </div>
   <div class='ocr_carea' id='block_1_56' title="bbox 579 5422 2168 5501">
    <p class='ocr_par' dir='ltr' id='par_1_56' title="bbox 579 5422 2168 5501">
     <span class='ocr_line' id='line_1_57' title="bbox 579 5422 2168 5501; baseline -0.005 -16"><span class='ocrx_word' id='word_1_454' title='bbox 579 5432 703 5501; x_wconf 84' lang='lat' dir='ltr'><strong>quia</strong></span> <span class='ocrx_word' id='word_1_455' title='bbox 734 5429 810 5484; x_wconf 91' lang='lat' dir='ltr'><strong>sic</strong></span> <span class='ocrx_word' id='word_1_456' title='bbox 837 5428 988 5483; x_wconf 89' lang='lat' dir='ltr'><strong>sedet</strong></span> <span class='ocrx_word' id='word_1_457' title='bbox 1019 5427 1175 5490; x_wconf 90' lang='lat' dir='ltr'><strong>Deus,</strong></span> <span class='ocrx_word' id='word_1_458' title='bbox 1201 5426 1468 5495; x_wconf 89' lang='lat' dir='ltr'><strong>quomodo</strong></span> <span class='ocrx_word' id='word_1_459' title='bbox 1495 5424 1652 5479; x_wconf 90' lang='lat' dir='ltr'><strong>homo</strong></span> <span class='ocrx_word' id='word_1_460' title='bbox 1680 5442 1693 5479; x_wconf 90' lang='lat'><strong>:</strong></span> <span class='ocrx_word' id='word_1_461' title='bbox 1728 5422 1821 5478; x_wconf 90' lang='lat' dir='ltr'><strong>sed</strong></span> <span class='ocrx_word' id='word_1_462' title='bbox 1845 5432 1901 5477; x_wconf 90' lang='lat' dir='ltr'><strong>tu</strong></span> <span class='ocrx_word' id='word_1_463' title='bbox 1938 5423 1982 5477; x_wconf 91' lang='lat' dir='ltr'><strong>si</strong></span> <span class='ocrx_word' id='word_1_464' title='bbox 2005 5422 2083 5477; x_wconf 88' lang='lat' dir='ltr'><strong>vis</strong></span> <span class='ocrx_word' id='word_1_465' title='bbox 2112 5432 2168 5477; x_wconf 91' lang='lat' dir='ltr'><strong>ut</strong></span> 
     </span>
    </p>
   </div>
   <div class='ocr_carea' id='block_1_57' title="bbox 580 5514 2169 5584">
    <p class='ocr_par' dir='ltr' id='par_1_57' title="bbox 580 5514 2169 5584">
     <span class='ocr_line' id='line_1_58' title="bbox 580 5514 2169 5584; baseline -0.004 -9"><span class='ocrx_word' id='word_1_466' title='bbox 580 5522 762 5577; x_wconf 81' lang='lat' dir='ltr'><strong>sedeat</strong></span> <span class='ocrx_word' id='word_1_467' title='bbox 786 5523 837 5575; x_wconf 88' lang='lat' dir='ltr'><strong>in</strong></span> <span class='ocrx_word' id='word_1_468' title='bbox 880 5529 930 5575; x_wconf 89' lang='lat' dir='ltr'><strong>te</strong></span> <span class='ocrx_word' id='word_1_469' title='bbox 955 5519 1125 5584; x_wconf 89' lang='lat' dir='ltr'><strong>Deus,</strong></span> <span class='ocrx_word' id='word_1_470' title='bbox 1154 5518 1197 5571; x_wconf 91' lang='lat' dir='ltr'><strong>si</strong></span> <span class='ocrx_word' id='word_1_471' title='bbox 1230 5518 1396 5571; x_wconf 92' lang='lat' dir='ltr'><strong>bonus</strong></span> <span class='ocrx_word' id='word_1_472' title='bbox 1425 5518 1552 5583; x_wconf 89' lang='lat' dir='ltr'><strong>eris,</strong></span> <span class='ocrx_word' id='word_1_473' title='bbox 1585 5516 1740 5571; x_wconf 88' lang='lat' dir='ltr'><strong>sedes</strong></span> <span class='ocrx_word' id='word_1_474' title='bbox 1768 5515 1860 5569; x_wconf 91' lang='lat' dir='ltr'><strong>Dei</strong></span> <span class='ocrx_word' id='word_1_475' title='bbox 1902 5515 2043 5580; x_wconf 88' lang='lat' dir='ltr'><strong>eris;</strong></span> <span class='ocrx_word' id='word_1_476' title='bbox 2091 5514 2169 5569; x_wconf 91' lang='lat' dir='ltr'><strong>sic</strong></span> 
     </span>
    </p>
   </div>
   <div class='ocr_carea' id='block_1_58' title="bbox 582 5606 2167 5683">
    <p class='ocr_par' dir='ltr' id='par_1_58' title="bbox 582 5606 2167 5683">
     <span class='ocr_line' id='line_1_59' title="bbox 582 5606 2167 5683; baseline -0.006 -14"><span class='ocrx_word' id='word_1_477' title='bbox 582 5615 724 5671; x_wconf 90' lang='lat' dir='ltr'><strong>enim</strong></span> <span class='ocrx_word' id='word_1_478' title='bbox 741 5613 996 5683; x_wconf 89' lang='lat' dir='ltr'><strong>scriptum</strong></span> <span class='ocrx_word' id='word_1_479' title='bbox 1023 5618 1124 5674; x_wconf 88' lang='lat' dir='ltr'><strong>est,</strong></span> <span class='ocrx_word' id='word_1_480' title='bbox 1147 5608 1306 5664; x_wconf 80' lang='lat' dir='ltr'><strong>Sedes</strong></span> <span class='ocrx_word' id='word_1_481' title='bbox 1322 5608 1602 5677; x_wconf 79' lang='lat' dir='ltr'><strong>sapientire,</strong></span> <span class='ocrx_word' id='word_1_482' title='bbox 1622 5609 1794 5661; x_wconf 85' lang='lat' dir='ltr'><strong>anima</strong></span> <span class='ocrx_word' id='word_1_483' title='bbox 1815 5607 1961 5679; x_wconf 83' lang='lat' dir='ltr'><strong>justi.</strong></span> <span class='ocrx_word' id='word_1_484' title='bbox 1991 5606 2167 5660; x_wconf 87' lang='lat' dir='ltr'><strong>Thro-</strong></span> 
     </span>
    </p>
   </div>
   <div class='ocr_carea' id='block_1_59' title="bbox 582 5696 2166 5767">
    <p class='ocr_par' dir='ltr' id='par_1_59' title="bbox 582 5696 2166 5767">
     <span class='ocr_line' id='line_1_60' title="bbox 582 5696 2166 5767; baseline -0.006 -8"><span class='ocrx_word' id='word_1_485' title='bbox 582 5719 686 5760; x_wconf 88' lang='lat' dir='ltr'><strong>nus</strong></span> <span class='ocrx_word' id='word_1_486' title='bbox 702 5703 863 5767; x_wconf 92' lang='lat' dir='ltr'><strong>enim,</strong></span> <span class='ocrx_word' id='word_1_487' title='bbox 888 5703 1048 5757; x_wconf 91' lang='lat' dir='ltr'><strong>latine</strong></span> <span class='ocrx_word' id='word_1_488' title='bbox 1087 5699 1241 5755; x_wconf 87' lang='lat' dir='ltr'><strong>sedes</strong></span> <span class='ocrx_word' id='word_1_489' title='bbox 1267 5698 1477 5753; x_wconf 88' lang='lat' dir='ltr'><strong>dicitur.</strong></span> <span class='ocrx_word' id='word_1_490' title='bbox 1516 5697 1644 5751; x_wconf 85' lang='lat' dir='ltr'><strong>Nam</strong></span> <span class='ocrx_word' id='word_1_491' title='bbox 1684 5709 1737 5751; x_wconf 91' lang='lat' dir='ltr'><strong>et</strong></span> <span class='ocrx_word' id='word_1_492' title='bbox 1764 5698 1935 5766; x_wconf 89' lang='lat' dir='ltr'><strong>ipsum</strong></span> <span class='ocrx_word' id='word_1_493' title='bbox 1961 5696 2166 5751; x_wconf 85' lang='lat' dir='ltr'><strong>Cheru-</strong></span> 
     </span>
    </p>
   </div>
   <div class='ocr_carea' id='block_1_60' title="bbox 589 5787 2165 5863">
    <p class='ocr_par' dir='ltr' id='par_1_60' title="bbox 589 5787 2165 5863">
     <span class='ocr_line' id='line_1_61' title="bbox 589 5787 2165 5863; baseline -0.003 -15"><span class='ocrx_word' id='word_1_494' title='bbox 589 5792 698 5848; x_wconf 85' lang='lat' dir='ltr'><strong>bim</strong></span> <span class='ocrx_word' id='word_1_495' title='bbox 724 5791 1051 5863; x_wconf 83' lang='lat' dir='ltr'><strong>interpretati</strong></span> <span class='ocrx_word' id='word_1_496' title='bbox 1090 5799 1212 5845; x_wconf 92' lang='lat' dir='ltr'><strong>sunt</strong></span> <span class='ocrx_word' id='word_1_497' title='bbox 1252 5788 1461 5860; x_wconf 90' lang='lat' dir='ltr'><strong>quidam</strong></span> <span class='ocrx_word' id='word_1_498' title='bbox 1506 5788 1632 5859; x_wconf 89' lang='lat' dir='ltr'><strong>quid</strong></span> <span class='ocrx_word' id='word_1_499' title='bbox 1671 5787 1936 5844; x_wconf 86' lang='lat' dir='ltr'><strong>diceretur</strong></span> <span class='ocrx_word' id='word_1_500' title='bbox 1984 5788 2165 5856; x_wconf 89' lang='lat' dir='ltr'><strong>latine,</strong></span> 
     </span>
    </p>
   </div>
   <div class='ocr_carea' id='block_1_61' title="bbox 1838 376 2639 433">
    <p class='ocr_par' dir='ltr' id='par_1_61' title="bbox 1838 376 2639 433">
     <span class='ocr_line' id='line_1_62' title="bbox 1838 376 2639 433; baseline 0.007 -6"><span class='ocrx_word' id='word_1_501' title='bbox 1838 376 1893 428; x_wconf 83' lang='lat' dir='ltr'><strong>S.</strong></span> <span class='ocrx_word' id='word_1_502' title='bbox 1940 376 2302 433; x_wconf 71' lang='lat' dir='ltr'><strong>AUCUSTlNl</strong></span> <span class='ocrx_word' id='word_1_503' title='bbox 2344 376 2639 433; x_wconf 79' lang='lat' dir='ltr'><strong>EPISCOPI</strong></span> 
     </span>
    </p>
   </div>
   <div class='ocr_carea' id='block_1_62' title="bbox 3732 396 3839 455">
    <p class='ocr_par' dir='ltr' id='par_1_62' title="bbox 3732 396 3839 455">
     <span class='ocr_line' id='line_1_63' title="bbox 3732 396 3839 455; baseline 0.056 -6"><span class='ocrx_word' id='word_1_504' title='bbox 3732 396 3839 455; x_wconf 71' lang='lat' dir='ltr'><strong>I260</strong></span> 
     </span>
    </p>
   </div>
   <div class='ocr_carea' id='block_1_63' title="bbox 2292 491 3835 572">
    <p class='ocr_par' dir='ltr' id='par_1_63' title="bbox 2292 491 3835 572">
     <span class='ocr_line' id='line_1_64' title="bbox 2292 491 3835 572; baseline 0.016 -29"><span class='ocrx_word' id='word_1_505' title='bbox 2292 491 2380 559; x_wconf 90' lang='lat' dir='ltr'><strong>qui</strong></span> <span class='ocrx_word' id='word_1_506' title='bbox 2410 502 2668 546; x_wconf 88' lang='lat' dir='ltr'><strong>noverunt</strong></span> <span class='ocrx_word' id='word_1_507' title='bbox 2705 492 2935 561; x_wconf 63' lang='lat' dir='ltr'><strong>linguam</strong></span> <span class='ocrx_word' id='word_1_508' title='bbox 2982 497 3126 550; x_wconf 78' lang='lat' dir='ltr'><strong>illam</strong></span> <span class='ocrx_word' id='word_1_509' title='bbox 3153 495 3457 565; x_wconf 70' lang='lat' dir='ltr'><strong>hebrzeam;</strong></span> <span class='ocrx_word' id='word_1_510' title='bbox 3491 506 3607 572; x_wconf 84' lang='lat' dir='ltr'><strong>quia</strong></span> <span class='ocrx_word' id='word_1_511' title='bbox 3655 508 3835 568; x_wconf 57' lang='lat' dir='ltr'><strong>hebrus</strong></span> 
     </span>
    </p>
   </div>
   <div class='ocr_carea' id='block_1_64' title="bbox 2292 582 3836 657">
    <p class='ocr_par' dir='ltr' id='par_1_64' title="bbox 2292 582 3836 657">
     <span class='ocr_line' id='line_1_65' title="bbox 2292 582 3836 657; baseline 0.006 -22"><span class='ocrx_word' id='word_1_512' title='bbox 2292 582 2463 651; x_wconf 78' lang='lat' dir='ltr'><strong>lingua</strong></span> <span class='ocrx_word' id='word_1_513' title='bbox 2493 584 2690 637; x_wconf 86' lang='lat' dir='ltr'><strong>dictum</strong></span> <span class='ocrx_word' id='word_1_514' title='bbox 2713 592 2795 639; x_wconf 91' lang='lat' dir='ltr'><strong>est</strong></span> <span class='ocrx_word' id='word_1_515' title='bbox 2814 584 3101 641; x_wconf 89' lang='lat' dir='ltr'><strong>Cherubim</strong></span> <span class='ocrx_word' id='word_1_516' title='bbox 3128 605 3141 653; x_wconf 86' lang='lat'><strong>;</strong></span> <span class='ocrx_word' id='word_1_517' title='bbox 3174 599 3227 643; x_wconf 87' lang='lat' dir='ltr'><strong>et</strong></span> <span class='ocrx_word' id='word_1_518' title='bbox 3249 589 3498 647; x_wconf 81' lang='lat' dir='ltr'><strong>dixerunt</strong></span> <span class='ocrx_word' id='word_1_519' title='bbox 3525 610 3638 649; x_wconf 91' lang='lat' dir='ltr'><strong>esse</strong></span> <span class='ocrx_word' id='word_1_520' title='bbox 3664 599 3836 657; x_wconf 85' lang='lat' dir='ltr'><strong>Cheru.</strong></span> 
     </span>
    </p>
   </div>
   <div class='ocr_carea' id='block_1_65' title="bbox 2292 672 3835 755">
    <p class='ocr_par' dir='ltr' id='par_1_65' title="bbox 2292 672 3835 755">
     <span class='ocr_line' id='line_1_66' title="bbox 2292 672 3835 755; baseline 0.016 -30"><span class='ocrx_word' id='word_1_521' title='bbox 2292 672 2399 727; x_wconf 90' lang='lat' dir='ltr'><strong>bim</strong></span> <span class='ocrx_word' id='word_1_522' title='bbox 2440 673 2829 729; x_wconf 82' lang='lat' dir='ltr'><strong>Plenitudinem</strong></span> <span class='ocrx_word' id='word_1_523' title='bbox 2862 677 3125 734; x_wconf 54' lang='lat' dir='ltr'><strong>scientia.</strong></span> <span class='ocrx_word' id='word_1_524' title='bbox 3165 679 3315 752; x_wconf 86' lang='lat' dir='ltr'><strong>Ergo</strong></span> <span class='ocrx_word' id='word_1_525' title='bbox 3332 684 3452 750; x_wconf 86' lang='lat' dir='ltr'><strong>quia</strong></span> <span class='ocrx_word' id='word_1_526' title='bbox 3483 699 3690 755; x_wconf 86' lang='lat' dir='ltr'><strong>superat</strong></span> <span class='ocrx_word' id='word_1_527' title='bbox 3716 691 3835 749; x_wconf 88' lang='lat' dir='ltr'><strong>Deus</strong></span> 
     </span>
    </p>
   </div>
   <div class='ocr_carea' id='block_1_66' title="bbox 2290 766 3838 840">
    <p class='ocr_par' dir='ltr' id='par_1_66' title="bbox 2290 766 3838 840">
     <span class='ocr_line' id='line_1_67' title="bbox 2290 766 3838 840; baseline 0.016 -24"><span class='ocrx_word' id='word_1_528' title='bbox 2290 777 2499 818; x_wconf 90' lang='lat' dir='ltr'><strong>omnem</strong></span> <span class='ocrx_word' id='word_1_529' title='bbox 2546 766 2824 821; x_wconf 71' lang='lat' dir='ltr'><strong>scientiam</strong></span> <span class='ocrx_word' id='word_1_530' title='bbox 2849 810 2863 835; x_wconf 93' lang='lat'><strong>,</strong></span> <span class='ocrx_word' id='word_1_531' title='bbox 2897 782 3060 839; x_wconf 89' lang='lat' dir='ltr'><strong>super</strong></span> <span class='ocrx_word' id='word_1_532' title='bbox 3099 771 3479 840; x_wconf 87' lang='lat' dir='ltr'><strong>plenitudinem</strong></span> <span class='ocrx_word' id='word_1_533' title='bbox 3520 778 3742 837; x_wconf 71' lang='lat' dir='ltr'><strong>scientiae</strong></span> <span class='ocrx_word' id='word_1_534' title='bbox 3768 799 3838 840; x_wconf 81' lang='lat' dir='ltr'><strong>se-</strong></span> 
     </span>
    </p>
   </div>
   <div class='ocr_carea' id='block_1_67' title="bbox 2290 856 3838 943">
    <p class='ocr_par' dir='ltr' id='par_1_67' title="bbox 2290 856 3838 943">
     <span class='ocr_line' id='line_1_68' title="bbox 2290 856 3838 943; baseline 0.016 -33"><span class='ocrx_word' id='word_1_535' title='bbox 2290 856 2415 912; x_wconf 91' lang='lat' dir='ltr'><strong>dere</strong></span> <span class='ocrx_word' id='word_1_536' title='bbox 2452 857 2664 913; x_wconf 80' lang='lat' dir='ltr'><strong>dicitur.</strong></span> <span class='ocrx_word' id='word_1_537' title='bbox 2721 860 2802 914; x_wconf 91' lang='lat' dir='ltr'><strong>Sit</strong></span> <span class='ocrx_word' id='word_1_538' title='bbox 2851 860 2902 915; x_wconf 87' lang='lat' dir='ltr'><strong>in</strong></span> <span class='ocrx_word' id='word_1_539' title='bbox 2957 872 3008 915; x_wconf 91' lang='lat' dir='ltr'><strong>te</strong></span> <span class='ocrx_word' id='word_1_540' title='bbox 3038 878 3167 933; x_wconf 83' lang='lat' dir='ltr'><strong>ergo</strong></span> <span class='ocrx_word' id='word_1_541' title='bbox 3216 864 3492 933; x_wconf 88' lang='lat' dir='ltr'><strong>plenitudo</strong></span> <span class='ocrx_word' id='word_1_542' title='bbox 3533 870 3771 943; x_wconf 63' lang='lat' dir='ltr'><strong>scientiae,</strong></span> <span class='ocrx_word' id='word_1_543' title='bbox 3794 888 3838 934; x_wconf 91' lang='lat' dir='ltr'><strong>et</strong></span> 
     </span>
    </p>
   </div>
   <div class='ocr_carea' id='block_1_68' title="bbox 2288 950 3837 1034">
    <p class='ocr_par' dir='ltr' id='par_1_68' title="bbox 2288 950 3837 1034">
     <span class='ocr_line' id='line_1_69' title="bbox 2288 950 3837 1034; baseline 0.012 -31"><span class='ocrx_word' id='word_1_544' title='bbox 2288 950 2394 1004; x_wconf 91' lang='lat' dir='ltr'><strong>eris</strong></span> <span class='ocrx_word' id='word_1_545' title='bbox 2423 959 2476 1005; x_wconf 90' lang='lat' dir='ltr'><strong>et</strong></span> <span class='ocrx_word' id='word_1_546' title='bbox 2499 961 2550 1005; x_wconf 93' lang='lat' dir='ltr'><strong>tu</strong></span> <span class='ocrx_word' id='word_1_547' title='bbox 2578 952 2731 1006; x_wconf 90' lang='lat' dir='ltr'><strong>sedes</strong></span> <span class='ocrx_word' id='word_1_548' title='bbox 2763 954 2873 1007; x_wconf 90' lang='lat' dir='ltr'><strong>Dei.</strong></span> <span class='ocrx_word' id='word_1_549' title='bbox 2898 953 3001 1009; x_wconf 88' lang='lat' dir='ltr'><strong>Sed</strong></span> <span class='ocrx_word' id='word_1_550' title='bbox 3029 953 3167 1011; x_wconf 88' lang='lat' dir='ltr'><strong>forte</strong></span> <span class='ocrx_word' id='word_1_551' title='bbox 3184 957 3420 1013; x_wconf 88' lang='lat' dir='ltr'><strong>dicturus</strong></span> <span class='ocrx_word' id='word_1_552' title='bbox 3448 974 3507 1015; x_wconf 90' lang='lat' dir='ltr'><strong>es</strong></span> <span class='ocrx_word' id='word_1_553' title='bbox 3538 962 3837 1034; x_wconf 85' lang='lat' dir='ltr'><strong>:thuando</strong></span> 
     </span>
    </p>
   </div>
   <div class='ocr_carea' id='block_1_69' title="bbox 2290 1041 3835 1120">
    <p class='ocr_par' dir='ltr' id='par_1_69' title="bbox 2290 1041 3835 1120">
     <span class='ocr_line' id='line_1_70' title="bbox 2290 1041 3835 1120; baseline 0.013 -27"><span class='ocrx_word' id='word_1_554' title='bbox 2290 1041 2339 1094; x_wconf 91' lang='lat' dir='ltr'><strong>in</strong></span> <span class='ocrx_word' id='word_1_555' title='bbox 2372 1056 2456 1095; x_wconf 92' lang='lat' dir='ltr'><strong>me</strong></span> <span class='ocrx_word' id='word_1_556' title='bbox 2473 1042 2571 1096; x_wconf 91' lang='lat' dir='ltr'><strong>erit</strong></span> <span class='ocrx_word' id='word_1_557' title='bbox 2601 1044 2870 1112; x_wconf 87' lang='lat' dir='ltr'><strong>plenitudo</strong></span> <span class='ocrx_word' id='word_1_558' title='bbox 2886 1046 3120 1100; x_wconf 69' lang='lat' dir='ltr'><strong>scientia:</strong></span> <span class='ocrx_word' id='word_1_559' title='bbox 3136 1047 3159 1101; x_wconf 89' lang='lat'><strong>?</strong></span> <span class='ocrx_word' id='word_1_560' title='bbox 3177 1058 3228 1102; x_wconf 89' lang='lat' dir='ltr'><strong>et</strong></span> <span class='ocrx_word' id='word_1_561' title='bbox 3250 1050 3367 1119; x_wconf 90' lang='lat' dir='ltr'><strong>quis</strong></span> <span class='ocrx_word' id='word_1_562' title='bbox 3388 1061 3560 1120; x_wconf 88' lang='lat' dir='ltr'><strong>potest</strong></span> <span class='ocrx_word' id='word_1_563' title='bbox 3579 1055 3642 1109; x_wconf 89' lang='lat' dir='ltr'><strong>ad</strong></span> <span class='ocrx_word' id='word_1_564' title='bbox 3661 1066 3835 1118; x_wconf 86' lang='lat' dir='ltr'><strong>tantum</strong></span> 
     </span>
    </p>
   </div>
   <div class='ocr_carea' id='block_1_70' title="bbox 2287 1132 3838 1209">
    <p class='ocr_par' dir='ltr' id='par_1_70' title="bbox 2287 1132 3838 1209">
     <span class='ocr_line' id='line_1_71' title="bbox 2287 1132 3838 1209; baseline 0.012 -23"><span class='ocrx_word' id='word_1_565' title='bbox 2287 1132 2493 1187; x_wconf 90' lang='lat' dir='ltr'><strong>culmen</strong></span> <span class='ocrx_word' id='word_1_566' title='bbox 2524 1134 2539 1164; x_wconf 82' lang='grc'>⁸</span> <span class='ocrx_word' id='word_1_567' title='bbox 2569 1136 2867 1203; x_wconf 81' lang='lat' dir='ltr'><strong>pervenire,</strong></span> <span class='ocrx_word' id='word_1_568' title='bbox 2904 1146 2960 1189; x_wconf 91' lang='lat' dir='ltr'><strong>ut</strong></span> <span class='ocrx_word' id='word_1_569' title='bbox 2984 1137 3053 1191; x_wconf 90' lang='lat' dir='ltr'><strong>sit</strong></span> <span class='ocrx_word' id='word_1_570' title='bbox 3082 1138 3133 1191; x_wconf 93' lang='lat' dir='ltr'><strong>in</strong></span> <span class='ocrx_word' id='word_1_571' title='bbox 3166 1139 3254 1195; x_wconf 92' lang='lat' dir='ltr'><strong>illo</strong></span> <span class='ocrx_word' id='word_1_572' title='bbox 3300 1142 3568 1209; x_wconf 91' lang='lat' dir='ltr'><strong>plenitudo</strong></span> <span class='ocrx_word' id='word_1_573' title='bbox 3588 1147 3838 1204; x_wconf 62' lang='lat' dir='ltr'><strong>scientia)?</strong></span> 
     </span>
    </p>
   </div>
   <div class='ocr_carea' id='block_1_71' title="bbox 2288 1225 3837 1308">
    <p class='ocr_par' dir='ltr' id='par_1_71' title="bbox 2288 1225 3837 1308">
     <span class='ocr_line' id='line_1_72' title="bbox 2288 1225 3837 1308; baseline 0.011 -28"><span class='ocrx_word' id='word_1_574' title='bbox 2288 1225 2449 1280; x_wconf 86' lang='lat' dir='ltr'><strong>Putas</strong></span> <span class='ocrx_word' id='word_1_575' title='bbox 2478 1226 2578 1281; x_wconf 88' lang='lat' dir='ltr'><strong>hoc</strong></span> <span class='ocrx_word' id='word_1_576' title='bbox 2606 1228 2737 1283; x_wconf 81' lang='lat' dir='ltr'><strong>velle</strong></span> <span class='ocrx_word' id='word_1_577' title='bbox 2767 1229 2950 1294; x_wconf 89' lang='lat' dir='ltr'><strong>Deum,</strong></span> <span class='ocrx_word' id='word_1_578' title='bbox 2981 1241 3038 1285; x_wconf 89' lang='lat' dir='ltr'><strong>ut</strong></span> <span class='ocrx_word' id='word_1_579' title='bbox 3080 1233 3149 1287; x_wconf 86' lang='lat' dir='ltr'><strong>sit</strong></span> <span class='ocrx_word' id='word_1_580' title='bbox 3198 1233 3249 1287; x_wconf 92' lang='lat' dir='ltr'><strong>in</strong></span> <span class='ocrx_word' id='word_1_581' title='bbox 3282 1235 3434 1290; x_wconf 92' lang='lat' dir='ltr'><strong>nobis</strong></span> <span class='ocrx_word' id='word_1_582' title='bbox 3469 1237 3566 1291; x_wconf 88' lang='lat' dir='ltr'><strong>ista</strong></span> <span class='ocrx_word' id='word_1_583' title='bbox 3596 1239 3837 1308; x_wconf 86' lang='lat' dir='ltr'><strong>plenitudo</strong></span> 
     </span>
    </p>
   </div>
   <div class='ocr_carea' id='block_1_72' title="bbox 2286 1319 3835 1405">
    <p class='ocr_par' dir='ltr' id='par_1_72' title="bbox 2286 1319 3835 1405">
     <span class='ocr_line' id='line_1_73' title="bbox 2286 1319 3835 1405; baseline 0.013 -34"><span class='ocrx_word' id='word_1_584' title='bbox 2286 1319 2540 1387; x_wconf 61' lang='lat' dir='ltr'><strong>scientiae,</strong></span> <span class='ocrx_word' id='word_1_585' title='bbox 2575 1328 2632 1375; x_wconf 93' lang='lat' dir='ltr'><strong>ut</strong></span> <span class='ocrx_word' id='word_1_586' title='bbox 2656 1323 2962 1379; x_wconf 80' lang='lat' dir='ltr'><strong>noverimus</strong></span> <span class='ocrx_word' id='word_1_587' title='bbox 2988 1334 3080 1379; x_wconf 89' lang='lat' dir='ltr'><strong>aut</strong></span> <span class='ocrx_word' id='word_1_588' title='bbox 3118 1335 3247 1396; x_wconf 89' lang='lat' dir='ltr'><strong>quot</strong></span> <span class='ocrx_word' id='word_1_589' title='bbox 3270 1326 3378 1382; x_wconf 91' lang='lat' dir='ltr'><strong>sint</strong></span> <span class='ocrx_word' id='word_1_590' title='bbox 3404 1330 3593 1397; x_wconf 73' lang='lat' dir='ltr'><strong>stellze,</strong></span> <span class='ocrx_word' id='word_1_591' title='bbox 3623 1343 3835 1405; x_wconf 89' lang='lat' dir='ltr'><strong>autquot</strong></span> 
     </span>
    </p>
   </div>
   <div class='ocr_carea' id='block_1_73' title="bbox 2286 1406 3835 1494">
    <p class='ocr_par' dir='ltr' id='par_1_73' title="bbox 2286 1406 3835 1494">
     <span class='ocr_line' id='line_1_74' title="bbox 2286 1406 3835 1494; baseline 0.012 -33"><span class='ocrx_word' id='word_1_592' title='bbox 2286 1406 2394 1462; x_wconf 85' lang='lat' dir='ltr'><strong>sint</strong></span> <span class='ocrx_word' id='word_1_593' title='bbox 2417 1423 2602 1477; x_wconf 84' lang='lat' dir='ltr'><strong>grana,</strong></span> <span class='ocrx_word' id='word_1_594' title='bbox 2635 1424 2739 1465; x_wconf 87' lang='lat' dir='ltr'><strong>non</strong></span> <span class='ocrx_word' id='word_1_595' title='bbox 2760 1412 2878 1466; x_wconf 87' lang='lat' dir='ltr'><strong>dico</strong></span> <span class='ocrx_word' id='word_1_596' title='bbox 2900 1429 3096 1480; x_wconf 77' lang='lat' dir='ltr'><strong>arenae,</strong></span> <span class='ocrx_word' id='word_1_597' title='bbox 3120 1415 3213 1470; x_wconf 90' lang='lat' dir='ltr'><strong>sed</strong></span> <span class='ocrx_word' id='word_1_598' title='bbox 3236 1417 3419 1482; x_wconf 82' lang='lat' dir='ltr'><strong>tritici,</strong></span> <span class='ocrx_word' id='word_1_599' title='bbox 3446 1427 3535 1473; x_wconf 80' lang='lat' dir='ltr'><strong>aut</strong></span> <span class='ocrx_word' id='word_1_600' title='bbox 3561 1432 3683 1490; x_wconf 92' lang='lat' dir='ltr'><strong>quot</strong></span> <span class='ocrx_word' id='word_1_601' title='bbox 3701 1439 3835 1494; x_wconf 86' lang='lat' dir='ltr'><strong>poma</strong></span> 
     </span>
    </p>
   </div>
   <div class='ocr_carea' id='block_1_74' title="bbox 2287 1498 3835 1583">
    <p class='ocr_par' dir='ltr' id='par_1_74' title="bbox 2287 1498 3835 1583">
     <span class='ocr_line' id='line_1_75' title="bbox 2287 1498 3835 1583; baseline 0.013 -32"><span class='ocrx_word' id='word_1_602' title='bbox 2287 1498 2550 1566; x_wconf 85' lang='lat' dir='ltr'><strong>pendeant</strong></span> <span class='ocrx_word' id='word_1_603' title='bbox 2597 1499 2648 1555; x_wconf 91' lang='lat' dir='ltr'><strong>in</strong></span> <span class='ocrx_word' id='word_1_604' title='bbox 2674 1503 2902 1557; x_wconf 88' lang='lat' dir='ltr'><strong>arbore?</strong></span> <span class='ocrx_word' id='word_1_605' title='bbox 2944 1503 3036 1559; x_wconf 93' lang='lat' dir='ltr'><strong>llle</strong></span> <span class='ocrx_word' id='word_1_606' title='bbox 3064 1506 3208 1559; x_wconf 88' lang='lat' dir='ltr'><strong>novit</strong></span> <span class='ocrx_word' id='word_1_607' title='bbox 3256 1508 3473 1574; x_wconf 87' lang='lat' dir='ltr'><strong>omnia;</strong></span> <span class='ocrx_word' id='word_1_608' title='bbox 3527 1511 3642 1580; x_wconf 87' lang='lat' dir='ltr'><strong>quia</strong></span> <span class='ocrx_word' id='word_1_609' title='bbox 3685 1516 3835 1583; x_wconf 86' lang='lat' dir='ltr'><strong>capilli</strong></span> 
     </span>
    </p>
   </div>
   <div class='ocr_carea' id='block_1_75' title="bbox 2287 1590 3837 1670">
    <p class='ocr_par' dir='ltr' id='par_1_75' title="bbox 2287 1590 3837 1670">
     <span class='ocr_line' id='line_1_76' title="bbox 2287 1590 3837 1670; baseline 0.012 -28"><span class='ocrx_word' id='word_1_610' title='bbox 2287 1590 2449 1644; x_wconf 87' lang='lat' dir='ltr'><strong>nostri</strong></span> <span class='ocrx_word' id='word_1_611' title='bbox 2476 1594 2735 1648; x_wconf 89' lang='lat' dir='ltr'><strong>numerati</strong></span> <span class='ocrx_word' id='word_1_612' title='bbox 2760 1604 2883 1648; x_wconf 90' lang='lat' dir='ltr'><strong>sunt</strong></span> <span class='ocrx_word' id='word_1_613' title='bbox 2912 1595 3021 1650; x_wconf 91' lang='lat' dir='ltr'><strong>Deo</strong></span> <span class='ocrx_word' id='word_1_614' title='bbox 3054 1594 3264 1667; x_wconf 79' lang='lat' dir='ltr'><strong>(Matth.</strong></span> <span class='ocrx_word' id='word_1_615' title='bbox 3296 1614 3348 1661; x_wconf 70' lang='grc' dir='ltr'><strong>χ,</strong></span> <span class='ocrx_word' id='word_1_616' title='bbox 3380 1599 3496 1670; x_wconf 79' lang='grc'><strong>50).</strong></span> <span class='ocrx_word' id='word_1_617' title='bbox 3528 1600 3629 1656; x_wconf 90' lang='lat' dir='ltr'><strong>Sed</strong></span> <span class='ocrx_word' id='word_1_618' title='bbox 3655 1604 3749 1658; x_wconf 86' lang='lat' dir='ltr'><strong>alia</strong></span> <span class='ocrx_word' id='word_1_619' title='bbox 3770 1616 3837 1661; x_wconf 86' lang='lat' dir='ltr'><strong>est</strong></span> 
     </span>
    </p>
   </div>
   <div class='ocr_carea' id='block_1_76' title="bbox 2287 1682 3835 1761">
    <p class='ocr_par' dir='ltr' id='par_1_76' title="bbox 2287 1682 3835 1761">
     <span class='ocr_line' id='line_1_77' title="bbox 2287 1682 3835 1761; baseline 0.011 -26"><span class='ocrx_word' id='word_1_620' title='bbox 2287 1682 2557 1751; x_wconf 88' lang='lat' dir='ltr'><strong>plenitudo</strong></span> <span class='ocrx_word' id='word_1_621' title='bbox 2589 1685 2823 1739; x_wconf 76' lang='lat' dir='ltr'><strong>scientia:</strong></span> <span class='ocrx_word' id='word_1_622' title='bbox 2849 1703 3007 1756; x_wconf 88' lang='lat' dir='ltr'><strong>quam</strong></span> <span class='ocrx_word' id='word_1_623' title='bbox 3050 1688 3217 1743; x_wconf 85' lang='lat' dir='ltr'><strong>voluit</strong></span> <span class='ocrx_word' id='word_1_624' title='bbox 3247 1690 3517 1745; x_wconf 87' lang='lat' dir='ltr'><strong>hominem</strong></span> <span class='ocrx_word' id='word_1_625' title='bbox 3548 1709 3733 1761; x_wconf 90' lang='lat' dir='ltr'><strong>nosse;</strong></span> <span class='ocrx_word' id='word_1_626' title='bbox 3780 1699 3835 1752; x_wconf 87' lang='lat' dir='ltr'><strong>ad</strong></span> 
     </span>
    </p>
   </div>
   <div class='ocr_carea' id='block_1_77' title="bbox 2286 1774 3832 1851">
    <p class='ocr_par' dir='ltr' id='par_1_77' title="bbox 2286 1774 3832 1851">
     <span class='ocr_line' id='line_1_78' title="bbox 2286 1774 3832 1851; baseline 0.013 -25"><span class='ocrx_word' id='word_1_627' title='bbox 2286 1774 2454 1844; x_wconf 89' lang='lat' dir='ltr'><strong>legem</strong></span> <span class='ocrx_word' id='word_1_628' title='bbox 2494 1777 2586 1832; x_wconf 93' lang='lat' dir='ltr'><strong>Dei</strong></span> <span class='ocrx_word' id='word_1_629' title='bbox 2633 1779 2861 1846; x_wconf 88' lang='lat' dir='ltr'><strong>pertinet</strong></span> <span class='ocrx_word' id='word_1_630' title='bbox 2910 1780 3130 1834; x_wconf 88' lang='lat' dir='ltr'><strong>scientia</strong></span> <span class='ocrx_word' id='word_1_631' title='bbox 3157 1797 3313 1851; x_wconf 91' lang='lat' dir='ltr'><strong>quam</strong></span> <span class='ocrx_word' id='word_1_632' title='bbox 3342 1794 3395 1837; x_wconf 93' lang='lat' dir='ltr'><strong>te</strong></span> <span class='ocrx_word' id='word_1_633' title='bbox 3436 1785 3596 1839; x_wconf 89' lang='lat' dir='ltr'><strong>voluit</strong></span> <span class='ocrx_word' id='word_1_634' title='bbox 3644 1787 3832 1845; x_wconf 87' lang='lat' dir='ltr'><strong>habere.</strong></span> 
     </span>
    </p>
   </div>
   <div class='ocr_carea' id='block_1_78' title="bbox 2289 1864 3832 1941">
    <p class='ocr_par' dir='ltr' id='par_1_78' title="bbox 2289 1864 3832 1941">
     <span class='ocr_line' id='line_1_79' title="bbox 2289 1864 3832 1941; baseline 0.011 -23"><span class='ocrx_word' id='word_1_635' title='bbox 2289 1864 2353 1918; x_wconf 81' lang='lat' dir='ltr'><strong>Et</strong></span> <span class='ocrx_word' id='word_1_636' title='bbox 2393 1868 2510 1935; x_wconf 89' lang='lat' dir='ltr'><strong>quis</strong></span> <span class='ocrx_word' id='word_1_637' title='bbox 2554 1877 2746 1935; x_wconf 85' lang='lat' dir='ltr'><strong>potest,</strong></span> <span class='ocrx_word' id='word_1_638' title='bbox 2779 1868 2912 1923; x_wconf 86' lang='lat' dir='ltr'><strong>forte</strong></span> <span class='ocrx_word' id='word_1_639' title='bbox 2938 1870 3084 1924; x_wconf 87' lang='lat' dir='ltr'><strong>dicas</strong></span> <span class='ocrx_word' id='word_1_640' title='bbox 3112 1872 3263 1939; x_wconf 85' lang='lat' dir='ltr'><strong>mihi,</strong></span> <span class='ocrx_word' id='word_1_641' title='bbox 3317 1876 3547 1941; x_wconf 84' lang='lat' dir='ltr'><strong>perfecte</strong></span> <span class='ocrx_word' id='word_1_642' title='bbox 3583 1893 3729 1933; x_wconf 88' lang='lat' dir='ltr'><strong>nosse</strong></span> <span class='ocrx_word' id='word_1_643' title='bbox 3748 1880 3832 1935; x_wconf 82' lang='lat' dir='ltr'><strong>Le-</strong></span> 
     </span>
    </p>
   </div>
   <div class='ocr_carea' id='block_1_79' title="bbox 2285 1957 3834 2039">
    <p class='ocr_par' dir='ltr' id='par_1_79' title="bbox 2285 1957 3834 2039">
     <span class='ocr_line' id='line_1_80' title="bbox 2285 1957 3834 2039; baseline 0.012 -31"><span class='ocrx_word' id='word_1_644' title='bbox 2285 1969 2424 2024; x_wconf 78' lang='lat' dir='ltr'><strong>gem,</strong></span> <span class='ocrx_word' id='word_1_645' title='bbox 2456 1965 2513 2011; x_wconf 89' lang='lat' dir='ltr'><strong>ut</strong></span> <span class='ocrx_word' id='word_1_646' title='bbox 2536 1957 2727 2013; x_wconf 86' lang='lat' dir='ltr'><strong>habeat</strong></span> <span class='ocrx_word' id='word_1_647' title='bbox 2758 1961 2809 2013; x_wconf 94' lang='lat' dir='ltr'><strong>in</strong></span> <span class='ocrx_word' id='word_1_648' title='bbox 2837 1976 2894 2015; x_wconf 91' lang='lat' dir='ltr'><strong>se</strong></span> <span class='ocrx_word' id='word_1_649' title='bbox 2919 1962 3302 2030; x_wconf 87' lang='lat' dir='ltr'><strong>plenitudinem</strong></span> <span class='ocrx_word' id='word_1_650' title='bbox 3332 1968 3570 2022; x_wconf 67' lang='lat' dir='ltr'><strong>scicntia:</strong></span> <span class='ocrx_word' id='word_1_651' title='bbox 3609 1969 3767 2039; x_wconf 79' lang='lat' dir='ltr'><strong>Legis,</strong></span> <span class='ocrx_word' id='word_1_652' title='bbox 3792 1984 3834 2026; x_wconf 89' lang='lat' dir='ltr'><strong>et</strong></span> 
     </span>
    </p>
   </div>
   <div class='ocr_carea' id='block_1_80' title="bbox 2288 2048 3833 2123">
    <p class='ocr_par' dir='ltr' id='par_1_80' title="bbox 2288 2048 3833 2123">
     <span class='ocr_line' id='line_1_81' title="bbox 2288 2048 3833 2123; baseline 0.012 -25"><span class='ocrx_word' id='word_1_653' title='bbox 2288 2048 2454 2117; x_wconf 83' lang='lat' dir='ltr'><strong>possit</strong></span> <span class='ocrx_word' id='word_1_654' title='bbox 2485 2062 2603 2103; x_wconf 89' lang='lat' dir='ltr'><strong>esse</strong></span> <span class='ocrx_word' id='word_1_655' title='bbox 2644 2049 2798 2105; x_wconf 81' lang='lat' dir='ltr'><strong>Sedes</strong></span> <span class='ocrx_word' id='word_1_656' title='bbox 2846 2052 2980 2105; x_wconf 85' lang='lat' dir='ltr'><strong>Dei?</strong></span> <span class='ocrx_word' id='word_1_657' title='bbox 3029 2052 3150 2107; x_wconf 86' lang='lat' dir='ltr'><strong>Noli</strong></span> <span class='ocrx_word' id='word_1_658' title='bbox 3200 2058 3437 2117; x_wconf 87' lang='lat' dir='ltr'><strong>turbari;</strong></span> <span class='ocrx_word' id='word_1_659' title='bbox 3497 2058 3715 2123; x_wconf 76' lang='lat' dir='ltr'><strong>breviter</strong></span> <span class='ocrx_word' id='word_1_660' title='bbox 3756 2061 3833 2117; x_wconf 83' lang='lat' dir='ltr'><strong>tibi</strong></span> 
     </span>
    </p>
   </div>
   <div class='ocr_carea' id='block_1_81' title="bbox 2285 2139 3833 2214">
    <p class='ocr_par' dir='ltr' id='par_1_81' title="bbox 2285 2139 3833 2214">
     <span class='ocr_line' id='line_1_82' title="bbox 2285 2139 3833 2214; baseline 0.011 -24"><span class='ocrx_word' id='word_1_661' title='bbox 2285 2139 2480 2193; x_wconf 85' lang='lat' dir='ltr'><strong>dicitur</strong></span> <span class='ocrx_word' id='word_1_662' title='bbox 2494 2140 2618 2209; x_wconf 90' lang='lat' dir='ltr'><strong>quid</strong></span> <span class='ocrx_word' id='word_1_663' title='bbox 2643 2141 2857 2204; x_wconf 83' lang='lat' dir='ltr'><strong>habeas,</strong></span> <span class='ocrx_word' id='word_1_664' title='bbox 2877 2144 2921 2197; x_wconf 90' lang='lat' dir='ltr'><strong>si</strong></span> <span class='ocrx_word' id='word_1_665' title='bbox 2946 2144 3026 2198; x_wconf 89' lang='lat' dir='ltr'><strong>vis</strong></span> <span class='ocrx_word' id='word_1_666' title='bbox 3056 2145 3252 2201; x_wconf 85' lang='lat' dir='ltr'><strong>habere</strong></span> <span class='ocrx_word' id='word_1_667' title='bbox 3281 2147 3660 2214; x_wconf 84' lang='lat' dir='ltr'><strong>plenitudinem</strong></span> <span class='ocrx_word' id='word_1_668' title='bbox 3686 2153 3833 2206; x_wconf 84' lang='lat' dir='ltr'><strong>scien-</strong></span> 
     </span>
    </p>
   </div>
   <div class='ocr_carea' id='block_1_82' title="bbox 2286 2230 3830 2309">
    <p class='ocr_par' dir='ltr' id='par_1_82' title="bbox 2286 2230 3830 2309">
     <span class='ocr_line' id='line_1_83' title="bbox 2286 2230 3830 2309; baseline 0.011 -26"><span class='ocrx_word' id='word_1_669' title='bbox 2286 2230 2394 2297; x_wconf 66' lang='lat' dir='ltr'><strong>tia),</strong></span> <span class='ocrx_word' id='word_1_670' title='bbox 2420 2240 2475 2287; x_wconf 88' lang='lat' dir='ltr'><strong>et</strong></span> <span class='ocrx_word' id='word_1_671' title='bbox 2501 2249 2618 2287; x_wconf 85' lang='lat' dir='ltr'><strong>esse</strong></span> <span class='ocrx_word' id='word_1_672' title='bbox 2639 2234 2791 2288; x_wconf 88' lang='lat' dir='ltr'><strong>sedes</strong></span> <span class='ocrx_word' id='word_1_673' title='bbox 2826 2236 2916 2290; x_wconf 89' lang='lat' dir='ltr'><strong>Del</strong></span> <span class='ocrx_word' id='word_1_674' title='bbox 2950 2253 2964 2289; x_wconf 79' lang='grc' dir='ltr'><em>τ</em></span> <span class='ocrx_word' id='word_1_675' title='bbox 2991 2238 3066 2292; x_wconf 90' lang='lat' dir='ltr'><strong>ait</strong></span> <span class='ocrx_word' id='word_1_676' title='bbox 3089 2240 3228 2293; x_wconf 92' lang='lat' dir='ltr'><strong>enim</strong></span> <span class='ocrx_word' id='word_1_677' title='bbox 3256 2242 3563 2309; x_wconf 86' lang='lat' dir='ltr'><strong>Apostolus,</strong></span> <span class='ocrx_word' id='word_1_678' title='bbox 3594 2242 3830 2300; x_wconf 80' lang='lat' dir='ltr'><strong>Plenitudo</strong></span> 
     </span>
    </p>
   </div>
   <div class='ocr_carea' id='block_1_83' title="bbox 2284 2321 3831 2404">
    <p class='ocr_par' dir='ltr' id='par_1_83' title="bbox 2284 2321 3831 2404">
     <span class='ocr_line' id='line_1_84' title="bbox 2284 2321 3831 2404; baseline 0.01 -31"><span class='ocrx_word' id='word_1_679' title='bbox 2284 2331 2447 2375; x_wconf 79' lang='lat' dir='ltr'><strong>autem</strong></span> <span class='ocrx_word' id='word_1_680' title='bbox 2474 2321 2620 2393; x_wconf 82' lang='lat' dir='ltr'><strong>Legis</strong></span> <span class='ocrx_word' id='word_1_681' title='bbox 2649 2326 2867 2379; x_wconf 82' lang='lat' dir='ltr'><strong>charitas</strong></span> <span class='ocrx_word' id='word_1_682' title='bbox 2892 2326 3064 2396; x_wconf 84' lang='lat' dir='ltr'><strong>(Rom.</strong></span> <span class='ocrx_word' id='word_1_683' title='bbox 3110 2345 3223 2395; x_wconf 76' lang='lat' dir='ltr'><strong>xm,</strong></span> <span class='ocrx_word' id='word_1_684' title='bbox 3260 2331 3372 2402; x_wconf 73' lang='lat'><strong>10).</strong></span> <span class='ocrx_word' id='word_1_685' title='bbox 3408 2333 3542 2399; x_wconf 86' lang='lat' dir='ltr'><strong>Quid</strong></span> <span class='ocrx_word' id='word_1_686' title='bbox 3579 2349 3697 2404; x_wconf 80' lang='lat' dir='ltr'><strong>ergo</strong></span> <span class='ocrx_word' id='word_1_687' title='bbox 3732 2335 3831 2388; x_wconf 80' lang='lat' dir='ltr'><strong>est?</strong></span> 
     </span>
    </p>
   </div>
   <div class='ocr_carea' id='block_1_84' title="bbox 2285 2411 3825 2493">
    <p class='ocr_par' dir='ltr' id='par_1_84' title="bbox 2285 2411 3825 2493">
     <span class='ocr_line' id='line_1_85' title="bbox 2285 2411 3825 2493; baseline 0.01 -29"><span class='ocrx_word' id='word_1_688' title='bbox 2285 2411 2563 2467; x_wconf 84' lang='lat' dir='ltr'><strong>Perdidisti</strong></span> <span class='ocrx_word' id='word_1_689' title='bbox 2596 2422 2756 2468; x_wconf 90' lang='lat' dir='ltr'><strong>totam</strong></span> <span class='ocrx_word' id='word_1_690' title='bbox 2801 2418 3220 2474; x_wconf 73' lang='lat' dir='ltr'><strong>excusationem.</strong></span> <span class='ocrx_word' id='word_1_691' title='bbox 3264 2420 3538 2493; x_wconf 86' lang='lat' dir='ltr'><strong>Interroga</strong></span> <span class='ocrx_word' id='word_1_692' title='bbox 3566 2440 3654 2479; x_wconf 89' lang='lat' dir='ltr'><strong>cor</strong></span> <span class='ocrx_word' id='word_1_693' title='bbox 3682 2436 3825 2491; x_wconf 86' lang='lat' dir='ltr'><strong>tuum,</strong></span> 
     </span>
    </p>
   </div>
   <div class='ocr_carea' id='block_1_85' title="bbox 2284 2504 3829 2581">
    <p class='ocr_par' dir='ltr' id='par_1_85' title="bbox 2284 2504 3829 2581">
     <span class='ocr_line' id='line_1_86' title="bbox 2284 2504 3829 2581; baseline 0.009 -23"><span class='ocrx_word' id='word_1_694' title='bbox 2284 2504 2404 2559; x_wconf 91' lang='lat' dir='ltr'><strong>vide</strong></span> <span class='ocrx_word' id='word_1_695' title='bbox 2445 2515 2619 2560; x_wconf 91' lang='lat' dir='ltr'><strong>utrum</strong></span> <span class='ocrx_word' id='word_1_696' title='bbox 2652 2507 2841 2561; x_wconf 86' lang='lat' dir='ltr'><strong>habeat</strong></span> <span class='ocrx_word' id='word_1_697' title='bbox 2869 2510 3276 2568; x_wconf 88' lang='lat' dir='ltr'><strong>eharitatem.Si</strong></span> <span class='ocrx_word' id='word_1_698' title='bbox 3294 2522 3381 2569; x_wconf 84' lang='lat' dir='ltr'><strong>est</strong></span> <span class='ocrx_word' id='word_1_699' title='bbox 3420 2516 3487 2570; x_wconf 87' lang='lat' dir='ltr'><strong>ibi</strong></span> <span class='ocrx_word' id='word_1_700' title='bbox 3510 2517 3740 2581; x_wconf 90' lang='lat' dir='ltr'><strong>charitas,</strong></span> <span class='ocrx_word' id='word_1_701' title='bbox 3764 2526 3829 2572; x_wconf 88' lang='lat' dir='ltr'><strong>est</strong></span> 
     </span>
    </p>
   </div>
   <div class='ocr_carea' id='block_1_86' title="bbox 2284 2594 3828 2671">
    <p class='ocr_par' dir='ltr' id='par_1_86' title="bbox 2284 2594 3828 2671">
     <span class='ocr_line' id='line_1_87' title="bbox 2284 2594 3828 2671; baseline 0.01 -24"><span class='ocrx_word' id='word_1_702' title='bbox 2284 2594 2351 2649; x_wconf 88' lang='lat' dir='ltr'><strong>ibi</strong></span> <span class='ocrx_word' id='word_1_703' title='bbox 2376 2595 2649 2664; x_wconf 89' lang='lat' dir='ltr'><strong>plenitudo</strong></span> <span class='ocrx_word' id='word_1_704' title='bbox 2676 2596 3007 2669; x_wconf 83' lang='lat' dir='ltr'><strong>Legis;jam</strong></span> <span class='ocrx_word' id='word_1_705' title='bbox 3040 2600 3094 2655; x_wconf 91' lang='lat' dir='ltr'><strong>in</strong></span> <span class='ocrx_word' id='word_1_706' title='bbox 3139 2610 3189 2658; x_wconf 92' lang='lat' dir='ltr'><strong>te</strong></span> <span class='ocrx_word' id='word_1_707' title='bbox 3233 2602 3438 2659; x_wconf 88' lang='lat' dir='ltr'><strong>habitat</strong></span> <span class='ocrx_word' id='word_1_708' title='bbox 3487 2606 3650 2671; x_wconf 90' lang='lat' dir='ltr'><strong>Deus,</strong></span> <span class='ocrx_word' id='word_1_709' title='bbox 3700 2608 3828 2663; x_wconf 83' lang='lat' dir='ltr'><strong>sedes</strong></span> 
     </span>
    </p>
   </div>
   <div class='ocr_carea' id='block_1_87' title="bbox 2284 2685 3828 2766">
    <p class='ocr_par' dir='ltr' id='par_1_87' title="bbox 2284 2685 3828 2766">
     <span class='ocr_line' id='line_1_88' title="bbox 2284 2685 3828 2766; baseline 0.006 -27"><span class='ocrx_word' id='word_1_710' title='bbox 2284 2685 2377 2741; x_wconf 90' lang='lat' dir='ltr'><strong>Dei</strong></span> <span class='ocrx_word' id='word_1_711' title='bbox 2429 2686 2597 2742; x_wconf 88' lang='lat' dir='ltr'><strong>factus</strong></span> <span class='ocrx_word' id='word_1_712' title='bbox 2624 2704 2702 2743; x_wconf 90' lang='lat' dir='ltr'><strong>es.</strong></span> <span class='ocrx_word' id='word_1_713' title='bbox 2758 2689 3058 2745; x_wconf 83' lang='lat' dir='ltr'><strong>Irascuntur</strong></span> <span class='ocrx_word' id='word_1_714' title='bbox 3106 2696 3478 2766; x_wconf 86' lang='lat' dir='ltr'><strong>populi;quid</strong></span> <span class='ocrx_word' id='word_1_715' title='bbox 3529 2696 3708 2750; x_wconf 88' lang='lat' dir='ltr'><strong>facient</strong></span> <span class='ocrx_word' id='word_1_716' title='bbox 3746 2697 3828 2750; x_wconf 76' lang='lat' dir='ltr'><strong>ira.</strong></span> 
     </span>
    </p>
   </div>
   <div class='ocr_carea' id='block_1_88' title="bbox 2280 2779 3824 2853">
    <p class='ocr_par' dir='ltr' id='par_1_88' title="bbox 2280 2779 3824 2853">
     <span class='ocr_line' id='line_1_89' title="bbox 2280 2779 3824 2853; baseline 0.008 -24"><span class='ocrx_word' id='word_1_717' title='bbox 2280 2786 2489 2832; x_wconf 89' lang='lat' dir='ltr'><strong>scentes</strong></span> <span class='ocrx_word' id='word_1_718' title='bbox 2518 2779 2695 2848; x_wconf 87' lang='lat' dir='ltr'><strong>populi</strong></span> <span class='ocrx_word' id='word_1_719' title='bbox 2724 2780 2771 2834; x_wconf 91' lang='lat' dir='ltr'><strong>ei</strong></span> <span class='ocrx_word' id='word_1_720' title='bbox 2803 2781 2890 2850; x_wconf 86' lang='lat' dir='ltr'><strong>qui</strong></span> <span class='ocrx_word' id='word_1_721' title='bbox 2923 2781 3091 2836; x_wconf 85' lang='lat' dir='ltr'><strong>factus</strong></span> <span class='ocrx_word' id='word_1_722' title='bbox 3120 2794 3200 2838; x_wconf 84' lang='lat' dir='ltr'><strong>est</strong></span> <span class='ocrx_word' id='word_1_723' title='bbox 3228 2785 3386 2840; x_wconf 90' lang='lat' dir='ltr'><strong>sedes</strong></span> <span class='ocrx_word' id='word_1_724' title='bbox 3415 2787 3541 2842; x_wconf 89' lang='lat' dir='ltr'><strong>Dei?</strong></span> <span class='ocrx_word' id='word_1_725' title='bbox 3563 2788 3653 2853; x_wconf 85' lang='lat' dir='ltr'><strong>Qui</strong></span> <span class='ocrx_word' id='word_1_726' title='bbox 3673 2798 3824 2841; x_wconf 84' lang='lat' dir='ltr'><strong>contra</strong></span> 
     </span>
    </p>
   </div>
   <div class='ocr_carea' id='block_1_89' title="bbox 2279 2872 3823 2944">
    <p class='ocr_par' dir='ltr' id='par_1_89' title="bbox 2279 2872 3823 2944">
     <span class='ocr_line' id='line_1_90' title="bbox 2279 2872 3823 2944; baseline 0.01 -26"><span class='ocrx_word' id='word_1_727' title='bbox 2279 2873 2332 2920; x_wconf 88' lang='lat' dir='ltr'><strong>te</strong></span> <span class='ocrx_word' id='word_1_728' title='bbox 2376 2878 2615 2934; x_wconf 67' lang='lat' dir='ltr'><strong>saevuant,</strong></span> <span class='ocrx_word' id='word_1_729' title='bbox 2648 2872 2911 2938; x_wconf 90' lang='lat' dir='ltr'><strong>attendis;</strong></span> <span class='ocrx_word' id='word_1_730' title='bbox 2940 2874 3027 2943; x_wconf 91' lang='lat' dir='ltr'><strong>qui</strong></span> <span class='ocrx_word' id='word_1_731' title='bbox 3070 2874 3121 2928; x_wconf 88' lang='lat' dir='ltr'><strong>in</strong></span> <span class='ocrx_word' id='word_1_732' title='bbox 3153 2885 3203 2930; x_wconf 92' lang='lat' dir='ltr'><strong>te</strong></span> <span class='ocrx_word' id='word_1_733' title='bbox 3232 2878 3436 2944; x_wconf 87' lang='lat' dir='ltr'><strong>sedeat,</strong></span> <span class='ocrx_word' id='word_1_734' title='bbox 3467 2894 3568 2933; x_wconf 88' lang='lat' dir='ltr'><strong>non</strong></span> <span class='ocrx_word' id='word_1_735' title='bbox 3608 2879 3823 2933; x_wconf 85' lang='lat' dir='ltr'><strong>attendis.</strong></span> 
     </span>
    </p>
   </div>
   <div class='ocr_carea' id='block_1_90' title="bbox 2278 2958 3815 3029">
    <p class='ocr_par' dir='ltr' id='par_1_90' title="bbox 2278 2958 3815 3029">
     <span class='ocr_line' id='line_1_91' title="bbox 2278 2958 3815 3029; baseline 0.006 -16"><span class='ocrx_word' id='word_1_736' title='bbox 2278 2958 2482 3014; x_wconf 59' lang='lat' dir='ltr'><strong>Caelum</strong></span> <span class='ocrx_word' id='word_1_737' title='bbox 2535 2962 2700 3017; x_wconf 87' lang='lat' dir='ltr'><strong>factus</strong></span> <span class='ocrx_word' id='word_1_738' title='bbox 2730 2979 2788 3018; x_wconf 93' lang='lat' dir='ltr'><strong>es</strong></span> <span class='ocrx_word' id='word_1_739' title='bbox 2813 3006 2826 3029; x_wconf 92' lang='lat'><strong>,</strong></span> <span class='ocrx_word' id='word_1_740' title='bbox 2869 2975 2922 3019; x_wconf 91' lang='lat' dir='ltr'><strong>et</strong></span> <span class='ocrx_word' id='word_1_741' title='bbox 2970 2977 3161 3022; x_wconf 87' lang='lat' dir='ltr'><strong>terram</strong></span> <span class='ocrx_word' id='word_1_742' title='bbox 3209 2970 3406 3025; x_wconf 87' lang='lat' dir='ltr'><strong>times?</strong></span> <span class='ocrx_word' id='word_1_743' title='bbox 3435 2972 3565 3027; x_wconf 88' lang='lat' dir='ltr'><strong>Dicit</strong></span> <span class='ocrx_word' id='word_1_744' title='bbox 3589 2973 3716 3026; x_wconf 90' lang='lat' dir='ltr'><strong>enim</strong></span> <span class='ocrx_word' id='word_1_745' title='bbox 3740 2972 3815 3025; x_wconf 68' lang='lat' dir='ltr'><strong>alii</strong></span> 
     </span>
    </p>
   </div>
   <div class='ocr_carea' id='block_1_91' title="bbox 2280 3050 3820 3128">
    <p class='ocr_par' dir='ltr' id='par_1_91' title="bbox 2280 3050 3820 3128">
     <span class='ocr_line' id='line_1_92' title="bbox 2280 3050 3820 3128; baseline 0.008 -25"><span class='ocrx_word' id='word_1_746' title='bbox 2280 3050 2395 3104; x_wconf 93' lang='lat' dir='ltr'><strong>loco</strong></span> <span class='ocrx_word' id='word_1_747' title='bbox 2425 3053 2692 3120; x_wconf 85' lang='lat' dir='ltr'><strong>Scriptura</strong></span> <span class='ocrx_word' id='word_1_748' title='bbox 2726 3056 3002 3110; x_wconf 90' lang='lat' dir='ltr'><strong>Dominum</strong></span> <span class='ocrx_word' id='word_1_749' title='bbox 3048 3059 3208 3113; x_wconf 89' lang='lat' dir='ltr'><strong>Deum</strong></span> <span class='ocrx_word' id='word_1_750' title='bbox 3243 3072 3482 3116; x_wconf 85' lang='lat' dir='ltr'><strong>nostrum</strong></span> <span class='ocrx_word' id='word_1_751' title='bbox 3522 3063 3705 3128; x_wconf 87' lang='lat' dir='ltr'><strong>dicere,</strong></span> <span class='ocrx_word' id='word_1_752' title='bbox 3730 3060 3820 3116; x_wconf 72' lang='grc' dir='ltr'><strong>σω-</strong></span> 
     </span>
    </p>
   </div>
   <div class='ocr_carea' id='block_1_92' title="bbox 2276 3140 3821 3221">
    <p class='ocr_par' dir='ltr' id='par_1_92' title="bbox 2276 3140 3821 3221">
     <span class='ocr_line' id='line_1_93' title="bbox 2276 3140 3821 3221; baseline 0.005 -27"><span class='ocrx_word' id='word_1_753' title='bbox 2276 3140 2381 3194; x_wconf 79' lang='lat' dir='ltr'><strong>lum</strong></span> <span class='ocrx_word' id='word_1_754' title='bbox 2410 3143 2534 3196; x_wconf 89' lang='lat' dir='ltr'><strong>mihi</strong></span> <span class='ocrx_word' id='word_1_755' title='bbox 2577 3145 2720 3199; x_wconf 77' lang='lat' dir='ltr'><strong>sedes</strong></span> <span class='ocrx_word' id='word_1_756' title='bbox 2744 3156 2815 3199; x_wconf 82' lang='lat' dir='ltr'><strong>est</strong></span> <span class='ocrx_word' id='word_1_757' title='bbox 2836 3145 2985 3217; x_wconf 85' lang='lat' dir='ltr'><strong>(Isai.</strong></span> <span class='ocrx_word' id='word_1_758' title='bbox 3015 3163 3161 3218; x_wconf 75' lang='lat' dir='ltr'><strong>LXVI,</strong></span> <span class='ocrx_word' id='word_1_759' title='bbox 3194 3151 3265 3221; x_wconf 77' lang='grc'><strong>1).</strong></span> <span class='ocrx_word' id='word_1_760' title='bbox 3312 3153 3366 3205; x_wconf 83' lang='lat' dir='ltr'><strong>Si</strong></span> <span class='ocrx_word' id='word_1_761' title='bbox 3412 3167 3538 3221; x_wconf 82' lang='lat' dir='ltr'><strong>ergo</strong></span> <span class='ocrx_word' id='word_1_762' title='bbox 3572 3161 3622 3206; x_wconf 87' lang='lat' dir='ltr'><strong>et</strong></span> <span class='ocrx_word' id='word_1_763' title='bbox 3668 3160 3714 3205; x_wconf 88' lang='lat' dir='ltr'><strong>tu</strong></span> <span class='ocrx_word' id='word_1_764' title='bbox 3749 3151 3821 3203; x_wconf 81' lang='lat' dir='ltr'><strong>ha-</strong></span> 
     </span>
    </p>
   </div>
   <div class='ocr_carea' id='block_1_93' title="bbox 2277 3230 3818 3306">
    <p class='ocr_par' dir='ltr' id='par_1_93' title="bbox 2277 3230 3818 3306">
     <span class='ocr_line' id='line_1_94' title="bbox 2277 3230 3818 3306; baseline 0.005 -22"><span class='ocrx_word' id='word_1_765' title='bbox 2277 3230 2449 3285; x_wconf 89' lang='lat' dir='ltr'><strong>bendo</strong></span> <span class='ocrx_word' id='word_1_766' title='bbox 2475 3234 2851 3302; x_wconf 78' lang='lat' dir='ltr'><strong>plenitudinem</strong></span> <span class='ocrx_word' id='word_1_767' title='bbox 2882 3239 3138 3306; x_wconf 74' lang='lat' dir='ltr'><strong>scicntire,</strong></span> <span class='ocrx_word' id='word_1_768' title='bbox 3173 3251 3221 3294; x_wconf 84' lang='lat' dir='ltr'><strong>et</strong></span> <span class='ocrx_word' id='word_1_769' title='bbox 3255 3241 3499 3297; x_wconf 87' lang='lat' dir='ltr'><strong>habendo</strong></span> <span class='ocrx_word' id='word_1_770' title='bbox 3525 3242 3818 3302; x_wconf 87' lang='lat' dir='ltr'><strong>cbaritatem,</strong></span> 
     </span>
    </p>
   </div>
   <div class='ocr_carea' id='block_1_94' title="bbox 2276 3322 3820 3396">
    <p class='ocr_par' dir='ltr' id='par_1_94' title="bbox 2276 3322 3820 3396">
     <span class='ocr_line' id='line_1_95' title="bbox 2276 3322 3820 3396; baseline 0.005 -22"><span class='ocrx_word' id='word_1_771' title='bbox 2276 3322 2454 3391; x_wconf 92' lang='lat' dir='ltr'><strong>utique</strong></span> <span class='ocrx_word' id='word_1_772' title='bbox 2476 3324 2629 3379; x_wconf 91' lang='lat' dir='ltr'><strong>sedes</strong></span> <span class='ocrx_word' id='word_1_773' title='bbox 2656 3326 2745 3380; x_wconf 88' lang='lat' dir='ltr'><strong>Dei</strong></span> <span class='ocrx_word' id='word_1_774' title='bbox 2772 3326 2940 3382; x_wconf 90' lang='lat' dir='ltr'><strong>factus</strong></span> <span class='ocrx_word' id='word_1_775' title='bbox 2960 3345 3037 3396; x_wconf 75' lang='lat' dir='ltr'><strong>es,</strong></span> <span class='ocrx_word' id='word_1_776' title='bbox 3064 3331 3255 3386; x_wconf 67' lang='lat' dir='ltr'><strong>malum</strong></span> <span class='ocrx_word' id='word_1_777' title='bbox 3276 3334 3445 3387; x_wconf 81' lang='lat' dir='ltr'><strong>factus</strong></span> <span class='ocrx_word' id='word_1_778' title='bbox 3469 3348 3547 3388; x_wconf 86' lang='lat' dir='ltr'><strong>es.</strong></span> <span class='ocrx_word' id='word_1_779' title='bbox 3573 3332 3680 3387; x_wconf 90' lang='lat' dir='ltr'><strong>Non</strong></span> <span class='ocrx_word' id='word_1_780' title='bbox 3701 3330 3820 3386; x_wconf 89' lang='lat' dir='ltr'><strong>enim</strong></span> 
     </span>
    </p>
   </div>
   <div class='ocr_carea' id='block_1_95' title="bbox 2277 3414 3823 3494">
    <p class='ocr_par' dir='ltr' id='par_1_95' title="bbox 2277 3414 3823 3494">
     <span class='ocr_line' id='line_1_96' title="bbox 2277 3414 3823 3494; baseline 0.003 -26"><span class='ocrx_word' id='word_1_781' title='bbox 2277 3414 2377 3470; x_wconf 91' lang='lat' dir='ltr'><strong>hoc</strong></span> <span class='ocrx_word' id='word_1_782' title='bbox 2404 3417 2596 3471; x_wconf 59' lang='lat' dir='ltr'><strong>caelum</strong></span> <span class='ocrx_word' id='word_1_783' title='bbox 2619 3419 2785 3473; x_wconf 92' lang='lat' dir='ltr'><strong>oculis</strong></span> <span class='ocrx_word' id='word_1_784' title='bbox 2827 3420 2906 3474; x_wconf 88' lang='lat' dir='ltr'><strong>bis</strong></span> <span class='ocrx_word' id='word_1_785' title='bbox 2929 3423 3122 3476; x_wconf 90' lang='lat' dir='ltr'><strong>nostris</strong></span> <span class='ocrx_word' id='word_1_786' title='bbox 3148 3424 3289 3491; x_wconf 88' lang='lat' dir='ltr'><strong>quod</strong></span> <span class='ocrx_word' id='word_1_787' title='bbox 3338 3425 3669 3494; x_wconf 90' lang='lat' dir='ltr'><strong>suspicimus,</strong></span> <span class='ocrx_word' id='word_1_788' title='bbox 3694 3419 3823 3475; x_wconf 83' lang='lat' dir='ltr'><strong>valde</strong></span> 
     </span>
    </p>
   </div>
   <div class='ocr_carea' id='block_1_96' title="bbox 2275 3509 3817 3578">
    <p class='ocr_par' dir='ltr' id='par_1_96' title="bbox 2275 3509 3817 3578">
     <span class='ocr_line' id='line_1_97' title="bbox 2275 3509 3817 3578; baseline 0.005 -19"><span class='ocrx_word' id='word_1_789' title='bbox 2275 3509 2562 3575; x_wconf 90' lang='lat' dir='ltr'><strong>pretiosum</strong></span> <span class='ocrx_word' id='word_1_790' title='bbox 2593 3519 2673 3565; x_wconf 89' lang='lat' dir='ltr'><strong>est</strong></span> <span class='ocrx_word' id='word_1_791' title='bbox 2701 3511 2830 3566; x_wconf 90' lang='lat' dir='ltr'><strong>Deo.</strong></span> <span class='ocrx_word' id='word_1_792' title='bbox 2863 3511 3068 3569; x_wconf 81' lang='lat' dir='ltr'><strong>Ccelum</strong></span> <span class='ocrx_word' id='word_1_793' title='bbox 3103 3516 3214 3578; x_wconf 90' lang='lat' dir='ltr'><strong>Dei,</strong></span> <span class='ocrx_word' id='word_1_794' title='bbox 3245 3517 3441 3571; x_wconf 78' lang='lat' dir='ltr'><strong>animae</strong></span> <span class='ocrx_word' id='word_1_795' title='bbox 3470 3524 3657 3572; x_wconf 59' lang='lat' dir='ltr'><strong>sancta</strong></span> <span class='ocrx_word' id='word_1_796' title='bbox 3682 3523 3817 3575; x_wconf 87' lang='lat' dir='ltr'><strong>sunt;</strong></span> 
     </span>
    </p>
   </div>
   <div class='ocr_carea' id='block_1_97' title="bbox 2273 3599 3820 3673">
    <p class='ocr_par' dir='ltr' id='par_1_97' title="bbox 2273 3599 3820 3673">
     <span class='ocr_line' id='line_1_98' title="bbox 2273 3599 3820 3673; baseline 0.001 -22"><span class='ocrx_word' id='word_1_797' title='bbox 2273 3599 2464 3654; x_wconf 67' lang='lat' dir='ltr'><strong>caelum</strong></span> <span class='ocrx_word' id='word_1_798' title='bbox 2490 3600 2601 3665; x_wconf 92' lang='lat' dir='ltr'><strong>Dei,</strong></span> <span class='ocrx_word' id='word_1_799' title='bbox 2627 3612 2831 3657; x_wconf 89' lang='lat' dir='ltr'><strong>mentes</strong></span> <span class='ocrx_word' id='word_1_800' title='bbox 2848 3604 3166 3673; x_wconf 78' lang='lat' dir='ltr'><strong>Angelorum</strong></span> <span class='ocrx_word' id='word_1_801' title='bbox 3196 3616 3336 3669; x_wconf 88' lang='lat' dir='ltr'><strong>sunt,</strong></span> <span class='ocrx_word' id='word_1_802' title='bbox 3363 3616 3417 3661; x_wconf 87' lang='lat' dir='ltr'><strong>et</strong></span> <span class='ocrx_word' id='word_1_803' title='bbox 3443 3619 3622 3661; x_wconf 88' lang='lat' dir='ltr'><strong>omnes</strong></span> <span class='ocrx_word' id='word_1_804' title='bbox 3645 3609 3820 3658; x_wconf 86' lang='lat' dir='ltr'><strong>mentes</strong></span> 
     </span>
    </p>
   </div>
   <div class='ocr_carea' id='block_1_98' title="bbox 2273 3692 3819 3767">
    <p class='ocr_par' dir='ltr' id='par_1_98' title="bbox 2273 3692 3819 3767">
     <span class='ocr_line' id='line_1_99' title="bbox 2273 3692 3819 3767; baseline 0.003 -24"><span class='ocrx_word' id='word_1_805' title='bbox 2273 3703 2548 3744; x_wconf 89' lang='lat' dir='ltr'><strong>servorum</strong></span> <span class='ocrx_word' id='word_1_806' title='bbox 2577 3692 2710 3761; x_wconf 79' lang='lat' dir='ltr'><strong>eius.</strong></span> <span class='ocrx_word' id='word_1_807' title='bbox 2756 3693 2893 3763; x_wconf 79' lang='lat' dir='ltr'><strong>Ergo</strong></span> <span class='ocrx_word' id='word_1_808' title='bbox 2933 3696 3217 3749; x_wconf 86' lang='lat' dir='ltr'><strong>irascantur</strong></span> <span class='ocrx_word' id='word_1_809' title='bbox 3248 3700 3445 3767; x_wconf 87' lang='lat' dir='ltr'><strong>populi,</strong></span> <span class='ocrx_word' id='word_1_810' title='bbox 3492 3701 3819 3750; x_wconf 77' lang='lat' dir='ltr'><strong>commoveatur</strong></span> 
     </span>
    </p>
   </div>
   <div class='ocr_carea' id='block_1_99' title="bbox 2273 3779 3815 3855">
    <p class='ocr_par' dir='ltr' id='par_1_99' title="bbox 2273 3779 3815 3855">
     <span class='ocr_line' id='line_1_100' title="bbox 2273 3779 3815 3855; baseline -0.001 -22"><span class='ocrx_word' id='word_1_811' title='bbox 2273 3790 2442 3844; x_wconf 85' lang='lat' dir='ltr'><strong>terra;</strong></span> <span class='ocrx_word' id='word_1_812' title='bbox 2467 3782 2593 3851; x_wconf 89' lang='lat' dir='ltr'><strong>quid</strong></span> <span class='ocrx_word' id='word_1_813' title='bbox 2622 3782 2830 3850; x_wconf 90' lang='lat' dir='ltr'><strong>facturi,</strong></span> <span class='ocrx_word' id='word_1_814' title='bbox 2860 3793 2950 3838; x_wconf 84' lang='lat' dir='ltr'><strong>aut</strong></span> <span class='ocrx_word' id='word_1_815' title='bbox 2970 3786 3093 3855; x_wconf 87' lang='lat' dir='ltr'><strong>quid</strong></span> <span class='ocrx_word' id='word_1_816' title='bbox 3121 3786 3316 3840; x_wconf 86' lang='lat' dir='ltr'><strong>factura</strong></span> <span class='ocrx_word' id='word_1_817' title='bbox 3341 3787 3457 3843; x_wconf 90' lang='lat' dir='ltr'><strong>sedi</strong></span> <span class='ocrx_word' id='word_1_818' title='bbox 3496 3786 3601 3851; x_wconf 89' lang='lat' dir='ltr'><strong>Dei,</strong></span> <span class='ocrx_word' id='word_1_819' title='bbox 3627 3793 3677 3839; x_wconf 88' lang='lat' dir='ltr'><strong>et</strong></span> <span class='ocrx_word' id='word_1_820' title='bbox 3700 3779 3815 3835; x_wconf 71' lang='lat' dir='ltr'><strong>caelo</strong></span> 
     </span>
    </p>
   </div>
   <div class='ocr_carea' id='block_1_100' title="bbox 2273 3870 2743 3927">
    <p class='ocr_par' dir='ltr' id='par_1_100' title="bbox 2273 3870 2743 3927">
     <span class='ocr_line' id='line_1_101' title="bbox 2273 3870 2743 3927; baseline 0.002 -3"><span class='ocrx_word' id='word_1_821' title='bbox 2273 3870 2359 3924; x_wconf 88' lang='lat' dir='ltr'><strong>ubi</strong></span> <span class='ocrx_word' id='word_1_822' title='bbox 2391 3870 2540 3925; x_wconf 87' lang='lat' dir='ltr'><strong>sedet</strong></span> <span class='ocrx_word' id='word_1_823' title='bbox 2572 3872 2743 3927; x_wconf 89' lang='lat' dir='ltr'><strong>Deus?</strong></span> 
     </span>
    </p>
   </div>
   <div class='ocr_carea' id='block_1_101' title="bbox 2342 3961 3813 4040">
    <p class='ocr_par' dir='ltr' id='par_1_101' title="bbox 2342 3961 3813 4040">
     <span class='ocr_line' id='line_1_102' title="bbox 2342 3961 3813 4040; baseline -0.004 -22"><span class='ocrx_word' id='word_1_824' title='bbox 2342 3963 2395 4018; x_wconf 72' lang='grc'><strong>4.</strong></span> <span class='ocrx_word' id='word_1_825' title='bbox 2430 3961 2576 4036; x_wconf 82' lang='lat' dir='ltr'><strong>[vers.</strong></span> <span class='ocrx_word' id='word_1_826' title='bbox 2602 3964 2681 4038; x_wconf 76' lang='grc'><strong>2.]</strong></span> <span class='ocrx_word' id='word_1_827' title='bbox 2708 3964 2956 4020; x_wconf 83' lang='lat' dir='ltr'><strong>Dominus</strong></span> <span class='ocrx_word' id='word_1_828' title='bbox 2982 3968 3034 4020; x_wconf 88' lang='lat' dir='ltr'><strong>in</strong></span> <span class='ocrx_word' id='word_1_829' title='bbox 3062 3968 3189 4021; x_wconf 84' lang='lat' dir='ltr'><strong>Sion</strong></span> <span class='ocrx_word' id='word_1_830' title='bbox 3209 3985 3443 4040; x_wconf 81' lang='lat' dir='ltr'><strong>magnus,</strong></span> <span class='ocrx_word' id='word_1_831' title='bbox 3474 3978 3521 4023; x_wconf 89' lang='lat' dir='ltr'><strong>et</strong></span> <span class='ocrx_word' id='word_1_832' title='bbox 3540 3965 3813 4021; x_wconf 68' lang='lat' dir='ltr'><strong>excelsusest</strong></span> 
     </span>
    </p>
   </div>
   <div class='ocr_carea' id='block_1_102' title="bbox 2270 4057 3814 4126">
    <p class='ocr_par' dir='ltr' id='par_1_102' title="bbox 2270 4057 3814 4126">
     <span class='ocr_line' id='line_1_103' title="bbox 2270 4057 3814 4126; baseline -0.003 -19"><span class='ocrx_word' id='word_1_833' title='bbox 2270 4068 2422 4124; x_wconf 83' lang='lat' dir='ltr'><strong>super</strong></span> <span class='ocrx_word' id='word_1_834' title='bbox 2470 4069 2644 4109; x_wconf 87' lang='lat' dir='ltr'><strong>omnes</strong></span> <span class='ocrx_word' id='word_1_835' title='bbox 2696 4057 2928 4126; x_wconf 83' lang='lat' dir='ltr'><strong>populos.</strong></span> <span class='ocrx_word' id='word_1_836' title='bbox 2978 4059 3228 4113; x_wconf 90' lang='lat' dir='ltr'><strong>Dominus</strong></span> <span class='ocrx_word' id='word_1_837' title='bbox 3269 4060 3322 4113; x_wconf 92' lang='lat' dir='ltr'><strong>in</strong></span> <span class='ocrx_word' id='word_1_838' title='bbox 3350 4060 3478 4115; x_wconf 91' lang='lat' dir='ltr'><strong>Sion</strong></span> <span class='ocrx_word' id='word_1_839' title='bbox 3522 4068 3727 4126; x_wconf 85' lang='lat' dir='ltr'><strong>magnus</strong></span> <span class='ocrx_word' id='word_1_840' title='bbox 3770 4057 3814 4103; x_wconf 90' lang='lat' dir='ltr'><strong>et</strong></span> 
     </span>
    </p>
   </div>
   <div class='ocr_carea' id='block_1_103' title="bbox 2271 4144 3811 4218">
    <p class='ocr_par' dir='ltr' id='par_1_103' title="bbox 2271 4144 3811 4218">
     <span class='ocr_line' id='line_1_104' title="bbox 2271 4144 3811 4218; baseline -0.004 -20"><span class='ocrx_word' id='word_1_841' title='bbox 2271 4144 2516 4200; x_wconf 82' lang='lat' dir='ltr'><strong>excelsus</strong></span> <span class='ocrx_word' id='word_1_842' title='bbox 2530 4155 2630 4200; x_wconf 82' lang='lat' dir='ltr'><strong>est.</strong></span> <span class='ocrx_word' id='word_1_843' title='bbox 2667 4147 2821 4213; x_wconf 87' lang='lat' dir='ltr'><strong>Ecce,</strong></span> <span class='ocrx_word' id='word_1_844' title='bbox 2845 4148 2888 4201; x_wconf 92' lang='lat' dir='ltr'><strong>si</strong></span> <span class='ocrx_word' id='word_1_845' title='bbox 2916 4148 3198 4203; x_wconf 89' lang='lat' dir='ltr'><strong>obscurum</strong></span> <span class='ocrx_word' id='word_1_846' title='bbox 3224 4150 3312 4204; x_wconf 90' lang='lat' dir='ltr'><strong>tibi</strong></span> <span class='ocrx_word' id='word_1_847' title='bbox 3343 4161 3477 4215; x_wconf 82' lang='lat' dir='ltr'><strong>erat,</strong></span> <span class='ocrx_word' id='word_1_848' title='bbox 3507 4148 3622 4218; x_wconf 91' lang='lat' dir='ltr'><strong>quia</strong></span> <span class='ocrx_word' id='word_1_849' title='bbox 3645 4144 3811 4198; x_wconf 78' lang='lat' dir='ltr'><strong>dictum</strong></span> 
     </span>
    </p>
   </div>
   <div class='ocr_carea' id='block_1_104' title="bbox 2271 4232 3814 4312">
    <p class='ocr_par' dir='ltr' id='par_1_104' title="bbox 2271 4232 3814 4312">
     <span class='ocr_line' id='line_1_105' title="bbox 2271 4232 3814 4312; baseline 0 -23"><span class='ocrx_word' id='word_1_850' title='bbox 2271 4243 2371 4300; x_wconf 81' lang='lat' dir='ltr'><strong>est,</strong></span> <span class='ocrx_word' id='word_1_851' title='bbox 2398 4234 2497 4300; x_wconf 85' lang='lat' dir='ltr'><strong>Qui</strong></span> <span class='ocrx_word' id='word_1_852' title='bbox 2522 4237 2656 4290; x_wconf 85' lang='lat' dir='ltr'><strong>sedet</strong></span> <span class='ocrx_word' id='word_1_853' title='bbox 2682 4254 2831 4306; x_wconf 85' lang='lat' dir='ltr'><strong>super</strong></span> <span class='ocrx_word' id='word_1_854' title='bbox 2856 4238 3139 4305; x_wconf 84' lang='lat' dir='ltr'><strong>Cherubim,</strong></span> <span class='ocrx_word' id='word_1_855' title='bbox 3167 4242 3441 4298; x_wconf 86' lang='lat' dir='ltr'><strong>nesciebas</strong></span> <span class='ocrx_word' id='word_1_856' title='bbox 3462 4240 3583 4312; x_wconf 89' lang='lat' dir='ltr'><strong>quid</strong></span> <span class='ocrx_word' id='word_1_857' title='bbox 3607 4232 3814 4293; x_wconf 74' lang='lat' dir='ltr'><strong>estChe-</strong></span> 
     </span>
    </p>
   </div>
   <div class='ocr_carea' id='block_1_105' title="bbox 2272 4323 3809 4404">
    <p class='ocr_par' dir='ltr' id='par_1_105' title="bbox 2272 4323 3809 4404">
     <span class='ocr_line' id='line_1_106' title="bbox 2272 4323 3809 4404; baseline 0.001 -24"><span class='ocrx_word' id='word_1_858' title='bbox 2272 4326 2474 4390; x_wconf 89' lang='lat' dir='ltr'><strong>rubim;</strong></span> <span class='ocrx_word' id='word_1_859' title='bbox 2498 4338 2550 4381; x_wconf 93' lang='lat' dir='ltr'><strong>et</strong></span> <span class='ocrx_word' id='word_1_860' title='bbox 2574 4329 2708 4382; x_wconf 87' lang='lat' dir='ltr'><strong>forte</strong></span> <span class='ocrx_word' id='word_1_861' title='bbox 2730 4329 2817 4381; x_wconf 84' lang='lat' dir='ltr'><strong>tibi</strong></span> <span class='ocrx_word' id='word_1_862' title='bbox 2850 4330 3109 4399; x_wconf 83' lang='lat' dir='ltr'><strong>lignrabas</strong></span> <span class='ocrx_word' id='word_1_863' title='bbox 3153 4332 3330 4388; x_wconf 88' lang='lat' dir='ltr'><strong>animo</strong></span> <span class='ocrx_word' id='word_1_864' title='bbox 3354 4331 3633 4404; x_wconf 84' lang='lat' dir='ltr'><strong>quamdam</strong></span> <span class='ocrx_word' id='word_1_865' title='bbox 3655 4323 3809 4381; x_wconf 75' lang='lat' dir='ltr'><strong>cathe-</strong></span> 
     </span>
    </p>
   </div>
   <div class='ocr_carea' id='block_1_106' title="bbox 2271 4410 3808 4490">
    <p class='ocr_par' dir='ltr' id='par_1_106' title="bbox 2271 4410 3808 4490">
     <span class='ocr_line' id='line_1_107' title="bbox 2271 4410 3808 4490; baseline -0.001 -19"><span class='ocrx_word' id='word_1_866' title='bbox 2271 4419 2421 4471; x_wconf 91' lang='lat' dir='ltr'><strong>dram</strong></span> <span class='ocrx_word' id='word_1_867' title='bbox 2447 4420 2740 4483; x_wconf 72' lang='lat' dir='ltr'><strong>caelestem,</strong></span> <span class='ocrx_word' id='word_1_868' title='bbox 2774 4419 3059 4489; x_wconf 85' lang='lat' dir='ltr'><strong>ingentem,</strong></span> <span class='ocrx_word' id='word_1_869' title='bbox 3086 4432 3425 4490; x_wconf 86' lang='lat' dir='ltr'><strong>gemmatam,</strong></span> <span class='ocrx_word' id='word_1_870' title='bbox 3457 4433 3511 4477; x_wconf 91' lang='lat' dir='ltr'><strong>et</strong></span> <span class='ocrx_word' id='word_1_871' title='bbox 3549 4420 3701 4490; x_wconf 85' lang='lat' dir='ltr'><strong>ipsam</strong></span> <span class='ocrx_word' id='word_1_872' title='bbox 3740 4410 3808 4465; x_wconf 83' lang='lat' dir='ltr'><strong>di-</strong></span> 
     </span>
    </p>
   </div>
   <div class='ocr_carea' id='block_1_107' title="bbox 2271 4507 3809 4581">
    <p class='ocr_par' dir='ltr' id='par_1_107' title="bbox 2271 4507 3809 4581">
     <span class='ocr_line' id='line_1_108' title="bbox 2271 4507 3809 4581; baseline -0.005 -19"><span class='ocrx_word' id='word_1_873' title='bbox 2271 4507 2433 4562; x_wconf 80' lang='lat' dir='ltr'><strong>cebas</strong></span> <span class='ocrx_word' id='word_1_874' title='bbox 2482 4508 2793 4574; x_wconf 88' lang='lat' dir='ltr'><strong>Cherubim,</strong></span> <span class='ocrx_word' id='word_1_875' title='bbox 2823 4511 3021 4564; x_wconf 87' lang='lat' dir='ltr'><strong>carnali</strong></span> <span class='ocrx_word' id='word_1_876' title='bbox 3068 4527 3228 4566; x_wconf 87' lang='lat' dir='ltr'><strong>sensu</strong></span> <span class='ocrx_word' id='word_1_877' title='bbox 3256 4514 3483 4568; x_wconf 85' lang='lat' dir='ltr'><strong>volitans</strong></span> <span class='ocrx_word' id='word_1_878' title='bbox 3512 4527 3599 4581; x_wconf 86' lang='lat' dir='ltr'><strong>per</strong></span> <span class='ocrx_word' id='word_1_879' title='bbox 3623 4508 3809 4577; x_wconf 60' lang='lat' dir='ltr'><strong>pliantav</strong></span> 
     </span>
    </p>
   </div>
   <div class='ocr_carea' id='block_1_108' title="bbox 2271 4592 3807 4673">
    <p class='ocr_par' dir='ltr' id='par_1_108' title="bbox 2271 4592 3807 4673">
     <span class='ocr_line' id='line_1_109' title="bbox 2271 4592 3807 4673; baseline -0.005 -23"><span class='ocrx_word' id='word_1_880' title='bbox 2271 4607 2439 4651; x_wconf 84' lang='lat' dir='ltr'><strong>smata</strong></span> <span class='ocrx_word' id='word_1_881' title='bbox 2465 4615 2477 4649; x_wconf 90' lang='lat'><strong>:</strong></span> <span class='ocrx_word' id='word_1_882' title='bbox 2509 4597 2705 4652; x_wconf 90' lang='lat' dir='ltr'><strong>dictum</strong></span> <span class='ocrx_word' id='word_1_883' title='bbox 2722 4599 2907 4653; x_wconf 86' lang='lat' dir='ltr'><strong>esttibi</strong></span> <span class='ocrx_word' id='word_1_884' title='bbox 2926 4600 3046 4669; x_wconf 85' lang='lat' dir='ltr'><strong>quia</strong></span> <span class='ocrx_word' id='word_1_885' title='bbox 3076 4600 3360 4657; x_wconf 89' lang='lat' dir='ltr'><strong>Cherubim</strong></span> <span class='ocrx_word' id='word_1_886' title='bbox 3386 4597 3645 4673; x_wconf 87' lang='lat' dir='ltr'><strong>plenitudo</strong></span> <span class='ocrx_word' id='word_1_887' title='bbox 3662 4592 3807 4647; x_wconf 86' lang='lat' dir='ltr'><strong>scien-</strong></span> 
     </span>
    </p>
   </div>
   <div class='ocr_carea' id='block_1_109' title="bbox 2273 4688 3805 4760">
    <p class='ocr_par' dir='ltr' id='par_1_109' title="bbox 2273 4688 3805 4760">
     <span class='ocr_line' id='line_1_110' title="bbox 2273 4688 3805 4760; baseline -0.003 -18"><span class='ocrx_word' id='word_1_888' title='bbox 2273 4689 2357 4742; x_wconf 65' lang='lat' dir='ltr'><strong>tia:</strong></span> <span class='ocrx_word' id='word_1_889' title='bbox 2381 4697 2495 4753; x_wconf 87' lang='lat' dir='ltr'><strong>est;</strong></span> <span class='ocrx_word' id='word_1_890' title='bbox 2526 4696 2580 4743; x_wconf 88' lang='lat' dir='ltr'><strong>et</strong></span> <span class='ocrx_word' id='word_1_891' title='bbox 2606 4689 2805 4744; x_wconf 89' lang='lat' dir='ltr'><strong>dictum</strong></span> <span class='ocrx_word' id='word_1_892' title='bbox 2848 4697 2931 4744; x_wconf 88' lang='lat' dir='ltr'><strong>est</strong></span> <span class='ocrx_word' id='word_1_893' title='bbox 2963 4691 3084 4760; x_wconf 89' lang='lat' dir='ltr'><strong>quia</strong></span> <span class='ocrx_word' id='word_1_894' title='bbox 3138 4691 3407 4759; x_wconf 87' lang='lat' dir='ltr'><strong>plenitudo</strong></span> <span class='ocrx_word' id='word_1_895' title='bbox 3433 4688 3683 4747; x_wconf 81' lang='lat' dir='ltr'><strong>scienti:e,</strong></span> <span class='ocrx_word' id='word_1_896' title='bbox 3720 4692 3805 4733; x_wconf 78' lang='lat' dir='ltr'><strong>non</strong></span> 
     </span>
    </p>
   </div>
   <div class='ocr_carea' id='block_1_110' title="bbox 2271 4766 3803 4848">
    <p class='ocr_par' dir='ltr' id='par_1_110' title="bbox 2271 4766 3803 4848">
     <span class='ocr_line' id='line_1_111' title="bbox 2271 4766 3803 4848; baseline -0.008 -18"><span class='ocrx_word' id='word_1_897' title='bbox 2271 4778 2555 4847; x_wconf 78' lang='lat' dir='ltr'><strong>ettjuslibet</strong></span> <span class='ocrx_word' id='word_1_898' title='bbox 2583 4779 2843 4845; x_wconf 65' lang='lat' dir='ltr'><strong>scientiie,</strong></span> <span class='ocrx_word' id='word_1_899' title='bbox 2871 4779 2964 4833; x_wconf 86' lang='lat' dir='ltr'><strong>sed</strong></span> <span class='ocrx_word' id='word_1_900' title='bbox 2995 4780 3263 4848; x_wconf 85' lang='lat' dir='ltr'><strong>plenitudo</strong></span> <span class='ocrx_word' id='word_1_901' title='bbox 3291 4783 3521 4835; x_wconf 68' lang='lat' dir='ltr'><strong>scicntia:</strong></span> <span class='ocrx_word' id='word_1_902' title='bbox 3541 4773 3683 4844; x_wconf 84' lang='lat' dir='ltr'><strong>Legis</strong></span> <span class='ocrx_word' id='word_1_903' title='bbox 3721 4766 3803 4821; x_wconf 81' lang='lat' dir='ltr'><strong>uti-</strong></span> 
     </span>
    </p>
   </div>
   <div class='ocr_carea' id='block_1_111' title="bbox 2273 4858 3803 4941">
    <p class='ocr_par' dir='ltr' id='par_1_111' title="bbox 2273 4858 3803 4941">
     <span class='ocr_line' id='line_1_112' title="bbox 2273 4858 3803 4941; baseline -0.003 -17"><span class='ocrx_word' id='word_1_904' title='bbox 2273 4870 2336 4924; x_wconf 89' lang='lat' dir='ltr'><strong>lis</strong></span> <span class='ocrx_word' id='word_1_905' title='bbox 2351 4880 2432 4925; x_wconf 91' lang='lat' dir='ltr'><strong>est</strong></span> <span class='ocrx_word' id='word_1_906' title='bbox 2449 4871 2677 4933; x_wconf 85' lang='lat' dir='ltr'><strong>homini;</strong></span> <span class='ocrx_word' id='word_1_907' title='bbox 2704 4879 2757 4925; x_wconf 91' lang='lat' dir='ltr'><strong>et</strong></span> <span class='ocrx_word' id='word_1_908' title='bbox 2778 4886 2844 4925; x_wconf 91' lang='lat' dir='ltr'><strong>ne</strong></span> <span class='ocrx_word' id='word_1_909' title='bbox 2869 4871 3180 4941; x_wconf 83' lang='lat' dir='ltr'><strong>deSperares</strong></span> <span class='ocrx_word' id='word_1_910' title='bbox 3201 4873 3266 4928; x_wconf 87' lang='lat' dir='ltr'><strong>de</strong></span> <span class='ocrx_word' id='word_1_911' title='bbox 3288 4875 3398 4941; x_wconf 86' lang='lat' dir='ltr'><strong>ipsa</strong></span> <span class='ocrx_word' id='word_1_912' title='bbox 3427 4872 3633 4927; x_wconf 86' lang='lat' dir='ltr'><strong>scientia</strong></span> <span class='ocrx_word' id='word_1_913' title='bbox 3655 4858 3803 4927; x_wconf 64' lang='lat' dir='ltr'><strong>Legi‘.</strong></span> 
     </span>
    </p>
   </div>
   <div class='ocr_carea' id='block_1_112' title="bbox 2273 4948 3803 5034">
    <p class='ocr_par' dir='ltr' id='par_1_112' title="bbox 2273 4948 3803 5034">
     <span class='ocr_line' id='line_1_113' title="bbox 2273 4948 3803 5034; baseline -0.007 -19"><span class='ocrx_word' id='word_1_914' title='bbox 2273 4961 2503 5016; x_wconf 86' lang='lat' dir='ltr'><strong>breviter</strong></span> <span class='ocrx_word' id='word_1_915' title='bbox 2531 4962 2621 5015; x_wconf 90' lang='lat' dir='ltr'><strong>tibi</strong></span> <span class='ocrx_word' id='word_1_916' title='bbox 2644 4962 2842 5015; x_wconf 86' lang='lat' dir='ltr'><strong>dictum</strong></span> <span class='ocrx_word' id='word_1_917' title='bbox 2873 4974 2974 5027; x_wconf 90' lang='lat' dir='ltr'><strong>est,</strong></span> <span class='ocrx_word' id='word_1_918' title='bbox 3008 4961 3280 5018; x_wconf 84' lang='lat' dir='ltr'><strong>Plenitudo</strong></span> <span class='ocrx_word' id='word_1_919' title='bbox 3306 4965 3453 5034; x_wconf 72' lang='lat' dir='ltr'><strong>Legi:</strong></span> <span class='ocrx_word' id='word_1_920' title='bbox 3476 4961 3696 5016; x_wconf 75' lang='lat' dir='ltr'><strong>charitas.</strong></span> <span class='ocrx_word' id='word_1_921' title='bbox 3716 4948 3803 5004; x_wconf 46' lang='lat' dir='ltr'><strong>Ha.</strong></span> 
     </span>
    </p>
   </div>
   <div class='ocr_carea' id='block_1_113' title="bbox 2271 5044 3803 5128">
    <p class='ocr_par' dir='ltr' id='par_1_113' title="bbox 2271 5044 3803 5128">
     <span class='ocr_line' id='line_1_114' title="bbox 2271 5044 3803 5128; baseline -0.007 -19"><span class='ocrx_word' id='word_1_922' title='bbox 2271 5053 2395 5109; x_wconf 83' lang='lat' dir='ltr'><strong>beto</strong></span> <span class='ocrx_word' id='word_1_923' title='bbox 2441 5070 2567 5124; x_wconf 87' lang='lat' dir='ltr'><strong>ergo</strong></span> <span class='ocrx_word' id='word_1_924' title='bbox 2613 5054 2924 5110; x_wconf 84' lang='lat' dir='ltr'><strong>cbaritatem</strong></span> <span class='ocrx_word' id='word_1_925' title='bbox 2968 5056 3018 5109; x_wconf 93' lang='lat' dir='ltr'><strong>in</strong></span> <span class='ocrx_word' id='word_1_926' title='bbox 3051 5057 3215 5110; x_wconf 89' lang='lat' dir='ltr'><strong>Deum</strong></span> <span class='ocrx_word' id='word_1_927' title='bbox 3246 5060 3379 5112; x_wconf 90' lang='lat' dir='ltr'><strong>etin</strong></span> <span class='ocrx_word' id='word_1_928' title='bbox 3412 5054 3719 5128; x_wconf 85' lang='lat' dir='ltr'><strong>proximum,</strong></span> <span class='ocrx_word' id='word_1_929' title='bbox 3761 5044 3803 5090; x_wconf 75' lang='grc' dir='ltr'>ει</span> 
     </span>
    </p>
   </div>
   <div class='ocr_carea' id='block_1_114' title="bbox 2271 5133 3803 5215">
    <p class='ocr_par' dir='ltr' id='par_1_114' title="bbox 2271 5133 3803 5215">
     <span class='ocr_line' id='line_1_115' title="bbox 2271 5133 3803 5215; baseline -0.008 -15"><span class='ocrx_word' id='word_1_930' title='bbox 2271 5149 2378 5201; x_wconf 85' lang='lat' dir='ltr'><strong>eris</strong></span> <span class='ocrx_word' id='word_1_931' title='bbox 2407 5148 2560 5201; x_wconf 81' lang='lat' dir='ltr'><strong>sedes</strong></span> <span class='ocrx_word' id='word_1_932' title='bbox 2585 5148 2674 5202; x_wconf 92' lang='lat' dir='ltr'><strong>Dei</strong></span> <span class='ocrx_word' id='word_1_933' title='bbox 2701 5164 2714 5213; x_wconf 88' lang='lat'><strong>;</strong></span> <span class='ocrx_word' id='word_1_934' title='bbox 2749 5148 3038 5215; x_wconf 89' lang='lat' dir='ltr'><strong>pertinebis</strong></span> <span class='ocrx_word' id='word_1_935' title='bbox 3060 5149 3125 5204; x_wconf 88' lang='lat' dir='ltr'><strong>ad</strong></span> <span class='ocrx_word' id='word_1_936' title='bbox 3149 5149 3451 5205; x_wconf 86' lang='lat' dir='ltr'><strong>Cherubim.</strong></span> <span class='ocrx_word' id='word_1_937' title='bbox 3479 5144 3577 5202; x_wconf 86' lang='lat' dir='ltr'><strong>Sed</strong></span> <span class='ocrx_word' id='word_1_938' title='bbox 3600 5140 3640 5195; x_wconf 90' lang='lat' dir='ltr'><strong>si</strong></span> <span class='ocrx_word' id='word_1_939' title='bbox 3660 5133 3803 5189; x_wconf 81' lang='lat' dir='ltr'><strong>adhuc</strong></span> 
     </span>
    </p>
   </div>
   <div class='ocr_carea' id='block_1_115' title="bbox 2274 5224 3800 5311">
    <p class='ocr_par' dir='ltr' id='par_1_115' title="bbox 2274 5224 3800 5311">
     <span class='ocr_line' id='line_1_116' title="bbox 2274 5224 3800 5311; baseline -0.009 -19"><span class='ocrx_word' id='word_1_940' title='bbox 2274 5254 2378 5293; x_wconf 88' lang='lat' dir='ltr'><strong>non</strong></span> <span class='ocrx_word' id='word_1_941' title='bbox 2402 5240 2648 5309; x_wconf 80' lang='lat' dir='ltr'><strong>intelligis</strong></span> <span class='ocrx_word' id='word_1_942' title='bbox 2670 5281 2684 5303; x_wconf 92' lang='lat'><strong>,</strong></span> <span class='ocrx_word' id='word_1_943' title='bbox 2714 5240 2835 5294; x_wconf 88' lang='lat' dir='ltr'><strong>audi</strong></span> <span class='ocrx_word' id='word_1_944' title='bbox 2862 5240 2988 5310; x_wconf 90' lang='lat' dir='ltr'><strong>quid</strong></span> <span class='ocrx_word' id='word_1_945' title='bbox 3017 5252 3268 5311; x_wconf 86' lang='lat' dir='ltr'><strong>sequatur</strong></span> <span class='ocrx_word' id='word_1_946' title='bbox 3300 5242 3577 5297; x_wconf 81' lang='lat' dir='ltr'><strong>:Dominus</strong></span> <span class='ocrx_word' id='word_1_947' title='bbox 3609 5233 3659 5285; x_wconf 85' lang='lat' dir='ltr'><strong>in</strong></span> <span class='ocrx_word' id='word_1_948' title='bbox 3695 5224 3800 5279; x_wconf 69' lang='lat' dir='ltr'><strong>Sion</strong></span> 
     </span>
    </p>
   </div>
   <div class='ocr_carea' id='block_1_116' title="bbox 2273 5324 3798 5402">
    <p class='ocr_par' dir='ltr' id='par_1_116' title="bbox 2273 5324 3798 5402">
     <span class='ocr_line' id='line_1_117' title="bbox 2273 5324 3798 5402; baseline -0.013 -20"><span class='ocrx_word' id='word_1_949' title='bbox 2273 5346 2506 5400; x_wconf 82' lang='lat' dir='ltr'><strong>magnus.</strong></span> <span class='ocrx_word' id='word_1_950' title='bbox 2537 5331 2704 5396; x_wconf 87' lang='lat' dir='ltr'><strong>Quem</strong></span> <span class='ocrx_word' id='word_1_951' title='bbox 2734 5331 2825 5385; x_wconf 90' lang='lat' dir='ltr'><strong>tibi</strong></span> <span class='ocrx_word' id='word_1_952' title='bbox 2846 5331 2954 5385; x_wconf 80' lang='lat' dir='ltr'><strong>dixi</strong></span> <span class='ocrx_word' id='word_1_953' title='bbox 2986 5348 3146 5402; x_wconf 85' lang='lat' dir='ltr'><strong>super</strong></span> <span class='ocrx_word' id='word_1_954' title='bbox 3164 5332 3467 5395; x_wconf 62' lang='lat' dir='ltr'><strong>Chrrubim,</strong></span> <span class='ocrx_word' id='word_1_955' title='bbox 3494 5332 3542 5384; x_wconf 93' lang='lat' dir='ltr'><strong>in</strong></span> <span class='ocrx_word' id='word_1_956' title='bbox 3567 5324 3680 5379; x_wconf 85' lang='lat' dir='ltr'><strong>Sion</strong></span> <span class='ocrx_word' id='word_1_957' title='bbox 3704 5324 3798 5367; x_wconf 82' lang='lat' dir='ltr'><strong>nta-</strong></span> 
     </span>
    </p>
   </div>
   <div class='ocr_carea' id='block_1_117' title="bbox 2272 5406 3798 5492">
    <p class='ocr_par' dir='ltr' id='par_1_117' title="bbox 2272 5406 3798 5492">
     <span class='ocr_line' id='line_1_118' title="bbox 2272 5406 3798 5492; baseline -0.01 -17"><span class='ocrx_word' id='word_1_958' title='bbox 2272 5435 2406 5489; x_wconf 79' lang='lat' dir='ltr'><strong>guus</strong></span> <span class='ocrx_word' id='word_1_959' title='bbox 2434 5432 2533 5475; x_wconf 88' lang='lat' dir='ltr'><strong>est.</strong></span> <span class='ocrx_word' id='word_1_960' title='bbox 2566 5421 2681 5475; x_wconf 81' lang='lat' dir='ltr'><strong>Jam</strong></span> <span class='ocrx_word' id='word_1_961' title='bbox 2728 5438 2908 5492; x_wconf 77' lang='lat' dir='ltr'><strong>qturre</strong></span> <span class='ocrx_word' id='word_1_962' title='bbox 2952 5423 3074 5492; x_wconf 90' lang='lat' dir='ltr'><strong>quid</strong></span> <span class='ocrx_word' id='word_1_963' title='bbox 3106 5433 3189 5479; x_wconf 88' lang='lat' dir='ltr'><strong>est</strong></span> <span class='ocrx_word' id='word_1_964' title='bbox 3230 5424 3400 5479; x_wconf 89' lang='lat' dir='ltr'><strong>Sion?</strong></span> <span class='ocrx_word' id='word_1_965' title='bbox 3427 5423 3548 5478; x_wconf 89' lang='lat' dir='ltr'><strong>Sion</strong></span> <span class='ocrx_word' id='word_1_966' title='bbox 3591 5406 3798 5467; x_wconf 60' lang='lat' dir='ltr'><strong>navim!”</strong></span> 
     </span>
    </p>
   </div>
   <div class='ocr_carea' id='block_1_118' title="bbox 2273 5493 3795 5580">
    <p class='ocr_par' dir='ltr' id='par_1_118' title="bbox 2273 5493 3795 5580">
     <span class='ocr_line' id='line_1_119' title="bbox 2273 5493 3795 5580; baseline -0.011 -13"><span class='ocrx_word' id='word_1_967' title='bbox 2273 5513 2537 5567; x_wconf 89' lang='lat' dir='ltr'><strong>civitatem</strong></span> <span class='ocrx_word' id='word_1_968' title='bbox 2563 5512 2652 5566; x_wconf 90' lang='lat' dir='ltr'><strong>Dei</strong></span> <span class='ocrx_word' id='word_1_969' title='bbox 2681 5527 2819 5567; x_wconf 88' lang='lat' dir='ltr'><strong>esse.</strong></span> <span class='ocrx_word' id='word_1_970' title='bbox 2850 5513 2977 5567; x_wconf 88' lang='lat' dir='ltr'><strong>Sion</strong></span> <span class='ocrx_word' id='word_1_971' title='bbox 3006 5515 3140 5567; x_wconf 89' lang='lat' dir='ltr'><strong>dicta</strong></span> <span class='ocrx_word' id='word_1_972' title='bbox 3163 5524 3243 5568; x_wconf 90' lang='lat' dir='ltr'><strong>est</strong></span> <span class='ocrx_word' id='word_1_973' title='bbox 3257 5516 3438 5569; x_wconf 87' lang='lat' dir='ltr'><strong>civitas</strong></span> <span class='ocrx_word' id='word_1_974' title='bbox 3459 5523 3568 5580; x_wconf 79' lang='lat' dir='ltr'><strong>qua:</strong></span> <span class='ocrx_word' id='word_1_975' title='bbox 3583 5493 3795 5557; x_wconf 77' lang='lat' dir='ltr'><strong>estlerll&#39;</strong></span> 
     </span>
    </p>
   </div>
   <div class='ocr_carea' id='block_1_119' title="bbox 2273 5589 3793 5673">
    <p class='ocr_par' dir='ltr' id='par_1_119' title="bbox 2273 5589 3793 5673">
     <span class='ocr_line' id='line_1_120' title="bbox 2273 5589 3793 5673; baseline -0.018 -5"><span class='ocrx_word' id='word_1_976' title='bbox 2273 5601 2471 5665; x_wconf 66' lang='grc' dir='ltr'>ειιιθηη</span> <span class='ocrx_word' id='word_1_977' title='bbox 2499 5600 2638 5655; x_wconf 85' lang='lat' dir='ltr'><strong>dicta</strong></span> <span class='ocrx_word' id='word_1_978' title='bbox 2669 5612 2844 5657; x_wconf 87' lang='lat' dir='ltr'><strong>autem</strong></span> <span class='ocrx_word' id='word_1_979' title='bbox 2872 5618 2935 5657; x_wconf 75' lang='lat' dir='ltr'><strong>ex</strong></span> <span class='ocrx_word' id='word_1_980' title='bbox 2959 5603 3391 5672; x_wconf 86' lang='lat' dir='ltr'><strong>interpretatione</strong></span> <span class='ocrx_word' id='word_1_981' title='bbox 3411 5597 3617 5673; x_wconf 88' lang='lat' dir='ltr'><strong>quadam</strong></span> <span class='ocrx_word' id='word_1_982' title='bbox 3634 5589 3793 5644; x_wconf 67' lang='lat' dir='ltr'><strong>nolitell</strong></span> 
     </span>
    </p>
   </div>
   <div class='ocr_carea' id='block_1_120' title="bbox 2339 5709 3797 5795">
    <p class='ocr_par' dir='ltr' id='par_1_120' title="bbox 2339 5709 3797 5795">
     <span class='ocr_line' id='line_1_121' title="bbox 2339 5709 3797 5795; baseline -0.007 -13"><span class='ocrx_word' id='word_1_983' title='bbox 2339 5736 2354 5766; x_wconf 74' lang='grc' dir='ltr'><strong>ι</strong></span> <span class='ocrx_word' id='word_1_984' title='bbox 2380 5741 2497 5792; x_wconf 73' lang='lat' dir='ltr'><strong>Vox,</strong></span> <span class='ocrx_word' id='word_1_985' title='bbox 2537 5730 2743 5790; x_wconf 81' lang='lat' dir='ltr'><strong>culmen,</strong></span> <span class='ocrx_word' id='word_1_986' title='bbox 2781 5735 2920 5783; x_wconf 85' lang='lat' dir='ltr'><strong>abest</strong></span> <span class='ocrx_word' id='word_1_987' title='bbox 2944 5746 2972 5783; x_wconf 90' lang='lat' dir='ltr'><strong>a</strong></span> <span class='ocrx_word' id='word_1_988' title='bbox 2988 5741 3094 5784; x_wconf 76' lang='lat' dir='ltr'><strong>Mss.</strong></span> <span class='ocrx_word' id='word_1_989' title='bbox 3122 5741 3173 5784; x_wconf 88' lang='lat' dir='ltr'><strong>et</strong></span> <span class='ocrx_word' id='word_1_990' title='bbox 3194 5734 3319 5795; x_wconf 89' lang='lat' dir='ltr'><strong>loco,</strong></span> <span class='ocrx_word' id='word_1_991' title='bbox 3341 5736 3405 5786; x_wconf 86' lang='lat' dir='ltr'><strong>ad</strong></span> <span class='ocrx_word' id='word_1_992' title='bbox 3427 5736 3611 5785; x_wconf 83' lang='lat' dir='ltr'><strong>tantum,</strong></span> <span class='ocrx_word' id='word_1_993' title='bbox 3633 5709 3797 5780; x_wconf 43' lang='lat' dir='ltr'><strong>quid”.</strong></span> 
     </span>
    </p>
   </div>
   <div class='ocr_carea' id='block_1_121' title="bbox 2273 5794 2784 5855">
    <p class='ocr_par' dir='ltr' id='par_1_121' title="bbox 2273 5794 2784 5855">
     <span class='ocr_line' id='line_1_122' title="bbox 2273 5794 2784 5855; baseline -0.002 -11"><span class='ocrx_word' id='word_1_994' title='bbox 2273 5795 2473 5855; x_wconf 72' lang='lat' dir='ltr'><strong>habent,</strong></span> <span class='ocrx_word' id='word_1_995' title='bbox 2500 5794 2564 5844; x_wconf 88' lang='lat' dir='ltr'><strong>ad</strong></span> <span class='ocrx_word' id='word_1_996' title='bbox 2588 5800 2784 5844; x_wconf 82' lang='lat' dir='ltr'><strong>tantum.</strong></span> 
     </span>
    </p>
   </div>
  </div>
