4088 6450
270 379 395 435 lilii

268 489 556 559 accipiens,
585 490 702 560 quia
727 490 858 547 Sion
886 490 1191 562 Speculatio
1218 490 1432 557 dicitur,
1463 490 1515 547 id
1541 501 1624 547 est
1652 492 1784 546 visio
1806 501 1858 545 et

268 580 671 651 contemplatio.
722 580 995 651 Speculari
1054 583 1195 636 enim
1253 583 1557 652 prospicere
1608 590 1727 650 est,
1776 581 1860 637 vel

271 671 606 743 conspicere,
632 673 716 727 vel
744 673 1023 729 intendere
1050 683 1105 727 ιιι
1135 673 1334 727 videas.
1382 674 1478 729 Est
1515 681 1692 727 autem
1730 671 1859 727 Sion

272 766 445 822 omnis
471 766 669 829 anima,
704 766 749 819 si
776 766 1003 821 intendit
1048 766 1226 822 videre
1255 765 1428 820 lucem
1470 780 1590 836 qua:
1632 763 1859 820 videnda

281 866 361 914 est
384 859 423 911 ⁸.
457 858 593 912 Nam
619 858 666 913 si
691 858 759 913 ad
790 875 940 914 suam
986 858 1290 923 attenderit,
1326 860 1631 914 tenebratur
1663 876 1676 912 :
1706 859 1750 913 si
1793 857 1861 912 ad

277 951 450 1007 lucem
477 951 624 1006 illius
649 952 958 1019 attenderit,
993 952 1335 1007 illuminatur.
1359 952 1493 1021 Quia
1532 962 1708 1007 tamen
1745 966 1861 1006 ma-

278 1042 534 1099 nifesmm
565 1053 646 1098 est
673 1043 800 1099 Sion
831 1045 1095 1099 civitatem
1130 1044 1222 1098 Dei
1250 1059 1400 1109 esse;
1425 1059 1542 1113 qua:
1568 1044 1651 1098 est
1674 1043 1863 1098 civitas

278 1135 390 1201 Dei,
422 1135 527 1190 nisi
555 1144 737 1191 sancta
765 1136 1046 1191 Ecclesia?
1072 1137 1326 1191 llomines
1345 1136 1490 1191 enim
1518 1145 1765 1191 amantes
1803 1150 1863 1191 se

274 1226 525 1291 invicem,
558 1235 613 1281 et
640 1237 883 1283 amantes
909 1228 1078 1283 Deum
1126 1242 1280 1283 suum
1319 1229 1410 1298 qui
1433 1228 1487 1283 in
1514 1229 1616 1282 illis
1636 1227 1858 1294 habitat,

278 1316 474 1373 faciunt
494 1319 766 1373 civitatem
794 1320 925 1374 Deo.
952 1320 1089 1387 Quia
1106 1320 1220 1391 lege
1248 1320 1477 1390 quadam
1503 1319 1692 1375 civitas
1728 1335 1862 1375 eon-

276 1409 504 1473 tinetur;
537 1410 627 1466 lex
656 1411 773 1480 ipsa
798 1427 1005 1480 eorum,
1039 1413 1273 1467 charitas
1315 1422 1433 1478 est;
1456 1422 1511 1468 et
1546 1413 1660 1482 ipsa
1686 1412 1862 1467 chari-

281 1513 374 1566 tas,
398 1501 541 1556 Deus
561 1512 644 1555 est
670 1519 681 1554 :
704 1510 888 1571 aperte
910 1503 1054 1558 enim
1076 1503 1329 1573 scriptum
1352 1512 1452 1567 est,
1478 1501 1618 1558 Deus
1639 1503 1861 1558 citat-itas

280 1604 346 1647 est
370 1592 412 1662 (ι
430 1592 592 1648 Joan.
622 1611 697 1660 tv,
722 1595 798 1666 8).
822 1596 922 1661 Qui
947 1610 1076 1664 ergo
1103 1596 1291 1664 plenus
1330 1607 1411 1650 εει
1440 1595 1719 1661 charitate,
1751 1596 1861 1664 ple—

284 1698 375 1739 nus
397 1694 478 1739 est
514 1686 663 1751 Deo;
693 1694 746 1740 et
790 1686 941 1741 multi
989 1686 1129 1755 pleni
1174 1686 1452 1751 charitate,
1482 1686 1748 1741 civitatem
1780 1684 1861 1739 fa-

281 1777 410 1829 ciunt
436 1776 567 1830 Deo.
606 1776 706 1830 Ista
735 1777 922 1831 civitas
948 1776 1039 1831 Dei
1064 1785 1283 1832 vocatur
1326 1777 1452 1831 Sion
1486 1794 1498 1830 :
1524 1793 1649 1846 ergo
1673 1777 1860 1830 Eccle-

277 1870 349 1923 sia
367 1879 447 1924 est
469 1868 628 1924 Sion.
664 1870 718 1923 In
742 1870 831 1924 illa
871 1879 952 1925 est
978 1885 1201 1940 magnus
1235 1870 1392 1925 Deus.
1426 1869 1481 1923 ln
1522 1869 1610 1923 illa
1641 1880 1776 1933 esto,
1808 1878 1863 1924 et

275 1974 372 2015 non
387 1962 706 2031 eritprtetcr
724 1971 775 2016 te
799 1962 957 2016 Deus.
990 1961 1122 2016 Cum
1149 1972 1325 2016 autem
1353 1961 1510 2016 fuerit
1534 1961 1586 2015 in
1615 1970 1666 2016 te
1699 1962 1858 2028 Deus,

275 2052 385 2120 quia
415 2063 468 2107 tu
495 2053 673 2108 factus
694 2070 754 2108 cs
776 2054 843 2109 de
866 2053 1014 2120 Sion,
1043 2055 1336 2110 membrum
1368 2053 1436 2109 de
1461 2054 1607 2119 Sion,
1639 2055 1769 2108 civis
1794 2053 1861 2108 de

274 2143 409 2211 Sion,
444 2146 725 2214 pertinens
744 2145 811 2200 ad
838 2146 1150 2201 societatem
1176 2147 1353 2216 populi
1380 2147 1470 2201 Dei
1497 2164 1510 2213 ;
1536 2148 1779 2201 excelsus
1808 2148 1858 2201 in

275 2245 322 2290 te
358 2238 458 2291 erit
492 2238 641 2293 Deus
682 2253 844 2308 super
884 2254 1072 2296 omnes
1111 2240 1369 2310 populos.
1410 2254 1572 2308 super
1612 2240 1728 2294 illos
1771 2242 1858 2310 qui

275 2330 605 2397 irascuntur,
646 2341 740 2386 aut
764 2346 924 2402 super
950 2332 1069 2387 illos
1097 2332 1187 2402 qui
1218 2332 1603 2387 irascebantur.
1657 2333 1860 2387 Putatis

275 2420 403 2475 enim
422 2422 546 2491 quia
573 2430 701 2477 tunc
740 2423 1123 2489 irascebantur,
1145 2421 1377 2478 etmodo
1400 2437 1503 2475 non
1528 2421 1859 2477 irascuntur?

276 2512 637 2569 lrascehantur
666 2522 790 2571 tunc
814 2533 825 2569 :
859 2515 952 2571 sed
979 2516 1101 2585 quia
1129 2516 1304 2586 plures
1329 2524 1499 2577 erant,
1533 2524 1718 2583 aperte
1757 2516 1860 2569 ira-

275 2603 579 2669 scebantur;
607 2606 768 2661 modo
790 2606 911 2676 quia
932 2605 1081 2676 pauci
1104 2605 1222 2661 facti
1242 2606 1607 2671 sunt,oceulte
1625 2606 1861 2661 irascune

278 2703 369 2750 tur.
402 2696 621 2751 Interim
659 2697 821 2752 fracta
852 2708 931 2752 est
959 2699 1206 2763 audacia;
1256 2698 1466 2752 finietur
1485 2708 1539 2753 et
1563 2697 1854 2752 iracundia.

339 2790 388 2843 5.
410 2789 623 2844 Putatis
653 2790 820 2853 enim,
848 2789 1063 2855 fratres,
1093 2790 1214 2860 quia
1238 2790 1310 2843 illi
1341 2803 1568 2859 quorum
1609 2789 1857 2844 hesterno

276 2878 353 2937 die
377 2896 581 2952 organa
626 2882 1041 2952 concrepabant,
1078 2897 1180 2935 non
1211 2882 1508 2936 irascuntur
1536 2882 1604 2935 de
1638 2880 1858 2951 jejuniis

278 2973 495 3028 nostris?
521 2973 645 3028 Non
673 2983 850 3029 autem
881 2973 961 3030 eis
1010 2974 1322 3036 irascamur,
1353 2972 1445 3028 sed
1476 2988 1575 3042 pro
1600 2972 1680 3028 eis
1711 2972 1855 3043 jeju-

277 3080 468 3122 nemus.
506 3067 652 3121 Dixit
680 3066 824 3122 enim
865 3066 1018 3119 nobis
1048 3066 1300 3119 Dominus
1346 3065 1487 3119 Deus
1538 3074 1720 3119 noster
1766 3064 1857 3133 qui

277 3156 415 3212 sedet
443 3158 494 3212 in
537 3158 713 3221 nobis,
745 3158 857 3227 ipse
888 3157 1042 3211 nobis
1079 3156 1348 3211 mandavit
1392 3166 1449 3211 ut
1499 3171 1716 3212 oremus
1758 3172 1856 3225 pro

278 3248 495 3304 inimicis
565 3250 798 3312 nostris,
827 3264 1042 3303 oremus
1094 3264 1191 3318 pro
1252 3248 1691 3317 persequentibus
1756 3263 1856 3302 nos

281 3338 479 3409 (Matth.
523 3357 578 3404 v,
620 3340 757 3411 44):
798 3350 851 3395 et
899 3356 1022 3396 cum
1070 3340 1173 3396 hoc
1220 3340 1342 3394 facit
1396 3340 1656 3406 Ecclesia,
1690 3355 1857 3410 prope

280 3430 400 3485 liniti
427 3441 560 3487 sunt
585 3440 976 3500 persecutores.
1006 3430 1263 3485 Exandita
1292 3440 1374 3485 est
1396 3431 1539 3485 enim
1580 3446 1700 3485 cum
1751 3430 1854 3486 hoc

280 3519 487 3589 faceret,
509 3523 859 3577 etcxauditur
884 3538 1003 3577 cum
1027 3521 1126 3575 hoc
1154 3521 1277 3576 facit
1301 3540 1313 3575 :
1341 3520 1695 3591 praevalebant
1713 3520 1854 3575 malo

279 3628 385 3682 suo,
414 3614 551 3671 liniti
574 3622 700 3669 sunt
719 3615 859 3670 bono
894 3629 1011 3670 suo.
1040 3613 1317 3681 Quomodo
1362 3614 1503 3669 enim
1544 3614 1677 3668 finiti
1707 3621 1852 3682 sunt,

280 3706 425 3761 vultis
449 3708 653 3763 nosse?
673 3707 966 3762 Manducati
994 3716 1117 3762 sunt
1140 3708 1206 3762 ab
1228 3707 1484 3762 Ecclesia.
1508 3707 1712 3776 Quaeris
1738 3708 1855 3763 illos

282 3795 328 3849 in
356 3812 430 3864 se,
452 3807 512 3853 et
540 3814 647 3852 non
675 3799 917 3865 invenis;
949 3814 1129 3869 quarre
1153 3799 1203 3852 in
1235 3813 1295 3851 ea
1323 3814 1441 3868 qua:
1472 3799 1589 3852 illos
1634 3799 1855 3852 mandu-

282 3890 428 3956 cavit,
458 3903 515 3945 et
544 3891 594 3945 io
628 3891 921 3946 visceribus
950 3892 1064 3959 ejus
1107 3890 1463 3944 inveniuntur.
1495 3889 1854 3946 Transeuntes

284 3981 417 4035 enim
453 3983 522 4036 ad
550 3983 842 4038 Ecclesiam
864 4025 879 4047 ,
912 3982 1183 4037 christiani
1224 3980 1350 4036 facti
1399 3991 1549 4046 sunt;
1584 3983 1857 4051 perierunt

288 4083 663 4138 persecutores,
693 4082 981 4127 creverunt
1022 4072 1415 4143 praedicatores.
1457 4071 1581 4125 Ideo
1609 4086 1704 4141 per
1740 4072 1856 4127 dies

285 4158 435 4216 festos
473 4163 732 4232 ipsorum,
765 4163 885 4231 quia
923 4162 1162 4218 videmus
1206 4176 1299 4216 eos
1352 4161 1440 4232 qui
1488 4162 1677 4231 reliqui
1732 4162 1855 4218 facti

282 4262 414 4317 sunt,
447 4255 685 4309 insanire
728 4254 900 4309 adhuc
946 4255 996 4308 in
1041 4254 1397 4325 voluptatibus
1424 4254 1577 4309 ’suis
1621 4256 1773 4310 malis
1803 4264 1858 4311 et

283 4349 564 4415 perversis,
585 4363 833 4419 rogamus
858 4364 953 4419 pro
980 4349 1081 4402 illis
1109 4348 1298 4408 Deum.
1332 4356 1387 4401 ut
1428 4348 1519 4417 qui
1568 4346 1858 4403 delectabi-

283 4434 396 4493 liter
436 4440 663 4494 andiunt
708 4455 963 4509 organum
991 4481 1006 4505 ,
1035 4439 1402 4494 delectabilius
1428 4438 1647 4492 audiant
1673 4455 1854 4495 vocem

284 4526 525 4585 Dei.Non
547 4531 688 4585 enim
710 4530 851 4601 quod
872 4531 1157 4586 sonatsine
1179 4531 1381 4585 ratione
1399 4530 1629 4585 delectat
1649 4547 1854 4595 aurem,

283 4625 573 4680 etverbum
600 4624 691 4678 Dei
738 4638 843 4677 non
875 4622 1105 4677 delectat
1150 4637 1262 4677 cor.
1289 4621 1393 4677 Sed
1449 4621 1570 4676 ideo
1616 4636 1709 4690 pro
1754 4621 1859 4675 illis

282 4726 511 4781 oramus,
530 4716 743 4787 quando
770 4716 959 4771 diebus
985 4715 1194 4769 illorum
1224 4714 1372 4770 festis
1396 4730 1501 4769 non
1527 4714 1855 4785 jejunamus,

285 4814 338 4859 ut
360 4807 485 4863 (iant
523 4808 623 4862 sibi
655 4809 751 4877 ipsi
782 4808 1161 4876 spectaculum.
1189 4806 1411 4873 Quando
1454 4808 1594 4859 enim
1630 4805 1861 4859 viderint

283 4913 356 4967 se,
387 4900 745 4970 displicehunt
788 4900 926 4964 sibi;
955 4899 1048 4955 sed
1099 4898 1219 4954 ideo
1263 4915 1366 4953 non
1396 4899 1495 4953 sibi
1538 4898 1856 4968 displicent,

285 4991 399 5058 quia
419 5007 528 5047 non
563 5007 620 5047 se
647 4992 947 5047 attendunt.
984 4990 1174 5046 Ebrius
1207 5006 1310 5045 non
1337 4990 1439 5045 sibi
1469 4991 1733 5059 displicet,
1766 4989 1860 5044 sed

288 5083 460 5140 sobrio
488 5084 753 5154 displicet.
788 5085 859 5138 Da
891 5084 1160 5139 hominem
1187 5085 1274 5153 qui
1316 5083 1423 5154 jam
1446 5083 1767 5153 jucundatur
1806 5084 1859 5138 in

290 5169 409 5240 Deo,
436 5176 573 5229 vivit
593 5176 844 5245 graviter,
876 5175 1107 5245 suspirat
1133 5175 1184 5228 in
1217 5175 1358 5228 illam
1391 5189 1574 5243 pacem
1604 5183 1858 5229 atternam

286 5279 435 5333 quam
458 5269 533 5323 illi
558 5270 801 5338 promisit
822 5270 961 5323 Deus
982 5286 997 5334 ;
1016 5279 1072 5324 et
1091 5269 1210 5323 vide
1234 5270 1355 5338 quia
1372 5269 1583 5339 quando
1608 5284 1859 5338 respexe-

292 5356 353 5410 rit
369 5359 634 5416 hominem
662 5361 946 5417 saltantem
968 5362 1033 5417 ad
1060 5377 1340 5433 organum,
1372 5362 1488 5432 plus
1534 5363 1680 5417 illum
1717 5364 1863 5419 dolet

293 5445 650 5517 insanientem,
691 5468 849 5521 quam
880 5453 1247 5522 phreneticum
1280 5452 1613 5509 febrientem.
1647 5453 1787 5523 Ergo
1816 5455 1862 5509 si

294 5540 522 5597 novimus
548 5542 685 5597 mala
716 5543 949 5607 illorum,
969 5545 1089 5613 quia
1122 5544 1188 5598 de
1236 5544 1363 5613 ipsis
1391 5545 1543 5600 malis
1585 5554 1639 5600 et
1669 5561 1766 5600 nos
1794 5544 1859 5599 li-

296 5624 448 5685 berati
486 5649 708 5701 smnus,
749 5633 1026 5690 doleamus
1064 5635 1225 5701 illos;
1264 5645 1318 5690 et
1355 5637 1399 5690 si
1439 5636 1683 5694 dolemus
1722 5636 1859 5703 illos,

352 5769 367 5831 ξ
393 5773 594 5831 veteres
614 5773 747 5831 Mss,
768 5764 936 5831 ridere
972 5769 1099 5831 quod
1123 5768 1383 5820 videndum
1399 5776 1485 5820 est.

350 5826 369 5857 ⁸
389 5829 457 5879 Sic
477 5836 582 5879 αις.
610 5837 667 5881 At
688 5829 823 5890 add,
843 5826 1170 5880 voluntatibus.

1212 5894 1225 5919 1

1373 378 1771 434 ENARRATIO
1808 378 1872 433 IN
1912 377 2231 435 PSALSIUM
2261 381 2488 438 XCVIII.

3421 390 3440 441 l
3452 390 3554 447 262

1970 504 2184 547 oremus
2230 510 2324 563 pro
2354 496 2487 564 illis;
2533 506 2585 552 et
2617 508 2672 552 ut
2702 499 3045 555 exaudiuntur
3067 542 3083 568 ,
3129 504 3432 576 jejunemus
3458 524 3554 579 pro

1970 580 2092 635 illis.
2118 581 2231 637 Non
2253 584 2393 638 enim
2414 601 2512 642 nos
2538 598 2717 644 nostra
2740 590 2941 660 jejunia
2974 594 3307 651 celebramus
3331 612 3424 668 per
3438 598 3554 654 dies

1969 669 2137 725 festos
2160 672 2392 728 illorum.
2412 677 2529 731 Alia
2558 689 2683 733 sunt
2709 681 2908 750 jejunia
2936 692 3113 738 nostra
3145 702 3266 754 qua:
3316 688 3561 748 celebras

1969 779 2089 819 mus
2119 781 2211 835 per
2236 766 2351 823 dies
2380 769 2597 826 Pascha:
2624 771 2850 843 futuros,
2883 791 2976 845 per
3000 777 3104 832 alia
3130 788 3289 849 atque
3310 780 3409 836 alia
3436 798 3555 853 qua:

1969 857 2230 912 solemnia
2262 861 2419 917 nobis
2445 866 2645 918 suntin
2673 866 2886 921 Christo
2916 886 2929 922 :
2960 885 3055 939 per
3079 870 3212 927 istos
3235 884 3413 930 autem
3441 876 3556 932 dies

1968 946 2035 1001 ad
2059 947 2159 1003 hoc
2180 948 2507 1019 jejunamus,
2537 966 2593 1009 ut
2637 958 2849 1026 quando
2893 960 2990 1029 ipsi
3020 961 3266 1017 laetantur
3288 1007 3303 1032 ,
3332 980 3430 1020 nos
3461 983 3556 1037 pro

1970 1038 2073 1095 illis
2095 1056 2389 1111 gemamus.
2422 1046 2625 1101 Laetitia
2646 1049 2787 1103 enim
2815 1068 2908 1104 sua
2937 1052 3226 1109 admonent
3250 1060 3267 1088 ι
3308 1057 3551 1114 dolorem

1970 1140 2209 1184 nostrum
2232 1174 2245 1195 ,
2271 1144 2327 1187 et
2354 1133 2556 1190 faciunt
2584 1153 2680 1191 nos
2732 1140 3001 1195 recordari
3031 1158 3189 1212 quam
3223 1146 3402 1201 miseri
3448 1149 3556 1203 sint

1968 1218 2163 1275 adhuc.
2188 1221 2294 1278 Sed
2314 1225 2437 1294 quia
2464 1227 2701 1283 \idemus
2732 1232 2930 1286 multos
2957 1232 3365 1302 indeliberatos,
3389 1239 3477 1294 ubi
3504 1248 3560 1295 et

1969 1325 2067 1366 nos
2085 1311 2297 1381 fuimus,
2314 1330 2413 1370 nec
2428 1315 2493 1372 de
2510 1318 2613 1373 illis
2635 1319 2922 1390 desperare
2943 1323 3223 1380 debemus.
3249 1327 3371 1381 Etsi
3388 1330 3561 1385 adhuc

1971 1402 2289 1471 irascuntur,
2315 1422 2413 1461 nos
2432 1424 2646 1465 oremus
2663 1430 2677 1475 ;
2697 1413 2992 1469 etsiadltuc
3018 1430 3385 1475 commovetur
3407 1424 3560 1491 parti-

1968 1492 2087 1547 cnla
2113 1503 2266 1549 terra:
2292 1501 2712 1567 quieremansit,
2737 1519 2832 1558 nos
2856 1520 3261 1572 permaneamus
3284 1511 3335 1564 in
3362 1513 3558 1580 gemitu

1972 1599 2067 1650 pro
2116 1584 2266 1654 ipsis,
2298 1596 2355 1642 ut
2380 1597 2437 1643 et
2473 1590 2578 1645 illis
2604 1592 2741 1646 Deus
2772 1594 2964 1649 tribuat
2992 1595 3341 1667 intellectum,
3375 1610 3428 1656 et
3458 1618 3560 1659 no-

1969 1675 2172 1730 biscum
2190 1679 2406 1734 audiant
2425 1696 2582 1737 voces
2598 1684 2742 1749 istas,
2759 1685 2825 1739 de
2841 1686 3032 1754 quibus
3054 1689 3212 1745 modo
3243 1692 3554 1761 gaudemus.

1972 1764 2218 1824 Dominus
2244 1772 2297 1824 in
2328 1771 2455 1826 Sion
2486 1791 2721 1846 magnus,
2770 1785 2815 1831 et
2842 1778 3066 1834 excelsus
3110 1791 3181 1835 est
3210 1798 3360 1854 super
3386 1801 3558 1841 omnes

1968 1860 2201 1930 papulas.

2039 1951 2091 2004 6.
2126 1950 2274 2023 [vers.
2307 1955 2363 2017 '5,
2394 1954 2471 2027 4.]
2500 1955 2847 2025 Con/iteantur
2876 1960 3071 2015 nomini
3110 1972 3194 2017 tuo
3225 1982 3427 2036 magno.
3458 1967 3556 2042 ips

1968 2056 2155 2097 omnes
2194 2046 2409 2115 pepuli,
2454 2063 2613 2115 super
2641 2064 2776 2119 quos
2807 2066 3029 2121 magnus
3053 2067 3111 2108 es
3143 2055 3195 2108 in
3238 2054 3367 2111 Sion
3387 2097 3401 2122 ,
3446 2057 3559 2128 jam

1966 2135 2303 2202 conﬁteantur
2346 2140 2538 2193 nomini
2562 2150 2647 2194 tuo
2693 2159 2897 2213 magno.
2945 2144 3171 2200 Parvum
3215 2145 3312 2202 fuit
3358 2163 3556 2207 nomen

1969 2231 2132 2290 tuum,
2165 2229 2377 2297 quando
2402 2231 2797 2288 irascebantur:
2821 2233 3015 2290 factum
3043 2247 3427 2308 estmagnum;
3445 2243 3557 2312 jam

1965 2318 2339 2375 confiteantur.
2370 2321 2648 2387 Quomodo
2672 2324 2899 2381 dicimus
2924 2343 3143 2398 parvum
3174 2331 3339 2387 fuisse
3360 2349 3555 2391 nomen

1966 2407 2162 2464 Christi
2187 2450 2203 2477 ,
2246 2420 2529 2483 antequam
2569 2416 2823 2484 praeclare
2862 2418 3226 2477 diffamaretur
3270 2420 3557 2482 Christus?

1965 2498 2097 2563 Quia
2135 2516 2327 2557 nomen
2368 2504 2534 2573 ipsius
2566 2504 2707 2561 fama
2743 2508 2910 2577 ipsius
2953 2510 3164 2565 dicitur.
3199 2513 3426 2569 Parvum
3459 2531 3557 2572 no-

1966 2605 2085 2645 men
2108 2601 2240 2658 erat;
2265 2593 2375 2661 jam
2400 2596 2562 2650 modo
2590 2613 2786 2653 nomen
2811 2615 3058 2671 magnum
3080 2602 3273 2658 factum
3301 2616 3403 2660 est.
3425 2607 3557 2675 Qua:

1963 2696 2093 2752 gens
2120 2693 2348 2755 estquae
2373 2702 2478 2741 non
2523 2688 2721 2742 audivit
2761 2706 2955 2746 nomen
2997 2692 3230 2749 Christi?
3270 2696 3386 2752 Jam
3428 2714 3558 2771 ergo

1964 2789 2156 2844 magno
2182 2778 2380 2831 nomini
2404 2786 2493 2833 tuo
2520 2780 2872 2837 confiteantur
2905 2784 3078 2853 polttdi
3115 2787 3201 2855 qui
3234 2798 3358 2844 ante
3396 2805 3558 2859 parvo

1963 2866 2162 2921 nomini
2191 2876 2279 2923 tuo
2306 2868 2669 2926 irascebantur
2693 2889 2705 2926 :
2730 2871 3078 2941 Conﬁteantur
3112 2879 3301 2932 nomini
3329 2890 3412 2933 tua
3440 2898 3552 2934 ma-

1963 2975 2081 3029 gno.
2106 2959 2280 3027 Quare
2301 2962 2695 3018 confiteantur?
2728 2966 2979 3031 Quoniam
3003 2969 3223 3024 terribile
3254 2979 3300 3024 et
3328 2982 3558 3028 sanctum

1960 3061 2053 3108 est.
2084 3052 2261 3121 Ipsum
2292 3068 2484 3110 nomen
2518 3064 2663 3111 tuum
2692 3057 2929 3114 terribile
2967 3068 3021 3115 et.
3047 3069 3288 3117 sanctum
3320 3072 3419 3119 est.
3467 3065 3558 3122 Sic

1963 3145 2282 3215 prmdicatur
2307 3148 2622 3214 crucifixus,
2653 3149 2731 3205 sic
2759 3152 3075 3221 praedicatur
3114 3153 3448 3224 humiliatus,
3479 3160 3557 3214 sic

1962 3237 2283 3305 praedicatur
2314 3239 2580 3307 judicatus
2603 3283 2616 3305 ,
2663 3249 2719 3296 ut
2748 3243 2925 3297 veniat
2960 3253 3014 3299 ct
3057 3246 3300 3302 excelsus
3322 3291 3338 3314 ,
3376 3251 3556 3304 veniat

1962 3328 2114 3382 vivus
2134 3371 2149 3395 ,
2189 3330 2239 3384 in
2270 3332 2462 3387 virtute
2494 3333 2670 3388 veniat
2694 3335 3049 3403 judicaturus.
3078 3338 3235 3394 Modo
3260 3344 3431 3410 parcit
3458 3361 3555 3414 po—

1961 3422 2101 3492 pulis
2143 3422 2668 3491 hlasphemantibus,
2702 3429 2823 3495 quia
2852 3429 3103 3497 patientia
3150 3432 3242 3487 Dei
3289 3434 3352 3487 ad
3388 3438 3560 3505 pinni-

1963 3513 2181 3567 tentiam
2196 3514 2408 3569 adducit
2431 3516 2607 3585 (Rom.
2633 3534 2689 3583 ιι,
2720 3519 2796 3587 4).
2816 3518 2930 3573 Ν‹›ιι
2960 3520 3103 3575 enim
3125 3524 3215 3592 qui
3242 3525 3400 3580 modo
3427 3541 3553 3596 par-

1962 3603 2072 3669 cit,
2101 3618 2313 3673 semper
2341 3604 2501 3661 habet
2530 3621 2779 3675 parcere;
2817 3618 2905 3663 aut
2930 3611 3014 3679 qui
3046 3612 3203 3667 modo
3236 3615 3557 3685 przedicatur

1962 3702 2023 3747 ut
2065 3694 2345 3762 timeatur,
2389 3712 2496 3751 non
2534 3706 2617 3751 est
2653 3707 2904 3754 venturus
2944 3709 2999 3753 ut
3037 3701 3257 3771 judicet.
3285 3703 3554 3763 Venturus

1960 3793 2076 3849 est,
2104 3784 2295 3841 fratres
2336 3788 2476 3853 mei,
2520 3798 2777 3843 venturus
2815 3799 2896 3844 est
2926 3809 2937 3843 :
2968 3793 3249 3849 timeamus
3280 3796 3426 3851 illum
3453 3839 3467 3862 ,
3498 3811 3552 3854 et

1970 3877 2053 3933 sic
2078 3877 2317 3932 vivamus
2337 3920 2351 3944 ,
2386 3890 2441 3933 ut
2479 3880 2543 3933 ad
2571 3880 2843 3935 dexteram
2872 3882 3008 3936 illius
3034 3884 3382 3941 inveniamur.
3416 3888 3560 3945 Ven-

1961 3976 2112 4024 turus
2141 3977 2223 4022 est
2246 3969 2386 4023 enim
2412 4011 2427 4034 ,
2459 3980 2512 4025 et
2548 3970 2878 4038 judicaturus
2898 4013 2911 4036 ,
2954 3982 3011 4026 ut
3038 3974 3173 4029 alios
3198 3987 3361 4045 ponat
3390 3979 3455 4034 ad
3485 3982 3559 4034 si-

1962 4061 2181 4115 nistram
2201 4100 2217 4123 ,
2245 4060 2379 4115 alios
2405 4062 2474 4115 ad
2503 4062 2775 4118 dexteram
2806 4062 3013 4135 (Matth.
3056 4082 3195 4133 xxv,
3228 4069 3440 4141 51-55).
3491 4072 3561 4128 Ει

1963 4167 2067 4206 ιιοη
2100 4152 2226 4207 illud
2256 4151 2379 4207 facit
2410 4154 2521 4223 ipse
2546 4154 3059 4226 quomodocumque,
3090 4167 3148 4213 ut
3167 4169 3310 4215 erret
3338 4162 3475 4218 forte
3502 4165 3557 4219 in

1962 4243 2285 4308 hominibus,
2309 4253 2367 4299 ut
2389 4244 2479 4315 qui
2508 4245 2573 4299 ad
2599 4246 2869 4301 dexteram
2899 4250 3176 4317 ponendus
3201 4262 3304 4317 est,
3329 4254 3395 4308 ad
3427 4255 3556 4310 sini-

1963 4345 2125 4391 stram
2157 4344 2416 4407 ponatur;
2446 4348 2537 4392 aut
2558 4339 2649 4408 qui
2678 4337 2744 4393 ad
2771 4340 3043 4395 sinistram
3067 4341 3227 4397 debet
3251 4351 3394 4400 stare
3416 4388 3431 4411 ,
3470 4362 3559 4402 er-

1962 4437 2114 4483 rante
2150 4427 2261 4482 Deo
2287 4426 2353 4481 ad
2387 4426 2659 4483 dexteram
2693 4439 2919 4498 ponatur
2952 4448 2964 4484 :
3001 4447 3103 4487 non
3136 4443 3311 4502 potest
3334 4450 3553 4503 errare,

1965 4531 2023 4575 ut
2051 4522 2118 4575 ibi
2153 4530 2313 4591 ponat
2350 4522 2545 4576 malum
2569 4564 2583 4587 ,
2614 4524 2699 4577 ubi
2742 4539 2942 4592 ponere
2980 4524 3139 4581 debet
3182 4528 3413 4595 bonum;
3460 4548 3559 4586 nec

1964 4615 2037 4672 ibi
2066 4623 2227 4685 ponet
2254 4615 2450 4669 bonum
2476 4657 2490 4681 ,
2521 4616 2613 4670 ubi
2637 4616 2794 4671 debet
2823 4633 3022 4687 ponere
3056 4620 3271 4675 malum.
3300 4621 3355 4676 Si
3377 4638 3559 4678 errare

1967 4724 2073 4763 non
2104 4721 2309 4778 potest,
2357 4726 2453 4766 nos
2477 4727 2748 4777 erramus,
2789 4714 2831 4766 si
2859 4729 2964 4767 non
2995 4714 3272 4779 timemus;
3306 4716 3349 4769 si
3377 4725 3557 4771 autem

1968 4801 2300 4856 timuerimus
2327 4804 2524 4867 modo,
2560 4814 2684 4857 tunc
2711 4806 2852 4873 quod
2884 4805 3160 4859 timeamus
3188 4820 3291 4858 non
3338 4805 3559 4861 habehi~

1971 4908 2107 4947 mus.
2144 4894 2395 4960 Quoniam
2424 4897 2644 4950 terribile
2682 4908 2727 4950 et
2755 4908 2979 4950 sanctum
3005 4907 3115 4963 est;
3151 4908 3198 4950 et
3229 4898 3389 4951 ltonor
3427 4901 3559 4971 regis

1963 4985 2215 5055 judicium
2240 4987 2425 5058 diligit.
2448 4987 2538 5043 Sic
2563 5004 2694 5058 ergo
2715 4990 2932 5043 timeant
2957 5004 3077 5042 eum
3106 4989 3323 5059 pepuli,
3356 5000 3412 5045 ut
3436 5007 3559 5046 cor-

1971 5079 2145 5148 rigant
2167 5092 2225 5134 se
2250 5097 2263 5134 :
2286 5096 2389 5134 non
2413 5082 2563 5149 quasi
2588 5081 2809 5134 multum
2843 5091 3225 5148 praesumentes
3249 5082 3317 5137 de
3343 5084 3558 5138 miseri-

1968 5171 2149 5225 cordia
2182 5171 2383 5241 ipsius,
2424 5172 2690 5227 dimittant
2729 5187 2819 5235 se,
2866 5180 2919 5225 et
2962 5172 3099 5227 male
3136 5173 3345 5239 vivant;
3388 5176 3562 5247 diligit

1968 5263 2112 5317 enim
2138 5262 2554 5317 misericordiam
2576 5305 2591 5328 ,
2620 5261 2715 5318 sed
2747 5261 2916 5330 diligit
2938 5271 2991 5316 et
3010 5262 3289 5332 judicium.
3322 5266 3454 5333 Qum
3481 5279 3564 5321 est

1970 5351 2372 5407 misericordia?
2405 5353 2473 5407 Ut
2516 5351 2675 5406 modo
2716 5352 2965 5419 praedicet
3005 5353 3100 5408 tibi
3140 5357 3457 5425 veritatem,
3505 5368 3564 5412 ut

1972 5444 2132 5499 modo
2150 5445 2344 5498 clamet
2369 5442 2435 5497 ad
2466 5452 2518 5498 te
2542 5454 2600 5497 ut
2622 5446 2969 5501 convertaris.
3004 5446 3169 5503 Parva
3192 5450 3563 5505 misericordia

1970 5545 2053 5590 est
2073 5576 2086 5599 ,
2117 5534 2239 5605 quia
2269 5533 2447 5588 vixisti
2477 5534 2529 5589 in
2561 5536 2714 5590 malis
2742 5534 2893 5592 factis
2918 5578 2931 5601 ,
2955 5547 3007 5592 et
3034 5537 3205 5594 adhuc
3229 5556 3332 5594 non
3357 5548 3409 5595 te
3439 5540 3559 5595 tulit

1970 5641 2091 5681 cum
2130 5639 2413 5695 peccares,
2451 5634 2509 5680 ut
2543 5626 2778 5682 credenti
2826 5631 3124 5697 ignosceret
3165 5637 3379 5697 peccata
3428 5632 3559 5685 tua?

1972 5732 2132 5789 parva
2168 5716 2533 5773 misericordia
2570 5720 2691 5776 est?
2729 5720 2891 5776 Putas
2934 5720 3052 5789 quia
3085 5722 3160 5776 sic
3205 5737 3417 5793 semper
3456 5727 3559 5781 erit

2038 5831 2053 5861 ί
2076 5834 2175 5879 Duo
2193 5834 2321 5888 Mss,
2336 5836 2538 5881 movent.
