  <div class='ocr_page' id='page_1' title='image "/cluster/home/n/w/nwhite01/storage/ocr_20150623/37/uva.x000827106/129.png"; bbox 0 0 4088 6448; ppageno 0'>
   <div class='ocr_carea' id='block_1_1' title="bbox 577 395 715 452">
    <p class='ocr_par' dir='ltr' id='par_1_1' title="bbox 577 395 715 452">
     <span class='ocr_line' id='line_1_1' title="bbox 577 395 715 452; baseline 0.007 -1"><span class='ocrx_word' id='word_1_1' title='bbox 577 395 715 452; x_wconf 70' lang='grc'>1265</span> 
     </span>
    </p>
   </div>
   <div class='ocr_carea' id='block_1_2' title="bbox 569 497 2142 576">
    <p class='ocr_par' dir='ltr' id='par_1_2' title="bbox 569 497 2142 576">
     <span class='ocr_line' id='line_1_2' title="bbox 569 497 2142 576; baseline -0.013 -5"><span class='ocrx_word' id='word_1_2' title='bbox 569 508 929 571; x_wconf 89' lang='lat' dir='ltr'><strong>misericordia</strong></span> <span class='ocrx_word' id='word_1_3' title='bbox 950 550 964 576; x_wconf 91' lang='lat'><strong>,</strong></span> <span class='ocrx_word' id='word_1_4' title='bbox 995 515 1051 562; x_wconf 91' lang='lat' dir='ltr'><strong>ut</strong></span> <span class='ocrx_word' id='word_1_5' title='bbox 1080 504 1342 561; x_wconf 89' lang='lat' dir='ltr'><strong>neminem</strong></span> <span class='ocrx_word' id='word_1_6' title='bbox 1375 499 1593 573; x_wconf 80' lang='lat' dir='ltr'><strong>puniat?</strong></span> <span class='ocrx_word' id='word_1_7' title='bbox 1626 497 1743 554; x_wconf 80' lang='lat' dir='ltr'><strong>Noli</strong></span> <span class='ocrx_word' id='word_1_8' title='bbox 1769 498 1845 554; x_wconf 91' lang='lat' dir='ltr'><strong>sic</strong></span> <span class='ocrx_word' id='word_1_9' title='bbox 1887 505 2070 568; x_wconf 89' lang='lat' dir='ltr'><strong>putare</strong></span> <span class='ocrx_word' id='word_1_10' title='bbox 2101 497 2142 551; x_wconf 81' lang='grc'><strong>⁸.</strong></span> 
     </span>
    </p>
   </div>
   <div class='ocr_carea' id='block_1_3' title="bbox 571 586 2152 662">
    <p class='ocr_par' dir='ltr' id='par_1_3' title="bbox 571 586 2152 662">
     <span class='ocr_line' id='line_1_3' title="bbox 571 586 2152 662; baseline -0.015 1"><span class='ocrx_word' id='word_1_11' title='bbox 571 604 832 662; x_wconf 83' lang='lat' dir='ltr'><strong>Terribile</strong></span> <span class='ocrx_word' id='word_1_12' title='bbox 859 611 912 658; x_wconf 90' lang='lat' dir='ltr'><strong>et</strong></span> <span class='ocrx_word' id='word_1_13' title='bbox 932 605 1174 655; x_wconf 88' lang='lat' dir='ltr'><strong>sanctum</strong></span> <span class='ocrx_word' id='word_1_14' title='bbox 1201 608 1392 650; x_wconf 87' lang='lat' dir='ltr'><strong>nomen</strong></span> <span class='ocrx_word' id='word_1_15' title='bbox 1428 593 1573 661; x_wconf 86' lang='lat' dir='ltr'><strong>ejus;</strong></span> <span class='ocrx_word' id='word_1_16' title='bbox 1601 599 1646 643; x_wconf 82' lang='lat' dir='ltr'><strong>et</strong></span> <span class='ocrx_word' id='word_1_17' title='bbox 1674 591 1835 643; x_wconf 83' lang='lat' dir='ltr'><strong>honor</strong></span> <span class='ocrx_word' id='word_1_18' title='bbox 1856 588 1986 660; x_wconf 83' lang='lat' dir='ltr'><strong>regis</strong></span> <span class='ocrx_word' id='word_1_19' title='bbox 2005 586 2152 657; x_wconf 86' lang='lat' dir='ltr'><strong>judi-</strong></span> 
     </span>
    </p>
   </div>
   <div class='ocr_carea' id='block_1_4' title="bbox 571 679 2150 766">
    <p class='ocr_par' dir='ltr' id='par_1_4' title="bbox 571 679 2150 766">
     <span class='ocr_line' id='line_1_4' title="bbox 571 679 2150 766; baseline -0.013 -13"><span class='ocrx_word' id='word_1_20' title='bbox 571 701 705 753; x_wconf 85' lang='lat' dir='ltr'><strong>cium</strong></span> <span class='ocrx_word' id='word_1_21' title='bbox 744 694 924 766; x_wconf 88' lang='lat' dir='ltr'><strong>diligit.</strong></span> <span class='ocrx_word' id='word_1_22' title='bbox 958 689 1213 760; x_wconf 89' lang='lat' dir='ltr'><strong>lnjustum</strong></span> <span class='ocrx_word' id='word_1_23' title='bbox 1244 694 1324 742; x_wconf 91' lang='lat' dir='ltr'><strong>est</strong></span> <span class='ocrx_word' id='word_1_24' title='bbox 1357 684 1497 741; x_wconf 93' lang='lat' dir='ltr'><strong>enim</strong></span> <span class='ocrx_word' id='word_1_25' title='bbox 1529 681 1783 753; x_wconf 79' lang='lat' dir='ltr'><strong>judicium</strong></span> <span class='ocrx_word' id='word_1_26' title='bbox 1809 723 1824 748; x_wconf 96' lang='lat'><strong>,</strong></span> <span class='ocrx_word' id='word_1_27' title='bbox 1853 689 1907 736; x_wconf 91' lang='lat' dir='ltr'><strong>et</strong></span> <span class='ocrx_word' id='word_1_28' title='bbox 1932 679 2150 735; x_wconf 88' lang='lat' dir='ltr'><strong>omnino</strong></span> 
     </span>
    </p>
   </div>
   <div class='ocr_carea' id='block_1_5' title="bbox 571 772 2146 858">
    <p class='ocr_par' dir='ltr' id='par_1_5' title="bbox 571 772 2146 858">
     <span class='ocr_line' id='line_1_5' title="bbox 571 772 2146 858; baseline -0.014 -11"><span class='ocrx_word' id='word_1_29' title='bbox 571 808 676 847; x_wconf 92' lang='lat' dir='ltr'><strong>non</strong></span> <span class='ocrx_word' id='word_1_30' title='bbox 713 798 794 845; x_wconf 88' lang='lat' dir='ltr'><strong>est</strong></span> <span class='ocrx_word' id='word_1_31' title='bbox 813 785 1068 858; x_wconf 85' lang='lat' dir='ltr'><strong>judicium</strong></span> <span class='ocrx_word' id='word_1_32' title='bbox 1090 824 1105 849; x_wconf 90' lang='lat'><strong>,</strong></span> <span class='ocrx_word' id='word_1_33' title='bbox 1135 779 1236 834; x_wconf 88' lang='lat' dir='ltr'><strong>nisi</strong></span> <span class='ocrx_word' id='word_1_34' title='bbox 1264 779 1452 834; x_wconf 86' lang='lat' dir='ltr'><strong>merita</strong></span> <span class='ocrx_word' id='word_1_35' title='bbox 1483 775 1771 832; x_wconf 82' lang='lat' dir='ltr'><strong>reddantur</strong></span> <span class='ocrx_word' id='word_1_36' title='bbox 1797 788 1890 828; x_wconf 89' lang='lat' dir='ltr'><strong>sua</strong></span> <span class='ocrx_word' id='word_1_37' title='bbox 1921 772 2108 842; x_wconf 87' lang='lat' dir='ltr'><strong>cuique</strong></span> <span class='ocrx_word' id='word_1_38' title='bbox 2133 813 2146 836; x_wconf 90' lang='lat'><strong>,</strong></span> 
     </span>
    </p>
   </div>
   <div class='ocr_carea' id='block_1_6' title="bbox 570 863 2148 954">
    <p class='ocr_par' dir='ltr' id='par_1_6' title="bbox 570 863 2148 954">
     <span class='ocr_line' id='line_1_6' title="bbox 570 863 2148 954; baseline -0.013 -18"><span class='ocrx_word' id='word_1_39' title='bbox 570 875 1013 954; x_wconf 85' lang='lat' dir='ltr'><strong>quemadmodum</strong></span> <span class='ocrx_word' id='word_1_40' title='bbox 1041 873 1266 945; x_wconf 90' lang='lat' dir='ltr'><strong>quisque</strong></span> <span class='ocrx_word' id='word_1_41' title='bbox 1293 869 1458 941; x_wconf 84' lang='lat' dir='ltr'><strong>gessit</strong></span> <span class='ocrx_word' id='word_1_42' title='bbox 1498 868 1550 922; x_wconf 94' lang='lat' dir='ltr'><strong>in</strong></span> <span class='ocrx_word' id='word_1_43' title='bbox 1586 879 1810 937; x_wconf 90' lang='lat' dir='ltr'><strong>corpore</strong></span> <span class='ocrx_word' id='word_1_44' title='bbox 1834 905 1848 930; x_wconf 93' lang='lat'><strong>,</strong></span> <span class='ocrx_word' id='word_1_45' title='bbox 1895 863 2008 918; x_wconf 92' lang='lat' dir='ltr'><strong>sive</strong></span> <span class='ocrx_word' id='word_1_46' title='bbox 2050 863 2148 917; x_wconf 91' lang='lat' dir='ltr'><strong>bo-</strong></span> 
     </span>
    </p>
   </div>
   <div class='ocr_carea' id='block_1_7' title="bbox 566 955 2150 1039">
    <p class='ocr_par' dir='ltr' id='par_1_7' title="bbox 566 955 2150 1039">
     <span class='ocr_line' id='line_1_7' title="bbox 566 955 2150 1039; baseline -0.013 -11"><span class='ocrx_word' id='word_1_47' title='bbox 566 987 693 1028; x_wconf 92' lang='lat' dir='ltr'><strong>num</strong></span> <span class='ocrx_word' id='word_1_48' title='bbox 713 1013 727 1039; x_wconf 92' lang='lat'><strong>,</strong></span> <span class='ocrx_word' id='word_1_49' title='bbox 757 967 1089 1028; x_wconf 66' lang='lat' dir='ltr'><strong>sive&#39;malnm</strong></span> <span class='ocrx_word' id='word_1_50' title='bbox 1123 965 1187 1036; x_wconf 92' lang='lat' dir='ltr'><strong>(ll</strong></span> <span class='ocrx_word' id='word_1_51' title='bbox 1207 963 1322 1019; x_wconf 89' lang='lat' dir='ltr'><strong>Cor.</strong></span> <span class='ocrx_word' id='word_1_52' title='bbox 1348 980 1400 1027; x_wconf 92' lang='lat' dir='ltr'><strong>v,</strong></span> <span class='ocrx_word' id='word_1_53' title='bbox 1434 961 1519 1033; x_wconf 83' lang='grc'><strong>10)</strong></span> <span class='ocrx_word' id='word_1_54' title='bbox 1551 977 1562 1014; x_wconf 91' lang='lat'>:</span> <span class='ocrx_word' id='word_1_55' title='bbox 1593 969 1638 1014; x_wconf 82' lang='lat' dir='ltr'><strong>et</strong></span> <span class='ocrx_word' id='word_1_56' title='bbox 1672 959 1832 1014; x_wconf 84' lang='lat' dir='ltr'><strong>honor</strong></span> <span class='ocrx_word' id='word_1_57' title='bbox 1857 957 1990 1027; x_wconf 87' lang='lat' dir='ltr'><strong>regis</strong></span> <span class='ocrx_word' id='word_1_58' title='bbox 2006 955 2150 1026; x_wconf 88' lang='lat' dir='ltr'><strong>judi-</strong></span> 
     </span>
    </p>
   </div>
   <div class='ocr_carea' id='block_1_8' title="bbox 565 1048 2147 1131">
    <p class='ocr_par' dir='ltr' id='par_1_8' title="bbox 565 1048 2147 1131">
     <span class='ocr_line' id='line_1_8' title="bbox 565 1048 2147 1131; baseline -0.013 -12"><span class='ocrx_word' id='word_1_59' title='bbox 565 1064 699 1118; x_wconf 85' lang='lat' dir='ltr'><strong>cium</strong></span> <span class='ocrx_word' id='word_1_60' title='bbox 720 1060 903 1131; x_wconf 84' lang='lat' dir='ltr'><strong>ditigit.</strong></span> <span class='ocrx_word' id='word_1_61' title='bbox 932 1058 1072 1129; x_wconf 87' lang='lat' dir='ltr'><strong>Ergo</strong></span> <span class='ocrx_word' id='word_1_62' title='bbox 1099 1057 1397 1118; x_wconf 88' lang='lat' dir='ltr'><strong>timeamus,</strong></span> <span class='ocrx_word' id='word_1_63' title='bbox 1427 1067 1553 1124; x_wconf 89' lang='lat' dir='ltr'><strong>ergo</strong></span> <span class='ocrx_word' id='word_1_64' title='bbox 1583 1052 1836 1106; x_wconf 88' lang='lat' dir='ltr'><strong>faciamus</strong></span> <span class='ocrx_word' id='word_1_65' title='bbox 1855 1048 2111 1119; x_wconf 86' lang='lat' dir='ltr'><strong>justitiam</strong></span> <span class='ocrx_word' id='word_1_66' title='bbox 2132 1089 2147 1112; x_wconf 95' lang='lat'><strong>,</strong></span> 
     </span>
    </p>
   </div>
   <div class='ocr_carea' id='block_1_9' title="bbox 563 1149 1318 1226">
    <p class='ocr_par' dir='ltr' id='par_1_9' title="bbox 563 1149 1318 1226">
     <span class='ocr_line' id='line_1_9' title="bbox 563 1149 1318 1226; baseline -0.015 -16"><span class='ocrx_word' id='word_1_67' title='bbox 563 1169 693 1226; x_wconf 86' lang='lat' dir='ltr'><strong>ergo</strong></span> <span class='ocrx_word' id='word_1_68' title='bbox 713 1151 969 1207; x_wconf 85' lang='lat' dir='ltr'><strong>faciamus</strong></span> <span class='ocrx_word' id='word_1_69' title='bbox 995 1149 1318 1218; x_wconf 79' lang='lat' dir='ltr'><strong>mquitatem.</strong></span> 
     </span>
    </p>
   </div>
   <div class='ocr_carea' id='block_1_10' title="bbox 635 1227 2150 1311">
    <p class='ocr_par' dir='ltr' id='par_1_10' title="bbox 635 1227 2150 1311">
     <span class='ocr_line' id='line_1_10' title="bbox 635 1227 2150 1311; baseline -0.011 -14"><span class='ocrx_word' id='word_1_70' title='bbox 635 1245 687 1297; x_wconf 90' lang='lat'><strong>7.</strong></span> <span class='ocrx_word' id='word_1_71' title='bbox 719 1241 826 1299; x_wconf 87' lang='lat' dir='ltr'><strong>Sed</strong></span> <span class='ocrx_word' id='word_1_72' title='bbox 867 1242 984 1311; x_wconf 85' lang='lat' dir='ltr'><strong>quis</strong></span> <span class='ocrx_word' id='word_1_73' title='bbox 1007 1238 1132 1294; x_wconf 86' lang='lat' dir='ltr'><strong>facit</strong></span> <span class='ocrx_word' id='word_1_74' title='bbox 1162 1235 1505 1309; x_wconf 68' lang='lat' dir='ltr'><strong>mqnitatem?</strong></span> <span class='ocrx_word' id='word_1_75' title='bbox 1540 1234 1658 1304; x_wconf 87' lang='lat' dir='ltr'><strong>quis</strong></span> <span class='ocrx_word' id='word_1_76' title='bbox 1704 1231 1830 1287; x_wconf 86' lang='lat' dir='ltr'><strong>facit.</strong></span> <span class='ocrx_word' id='word_1_77' title='bbox 1852 1227 2150 1301; x_wconf 81' lang='lat' dir='ltr'><strong>justitiam?</strong></span> 
     </span>
    </p>
   </div>
   <div class='ocr_carea' id='block_1_11' title="bbox 566 1324 2147 1405">
    <p class='ocr_par' dir='ltr' id='par_1_11' title="bbox 566 1324 2147 1405">
     <span class='ocr_line' id='line_1_11' title="bbox 566 1324 2147 1405; baseline -0.009 -17"><span class='ocrx_word' id='word_1_78' title='bbox 566 1335 740 1391; x_wconf 91' lang='lat' dir='ltr'><strong>llomo</strong></span> <span class='ocrx_word' id='word_1_79' title='bbox 798 1343 1071 1405; x_wconf 87' lang='lat' dir='ltr'><strong>peccator,</strong></span> <span class='ocrx_word' id='word_1_80' title='bbox 1125 1329 1285 1385; x_wconf 89' lang='lat' dir='ltr'><strong>homo</strong></span> <span class='ocrx_word' id='word_1_81' title='bbox 1330 1326 1572 1398; x_wconf 81' lang='lat' dir='ltr'><strong>iniquus,</strong></span> <span class='ocrx_word' id='word_1_82' title='bbox 1621 1324 1780 1379; x_wconf 90' lang='lat' dir='ltr'><strong>homo</strong></span> <span class='ocrx_word' id='word_1_83' title='bbox 1831 1336 2147 1394; x_wconf 85' lang='lat' dir='ltr'><strong>perversos,</strong></span> 
     </span>
    </p>
   </div>
   <div class='ocr_carea' id='block_1_12' title="bbox 566 1413 2149 1485">
    <p class='ocr_par' dir='ltr' id='par_1_12' title="bbox 566 1413 2149 1485">
     <span class='ocr_line' id='line_1_12' title="bbox 566 1413 2149 1485; baseline -0.009 -4"><span class='ocrx_word' id='word_1_84' title='bbox 566 1427 729 1483; x_wconf 91' lang='lat' dir='ltr'><strong>homo</strong></span> <span class='ocrx_word' id='word_1_85' title='bbox 774 1439 992 1481; x_wconf 87' lang='lat' dir='ltr'><strong>aversus</strong></span> <span class='ocrx_word' id='word_1_86' title='bbox 1035 1439 1064 1478; x_wconf 90' lang='lat' dir='ltr'><strong>a</strong></span> <span class='ocrx_word' id='word_1_87' title='bbox 1110 1423 1226 1477; x_wconf 91' lang='lat' dir='ltr'><strong>luce</strong></span> <span class='ocrx_word' id='word_1_88' title='bbox 1271 1419 1547 1476; x_wconf 86' lang='lat' dir='ltr'><strong>veritatis?</strong></span> <span class='ocrx_word' id='word_1_89' title='bbox 1586 1417 1720 1485; x_wconf 86' lang='lat' dir='ltr'><strong>Quid</strong></span> <span class='ocrx_word' id='word_1_90' title='bbox 1767 1416 1925 1471; x_wconf 82' lang='lat' dir='ltr'><strong>debet</strong></span> <span class='ocrx_word' id='word_1_91' title='bbox 1977 1413 2149 1468; x_wconf 88' lang='lat' dir='ltr'><strong>facere</strong></span> 
     </span>
    </p>
   </div>
   <div class='ocr_carea' id='block_1_13' title="bbox 566 1504 2150 1575">
    <p class='ocr_par' dir='ltr' id='par_1_13' title="bbox 566 1504 2150 1575">
     <span class='ocr_line' id='line_1_13' title="bbox 566 1504 2150 1575; baseline -0.01 -3"><span class='ocrx_word' id='word_1_92' title='bbox 566 1515 765 1574; x_wconf 88' lang='lat' dir='ltr'><strong>homo?</strong></span> <span class='ocrx_word' id='word_1_93' title='bbox 789 1515 1111 1573; x_wconf 80' lang='lat' dir='ltr'><strong>Convertere</strong></span> <span class='ocrx_word' id='word_1_94' title='bbox 1137 1527 1196 1568; x_wconf 90' lang='lat' dir='ltr'><strong>se</strong></span> <span class='ocrx_word' id='word_1_95' title='bbox 1221 1521 1420 1566; x_wconf 89' lang='lat' dir='ltr'><strong>tantum</strong></span> <span class='ocrx_word' id='word_1_96' title='bbox 1449 1510 1512 1563; x_wconf 89' lang='lat' dir='ltr'><strong>ad</strong></span> <span class='ocrx_word' id='word_1_97' title='bbox 1537 1509 1724 1572; x_wconf 91' lang='lat' dir='ltr'><strong>Deum,</strong></span> <span class='ocrx_word' id='word_1_98' title='bbox 1749 1515 1806 1561; x_wconf 91' lang='lat' dir='ltr'><strong>ut</strong></span> <span class='ocrx_word' id='word_1_99' title='bbox 1835 1506 1945 1575; x_wconf 78' lang='lat' dir='ltr'><strong>ipse</strong></span> <span class='ocrx_word' id='word_1_100' title='bbox 1977 1505 2025 1558; x_wconf 92' lang='lat' dir='ltr'><strong>in</strong></span> <span class='ocrx_word' id='word_1_101' title='bbox 2057 1504 2150 1557; x_wconf 93' lang='lat' dir='ltr'><strong>illo</strong></span> 
     </span>
    </p>
   </div>
   <div class='ocr_carea' id='block_1_14' title="bbox 564 1593 2147 1676">
    <p class='ocr_par' dir='ltr' id='par_1_14' title="bbox 564 1593 2147 1676">
     <span class='ocr_line' id='line_1_14' title="bbox 564 1593 2147 1676; baseline -0.009 -14"><span class='ocrx_word' id='word_1_102' title='bbox 564 1607 760 1664; x_wconf 81' lang='lat' dir='ltr'><strong>formet</strong></span> <span class='ocrx_word' id='word_1_103' title='bbox 786 1605 1106 1676; x_wconf 64' lang='lat' dir='ltr'><strong>asqnittuem,</strong></span> <span class='ocrx_word' id='word_1_104' title='bbox 1125 1617 1280 1673; x_wconf 91' lang='lat' dir='ltr'><strong>quam</strong></span> <span class='ocrx_word' id='word_1_105' title='bbox 1306 1601 1419 1673; x_wconf 89' lang='lat' dir='ltr'><strong>ipse</strong></span> <span class='ocrx_word' id='word_1_106' title='bbox 1447 1600 1674 1668; x_wconf 79' lang='lat' dir='ltr'><strong>formare</strong></span> <span class='ocrx_word' id='word_1_107' title='bbox 1695 1613 1800 1653; x_wconf 92' lang='lat' dir='ltr'><strong>non</strong></span> <span class='ocrx_word' id='word_1_108' title='bbox 1834 1604 2025 1667; x_wconf 84' lang='lat' dir='ltr'><strong>potest,</strong></span> <span class='ocrx_word' id='word_1_109' title='bbox 2055 1593 2147 1648; x_wconf 89' lang='lat' dir='ltr'><strong>sed</strong></span> 
     </span>
    </p>
   </div>
   <div class='ocr_carea' id='block_1_15' title="bbox 567 1687 2144 1755">
    <p class='ocr_par' dir='ltr' id='par_1_15' title="bbox 567 1687 2144 1755">
     <span class='ocr_line' id='line_1_15' title="bbox 567 1687 2144 1755; baseline -0.01 -1"><span class='ocrx_word' id='word_1_110' title='bbox 567 1697 885 1755; x_wconf 79' lang='lat' dir='ltr'><strong>deformare.</strong></span> <span class='ocrx_word' id='word_1_111' title='bbox 915 1697 1142 1752; x_wconf 90' lang='lat' dir='ltr'><strong>ldoneus</strong></span> <span class='ocrx_word' id='word_1_112' title='bbox 1183 1703 1265 1748; x_wconf 77' lang='lat' dir='ltr'><strong>est</strong></span> <span class='ocrx_word' id='word_1_113' title='bbox 1309 1695 1468 1747; x_wconf 88' lang='lat' dir='ltr'><strong>homo</strong></span> <span class='ocrx_word' id='word_1_114' title='bbox 1511 1691 1576 1745; x_wconf 93' lang='lat' dir='ltr'><strong>ad</strong></span> <span class='ocrx_word' id='word_1_115' title='bbox 1621 1687 2004 1744; x_wconf 88' lang='lat' dir='ltr'><strong>vulnerandum</strong></span> <span class='ocrx_word' id='word_1_116' title='bbox 2050 1700 2144 1751; x_wconf 91' lang='lat' dir='ltr'><strong>se;</strong></span> 
     </span>
    </p>
   </div>
   <div class='ocr_carea' id='block_1_16' title="bbox 565 1779 2149 1861">
    <p class='ocr_par' dir='ltr' id='par_1_16' title="bbox 565 1779 2149 1861">
     <span class='ocr_line' id='line_1_16' title="bbox 565 1779 2149 1861; baseline -0.009 -15"><span class='ocrx_word' id='word_1_117' title='bbox 565 1789 818 1861; x_wconf 89' lang='lat' dir='ltr'><strong>nttmquid</strong></span> <span class='ocrx_word' id='word_1_118' title='bbox 839 1788 1069 1845; x_wconf 81' lang='lat' dir='ltr'><strong>idoneus</strong></span> <span class='ocrx_word' id='word_1_119' title='bbox 1098 1797 1180 1842; x_wconf 87' lang='lat' dir='ltr'><strong>est</strong></span> <span class='ocrx_word' id='word_1_120' title='bbox 1217 1785 1281 1840; x_wconf 91' lang='lat' dir='ltr'><strong>ad</strong></span> <span class='ocrx_word' id='word_1_121' title='bbox 1314 1783 1606 1839; x_wconf 90' lang='lat' dir='ltr'><strong>sanandum</strong></span> <span class='ocrx_word' id='word_1_122' title='bbox 1637 1781 1733 1837; x_wconf 87' lang='lat' dir='ltr'><strong>se?</strong></span> <span class='ocrx_word' id='word_1_123' title='bbox 1777 1779 2000 1848; x_wconf 87' lang='lat' dir='ltr'><strong>Quando</strong></span> <span class='ocrx_word' id='word_1_124' title='bbox 2038 1779 2149 1833; x_wconf 89' lang='lat' dir='ltr'><strong>vult</strong></span> 
     </span>
    </p>
   </div>
   <div class='ocr_carea' id='block_1_17' title="bbox 566 1872 2147 1956">
    <p class='ocr_par' dir='ltr' id='par_1_17' title="bbox 566 1872 2147 1956">
     <span class='ocr_line' id='line_1_17' title="bbox 566 1872 2147 1956; baseline -0.011 -16"><span class='ocrx_word' id='word_1_125' title='bbox 566 1891 786 1956; x_wconf 71' lang='lat' dir='ltr'><strong>mgrotat</strong></span> <span class='ocrx_word' id='word_1_126' title='bbox 805 1924 819 1950; x_wconf 91' lang='lat'><strong>,</strong></span> <span class='ocrx_word' id='word_1_127' title='bbox 847 1896 952 1935; x_wconf 89' lang='lat' dir='ltr'><strong>non</strong></span> <span class='ocrx_word' id='word_1_128' title='bbox 980 1879 1191 1950; x_wconf 90' lang='lat' dir='ltr'><strong>quando</strong></span> <span class='ocrx_word' id='word_1_129' title='bbox 1211 1877 1321 1932; x_wconf 87' lang='lat' dir='ltr'><strong>vult</strong></span> <span class='ocrx_word' id='word_1_130' title='bbox 1345 1875 1532 1946; x_wconf 85' lang='lat' dir='ltr'><strong>surgit.</strong></span> <span class='ocrx_word' id='word_1_131' title='bbox 1557 1874 1612 1930; x_wconf 91' lang='lat' dir='ltr'><strong>Si</strong></span> <span class='ocrx_word' id='word_1_132' title='bbox 1641 1875 1769 1934; x_wconf 89' lang='lat' dir='ltr'><strong>vult.</strong></span> <span class='ocrx_word' id='word_1_133' title='bbox 1792 1873 1937 1926; x_wconf 87' lang='lat' dir='ltr'><strong>vivat</strong></span> <span class='ocrx_word' id='word_1_134' title='bbox 1961 1872 2147 1926; x_wconf 85' lang='lat' dir='ltr'><strong>intem-</strong></span> 
     </span>
    </p>
   </div>
   <div class='ocr_carea' id='block_1_18' title="bbox 566 1963 2143 2045">
    <p class='ocr_par' dir='ltr' id='par_1_18' title="bbox 566 1963 2143 2045">
     <span class='ocr_line' id='line_1_18' title="bbox 566 1963 2143 2045; baseline -0.008 -16"><span class='ocrx_word' id='word_1_135' title='bbox 566 1981 814 2045; x_wconf 85' lang='lat' dir='ltr'><strong>peranter</strong></span> <span class='ocrx_word' id='word_1_136' title='bbox 839 1972 920 2026; x_wconf 89' lang='lat' dir='ltr'><strong>vel</strong></span> <span class='ocrx_word' id='word_1_137' title='bbox 951 1972 999 2024; x_wconf 92' lang='lat' dir='ltr'><strong>in</strong></span> <span class='ocrx_word' id='word_1_138' title='bbox 1034 1968 1226 2041; x_wconf 75' lang='lat' dir='ltr'><strong>frigore</strong></span> <span class='ocrx_word' id='word_1_139' title='bbox 1253 1967 1336 2022; x_wconf 89' lang='lat' dir='ltr'><strong>vel</strong></span> <span class='ocrx_word' id='word_1_140' title='bbox 1364 1967 1416 2021; x_wconf 87' lang='lat' dir='ltr'><strong>itt</strong></span> <span class='ocrx_word' id='word_1_141' title='bbox 1443 1965 1652 2030; x_wconf 87' lang='lat' dir='ltr'><strong>calore;</strong></span> <span class='ocrx_word' id='word_1_142' title='bbox 1688 1980 1752 2020; x_wconf 92' lang='lat' dir='ltr'><strong>eo</strong></span> <span class='ocrx_word' id='word_1_143' title='bbox 1780 1963 1866 2019; x_wconf 87' lang='lat' dir='ltr'><strong>die</strong></span> <span class='ocrx_word' id='word_1_144' title='bbox 1889 1971 2108 2033; x_wconf 63' lang='lat' dir='ltr'><strong>aegrotat</strong></span> <span class='ocrx_word' id='word_1_145' title='bbox 2131 2004 2143 2027; x_wconf 94' lang='lat'><strong>,</strong></span> 
     </span>
    </p>
   </div>
   <div class='ocr_carea' id='block_1_19' title="bbox 564 2057 2147 2138">
    <p class='ocr_par' dir='ltr' id='par_1_19' title="bbox 564 2057 2147 2138">
     <span class='ocr_line' id='line_1_19' title="bbox 564 2057 2147 2138; baseline -0.009 -15"><span class='ocrx_word' id='word_1_146' title='bbox 564 2081 671 2138; x_wconf 91' lang='lat' dir='ltr'><strong>quo</strong></span> <span class='ocrx_word' id='word_1_147' title='bbox 702 2065 925 2120; x_wconf 88' lang='lat' dir='ltr'><strong>voluerit</strong></span> <span class='ocrx_word' id='word_1_148' title='bbox 957 2081 970 2118; x_wconf 92' lang='lat'><strong>:</strong></span> <span class='ocrx_word' id='word_1_149' title='bbox 996 2077 1115 2117; x_wconf 90' lang='lat' dir='ltr'><strong>cum</strong></span> <span class='ocrx_word' id='word_1_150' title='bbox 1142 2067 1320 2116; x_wconf 89' lang='lat' dir='ltr'><strong>autem</strong></span> <span class='ocrx_word' id='word_1_151' title='bbox 1347 2057 1570 2114; x_wconf 87' lang='lat' dir='ltr'><strong>vivendo</strong></span> <span class='ocrx_word' id='word_1_152' title='bbox 1598 2057 2014 2124; x_wconf 90' lang='lat' dir='ltr'><strong>intemperanter</strong></span> <span class='ocrx_word' id='word_1_153' title='bbox 2033 2067 2147 2109; x_wconf 72' lang='lat' dir='ltr'><strong>coe-</strong></span> 
     </span>
    </p>
   </div>
   <div class='ocr_carea' id='block_1_20' title="bbox 565 2146 2144 2229">
    <p class='ocr_par' dir='ltr' id='par_1_20' title="bbox 565 2146 2144 2229">
     <span class='ocr_line' id='line_1_20' title="bbox 565 2146 2144 2229; baseline -0.006 -17"><span class='ocrx_word' id='word_1_154' title='bbox 565 2159 703 2227; x_wconf 88' lang='lat' dir='ltr'><strong>perit</strong></span> <span class='ocrx_word' id='word_1_155' title='bbox 725 2164 1000 2229; x_wconf 62' lang='lat' dir='ltr'><strong>aegrotare,</strong></span> <span class='ocrx_word' id='word_1_156' title='bbox 1030 2162 1210 2224; x_wconf 84' lang='lat' dir='ltr'><strong>surgat</strong></span> <span class='ocrx_word' id='word_1_157' title='bbox 1237 2150 1445 2222; x_wconf 86' lang='lat' dir='ltr'><strong>quando</strong></span> <span class='ocrx_word' id='word_1_158' title='bbox 1473 2149 1606 2216; x_wconf 90' lang='lat' dir='ltr'><strong>vult;</strong></span> <span class='ocrx_word' id='word_1_159' title='bbox 1637 2150 1724 2218; x_wconf 87' lang='lat' dir='ltr'><strong>qui</strong></span> <span class='ocrx_word' id='word_1_160' title='bbox 1747 2148 1912 2218; x_wconf 76' lang='lat' dir='ltr'><strong>jac-uit</strong></span> <span class='ocrx_word' id='word_1_161' title='bbox 1931 2146 2144 2218; x_wconf 85' lang='lat' dir='ltr'><strong>quando</strong></span> 
     </span>
    </p>
   </div>
   <div class='ocr_carea' id='block_1_21' title="bbox 565 2240 2150 2320">
    <p class='ocr_par' dir='ltr' id='par_1_21' title="bbox 565 2240 2150 2320">
     <span class='ocr_line' id='line_1_21' title="bbox 565 2240 2150 2320; baseline -0.008 -16"><span class='ocrx_word' id='word_1_162' title='bbox 565 2251 749 2315; x_wconf 87' lang='lat' dir='ltr'><strong>voluit,</strong></span> <span class='ocrx_word' id='word_1_163' title='bbox 779 2255 979 2320; x_wconf 89' lang='lat' dir='ltr'><strong>surgat,</strong></span> <span class='ocrx_word' id='word_1_164' title='bbox 1006 2247 1049 2302; x_wconf 89' lang='lat' dir='ltr'><strong>si</strong></span> <span class='ocrx_word' id='word_1_165' title='bbox 1067 2254 1261 2318; x_wconf 90' lang='lat' dir='ltr'><strong>potest,</strong></span> <span class='ocrx_word' id='word_1_166' title='bbox 1288 2243 1500 2314; x_wconf 86' lang='lat' dir='ltr'><strong>quando</strong></span> <span class='ocrx_word' id='word_1_167' title='bbox 1525 2243 1654 2296; x_wconf 90' lang='lat' dir='ltr'><strong>vnlt.</strong></span> <span class='ocrx_word' id='word_1_168' title='bbox 1678 2240 2150 2310; x_wconf 75' lang='lat' dir='ltr'><strong>Utjaccrcttcgro-</strong></span> 
     </span>
    </p>
   </div>
   <div class='ocr_carea' id='block_1_22' title="bbox 565 2332 2147 2411">
    <p class='ocr_par' dir='ltr' id='par_1_22' title="bbox 565 2332 2147 2411">
     <span class='ocr_line' id='line_1_22' title="bbox 565 2332 2147 2411; baseline -0.01 -12"><span class='ocrx_word' id='word_1_169' title='bbox 565 2355 690 2411; x_wconf 88' lang='lat' dir='ltr'><strong>tus,</strong></span> <span class='ocrx_word' id='word_1_170' title='bbox 737 2339 1195 2411; x_wconf 89' lang='lat' dir='ltr'><strong>intemperantiam</strong></span> <span class='ocrx_word' id='word_1_171' title='bbox 1241 2352 1388 2390; x_wconf 84' lang='lat' dir='ltr'><strong>suam</strong></span> <span class='ocrx_word' id='word_1_172' title='bbox 1435 2333 1615 2390; x_wconf 81' lang='lat' dir='ltr'><strong>habuit</strong></span> <span class='ocrx_word' id='word_1_173' title='bbox 1660 2332 2012 2386; x_wconf 85' lang='lat' dir='ltr'><strong>necessariam</strong></span> <span class='ocrx_word' id='word_1_174' title='bbox 2047 2347 2059 2384; x_wconf 92' lang='lat'>:</span> <span class='ocrx_word' id='word_1_175' title='bbox 2091 2338 2147 2384; x_wconf 95' lang='lat' dir='ltr'><strong>ut</strong></span> 
     </span>
    </p>
   </div>
   <div class='ocr_carea' id='block_1_23' title="bbox 563 2423 2143 2508">
    <p class='ocr_par' dir='ltr' id='par_1_23' title="bbox 563 2423 2143 2508">
     <span class='ocr_line' id='line_1_23' title="bbox 563 2423 2143 2508; baseline -0.009 -17"><span class='ocrx_word' id='word_1_176' title='bbox 563 2444 743 2508; x_wconf 82' lang='lat' dir='ltr'><strong>surgat</strong></span> <span class='ocrx_word' id='word_1_177' title='bbox 771 2443 968 2498; x_wconf 89' lang='lat' dir='ltr'><strong>autem,</strong></span> <span class='ocrx_word' id='word_1_178' title='bbox 1000 2430 1352 2489; x_wconf 87' lang='lat' dir='ltr'><strong>necessariam</strong></span> <span class='ocrx_word' id='word_1_179' title='bbox 1381 2427 1538 2482; x_wconf 84' lang='lat' dir='ltr'><strong>habet</strong></span> <span class='ocrx_word' id='word_1_180' title='bbox 1567 2425 1781 2480; x_wconf 79' lang='lat' dir='ltr'><strong>artificis</strong></span> <span class='ocrx_word' id='word_1_181' title='bbox 1805 2423 2143 2479; x_wconf 88' lang='lat' dir='ltr'><strong>medicinam.</strong></span> 
     </span>
    </p>
   </div>
   <div class='ocr_carea' id='block_1_24' title="bbox 563 2514 2143 2598">
    <p class='ocr_par' dir='ltr' id='par_1_24' title="bbox 563 2514 2143 2598">
     <span class='ocr_line' id='line_1_24' title="bbox 563 2514 2143 2598; baseline -0.01 -16"><span class='ocrx_word' id='word_1_182' title='bbox 563 2527 653 2584; x_wconf 92' lang='lat' dir='ltr'><strong>Sic</strong></span> <span class='ocrx_word' id='word_1_183' title='bbox 683 2541 810 2598; x_wconf 87' lang='lat' dir='ltr'><strong>ergo</strong></span> <span class='ocrx_word' id='word_1_184' title='bbox 837 2533 894 2579; x_wconf 90' lang='lat' dir='ltr'><strong>ut</strong></span> <span class='ocrx_word' id='word_1_185' title='bbox 916 2531 1097 2596; x_wconf 87' lang='lat' dir='ltr'><strong>peccet</strong></span> <span class='ocrx_word' id='word_1_186' title='bbox 1120 2521 1301 2586; x_wconf 89' lang='lat' dir='ltr'><strong>homo,</strong></span> <span class='ocrx_word' id='word_1_187' title='bbox 1335 2519 1447 2589; x_wconf 88' lang='lat' dir='ltr'><strong>ipse</strong></span> <span class='ocrx_word' id='word_1_188' title='bbox 1469 2517 1566 2571; x_wconf 90' lang='lat' dir='ltr'><strong>sibi</strong></span> <span class='ocrx_word' id='word_1_189' title='bbox 1599 2516 1793 2571; x_wconf 82' lang='lat' dir='ltr'><strong>sufﬁcit</strong></span> <span class='ocrx_word' id='word_1_190' title='bbox 1819 2514 1883 2569; x_wconf 92' lang='lat' dir='ltr'><strong>ad</strong></span> <span class='ocrx_word' id='word_1_191' title='bbox 1914 2529 2143 2584; x_wconf 85' lang='lat' dir='ltr'><strong>peccan-</strong></span> 
     </span>
    </p>
   </div>
   <div class='ocr_carea' id='block_1_25' title="bbox 561 2604 2141 2688">
    <p class='ocr_par' dir='ltr' id='par_1_25' title="bbox 561 2604 2141 2688">
     <span class='ocr_line' id='line_1_25' title="bbox 561 2604 2141 2688; baseline -0.01 -15"><span class='ocrx_word' id='word_1_192' title='bbox 561 2622 686 2674; x_wconf 87' lang='lat' dir='ltr'><strong>dum</strong></span> <span class='ocrx_word' id='word_1_193' title='bbox 715 2637 726 2671; x_wconf 95' lang='lat'>:</span> <span class='ocrx_word' id='word_1_194' title='bbox 756 2627 810 2674; x_wconf 91' lang='lat' dir='ltr'><strong>ut</strong></span> <span class='ocrx_word' id='word_1_195' title='bbox 834 2615 1182 2688; x_wconf 74' lang='lat' dir='ltr'><strong>iustificetur,</strong></span> <span class='ocrx_word' id='word_1_196' title='bbox 1209 2627 1312 2666; x_wconf 89' lang='lat' dir='ltr'><strong>non</strong></span> <span class='ocrx_word' id='word_1_197' title='bbox 1341 2610 1438 2664; x_wconf 88' lang='lat' dir='ltr'><strong>sibi</strong></span> <span class='ocrx_word' id='word_1_198' title='bbox 1465 2607 1692 2674; x_wconf 82' lang='lat' dir='ltr'><strong>sufﬁcit,</strong></span> <span class='ocrx_word' id='word_1_199' title='bbox 1724 2607 1824 2661; x_wconf 90' lang='lat' dir='ltr'><strong>nisi</strong></span> <span class='ocrx_word' id='word_1_200' title='bbox 1851 2606 1918 2661; x_wconf 90' lang='lat' dir='ltr'><strong>ab</strong></span> <span class='ocrx_word' id='word_1_201' title='bbox 1944 2606 2031 2661; x_wconf 93' lang='lat' dir='ltr'><strong>illo</strong></span> <span class='ocrx_word' id='word_1_202' title='bbox 2053 2604 2141 2675; x_wconf 79' lang='lat' dir='ltr'><strong>ju-</strong></span> 
     </span>
    </p>
   </div>
   <div class='ocr_carea' id='block_1_26' title="bbox 561 2698 2143 2779">
    <p class='ocr_par' dir='ltr' id='par_1_26' title="bbox 561 2698 2143 2779">
     <span class='ocr_line' id='line_1_26' title="bbox 561 2698 2143 2779; baseline -0.009 -13"><span class='ocrx_word' id='word_1_203' title='bbox 561 2711 840 2776; x_wconf 86' lang='lat' dir='ltr'><strong>stilicetur,</strong></span> <span class='ocrx_word' id='word_1_204' title='bbox 869 2707 960 2779; x_wconf 89' lang='lat' dir='ltr'><strong>qui</strong></span> <span class='ocrx_word' id='word_1_205' title='bbox 981 2707 1127 2763; x_wconf 90' lang='lat' dir='ltr'><strong>solus</strong></span> <span class='ocrx_word' id='word_1_206' title='bbox 1152 2714 1234 2760; x_wconf 81' lang='lat' dir='ltr'><strong>est</strong></span> <span class='ocrx_word' id='word_1_207' title='bbox 1252 2704 1443 2775; x_wconf 90' lang='lat' dir='ltr'><strong>justus.</strong></span> <span class='ocrx_word' id='word_1_208' title='bbox 1471 2701 1539 2758; x_wconf 90' lang='lat' dir='ltr'><strong>Ut</strong></span> <span class='ocrx_word' id='word_1_209' title='bbox 1565 2715 1690 2771; x_wconf 88' lang='lat' dir='ltr'><strong>ergo</strong></span> <span class='ocrx_word' id='word_1_210' title='bbox 1712 2699 1783 2753; x_wconf 87' lang='lat' dir='ltr'><strong>illi</strong></span> <span class='ocrx_word' id='word_1_211' title='bbox 1814 2714 1873 2753; x_wconf 92' lang='lat' dir='ltr'><strong>se</strong></span> <span class='ocrx_word' id='word_1_212' title='bbox 1898 2698 2143 2754; x_wconf 84' lang='lat' dir='ltr'><strong>homines</strong></span> 
     </span>
    </p>
   </div>
   <div class='ocr_carea' id='block_1_27' title="bbox 561 2789 2143 2866">
    <p class='ocr_par' dir='ltr' id='par_1_27' title="bbox 561 2789 2143 2866">
     <span class='ocr_line' id='line_1_27' title="bbox 561 2789 2143 2866; baseline -0.01 -7"><span class='ocrx_word' id='word_1_213' title='bbox 561 2806 687 2859; x_wconf 78' lang='lat' dir='ltr'><strong>dent</strong></span> <span class='ocrx_word' id='word_1_214' title='bbox 715 2798 1018 2858; x_wconf 80' lang='lat' dir='ltr'><strong>formandos</strong></span> <span class='ocrx_word' id='word_1_215' title='bbox 1047 2796 1111 2852; x_wconf 89' lang='lat' dir='ltr'><strong>ad</strong></span> <span class='ocrx_word' id='word_1_216' title='bbox 1146 2795 1434 2866; x_wconf 86' lang='lat' dir='ltr'><strong>justitiam,</strong></span> <span class='ocrx_word' id='word_1_217' title='bbox 1468 2807 1587 2848; x_wconf 90' lang='lat' dir='ltr'><strong>cum</strong></span> <span class='ocrx_word' id='word_1_218' title='bbox 1618 2791 1894 2845; x_wconf 89' lang='lat' dir='ltr'><strong>terruisset</strong></span> <span class='ocrx_word' id='word_1_219' title='bbox 1922 2789 2143 2859; x_wconf 88' lang='lat' dir='ltr'><strong>populos</strong></span> 
     </span>
    </p>
   </div>
   <div class='ocr_carea' id='block_1_28' title="bbox 561 2882 2144 2969">
    <p class='ocr_par' dir='ltr' id='par_1_28' title="bbox 561 2882 2144 2969">
     <span class='ocr_line' id='line_1_28' title="bbox 561 2882 2144 2969; baseline -0.01 -21"><span class='ocrx_word' id='word_1_220' title='bbox 561 2898 798 2969; x_wconf 75' lang='lat' dir='ltr'><strong>psalmus</strong></span> <span class='ocrx_word' id='word_1_221' title='bbox 823 2895 952 2957; x_wconf 89' lang='lat' dir='ltr'><strong>iste,</strong></span> <span class='ocrx_word' id='word_1_222' title='bbox 986 2903 1033 2946; x_wconf 90' lang='lat' dir='ltr'><strong>ct</strong></span> <span class='ocrx_word' id='word_1_223' title='bbox 1066 2890 1315 2952; x_wconf 85' lang='lat' dir='ltr'><strong>dixisset,</strong></span> <span class='ocrx_word' id='word_1_224' title='bbox 1342 2885 1687 2948; x_wconf 82' lang='lat' dir='ltr'><strong>Conﬁteantur</strong></span> <span class='ocrx_word' id='word_1_225' title='bbox 1712 2882 1903 2937; x_wconf 90' lang='lat' dir='ltr'><strong>nomini</strong></span> <span class='ocrx_word' id='word_1_226' title='bbox 1925 2889 2010 2934; x_wconf 90' lang='lat' dir='ltr'><strong>tuo</strong></span> <span class='ocrx_word' id='word_1_227' title='bbox 2035 2897 2144 2933; x_wconf 87' lang='lat' dir='ltr'><strong>ma-</strong></span> 
     </span>
    </p>
   </div>
   <div class='ocr_carea' id='block_1_29' title="bbox 560 2976 2143 3062">
    <p class='ocr_par' dir='ltr' id='par_1_29' title="bbox 560 2976 2143 3062">
     <span class='ocr_line' id='line_1_29' title="bbox 560 2976 2143 3062; baseline -0.012 -17"><span class='ocrx_word' id='word_1_228' title='bbox 560 3009 659 3062; x_wconf 86' lang='lat' dir='ltr'><strong>gno</strong></span> <span class='ocrx_word' id='word_1_229' title='bbox 679 3033 693 3056; x_wconf 93' lang='lat'><strong>,</strong></span> <span class='ocrx_word' id='word_1_230' title='bbox 721 2988 958 3060; x_wconf 87' lang='lat' dir='ltr'><strong>quoniam</strong></span> <span class='ocrx_word' id='word_1_231' title='bbox 978 2983 1193 3038; x_wconf 81' lang='lat' dir='ltr'><strong>terribile</strong></span> <span class='ocrx_word' id='word_1_232' title='bbox 1214 2990 1260 3035; x_wconf 86' lang='lat' dir='ltr'><strong>et</strong></span> <span class='ocrx_word' id='word_1_233' title='bbox 1279 2987 1506 3035; x_wconf 86' lang='lat' dir='ltr'><strong>sanctum</strong></span> <span class='ocrx_word' id='word_1_234' title='bbox 1531 2987 1627 3044; x_wconf 85' lang='lat' dir='ltr'><strong>est;</strong></span> <span class='ocrx_word' id='word_1_235' title='bbox 1648 2987 1694 3030; x_wconf 90' lang='lat' dir='ltr'><strong>et</strong></span> <span class='ocrx_word' id='word_1_236' title='bbox 1715 2977 1876 3030; x_wconf 87' lang='lat' dir='ltr'><strong>honor</strong></span> <span class='ocrx_word' id='word_1_237' title='bbox 1902 2976 2032 3044; x_wconf 77' lang='lat' dir='ltr'><strong>regis</strong></span> <span class='ocrx_word' id='word_1_238' title='bbox 2053 2977 2143 3046; x_wconf 86' lang='lat' dir='ltr'><strong>ju-</strong></span> 
     </span>
    </p>
   </div>
   <div class='ocr_carea' id='block_1_30' title="bbox 557 3065 2140 3148">
    <p class='ocr_par' dir='ltr' id='par_1_30' title="bbox 557 3065 2140 3148">
     <span class='ocr_line' id='line_1_30' title="bbox 557 3065 2140 3148; baseline -0.01 -13"><span class='ocrx_word' id='word_1_239' title='bbox 557 3081 745 3134; x_wconf 89' lang='lat' dir='ltr'><strong>dicium</strong></span> <span class='ocrx_word' id='word_1_240' title='bbox 769 3076 958 3148; x_wconf 79' lang='lat' dir='ltr'><strong>diligit;</strong></span> <span class='ocrx_word' id='word_1_241' title='bbox 985 3073 1142 3129; x_wconf 89' lang='lat' dir='ltr'><strong>veluti</strong></span> <span class='ocrx_word' id='word_1_242' title='bbox 1170 3080 1467 3142; x_wconf 69' lang='lat' dir='ltr'><strong>qumrcntes</strong></span> <span class='ocrx_word' id='word_1_243' title='bbox 1486 3069 1595 3139; x_wconf 90' lang='lat' dir='ltr'><strong>jam</strong></span> <span class='ocrx_word' id='word_1_244' title='bbox 1626 3066 1848 3138; x_wconf 88' lang='lat' dir='ltr'><strong>populos</strong></span> <span class='ocrx_word' id='word_1_245' title='bbox 1878 3067 2092 3121; x_wconf 84' lang='lat' dir='ltr'><strong>territos</strong></span> <span class='ocrx_word' id='word_1_246' title='bbox 2119 3065 2140 3096; x_wconf 84' lang='grc'><strong><em>²</em></strong></span> 
     </span>
    </p>
   </div>
   <div class='ocr_carea' id='block_1_31' title="bbox 557 3155 2136 3242">
    <p class='ocr_par' dir='ltr' id='par_1_31' title="bbox 557 3155 2136 3242">
     <span class='ocr_line' id='line_1_31' title="bbox 557 3155 2136 3242; baseline -0.011 -15"><span class='ocrx_word' id='word_1_247' title='bbox 557 3168 822 3242; x_wconf 88' lang='lat' dir='ltr'><strong>quomodo</strong></span> <span class='ocrx_word' id='word_1_248' title='bbox 846 3167 973 3237; x_wconf 90' lang='lat' dir='ltr'><strong>justi</strong></span> <span class='ocrx_word' id='word_1_249' title='bbox 1020 3163 1198 3218; x_wconf 88' lang='lat' dir='ltr'><strong>vivere</strong></span> <span class='ocrx_word' id='word_1_250' title='bbox 1226 3160 1487 3224; x_wconf 89' lang='lat' dir='ltr'><strong>debeant,</strong></span> <span class='ocrx_word' id='word_1_251' title='bbox 1534 3159 1656 3228; x_wconf 87' lang='lat' dir='ltr'><strong>quia</strong></span> <span class='ocrx_word' id='word_1_252' title='bbox 1697 3157 1747 3212; x_wconf 90' lang='lat' dir='ltr'><strong>in</strong></span> <span class='ocrx_word' id='word_1_253' title='bbox 1796 3155 1986 3227; x_wconf 86' lang='lat' dir='ltr'><strong>seipsis</strong></span> <span class='ocrx_word' id='word_1_254' title='bbox 2032 3171 2136 3210; x_wconf 94' lang='lat' dir='ltr'><strong>non</strong></span> 
     </span>
    </p>
   </div>
   <div class='ocr_carea' id='block_1_32' title="bbox 559 3247 2138 3333">
    <p class='ocr_par' dir='ltr' id='par_1_32' title="bbox 559 3247 2138 3333">
     <span class='ocr_line' id='line_1_32' title="bbox 559 3247 2138 3333; baseline -0.01 -16"><span class='ocrx_word' id='word_1_255' title='bbox 559 3269 782 3333; x_wconf 80' lang='lat' dir='ltr'><strong>possunt</strong></span> <span class='ocrx_word' id='word_1_256' title='bbox 824 3258 1020 3313; x_wconf 86' lang='lat' dir='ltr'><strong>habere</strong></span> <span class='ocrx_word' id='word_1_257' title='bbox 1059 3253 1314 3326; x_wconf 84' lang='lat' dir='ltr'><strong>justitiam</strong></span> <span class='ocrx_word' id='word_1_258' title='bbox 1337 3293 1352 3319; x_wconf 94' lang='lat'><strong>,</strong></span> <span class='ocrx_word' id='word_1_259' title='bbox 1384 3249 1773 3305; x_wconf 91' lang='lat' dir='ltr'><strong>commendavit</strong></span> <span class='ocrx_word' id='word_1_260' title='bbox 1800 3248 1902 3302; x_wconf 93' lang='lat' dir='ltr'><strong>illis</strong></span> <span class='ocrx_word' id='word_1_261' title='bbox 1928 3255 1981 3302; x_wconf 89' lang='lat' dir='ltr'><strong>et</strong></span> <span class='ocrx_word' id='word_1_262' title='bbox 2025 3247 2138 3318; x_wconf 86' lang='lat' dir='ltr'><strong>pla-</strong></span> 
     </span>
    </p>
   </div>
   <div class='ocr_carea' id='block_1_33' title="bbox 558 3335 2140 3420">
    <p class='ocr_par' dir='ltr' id='par_1_33' title="bbox 558 3335 2140 3420">
     <span class='ocr_line' id='line_1_33' title="bbox 558 3335 2140 3420; baseline -0.01 -12"><span class='ocrx_word' id='word_1_263' title='bbox 558 3335 850 3408; x_wconf 69' lang='lat' dir='ltr'><strong>smatoretn</strong></span> <span class='ocrx_word' id='word_1_264' title='bbox 872 3347 1088 3420; x_wconf 71' lang='lat' dir='ltr'><strong>justitite</strong></span> <span class='ocrx_word' id='word_1_265' title='bbox 1118 3346 1348 3408; x_wconf 92' lang='lat' dir='ltr'><strong>illorum,</strong></span> <span class='ocrx_word' id='word_1_266' title='bbox 1381 3350 1434 3396; x_wconf 92' lang='lat' dir='ltr'><strong>et</strong></span> <span class='ocrx_word' id='word_1_267' title='bbox 1459 3350 1672 3396; x_wconf 91' lang='lat' dir='ltr'><strong>secutus</strong></span> <span class='ocrx_word' id='word_1_268' title='bbox 1696 3339 1769 3394; x_wconf 88' lang='lat' dir='ltr'><strong>ait</strong></span> <span class='ocrx_word' id='word_1_269' title='bbox 1801 3357 1814 3393; x_wconf 91' lang='lat'><strong>:</strong></span> <span class='ocrx_word' id='word_1_270' title='bbox 1850 3338 1924 3393; x_wconf 91' lang='lat' dir='ltr'><strong>Tu</strong></span> <span class='ocrx_word' id='word_1_271' title='bbox 1948 3339 2140 3409; x_wconf 87' lang='lat' dir='ltr'><strong>parasti</strong></span> 
     </span>
    </p>
   </div>
   <div class='ocr_carea' id='block_1_34' title="bbox 557 3432 2135 3513">
    <p class='ocr_par' dir='ltr' id='par_1_34' title="bbox 557 3432 2135 3513">
     <span class='ocr_line' id='line_1_34' title="bbox 557 3432 2135 3513; baseline -0.008 -15"><span class='ocrx_word' id='word_1_272' title='bbox 557 3443 882 3513; x_wconf 67' lang='lat' dir='ltr'><strong>«equitatem;</strong></span> <span class='ocrx_word' id='word_1_273' title='bbox 918 3438 1170 3510; x_wconf 85' lang='lat' dir='ltr'><strong>judicium</strong></span> <span class='ocrx_word' id='word_1_274' title='bbox 1213 3445 1258 3490; x_wconf 86' lang='lat' dir='ltr'><strong>et</strong></span> <span class='ocrx_word' id='word_1_275' title='bbox 1278 3435 1529 3503; x_wconf 77' lang='lat' dir='ltr'><strong>justitiam</strong></span> <span class='ocrx_word' id='word_1_276' title='bbox 1576 3433 1626 3486; x_wconf 83' lang='lat' dir='ltr'><strong>in</strong></span> <span class='ocrx_word' id='word_1_277' title='bbox 1674 3432 1833 3486; x_wconf 82' lang='lat' dir='ltr'><strong>Jacob</strong></span> <span class='ocrx_word' id='word_1_278' title='bbox 1873 3441 1925 3484; x_wconf 90' lang='lat' dir='ltr'><strong>tu</strong></span> <span class='ocrx_word' id='word_1_279' title='bbox 1955 3432 2135 3502; x_wconf 78' lang='lat' dir='ltr'><strong>fecisti.</strong></span> 
     </span>
    </p>
   </div>
   <div class='ocr_carea' id='block_1_35' title="bbox 559 3523 2140 3593">
    <p class='ocr_par' dir='ltr' id='par_1_35' title="bbox 559 3523 2140 3593">
     <span class='ocr_line' id='line_1_35' title="bbox 559 3523 2140 3593; baseline -0.008 -2"><span class='ocrx_word' id='word_1_280' title='bbox 559 3534 825 3590; x_wconf 86' lang='lat' dir='ltr'><strong>Debemus</strong></span> <span class='ocrx_word' id='word_1_281' title='bbox 849 3532 990 3587; x_wconf 91' lang='lat' dir='ltr'><strong>enim</strong></span> <span class='ocrx_word' id='word_1_282' title='bbox 1021 3539 1076 3585; x_wconf 91' lang='lat' dir='ltr'><strong>et</strong></span> <span class='ocrx_word' id='word_1_283' title='bbox 1099 3541 1197 3582; x_wconf 91' lang='lat' dir='ltr'><strong>nos</strong></span> <span class='ocrx_word' id='word_1_284' title='bbox 1225 3525 1424 3580; x_wconf 87' lang='lat' dir='ltr'><strong>habere</strong></span> <span class='ocrx_word' id='word_1_285' title='bbox 1445 3525 1701 3593; x_wconf 90' lang='lat' dir='ltr'><strong>judicium</strong></span> <span class='ocrx_word' id='word_1_286' title='bbox 1719 3565 1732 3586; x_wconf 89' lang='lat'><strong>,</strong></span> <span class='ocrx_word' id='word_1_287' title='bbox 1762 3523 2018 3578; x_wconf 90' lang='lat' dir='ltr'><strong>debemus</strong></span> <span class='ocrx_word' id='word_1_288' title='bbox 2045 3523 2140 3578; x_wconf 91' lang='lat' dir='ltr'><strong>ha-</strong></span> 
     </span>
    </p>
   </div>
   <div class='ocr_carea' id='block_1_36' title="bbox 556 3613 2139 3697">
    <p class='ocr_par' dir='ltr' id='par_1_36' title="bbox 556 3613 2139 3697">
     <span class='ocr_line' id='line_1_36' title="bbox 556 3613 2139 3697; baseline -0.009 -15"><span class='ocrx_word' id='word_1_289' title='bbox 556 3628 682 3684; x_wconf 87' lang='lat' dir='ltr'><strong>bere</strong></span> <span class='ocrx_word' id='word_1_290' title='bbox 700 3624 979 3697; x_wconf 85' lang='lat' dir='ltr'><strong>justitiam;</strong></span> <span class='ocrx_word' id='word_1_291' title='bbox 1009 3620 1101 3676; x_wconf 89' lang='lat' dir='ltr'><strong>scd</strong></span> <span class='ocrx_word' id='word_1_292' title='bbox 1124 3620 1212 3675; x_wconf 91' lang='lat' dir='ltr'><strong>ille</strong></span> <span class='ocrx_word' id='word_1_293' title='bbox 1243 3620 1293 3672; x_wconf 91' lang='lat' dir='ltr'><strong>in</strong></span> <span class='ocrx_word' id='word_1_294' title='bbox 1321 3617 1470 3671; x_wconf 89' lang='lat' dir='ltr'><strong>nobis</strong></span> <span class='ocrx_word' id='word_1_295' title='bbox 1496 3614 1888 3685; x_wconf 90' lang='lat' dir='ltr'><strong>facitjudicinm</strong></span> <span class='ocrx_word' id='word_1_296' title='bbox 1917 3623 1969 3669; x_wconf 87' lang='lat' dir='ltr'><strong>et</strong></span> <span class='ocrx_word' id='word_1_297' title='bbox 1983 3613 2139 3684; x_wconf 88' lang='lat' dir='ltr'><strong>justi-</strong></span> 
     </span>
    </p>
   </div>
   <div class='ocr_carea' id='block_1_37' title="bbox 555 3704 2138 3788">
    <p class='ocr_par' dir='ltr' id='par_1_37' title="bbox 555 3704 2138 3788">
     <span class='ocr_line' id='line_1_37' title="bbox 555 3704 2138 3788; baseline -0.01 -13"><span class='ocrx_word' id='word_1_298' title='bbox 555 3721 719 3786; x_wconf 89' lang='lat' dir='ltr'><strong>tiam,</strong></span> <span class='ocrx_word' id='word_1_299' title='bbox 748 3717 836 3788; x_wconf 89' lang='lat' dir='ltr'><strong>qui</strong></span> <span class='ocrx_word' id='word_1_300' title='bbox 879 3729 976 3770; x_wconf 91' lang='lat' dir='ltr'><strong>nos</strong></span> <span class='ocrx_word' id='word_1_301' title='bbox 1020 3712 1144 3768; x_wconf 91' lang='lat' dir='ltr'><strong>fecit</strong></span> <span class='ocrx_word' id='word_1_302' title='bbox 1175 3711 1225 3765; x_wconf 92' lang='lat' dir='ltr'><strong>in</strong></span> <span class='ocrx_word' id='word_1_303' title='bbox 1268 3709 1460 3779; x_wconf 89' lang='lat' dir='ltr'><strong>quibus</strong></span> <span class='ocrx_word' id='word_1_304' title='bbox 1507 3707 1728 3762; x_wconf 87' lang='lat' dir='ltr'><strong>faceret.</strong></span> <span class='ocrx_word' id='word_1_305' title='bbox 1769 3704 2047 3772; x_wconf 88' lang='lat' dir='ltr'><strong>Quomodo</strong></span> <span class='ocrx_word' id='word_1_306' title='bbox 2084 3713 2138 3761; x_wconf 91' lang='lat' dir='ltr'><strong>et</strong></span> 
     </span>
    </p>
   </div>
   <div class='ocr_carea' id='block_1_38' title="bbox 553 3796 2135 3871">
    <p class='ocr_par' dir='ltr' id='par_1_38' title="bbox 553 3796 2135 3871">
     <span class='ocr_line' id='line_1_38' title="bbox 553 3796 2135 3871; baseline -0.01 -5"><span class='ocrx_word' id='word_1_307' title='bbox 553 3825 654 3866; x_wconf 90' lang='lat' dir='ltr'><strong>nos</strong></span> <span class='ocrx_word' id='word_1_308' title='bbox 682 3809 936 3865; x_wconf 82' lang='lat' dir='ltr'><strong>debemus</strong></span> <span class='ocrx_word' id='word_1_309' title='bbox 961 3805 1159 3860; x_wconf 89' lang='lat' dir='ltr'><strong>habere</strong></span> <span class='ocrx_word' id='word_1_310' title='bbox 1178 3800 1433 3871; x_wconf 91' lang='lat' dir='ltr'><strong>judicium</strong></span> <span class='ocrx_word' id='word_1_311' title='bbox 1466 3805 1520 3853; x_wconf 90' lang='lat' dir='ltr'><strong>et</strong></span> <span class='ocrx_word' id='word_1_312' title='bbox 1542 3797 1800 3868; x_wconf 90' lang='lat' dir='ltr'><strong>justitiam</strong></span> <span class='ocrx_word' id='word_1_313' title='bbox 1822 3797 1846 3850; x_wconf 87' lang='lat'><strong>?</strong></span> <span class='ocrx_word' id='word_1_314' title='bbox 1871 3796 2135 3852; x_wconf 71' lang='lat' dir='ltr'><strong>Iudicium</strong></span> 
     </span>
    </p>
   </div>
   <div class='ocr_carea' id='block_1_39' title="bbox 556 3887 2135 3973">
    <p class='ocr_par' dir='ltr' id='par_1_39' title="bbox 556 3887 2135 3973">
     <span class='ocr_line' id='line_1_39' title="bbox 556 3887 2135 3973; baseline -0.01 -16"><span class='ocrx_word' id='word_1_315' title='bbox 556 3903 739 3969; x_wconf 81' lang='lat' dir='ltr'><strong>Labes,</strong></span> <span class='ocrx_word' id='word_1_316' title='bbox 763 3899 973 3973; x_wconf 86' lang='lat' dir='ltr'><strong>quando</strong></span> <span class='ocrx_word' id='word_1_317' title='bbox 997 3895 1257 3952; x_wconf 87' lang='lat' dir='ltr'><strong>discernis</strong></span> <span class='ocrx_word' id='word_1_318' title='bbox 1287 3892 1485 3947; x_wconf 90' lang='lat' dir='ltr'><strong>malum</strong></span> <span class='ocrx_word' id='word_1_319' title='bbox 1500 3889 1730 3971; x_wconf 46' lang='lat' dir='ltr'><strong>ibono;</strong></span> <span class='ocrx_word' id='word_1_320' title='bbox 1757 3887 2015 3960; x_wconf 89' lang='lat' dir='ltr'><strong>justitiam</strong></span> <span class='ocrx_word' id='word_1_321' title='bbox 2038 3905 2135 3942; x_wconf 83' lang='lat' dir='ltr'><strong>au-</strong></span> 
     </span>
    </p>
   </div>
   <div class='ocr_carea' id='block_1_40' title="bbox 559 3979 2136 4064">
    <p class='ocr_par' dir='ltr' id='par_1_40' title="bbox 559 3979 2136 4064">
     <span class='ocr_line' id='line_1_40' title="bbox 559 3979 2136 4064; baseline -0.011 -15"><span class='ocrx_word' id='word_1_322' title='bbox 559 4008 688 4062; x_wconf 92' lang='lat' dir='ltr'><strong>tem,</strong></span> <span class='ocrx_word' id='word_1_323' title='bbox 706 3991 916 4064; x_wconf 87' lang='lat' dir='ltr'><strong>quando</strong></span> <span class='ocrx_word' id='word_1_324' title='bbox 941 3986 1180 4058; x_wconf 85' lang='lat' dir='ltr'><strong>sequeris</strong></span> <span class='ocrx_word' id='word_1_325' title='bbox 1203 3985 1422 4048; x_wconf 90' lang='lat' dir='ltr'><strong>bonum,</strong></span> <span class='ocrx_word' id='word_1_326' title='bbox 1446 3991 1498 4036; x_wconf 92' lang='lat' dir='ltr'><strong>et</strong></span> <span class='ocrx_word' id='word_1_327' title='bbox 1523 3981 1760 4036; x_wconf 91' lang='lat' dir='ltr'><strong>declinas</strong></span> <span class='ocrx_word' id='word_1_328' title='bbox 1776 3996 1805 4034; x_wconf 91' lang='lat' dir='ltr'><strong>a</strong></span> <span class='ocrx_word' id='word_1_329' title='bbox 1833 3981 1988 4034; x_wconf 90' lang='lat' dir='ltr'><strong>malo.</strong></span> <span class='ocrx_word' id='word_1_330' title='bbox 2017 3979 2136 4033; x_wconf 90' lang='lat' dir='ltr'><strong>Dis-</strong></span> 
     </span>
    </p>
   </div>
   <div class='ocr_carea' id='block_1_41' title="bbox 553 4070 2135 4151">
    <p class='ocr_par' dir='ltr' id='par_1_41' title="bbox 553 4070 2135 4151">
     <span class='ocr_line' id='line_1_41' title="bbox 553 4070 2135 4151; baseline -0.013 -8"><span class='ocrx_word' id='word_1_331' title='bbox 553 4084 855 4148; x_wconf 88' lang='lat' dir='ltr'><strong>eernendo,</strong></span> <span class='ocrx_word' id='word_1_332' title='bbox 893 4080 1146 4151; x_wconf 89' lang='lat' dir='ltr'><strong>judicium</strong></span> <span class='ocrx_word' id='word_1_333' title='bbox 1193 4075 1393 4139; x_wconf 88' lang='lat' dir='ltr'><strong>habes;</strong></span> <span class='ocrx_word' id='word_1_334' title='bbox 1426 4071 1699 4134; x_wconf 81' lang='lat' dir='ltr'><strong>faciendo,</strong></span> <span class='ocrx_word' id='word_1_335' title='bbox 1738 4071 1995 4141; x_wconf 88' lang='lat' dir='ltr'><strong>justitiam</strong></span> <span class='ocrx_word' id='word_1_336' title='bbox 2037 4070 2135 4125; x_wconf 85' lang='lat' dir='ltr'><strong>ha-</strong></span> 
     </span>
    </p>
   </div>
   <div class='ocr_carea' id='block_1_42' title="bbox 554 4163 2130 4234">
    <p class='ocr_par' dir='ltr' id='par_1_42' title="bbox 554 4163 2130 4234">
     <span class='ocr_line' id='line_1_42' title="bbox 554 4163 2130 4234; baseline -0.011 -4"><span class='ocrx_word' id='word_1_337' title='bbox 554 4177 666 4230; x_wconf 85' lang='lat' dir='ltr'><strong>bes.</strong></span> <span class='ocrx_word' id='word_1_338' title='bbox 695 4171 905 4226; x_wconf 80' lang='lat' dir='ltr'><strong>Declina</strong></span> <span class='ocrx_word' id='word_1_339' title='bbox 928 4186 958 4221; x_wconf 91' lang='lat' dir='ltr'><strong>a</strong></span> <span class='ocrx_word' id='word_1_340' title='bbox 983 4167 1138 4231; x_wconf 89' lang='lat' dir='ltr'><strong>malo,</strong></span> <span class='ocrx_word' id='word_1_341' title='bbox 1161 4165 1267 4230; x_wconf 88' lang='lat' dir='ltr'><strong>ait,</strong></span> <span class='ocrx_word' id='word_1_342' title='bbox 1298 4173 1344 4218; x_wconf 91' lang='lat' dir='ltr'><strong>et</strong></span> <span class='ocrx_word' id='word_1_343' title='bbox 1371 4167 1452 4234; x_wconf 81' lang='lat' dir='ltr'><strong>{ac</strong></span> <span class='ocrx_word' id='word_1_344' title='bbox 1481 4163 1698 4225; x_wconf 88' lang='lat' dir='ltr'><strong>bonum;</strong></span> <span class='ocrx_word' id='word_1_345' title='bbox 1723 4177 1889 4230; x_wconf 80' lang='lat' dir='ltr'><strong>qutere</strong></span> <span class='ocrx_word' id='word_1_346' title='bbox 1929 4177 2130 4231; x_wconf 82' lang='lat' dir='ltr'><strong>pacem,</strong></span> 
     </span>
    </p>
   </div>
   <div class='ocr_carea' id='block_1_43' title="bbox 553 4251 2135 4332">
    <p class='ocr_par' dir='ltr' id='par_1_43' title="bbox 553 4251 2135 4332">
     <span class='ocr_line' id='line_1_43' title="bbox 553 4251 2135 4332; baseline -0.009 -12"><span class='ocrx_word' id='word_1_347' title='bbox 553 4276 600 4320; x_wconf 71' lang='lat' dir='ltr'><strong>et</strong></span> <span class='ocrx_word' id='word_1_348' title='bbox 627 4279 827 4332; x_wconf 82' lang='lat' dir='ltr'><strong>sequere</strong></span> <span class='ocrx_word' id='word_1_349' title='bbox 850 4277 958 4315; x_wconf 87' lang='lat' dir='ltr'><strong>eam</strong></span> <span class='ocrx_word' id='word_1_350' title='bbox 989 4256 1161 4329; x_wconf 87' lang='lat' dir='ltr'><strong>(Psal.</strong></span> <span class='ocrx_word' id='word_1_351' title='bbox 1189 4270 1350 4309; x_wconf 83' lang='lat' dir='ltr'><strong>xxxnt</strong></span> <span class='ocrx_word' id='word_1_352' title='bbox 1371 4295 1383 4316; x_wconf 93' lang='lat'><strong>,</strong></span> <span class='ocrx_word' id='word_1_353' title='bbox 1415 4253 1524 4322; x_wconf 73' lang='lat' dir='ltr'><strong>lii).</strong></span> <span class='ocrx_word' id='word_1_354' title='bbox 1549 4252 1727 4306; x_wconf 88' lang='lat' dir='ltr'><strong>Primo</strong></span> <span class='ocrx_word' id='word_1_355' title='bbox 1751 4251 1914 4306; x_wconf 87' lang='lat' dir='ltr'><strong>debes</strong></span> <span class='ocrx_word' id='word_1_356' title='bbox 1940 4251 2135 4306; x_wconf 88' lang='lat' dir='ltr'><strong>habere</strong></span> 
     </span>
    </p>
   </div>
   <div class='ocr_carea' id='block_1_44' title="bbox 548 4343 2136 4429">
    <p class='ocr_par' dir='ltr' id='par_1_44' title="bbox 548 4343 2136 4429">
     <span class='ocr_line' id='line_1_44' title="bbox 548 4343 2136 4429; baseline -0.009 -17"><span class='ocrx_word' id='word_1_357' title='bbox 548 4357 841 4429; x_wconf 90' lang='lat' dir='ltr'><strong>judicium,</strong></span> <span class='ocrx_word' id='word_1_358' title='bbox 883 4361 935 4407; x_wconf 88' lang='lat' dir='ltr'><strong>et</strong></span> <span class='ocrx_word' id='word_1_359' title='bbox 978 4358 1161 4420; x_wconf 82' lang='lat' dir='ltr'><strong>postea</strong></span> <span class='ocrx_word' id='word_1_360' title='bbox 1197 4346 1480 4416; x_wconf 76' lang='lat' dir='ltr'><strong>jusﬁtiam.</strong></span> <span class='ocrx_word' id='word_1_361' title='bbox 1523 4343 1674 4411; x_wconf 88' lang='lat' dir='ltr'><strong>Quod</strong></span> <span class='ocrx_word' id='word_1_362' title='bbox 1719 4343 2022 4413; x_wconf 90' lang='lat' dir='ltr'><strong>judicium?</strong></span> <span class='ocrx_word' id='word_1_363' title='bbox 2067 4343 2136 4398; x_wconf 83' lang='lat' dir='ltr'><strong>Ut</strong></span> 
     </span>
    </p>
   </div>
   <div class='ocr_carea' id='block_1_45' title="bbox 552 4434 2136 4522">
    <p class='ocr_par' dir='ltr' id='par_1_45' title="bbox 552 4434 2136 4522">
     <span class='ocr_line' id='line_1_45' title="bbox 552 4434 2136 4522; baseline -0.011 -15"><span class='ocrx_word' id='word_1_364' title='bbox 552 4451 726 4522; x_wconf 87' lang='lat' dir='ltr'><strong>primo</strong></span> <span class='ocrx_word' id='word_1_365' title='bbox 747 4445 950 4518; x_wconf 88' lang='lat' dir='ltr'><strong>judices</strong></span> <span class='ocrx_word' id='word_1_366' title='bbox 976 4442 1098 4514; x_wconf 89' lang='lat' dir='ltr'><strong>quid</strong></span> <span class='ocrx_word' id='word_1_367' title='bbox 1129 4441 1198 4495; x_wconf 89' lang='lat' dir='ltr'><strong>sit</strong></span> <span class='ocrx_word' id='word_1_368' title='bbox 1224 4438 1416 4493; x_wconf 89' lang='lat' dir='ltr'><strong>malum</strong></span> <span class='ocrx_word' id='word_1_369' title='bbox 1440 4479 1454 4504; x_wconf 96' lang='lat'><strong>,</strong></span> <span class='ocrx_word' id='word_1_370' title='bbox 1483 4445 1536 4492; x_wconf 90' lang='lat' dir='ltr'><strong>ct</strong></span> <span class='ocrx_word' id='word_1_371' title='bbox 1570 4434 1699 4506; x_wconf 93' lang='lat' dir='ltr'><strong>quid</strong></span> <span class='ocrx_word' id='word_1_372' title='bbox 1728 4434 1799 4488; x_wconf 91' lang='lat' dir='ltr'><strong>sit</strong></span> <span class='ocrx_word' id='word_1_373' title='bbox 1824 4434 2037 4489; x_wconf 90' lang='lat' dir='ltr'><strong>bonum.</strong></span> <span class='ocrx_word' id='word_1_374' title='bbox 2072 4436 2136 4489; x_wconf 87' lang='lat' dir='ltr'><strong>Et</strong></span> 
     </span>
    </p>
   </div>
   <div class='ocr_carea' id='block_1_46' title="bbox 551 4525 2130 4611">
    <p class='ocr_par' dir='ltr' id='par_1_46' title="bbox 551 4525 2130 4611">
     <span class='ocr_line' id='line_1_46' title="bbox 551 4525 2130 4611; baseline -0.008 -15"><span class='ocrx_word' id='word_1_375' title='bbox 551 4554 709 4611; x_wconf 91' lang='lat' dir='ltr'><strong>quam</strong></span> <span class='ocrx_word' id='word_1_376' title='bbox 745 4533 1041 4609; x_wconf 76' lang='lat' dir='ltr'><strong>justitiam?</strong></span> <span class='ocrx_word' id='word_1_377' title='bbox 1072 4530 1314 4585; x_wconf 84' lang='lat' dir='ltr'><strong>Declines</strong></span> <span class='ocrx_word' id='word_1_378' title='bbox 1341 4541 1372 4582; x_wconf 89' lang='lat' dir='ltr'><strong>a</strong></span> <span class='ocrx_word' id='word_1_379' title='bbox 1408 4527 1550 4582; x_wconf 92' lang='lat' dir='ltr'><strong>malo</strong></span> <span class='ocrx_word' id='word_1_380' title='bbox 1573 4567 1588 4593; x_wconf 94' lang='lat'><strong>,</strong></span> <span class='ocrx_word' id='word_1_381' title='bbox 1621 4535 1676 4582; x_wconf 88' lang='lat' dir='ltr'><strong>et</strong></span> <span class='ocrx_word' id='word_1_382' title='bbox 1705 4525 1868 4580; x_wconf 80' lang='lat' dir='ltr'><strong>facias</strong></span> <span class='ocrx_word' id='word_1_383' title='bbox 1913 4525 2130 4583; x_wconf 88' lang='lat' dir='ltr'><strong>bonum.</strong></span> 
     </span>
    </p>
   </div>
   <div class='ocr_carea' id='block_1_47' title="bbox 551 4617 2129 4690">
    <p class='ocr_par' dir='ltr' id='par_1_47' title="bbox 551 4617 2129 4690">
     <span class='ocr_line' id='line_1_47' title="bbox 551 4617 2129 4690; baseline -0.01 -2"><span class='ocrx_word' id='word_1_384' title='bbox 551 4633 666 4688; x_wconf 87' lang='lat' dir='ltr'><strong>lloc</strong></span> <span class='ocrx_word' id='word_1_385' title='bbox 707 4639 880 4686; x_wconf 89' lang='lat' dir='ltr'><strong>autem</strong></span> <span class='ocrx_word' id='word_1_386' title='bbox 927 4641 1031 4681; x_wconf 92' lang='lat' dir='ltr'><strong>non</strong></span> <span class='ocrx_word' id='word_1_387' title='bbox 1075 4639 1105 4678; x_wconf 90' lang='lat' dir='ltr'><strong>a</strong></span> <span class='ocrx_word' id='word_1_388' title='bbox 1134 4633 1184 4677; x_wconf 91' lang='lat' dir='ltr'><strong>te</strong></span> <span class='ocrx_word' id='word_1_389' title='bbox 1213 4620 1468 4683; x_wconf 87' lang='lat' dir='ltr'><strong>habebis;</strong></span> <span class='ocrx_word' id='word_1_390' title='bbox 1499 4619 1618 4690; x_wconf 89' lang='lat' dir='ltr'><strong>quia</strong></span> <span class='ocrx_word' id='word_1_391' title='bbox 1646 4617 1766 4673; x_wconf 90' lang='lat' dir='ltr'><strong>vide</strong></span> <span class='ocrx_word' id='word_1_392' title='bbox 1795 4619 1920 4688; x_wconf 90' lang='lat' dir='ltr'><strong>quid</strong></span> <span class='ocrx_word' id='word_1_393' title='bbox 1959 4617 2090 4674; x_wconf 78' lang='lat' dir='ltr'><strong>dixit</strong></span> <span class='ocrx_word' id='word_1_394' title='bbox 2116 4636 2129 4672; x_wconf 90' lang='lat'><strong>:</strong></span> 
     </span>
    </p>
   </div>
   <div class='ocr_carea' id='block_1_48' title="bbox 550 4709 1708 4789">
    <p class='ocr_par' dir='ltr' id='par_1_48' title="bbox 550 4709 1708 4789">
     <span class='ocr_line' id='line_1_48' title="bbox 550 4709 1708 4789; baseline -0.014 -11"><span class='ocrx_word' id='word_1_395' title='bbox 550 4724 583 4777; x_wconf 80' lang='lat' dir='ltr'><strong><em>J</em></strong></span> <span class='ocrx_word' id='word_1_396' title='bbox 591 4722 810 4777; x_wconf 86' lang='lat' dir='ltr'><strong>udicium</strong></span> <span class='ocrx_word' id='word_1_397' title='bbox 834 4727 880 4773; x_wconf 87' lang='lat' dir='ltr'><strong>et</strong></span> <span class='ocrx_word' id='word_1_398' title='bbox 901 4715 1155 4789; x_wconf 80' lang='lat' dir='ltr'><strong>justitiam</strong></span> <span class='ocrx_word' id='word_1_399' title='bbox 1175 4713 1227 4766; x_wconf 86' lang='lat' dir='ltr'><strong>in</strong></span> <span class='ocrx_word' id='word_1_400' title='bbox 1255 4709 1414 4764; x_wconf 74' lang='lat' dir='ltr'><strong>Iacob</strong></span> <span class='ocrx_word' id='word_1_401' title='bbox 1441 4720 1494 4764; x_wconf 89' lang='lat' dir='ltr'><strong>tu</strong></span> <span class='ocrx_word' id='word_1_402' title='bbox 1529 4709 1708 4777; x_wconf 80' lang='lat' dir='ltr'><strong>fecisti.</strong></span> 
     </span>
    </p>
   </div>
   <div class='ocr_carea' id='block_1_49' title="bbox 622 4799 2134 4886">
    <p class='ocr_par' dir='ltr' id='par_1_49' title="bbox 622 4799 2134 4886">
     <span class='ocr_line' id='line_1_49' title="bbox 622 4799 2134 4886; baseline -0.011 -15"><span class='ocrx_word' id='word_1_403' title='bbox 622 4816 678 4871; x_wconf 90' lang='lat'><strong>8.</strong></span> <span class='ocrx_word' id='word_1_404' title='bbox 710 4813 857 4886; x_wconf 69' lang='lat' dir='ltr'><strong>[vet-3.</strong></span> <span class='ocrx_word' id='word_1_405' title='bbox 874 4806 952 4882; x_wconf 82' lang='lat'><strong>5.]</strong></span> <span class='ocrx_word' id='word_1_406' title='bbox 978 4807 1210 4862; x_wconf 74' lang='lat' dir='ltr'><strong>Exaltate</strong></span> <span class='ocrx_word' id='word_1_407' title='bbox 1237 4802 1510 4857; x_wconf 88' lang='lat' dir='ltr'><strong>Dominum</strong></span> <span class='ocrx_word' id='word_1_408' title='bbox 1534 4799 1697 4855; x_wconf 87' lang='lat' dir='ltr'><strong>Deum</strong></span> <span class='ocrx_word' id='word_1_409' title='bbox 1723 4810 1964 4854; x_wconf 87' lang='lat' dir='ltr'><strong>nostrum.</strong></span> <span class='ocrx_word' id='word_1_410' title='bbox 1998 4800 2134 4855; x_wconf 70' lang='lat' dir='ltr'><strong>Vere</strong></span> 
     </span>
    </p>
   </div>
   <div class='ocr_carea' id='block_1_50' title="bbox 549 4892 2134 4971">
    <p class='ocr_par' dir='ltr' id='par_1_50' title="bbox 549 4892 2134 4971">
     <span class='ocr_line' id='line_1_50' title="bbox 549 4892 2134 4971; baseline -0.011 -8"><span class='ocrx_word' id='word_1_411' title='bbox 549 4907 813 4971; x_wconf 83' lang='lat' dir='ltr'><strong>exaltate,</strong></span> <span class='ocrx_word' id='word_1_412' title='bbox 850 4903 986 4956; x_wconf 90' lang='lat' dir='ltr'><strong>bene</strong></span> <span class='ocrx_word' id='word_1_413' title='bbox 1021 4898 1267 4954; x_wconf 86' lang='lat' dir='ltr'><strong>exaltate.</strong></span> <span class='ocrx_word' id='word_1_414' title='bbox 1298 4894 1597 4948; x_wconf 90' lang='lat' dir='ltr'><strong>Laudemus</strong></span> <span class='ocrx_word' id='word_1_415' title='bbox 1629 4892 1808 4957; x_wconf 89' lang='lat' dir='ltr'><strong>illum,</strong></span> <span class='ocrx_word' id='word_1_416' title='bbox 1841 4892 2134 4946; x_wconf 84' lang='lat' dir='ltr'><strong>exaltemus</strong></span> 
     </span>
    </p>
   </div>
   <div class='ocr_carea' id='block_1_51' title="bbox 551 4983 2130 5068">
    <p class='ocr_par' dir='ltr' id='par_1_51' title="bbox 551 4983 2130 5068">
     <span class='ocr_line' id='line_1_51' title="bbox 551 4983 2130 5068; baseline -0.011 -14"><span class='ocrx_word' id='word_1_417' title='bbox 551 5001 698 5056; x_wconf 91' lang='lat' dir='ltr'><strong>illum</strong></span> <span class='ocrx_word' id='word_1_418' title='bbox 725 4997 814 5068; x_wconf 88' lang='lat' dir='ltr'><strong>qni</strong></span> <span class='ocrx_word' id='word_1_419' title='bbox 842 4994 964 5051; x_wconf 76' lang='lat' dir='ltr'><strong>fecit</strong></span> <span class='ocrx_word' id='word_1_420' title='bbox 984 4995 1148 5063; x_wconf 88' lang='lat' dir='ltr'><strong>ipsam</strong></span> <span class='ocrx_word' id='word_1_421' title='bbox 1166 4989 1424 5060; x_wconf 91' lang='lat' dir='ltr'><strong>justitiam</strong></span> <span class='ocrx_word' id='word_1_422' title='bbox 1446 5001 1604 5056; x_wconf 89' lang='lat' dir='ltr'><strong>quam</strong></span> <span class='ocrx_word' id='word_1_423' title='bbox 1629 4984 1905 5049; x_wconf 89' lang='lat' dir='ltr'><strong>habemus;</strong></span> <span class='ocrx_word' id='word_1_424' title='bbox 1939 4983 2051 5054; x_wconf 91' lang='lat' dir='ltr'><strong>ipse</strong></span> <span class='ocrx_word' id='word_1_425' title='bbox 2079 4984 2130 5037; x_wconf 94' lang='lat' dir='ltr'><strong>in</strong></span> 
     </span>
    </p>
   </div>
   <div class='ocr_carea' id='block_1_52' title="bbox 554 5077 2130 5154">
    <p class='ocr_par' dir='ltr' id='par_1_52' title="bbox 554 5077 2130 5154">
     <span class='ocr_line' id='line_1_52' title="bbox 554 5077 2130 5154; baseline -0.011 -7"><span class='ocrx_word' id='word_1_426' title='bbox 554 5093 706 5147; x_wconf 83' lang='lat' dir='ltr'><strong>nobis</strong></span> <span class='ocrx_word' id='word_1_427' title='bbox 723 5090 871 5145; x_wconf 81' lang='lat' dir='ltr'><strong>fecit.</strong></span> <span class='ocrx_word' id='word_1_428' title='bbox 897 5087 1025 5154; x_wconf 88' lang='lat' dir='ltr'><strong>Quis</strong></span> <span class='ocrx_word' id='word_1_429' title='bbox 1045 5084 1183 5140; x_wconf 87' lang='lat' dir='ltr'><strong>enim</strong></span> <span class='ocrx_word' id='word_1_430' title='bbox 1213 5083 1264 5136; x_wconf 90' lang='lat' dir='ltr'><strong>in</strong></span> <span class='ocrx_word' id='word_1_431' title='bbox 1294 5079 1446 5135; x_wconf 89' lang='lat' dir='ltr'><strong>nobis</strong></span> <span class='ocrx_word' id='word_1_432' title='bbox 1476 5077 1892 5145; x_wconf 85' lang='lat' dir='ltr'><strong>fecitjustitiam,</strong></span> <span class='ocrx_word' id='word_1_433' title='bbox 1922 5077 2021 5129; x_wconf 69' lang='lat' dir='ltr'><strong>nisi</strong></span> <span class='ocrx_word' id='word_1_434' title='bbox 2043 5077 2130 5146; x_wconf 90' lang='lat' dir='ltr'><strong>qui</strong></span> 
     </span>
    </p>
   </div>
   <div class='ocr_carea' id='block_1_53' title="bbox 553 5166 2132 5250">
    <p class='ocr_par' dir='ltr' id='par_1_53' title="bbox 553 5166 2132 5250">
     <span class='ocr_line' id='line_1_53' title="bbox 553 5166 2132 5250; baseline 0.001 -12"><span class='ocrx_word' id='word_1_435' title='bbox 553 5185 654 5238; x_wconf 85' lang='lat' dir='ltr'><strong>nos</strong></span> <span class='ocrx_word' id='word_1_436' title='bbox 671 5177 1012 5250; x_wconf 80' lang='lat' dir='ltr'><strong>justilicavit?</strong></span> <span class='ocrx_word' id='word_1_437' title='bbox 1041 5177 1112 5230; x_wconf 88' lang='lat' dir='ltr'><strong>De</strong></span> <span class='ocrx_word' id='word_1_438' title='bbox 1135 5173 1348 5230; x_wconf 90' lang='lat' dir='ltr'><strong>Christo</strong></span> <span class='ocrx_word' id='word_1_439' title='bbox 1373 5178 1550 5225; x_wconf 89' lang='lat' dir='ltr'><strong>autem</strong></span> <span class='ocrx_word' id='word_1_440' title='bbox 1577 5167 1772 5222; x_wconf 89' lang='lat' dir='ltr'><strong>dictum</strong></span> <span class='ocrx_word' id='word_1_441' title='bbox 1795 5174 1896 5230; x_wconf 86' lang='lat' dir='ltr'><strong>est,</strong></span> <span class='ocrx_word' id='word_1_442' title='bbox 1925 5166 2022 5231; x_wconf 70' lang='lat' dir='ltr'><strong>Q&quot;i</strong></span> <span class='ocrx_word' id='word_1_443' title='bbox 2038 5168 2132 5236; x_wconf 72' lang='grc' dir='ltr'><strong>Ῐιι·</strong></span> 
     </span>
    </p>
   </div>
   <div class='ocr_carea' id='block_1_54' title="bbox 551 5257 2132 5343">
    <p class='ocr_par' dir='ltr' id='par_1_54' title="bbox 551 5257 2132 5343">
     <span class='ocr_line' id='line_1_54' title="bbox 551 5257 2132 5343; baseline -0.012 -15"><span class='ocrx_word' id='word_1_444' title='bbox 551 5273 735 5343; x_wconf 78' lang='lat' dir='ltr'><strong>stiﬁcat</strong></span> <span class='ocrx_word' id='word_1_445' title='bbox 762 5269 972 5340; x_wconf 88' lang='lat' dir='ltr'><strong>impium</strong></span> <span class='ocrx_word' id='word_1_446' title='bbox 1001 5266 1172 5338; x_wconf 84' lang='lat' dir='ltr'><strong>(Rom.</strong></span> <span class='ocrx_word' id='word_1_447' title='bbox 1206 5280 1278 5328; x_wconf 87' lang='lat' dir='ltr'><strong>tv,</strong></span> <span class='ocrx_word' id='word_1_448' title='bbox 1313 5261 1389 5334; x_wconf 84' lang='grc'><strong>5).</strong></span> <span class='ocrx_word' id='word_1_449' title='bbox 1421 5261 1529 5316; x_wconf 88' lang='lat' dir='ltr'><strong>Nos</strong></span> <span class='ocrx_word' id='word_1_450' title='bbox 1559 5273 1687 5330; x_wconf 86' lang='lat' dir='ltr'><strong>ergo</strong></span> <span class='ocrx_word' id='word_1_451' title='bbox 1717 5258 1861 5327; x_wconf 88' lang='lat' dir='ltr'><strong>impii</strong></span> <span class='ocrx_word' id='word_1_452' title='bbox 1888 5299 1902 5324; x_wconf 96' lang='lat'><strong>,</strong></span> <span class='ocrx_word' id='word_1_453' title='bbox 1936 5258 2024 5312; x_wconf 90' lang='lat' dir='ltr'><strong>ille</strong></span> <span class='ocrx_word' id='word_1_454' title='bbox 2045 5257 2132 5326; x_wconf 89' lang='lat' dir='ltr'><strong>ju-</strong></span> 
     </span>
    </p>
   </div>
   <div class='ocr_carea' id='block_1_55' title="bbox 553 5347 2132 5428">
    <p class='ocr_par' dir='ltr' id='par_1_55' title="bbox 553 5347 2132 5428">
     <span class='ocr_line' id='line_1_55' title="bbox 553 5347 2132 5428; baseline -0.014 -7"><span class='ocrx_word' id='word_1_455' title='bbox 553 5365 830 5423; x_wconf 83' lang='lat' dir='ltr'><strong>stiﬁcator,</strong></span> <span class='ocrx_word' id='word_1_456' title='bbox 859 5357 1068 5428; x_wconf 82' lang='lat' dir='ltr'><strong>quando</strong></span> <span class='ocrx_word' id='word_1_457' title='bbox 1098 5365 1150 5411; x_wconf 89' lang='lat' dir='ltr'><strong>et</strong></span> <span class='ocrx_word' id='word_1_458' title='bbox 1177 5355 1343 5426; x_wconf 80' lang='lat' dir='ltr'><strong>ipsam</strong></span> <span class='ocrx_word' id='word_1_459' title='bbox 1372 5351 1630 5422; x_wconf 88' lang='lat' dir='ltr'><strong>justitiam</strong></span> <span class='ocrx_word' id='word_1_460' title='bbox 1659 5350 1772 5419; x_wconf 86' lang='lat' dir='ltr'><strong>ipse</strong></span> <span class='ocrx_word' id='word_1_461' title='bbox 1801 5350 1851 5402; x_wconf 93' lang='lat' dir='ltr'><strong>in</strong></span> <span class='ocrx_word' id='word_1_462' title='bbox 1878 5347 2030 5402; x_wconf 90' lang='lat' dir='ltr'><strong>nobis</strong></span> <span class='ocrx_word' id='word_1_463' title='bbox 2059 5347 2132 5400; x_wconf 81' lang='lat' dir='ltr'><strong>fe-</strong></span> 
     </span>
    </p>
   </div>
   <div class='ocr_carea' id='block_1_56' title="bbox 551 5443 2132 5528">
    <p class='ocr_par' dir='ltr' id='par_1_56' title="bbox 551 5443 2132 5528">
     <span class='ocr_line' id='line_1_56' title="bbox 551 5443 2132 5528; baseline -0.011 -18"><span class='ocrx_word' id='word_1_464' title='bbox 551 5459 625 5513; x_wconf 87' lang='lat' dir='ltr'><strong>cit</strong></span> <span class='ocrx_word' id='word_1_465' title='bbox 648 5470 750 5528; x_wconf 89' lang='lat' dir='ltr'><strong>qua</strong></span> <span class='ocrx_word' id='word_1_466' title='bbox 779 5453 852 5510; x_wconf 92' lang='lat' dir='ltr'><strong>illi</strong></span> <span class='ocrx_word' id='word_1_467' title='bbox 887 5452 1214 5520; x_wconf 88' lang='lat' dir='ltr'><strong>placeamus,</strong></span> <span class='ocrx_word' id='word_1_468' title='bbox 1245 5455 1302 5499; x_wconf 91' lang='lat' dir='ltr'><strong>ut</strong></span> <span class='ocrx_word' id='word_1_469' title='bbox 1329 5443 1394 5499; x_wconf 90' lang='lat' dir='ltr'><strong>ad</strong></span> <span class='ocrx_word' id='word_1_470' title='bbox 1432 5444 1707 5498; x_wconf 85' lang='lat' dir='ltr'><strong>dexteram</strong></span> <span class='ocrx_word' id='word_1_471' title='bbox 1735 5455 1831 5494; x_wconf 93' lang='lat' dir='ltr'><strong>nos</strong></span> <span class='ocrx_word' id='word_1_472' title='bbox 1862 5448 2051 5508; x_wconf 91' lang='lat' dir='ltr'><strong>ponat,</strong></span> <span class='ocrx_word' id='word_1_473' title='bbox 2080 5447 2132 5493; x_wconf 90' lang='lat' dir='ltr'><strong>et</strong></span> 
     </span>
    </p>
   </div>
   <div class='ocr_carea' id='block_1_57' title="bbox 553 5529 2133 5602">
    <p class='ocr_par' dir='ltr' id='par_1_57' title="bbox 553 5529 2133 5602">
     <span class='ocr_line' id='line_1_57' title="bbox 553 5529 2133 5602; baseline -0.012 0"><span class='ocrx_word' id='word_1_474' title='bbox 553 5562 656 5602; x_wconf 89' lang='lat' dir='ltr'><strong>non</strong></span> <span class='ocrx_word' id='word_1_475' title='bbox 696 5547 759 5599; x_wconf 91' lang='lat' dir='ltr'><strong>ad</strong></span> <span class='ocrx_word' id='word_1_476' title='bbox 789 5541 1058 5598; x_wconf 88' lang='lat' dir='ltr'><strong>sinistram</strong></span> <span class='ocrx_word' id='word_1_477' title='bbox 1086 5556 1098 5591; x_wconf 91' lang='lat'>:</span> <span class='ocrx_word' id='word_1_478' title='bbox 1125 5544 1182 5590; x_wconf 90' lang='lat' dir='ltr'><strong>ut</strong></span> <span class='ocrx_word' id='word_1_479' title='bbox 1211 5536 1350 5590; x_wconf 85' lang='lat' dir='ltr'><strong>dicat</strong></span> <span class='ocrx_word' id='word_1_480' title='bbox 1378 5534 1442 5588; x_wconf 88' lang='lat' dir='ltr'><strong>ad</strong></span> <span class='ocrx_word' id='word_1_481' title='bbox 1471 5535 1744 5589; x_wconf 75' lang='lat' dir='ltr'><strong>dexteram</strong></span> <span class='ocrx_word' id='word_1_482' title='bbox 1773 5532 1957 5602; x_wconf 87' lang='lat' dir='ltr'><strong>positis</strong></span> <span class='ocrx_word' id='word_1_483' title='bbox 1977 5573 1990 5597; x_wconf 96' lang='lat'><strong>,</strong></span> <span class='ocrx_word' id='word_1_484' title='bbox 2037 5529 2133 5584; x_wconf 87' lang='lat' dir='ltr'><strong>Ve-</strong></span> 
     </span>
    </p>
   </div>
   <div class='ocr_carea' id='block_1_58' title="bbox 619 5732 2126 5797">
    <p class='ocr_par' dir='ltr' id='par_1_58' title="bbox 619 5732 2126 5797">
     <span class='ocr_line' id='line_1_58' title="bbox 619 5732 2126 5797; baseline -0.013 -4"><span class='ocrx_word' id='word_1_485' title='bbox 619 5744 632 5772; x_wconf 85' lang='lat'><em>‘</em></span> <span class='ocrx_word' id='word_1_486' title='bbox 663 5750 724 5793; x_wconf 80' lang='lat' dir='ltr'><strong>Ex</strong></span> <span class='ocrx_word' id='word_1_487' title='bbox 750 5749 823 5791; x_wconf 79' lang='lat' dir='ltr'><strong>Er.</strong></span> <span class='ocrx_word' id='word_1_488' title='bbox 863 5749 980 5789; x_wconf 73' lang='lat' dir='ltr'><strong>Ven.</strong></span> <span class='ocrx_word' id='word_1_489' title='bbox 1005 5743 1073 5787; x_wconf 86' lang='lat' dir='ltr'><strong>et.</strong></span> <span class='ocrx_word' id='word_1_490' title='bbox 1095 5743 1202 5784; x_wconf 79' lang='lat' dir='ltr'><strong>inv.</strong></span> <span class='ocrx_word' id='word_1_491' title='bbox 1246 5734 1560 5791; x_wconf 80' lang='lat' dir='ltr'><strong>restituimus,</strong></span> <span class='ocrx_word' id='word_1_492' title='bbox 1597 5739 1782 5796; x_wconf 74' lang='lat' dir='ltr'><strong>putare,</strong></span> <span class='ocrx_word' id='word_1_493' title='bbox 1819 5732 1943 5797; x_wconf 80' lang='lat' dir='ltr'><strong>quod</strong></span> <span class='ocrx_word' id='word_1_494' title='bbox 1990 5733 2035 5782; x_wconf 86' lang='lat' dir='ltr'><strong>in</strong></span> <span class='ocrx_word' id='word_1_495' title='bbox 2082 5738 2126 5780; x_wconf 78' lang='grc' dir='ltr'><strong>Β,</strong></span> 
     </span>
    </p>
   </div>
   <div class='ocr_carea' id='block_1_59' title="bbox 554 5797 1517 5872">
    <p class='ocr_par' dir='ltr' id='par_1_59' title="bbox 554 5797 1517 5872">
     <span class='ocr_line' id='line_1_59' title="bbox 554 5797 1517 5872; baseline -0.018 -13"><span class='ocrx_word' id='word_1_496' title='bbox 554 5804 872 5872; x_wconf 66' lang='lat' dir='ltr'><strong>supplendum</strong></span> <span class='ocrx_word' id='word_1_497' title='bbox 898 5805 946 5851; x_wconf 91' lang='lat' dir='ltr'><strong>in</strong></span> <span class='ocrx_word' id='word_1_498' title='bbox 969 5802 1187 5872; x_wconf 25' lang='lat' dir='ltr'><strong>marg-ine</strong></span> <span class='ocrx_word' id='word_1_499' title='bbox 1206 5797 1396 5845; x_wconf 82' lang='lat' dir='ltr'><strong>dicitur.</strong></span> <span class='ocrx_word' id='word_1_500' title='bbox 1463 5802 1517 5843; x_wconf 69' lang='lat' dir='ltr'><strong>at.</strong></span> 
     </span>
    </p>
   </div>
   <div class='ocr_carea' id='block_1_60' title="bbox 657 5869 1125 5918">
    <p class='ocr_par' dir='ltr' id='par_1_60' title="bbox 657 5869 1125 5918">
     <span class='ocr_line' id='line_1_60' title="bbox 657 5869 1125 5918; baseline -0.017 0"><span class='ocrx_word' id='word_1_501' title='bbox 657 5872 772 5918; x_wconf 62' lang='lat'><strong>“‘83</strong></span> <span class='ocrx_word' id='word_1_502' title='bbox 791 5874 894 5918; x_wconf 58' lang='lat' dir='ltr'><strong>MSS.</strong></span> <span class='ocrx_word' id='word_1_503' title='bbox 905 5899 918 5916; x_wconf 71' lang='grc' dir='ltr'><strong>ι</strong></span> <span class='ocrx_word' id='word_1_504' title='bbox 941 5869 1125 5915; x_wconf 79' lang='lat' dir='ltr'><strong>terruit.</strong></span> 
     </span>
    </p>
   </div>
   <div class='ocr_carea' id='block_1_61' title="bbox 1812 381 2615 442">
    <p class='ocr_par' dir='ltr' id='par_1_61' title="bbox 1812 381 2615 442">
     <span class='ocr_line' id='line_1_61' title="bbox 1812 381 2615 442; baseline -0.007 0"><span class='ocrx_word' id='word_1_505' title='bbox 1812 386 1866 442; x_wconf 85' lang='lat' dir='ltr'><strong>S.</strong></span> <span class='ocrx_word' id='word_1_506' title='bbox 1911 381 2273 441; x_wconf 82' lang='lat' dir='ltr'><strong>AUGUSTINI</strong></span> <span class='ocrx_word' id='word_1_507' title='bbox 2315 381 2615 439; x_wconf 80' lang='lat' dir='ltr'><strong>EPISCOPI</strong></span> 
     </span>
    </p>
   </div>
   <div class='ocr_carea' id='block_1_62' title="bbox 3705 395 3822 454">
    <p class='ocr_par' dir='ltr' id='par_1_62' title="bbox 3705 395 3822 454">
     <span class='ocr_line' id='line_1_62' title="bbox 3705 395 3822 454; baseline 0.043 -5"><span class='ocrx_word' id='word_1_508' title='bbox 3705 395 3822 454; x_wconf 62' lang='grc'>1263</span> 
     </span>
    </p>
   </div>
   <div class='ocr_carea' id='block_1_63' title="bbox 2255 493 3823 574">
    <p class='ocr_par' dir='ltr' id='par_1_63' title="bbox 2255 493 3823 574">
     <span class='ocr_line' id='line_1_63' title="bbox 2255 493 3823 574; baseline 0.011 -27"><span class='ocrx_word' id='word_1_509' title='bbox 2255 494 2357 548; x_wconf 90' lang='lat' dir='ltr'><strong>nite</strong></span> <span class='ocrx_word' id='word_1_510' title='bbox 2374 537 2388 561; x_wconf 93' lang='lat'><strong>,</strong></span> <span class='ocrx_word' id='word_1_511' title='bbox 2420 494 2666 548; x_wconf 81' lang='lat' dir='ltr'><strong>benedicti</strong></span> <span class='ocrx_word' id='word_1_512' title='bbox 2690 493 2863 549; x_wconf 76' lang='lat' dir='ltr'><strong>Patris</strong></span> <span class='ocrx_word' id='word_1_513' title='bbox 2891 497 3016 560; x_wconf 86' lang='lat' dir='ltr'><strong>mei,</strong></span> <span class='ocrx_word' id='word_1_514' title='bbox 3048 499 3286 569; x_wconf 84' lang='lat' dir='ltr'><strong>percipite</strong></span> <span class='ocrx_word' id='word_1_515' title='bbox 3315 515 3527 572; x_wconf 79' lang='lat' dir='ltr'><strong>regnum</strong></span> <span class='ocrx_word' id='word_1_516' title='bbox 3555 504 3680 574; x_wconf 84' lang='lat' dir='ltr'><strong>quod</strong></span> <span class='ocrx_word' id='word_1_517' title='bbox 3703 511 3823 568; x_wconf 74' lang='lat' dir='ltr'><strong>vobis</strong></span> 
     </span>
    </p>
   </div>
   <div class='ocr_carea' id='block_1_64' title="bbox 2256 587 3824 664">
    <p class='ocr_par' dir='ltr' id='par_1_64' title="bbox 2256 587 3824 664">
     <span class='ocr_line' id='line_1_64' title="bbox 2256 587 3824 664; baseline 0.006 -26"><span class='ocrx_word' id='word_1_518' title='bbox 2256 596 2491 656; x_wconf 87' lang='lat' dir='ltr'><strong>paratum</strong></span> <span class='ocrx_word' id='word_1_519' title='bbox 2520 595 2594 640; x_wconf 83' lang='lat' dir='ltr'><strong>est</strong></span> <span class='ocrx_word' id='word_1_520' title='bbox 2617 587 2680 640; x_wconf 82' lang='lat' dir='ltr'><strong>ab</strong></span> <span class='ocrx_word' id='word_1_521' title='bbox 2705 587 2898 658; x_wconf 84' lang='lat' dir='ltr'><strong>origine</strong></span> <span class='ocrx_word' id='word_1_522' title='bbox 2927 589 3104 643; x_wconf 87' lang='lat' dir='ltr'><strong>mundi</strong></span> <span class='ocrx_word' id='word_1_523' title='bbox 3128 605 3147 654; x_wconf 81' lang='lat'><strong>,°</strong></span> <span class='ocrx_word' id='word_1_524' title='bbox 3172 605 3273 647; x_wconf 92' lang='lat' dir='ltr'><strong>non</strong></span> <span class='ocrx_word' id='word_1_525' title='bbox 3294 604 3474 648; x_wconf 88' lang='lat' dir='ltr'><strong>autem</strong></span> <span class='ocrx_word' id='word_1_526' title='bbox 3503 607 3657 664; x_wconf 88' lang='lat' dir='ltr'><strong>ponat</strong></span> <span class='ocrx_word' id='word_1_527' title='bbox 3684 602 3740 654; x_wconf 88' lang='lat' dir='ltr'><strong>ad</strong></span> <span class='ocrx_word' id='word_1_528' title='bbox 3761 606 3824 658; x_wconf 87' lang='lat' dir='ltr'><strong>si.</strong></span> 
     </span>
    </p>
   </div>
   <div class='ocr_carea' id='block_1_65' title="bbox 2257 679 3822 764">
    <p class='ocr_par' dir='ltr' id='par_1_65' title="bbox 2257 679 3822 764">
     <span class='ocr_line' id='line_1_65' title="bbox 2257 679 3822 764; baseline 0.011 -32"><span class='ocrx_word' id='word_1_529' title='bbox 2257 679 2508 744; x_wconf 91' lang='lat' dir='ltr'><strong>nistram,</strong></span> <span class='ocrx_word' id='word_1_530' title='bbox 2542 679 2682 733; x_wconf 91' lang='lat' dir='ltr'><strong>inter</strong></span> <span class='ocrx_word' id='word_1_531' title='bbox 2710 695 2802 735; x_wconf 89' lang='lat' dir='ltr'><strong>eos</strong></span> <span class='ocrx_word' id='word_1_532' title='bbox 2830 681 3020 750; x_wconf 84' lang='lat' dir='ltr'><strong>quibus</strong></span> <span class='ocrx_word' id='word_1_533' title='bbox 3051 681 3288 740; x_wconf 86' lang='lat' dir='ltr'><strong>dicturus</strong></span> <span class='ocrx_word' id='word_1_534' title='bbox 3323 695 3438 753; x_wconf 90' lang='lat' dir='ltr'><strong>est,</strong></span> <span class='ocrx_word' id='word_1_535' title='bbox 3469 685 3549 742; x_wconf 87' lang='lat' dir='ltr'><strong>Ite</strong></span> <span class='ocrx_word' id='word_1_536' title='bbox 3589 689 3640 744; x_wconf 89' lang='lat' dir='ltr'><strong>in</strong></span> <span class='ocrx_word' id='word_1_537' title='bbox 3677 693 3822 764; x_wconf 83' lang='lat' dir='ltr'><strong>ignem</strong></span> 
     </span>
    </p>
   </div>
   <div class='ocr_carea' id='block_1_66' title="bbox 2255 770 3824 856">
    <p class='ocr_par' dir='ltr' id='par_1_66' title="bbox 2255 770 3824 856">
     <span class='ocr_line' id='line_1_66' title="bbox 2255 770 3824 856; baseline 0.011 -34"><span class='ocrx_word' id='word_1_538' title='bbox 2255 778 2529 836; x_wconf 64' lang='lat' dir='ltr'><strong>attentum,</strong></span> <span class='ocrx_word' id='word_1_539' title='bbox 2557 770 2644 841; x_wconf 88' lang='lat' dir='ltr'><strong>qui</strong></span> <span class='ocrx_word' id='word_1_540' title='bbox 2691 780 3007 841; x_wconf 62' lang='lat' dir='ltr'><strong>praeparatus</strong></span> <span class='ocrx_word' id='word_1_541' title='bbox 3048 782 3124 828; x_wconf 87' lang='lat' dir='ltr'><strong>est</strong></span> <span class='ocrx_word' id='word_1_542' title='bbox 3170 775 3374 831; x_wconf 85' lang='lat' dir='ltr'><strong>diabolo</strong></span> <span class='ocrx_word' id='word_1_543' title='bbox 3415 789 3462 832; x_wconf 84' lang='lat' dir='ltr'><strong>et</strong></span> <span class='ocrx_word' id='word_1_544' title='bbox 3504 782 3690 850; x_wconf 79' lang='lat' dir='ltr'><strong>angelis</strong></span> <span class='ocrx_word' id='word_1_545' title='bbox 3729 786 3824 856; x_wconf 82' lang='lat' dir='ltr'><strong>ejus</strong></span> 
     </span>
    </p>
   </div>
   <div class='ocr_carea' id='block_1_67' title="bbox 2257 858 3824 933">
    <p class='ocr_par' dir='ltr' id='par_1_67' title="bbox 2257 858 3824 933">
     <span class='ocr_line' id='line_1_67' title="bbox 2257 858 3824 933; baseline 0.012 -20"><span class='ocrx_word' id='word_1_546' title='bbox 2257 858 2470 932; x_wconf 81' lang='lat' dir='ltr'><strong>(Matth.</strong></span> <span class='ocrx_word' id='word_1_547' title='bbox 2513 876 2618 914; x_wconf 82' lang='lat' dir='ltr'><strong>xxv</strong></span> <span class='ocrx_word' id='word_1_548' title='bbox 2639 900 2653 927; x_wconf 92' lang='lat'><strong>,</strong></span> <span class='ocrx_word' id='word_1_549' title='bbox 2697 862 2801 928; x_wconf 73' lang='lat'><strong>34,</strong></span> <span class='ocrx_word' id='word_1_550' title='bbox 2832 861 2947 933; x_wconf 70' lang='grc'>41).</span> <span class='ocrx_word' id='word_1_551' title='bbox 2978 861 3078 930; x_wconf 88' lang='lat' dir='ltr'><strong>Qui</strong></span> <span class='ocrx_word' id='word_1_552' title='bbox 3107 864 3162 919; x_wconf 92' lang='lat' dir='ltr'><strong>in</strong></span> <span class='ocrx_word' id='word_1_553' title='bbox 3193 867 3346 921; x_wconf 90' lang='lat' dir='ltr'><strong>nobis</strong></span> <span class='ocrx_word' id='word_1_554' title='bbox 3372 879 3715 926; x_wconf 85' lang='lat' dir='ltr'><strong>coronaturus</strong></span> <span class='ocrx_word' id='word_1_555' title='bbox 3754 885 3824 931; x_wconf 89' lang='lat' dir='ltr'><strong>est</strong></span> 
     </span>
    </p>
   </div>
   <div class='ocr_carea' id='block_1_68' title="bbox 2257 953 3821 1030">
    <p class='ocr_par' dir='ltr' id='par_1_68' title="bbox 2257 953 3821 1030">
     <span class='ocr_line' id='line_1_68' title="bbox 2257 953 3821 1030; baseline 0.01 -24"><span class='ocrx_word' id='word_1_556' title='bbox 2257 968 2361 1007; x_wconf 92' lang='lat' dir='ltr'><strong>non</strong></span> <span class='ocrx_word' id='word_1_557' title='bbox 2404 953 2590 1007; x_wconf 87' lang='lat' dir='ltr'><strong>merita</strong></span> <span class='ocrx_word' id='word_1_558' title='bbox 2635 963 2851 1019; x_wconf 87' lang='lat' dir='ltr'><strong>nostra,</strong></span> <span class='ocrx_word' id='word_1_559' title='bbox 2897 955 2990 1010; x_wconf 91' lang='lat' dir='ltr'><strong>sed</strong></span> <span class='ocrx_word' id='word_1_560' title='bbox 3029 955 3169 1011; x_wconf 91' lang='lat' dir='ltr'><strong>dona</strong></span> <span class='ocrx_word' id='word_1_561' title='bbox 3207 973 3336 1023; x_wconf 90' lang='lat' dir='ltr'><strong>sua,</strong></span> <span class='ocrx_word' id='word_1_562' title='bbox 3384 971 3639 1030; x_wconf 88' lang='lat' dir='ltr'><strong>quantum</strong></span> <span class='ocrx_word' id='word_1_563' title='bbox 3683 964 3821 1022; x_wconf 77' lang='lat' dir='ltr'><strong>debet</strong></span> 
     </span>
    </p>
   </div>
   <div class='ocr_carea' id='block_1_69' title="bbox 2256 1030 3544 1105">
    <p class='ocr_par' dir='ltr' id='par_1_69' title="bbox 2256 1030 3544 1105">
     <span class='ocr_line' id='line_1_69' title="bbox 2256 1030 3544 1105; baseline 0.005 -6"><span class='ocrx_word' id='word_1_564' title='bbox 2256 1030 2518 1099; x_wconf 80' lang='lat' dir='ltr'><strong>exaltari?</strong></span> <span class='ocrx_word' id='word_1_565' title='bbox 2543 1045 2781 1100; x_wconf 78' lang='lat' dir='ltr'><strong>Exaltate</strong></span> <span class='ocrx_word' id='word_1_566' title='bbox 2800 1045 3079 1102; x_wconf 82' lang='lat' dir='ltr'><strong>Dominum</strong></span> <span class='ocrx_word' id='word_1_567' title='bbox 3103 1047 3268 1103; x_wconf 90' lang='lat' dir='ltr'><strong>Deum</strong></span> <span class='ocrx_word' id='word_1_568' title='bbox 3296 1061 3544 1105; x_wconf 87' lang='lat' dir='ltr'><strong>nostrum.</strong></span> 
     </span>
    </p>
   </div>
   <div class='ocr_carea' id='block_1_70' title="bbox 2325 1135 3822 1213">
    <p class='ocr_par' dir='ltr' id='par_1_70' title="bbox 2325 1135 3822 1213">
     <span class='ocr_line' id='line_1_70' title="bbox 2325 1135 3822 1213; baseline 0.007 -21"><span class='ocrx_word' id='word_1_569' title='bbox 2325 1135 2378 1192; x_wconf 90' lang='lat'><strong>9.</strong></span> <span class='ocrx_word' id='word_1_570' title='bbox 2411 1136 2477 1190; x_wconf 83' lang='lat' dir='ltr'><strong>Et</strong></span> <span class='ocrx_word' id='word_1_571' title='bbox 2517 1137 2727 1192; x_wconf 80' lang='lat' dir='ltr'><strong>adorata</strong></span> <span class='ocrx_word' id='word_1_572' title='bbox 2753 1139 3025 1194; x_wconf 82' lang='lat' dir='ltr'><strong>scabellum</strong></span> <span class='ocrx_word' id='word_1_573' title='bbox 3056 1141 3239 1210; x_wconf 83' lang='lat' dir='ltr'><strong>pedum</strong></span> <span class='ocrx_word' id='word_1_574' title='bbox 3266 1143 3379 1213; x_wconf 88' lang='lat' dir='ltr'><strong>ejus</strong></span> <span class='ocrx_word' id='word_1_575' title='bbox 3398 1183 3413 1208; x_wconf 90' lang='lat'><strong>,</strong></span> <span class='ocrx_word' id='word_1_576' title='bbox 3446 1145 3678 1212; x_wconf 87' lang='lat' dir='ltr'><strong>quoniam</strong></span> <span class='ocrx_word' id='word_1_577' title='bbox 3717 1164 3822 1203; x_wconf 85' lang='lat' dir='ltr'><strong>san-</strong></span> 
     </span>
    </p>
   </div>
   <div class='ocr_carea' id='block_1_71' title="bbox 2263 1229 3822 1307">
    <p class='ocr_par' dir='ltr' id='par_1_71' title="bbox 2263 1229 3822 1307">
     <span class='ocr_line' id='line_1_71' title="bbox 2263 1229 3822 1307; baseline 0.009 -26"><span class='ocrx_word' id='word_1_578' title='bbox 2263 1237 2372 1282; x_wconf 87' lang='lat' dir='ltr'><strong>ctus</strong></span> <span class='ocrx_word' id='word_1_579' title='bbox 2399 1236 2470 1282; x_wconf 81' lang='lat' dir='ltr'><strong>est</strong></span> <span class='ocrx_word' id='word_1_580' title='bbox 2504 1229 2543 1280; x_wconf 84' lang='grc'><strong>³.</strong></span> <span class='ocrx_word' id='word_1_581' title='bbox 2573 1229 2709 1296; x_wconf 87' lang='lat' dir='ltr'><strong>Quid</strong></span> <span class='ocrx_word' id='word_1_582' title='bbox 2741 1229 3000 1286; x_wconf 89' lang='lat' dir='ltr'><strong>habemus</strong></span> <span class='ocrx_word' id='word_1_583' title='bbox 3038 1231 3299 1288; x_wconf 83' lang='lat' dir='ltr'><strong>adorare?</strong></span> <span class='ocrx_word' id='word_1_584' title='bbox 3327 1233 3618 1290; x_wconf 86' lang='lat' dir='ltr'><strong>Scabellum</strong></span> <span class='ocrx_word' id='word_1_585' title='bbox 3661 1239 3822 1307; x_wconf 83' lang='lat' dir='ltr'><strong>pedum</strong></span> 
     </span>
    </p>
   </div>
   <div class='ocr_carea' id='block_1_72' title="bbox 2255 1319 3825 1394">
    <p class='ocr_par' dir='ltr' id='par_1_72' title="bbox 2255 1319 3825 1394">
     <span class='ocr_line' id='line_1_72' title="bbox 2255 1319 3825 1394; baseline 0.008 -22"><span class='ocrx_word' id='word_1_586' title='bbox 2255 1321 2382 1390; x_wconf 81' lang='lat' dir='ltr'><strong>ejus.</strong></span> <span class='ocrx_word' id='word_1_587' title='bbox 2428 1319 2838 1391; x_wconf 89' lang='lat' dir='ltr'><strong>Suppedaneum</strong></span> <span class='ocrx_word' id='word_1_588' title='bbox 2884 1321 3080 1377; x_wconf 90' lang='lat' dir='ltr'><strong>dicitur</strong></span> <span class='ocrx_word' id='word_1_589' title='bbox 3119 1323 3434 1379; x_wconf 89' lang='lat' dir='ltr'><strong>scabellum.</strong></span> <span class='ocrx_word' id='word_1_590' title='bbox 3476 1324 3622 1394; x_wconf 86' lang='lat' dir='ltr'><strong>Quod</strong></span> <span class='ocrx_word' id='word_1_591' title='bbox 3663 1328 3825 1385; x_wconf 86' lang='lat' dir='ltr'><strong>dicunt</strong></span> 
     </span>
    </p>
   </div>
   <div class='ocr_carea' id='block_1_73' title="bbox 2254 1411 3819 1484">
    <p class='ocr_par' dir='ltr' id='par_1_73' title="bbox 2254 1411 3819 1484">
     <span class='ocr_line' id='line_1_73' title="bbox 2254 1411 3819 1484; baseline 0.008 -18"><span class='ocrx_word' id='word_1_592' title='bbox 2254 1411 2423 1467; x_wconf 78' lang='lat' dir='ltr'><strong>Grteci</strong></span> <span class='ocrx_word' id='word_1_593' title='bbox 2465 1417 2750 1478; x_wconf 77' lang='grc' dir='ltr'><strong>ὑποπόδιον,</strong></span> <span class='ocrx_word' id='word_1_594' title='bbox 2792 1414 3044 1469; x_wconf 76' lang='lat' dir='ltr'><strong>dixerunt</strong></span> <span class='ocrx_word' id='word_1_595' title='bbox 3095 1416 3270 1471; x_wconf 90' lang='lat' dir='ltr'><strong>Latini</strong></span> <span class='ocrx_word' id='word_1_596' title='bbox 3315 1417 3626 1484; x_wconf 86' lang='lat' dir='ltr'><strong>scabellum;</strong></span> <span class='ocrx_word' id='word_1_597' title='bbox 3659 1429 3711 1475; x_wconf 92' lang='lat' dir='ltr'><strong>ct</strong></span> <span class='ocrx_word' id='word_1_598' title='bbox 3744 1423 3819 1478; x_wconf 87' lang='lat' dir='ltr'><strong>alii</strong></span> 
     </span>
    </p>
   </div>
   <div class='ocr_carea' id='block_1_74' title="bbox 2253 1503 3819 1582">
    <p class='ocr_par' dir='ltr' id='par_1_74' title="bbox 2253 1503 3819 1582">
     <span class='ocr_line' id='line_1_74' title="bbox 2253 1503 3819 1582; baseline 0.008 -24"><span class='ocrx_word' id='word_1_599' title='bbox 2253 1503 2541 1571; x_wconf 88' lang='lat' dir='ltr'><strong>dixerunt,</strong></span> <span class='ocrx_word' id='word_1_600' title='bbox 2573 1506 2975 1576; x_wconf 85' lang='lat' dir='ltr'><strong>suppedaneum.</strong></span> <span class='ocrx_word' id='word_1_601' title='bbox 2997 1506 3103 1562; x_wconf 88' lang='lat' dir='ltr'><strong>Sed</strong></span> <span class='ocrx_word' id='word_1_602' title='bbox 3132 1509 3328 1575; x_wconf 88' lang='lat' dir='ltr'><strong>videte,</strong></span> <span class='ocrx_word' id='word_1_603' title='bbox 3360 1509 3574 1573; x_wconf 88' lang='lat' dir='ltr'><strong>fratres,</strong></span> <span class='ocrx_word' id='word_1_604' title='bbox 3599 1512 3717 1582; x_wconf 90' lang='lat' dir='ltr'><strong>quid</strong></span> <span class='ocrx_word' id='word_1_605' title='bbox 3737 1531 3819 1570; x_wconf 86' lang='lat' dir='ltr'><strong>nos</strong></span> 
     </span>
    </p>
   </div>
   <div class='ocr_carea' id='block_1_75' title="bbox 2247 1595 3822 1670">
    <p class='ocr_par' dir='ltr' id='par_1_75' title="bbox 2247 1595 3822 1670">
     <span class='ocr_line' id='line_1_75' title="bbox 2247 1595 3822 1670; baseline 0.008 -21"><span class='ocrx_word' id='word_1_606' title='bbox 2247 1595 2433 1665; x_wconf 88' lang='lat' dir='ltr'><strong>jubcat</strong></span> <span class='ocrx_word' id='word_1_607' title='bbox 2462 1597 2705 1652; x_wconf 89' lang='lat' dir='ltr'><strong>adorare.</strong></span> <span class='ocrx_word' id='word_1_608' title='bbox 2733 1599 2851 1654; x_wconf 86' lang='lat' dir='ltr'><strong>Alio</strong></span> <span class='ocrx_word' id='word_1_609' title='bbox 2879 1599 2998 1654; x_wconf 91' lang='lat' dir='ltr'><strong>loco</strong></span> <span class='ocrx_word' id='word_1_610' title='bbox 3025 1599 3419 1670; x_wconf 89' lang='lat' dir='ltr'><strong>Scripturarttm</strong></span> <span class='ocrx_word' id='word_1_611' title='bbox 3462 1601 3653 1658; x_wconf 90' lang='lat' dir='ltr'><strong>dicitur</strong></span> <span class='ocrx_word' id='word_1_612' title='bbox 3685 1623 3695 1658; x_wconf 93' lang='lat'>:</span> <span class='ocrx_word' id='word_1_613' title='bbox 3723 1605 3822 1660; x_wconf 76' lang='lat' dir='ltr'><strong>Co:-</strong></span> 
     </span>
    </p>
   </div>
   <div class='ocr_carea' id='block_1_76' title="bbox 2254 1689 3821 1764">
    <p class='ocr_par' dir='ltr' id='par_1_76' title="bbox 2254 1689 3821 1764">
     <span class='ocr_line' id='line_1_76' title="bbox 2254 1689 3821 1764; baseline 0.008 -24"><span class='ocrx_word' id='word_1_614' title='bbox 2254 1689 2357 1741; x_wconf 88' lang='lat' dir='ltr'><strong>lum</strong></span> <span class='ocrx_word' id='word_1_615' title='bbox 2387 1690 2510 1742; x_wconf 86' lang='lat' dir='ltr'><strong>mihi</strong></span> <span class='ocrx_word' id='word_1_616' title='bbox 2539 1690 2680 1743; x_wconf 84' lang='lat' dir='ltr'><strong>sedes</strong></span> <span class='ocrx_word' id='word_1_617' title='bbox 2711 1699 2816 1756; x_wconf 88' lang='lat' dir='ltr'><strong>est,</strong></span> <span class='ocrx_word' id='word_1_618' title='bbox 2842 1699 2976 1745; x_wconf 89' lang='lat' dir='ltr'><strong>terra</strong></span> <span class='ocrx_word' id='word_1_619' title='bbox 2999 1703 3166 1746; x_wconf 87' lang='lat' dir='ltr'><strong>autem</strong></span> <span class='ocrx_word' id='word_1_620' title='bbox 3195 1693 3474 1748; x_wconf 84' lang='lat' dir='ltr'><strong>scabellum</strong></span> <span class='ocrx_word' id='word_1_621' title='bbox 3502 1696 3678 1764; x_wconf 87' lang='lat' dir='ltr'><strong>pedum</strong></span> <span class='ocrx_word' id='word_1_622' title='bbox 3704 1715 3821 1752; x_wconf 85' lang='lat' dir='ltr'><strong>meo-</strong></span> 
     </span>
    </p>
   </div>
   <div class='ocr_carea' id='block_1_77' title="bbox 2252 1779 3817 1854">
    <p class='ocr_par' dir='ltr' id='par_1_77' title="bbox 2252 1779 3817 1854">
     <span class='ocr_line' id='line_1_77' title="bbox 2252 1779 3817 1854; baseline 0.008 -23"><span class='ocrx_word' id='word_1_623' title='bbox 2252 1797 2365 1833; x_wconf 90' lang='lat' dir='ltr'><strong>rum</strong></span> <span class='ocrx_word' id='word_1_624' title='bbox 2403 1779 2557 1849; x_wconf 86' lang='lat' dir='ltr'><strong>(Isai.</strong></span> <span class='ocrx_word' id='word_1_625' title='bbox 2586 1797 2741 1848; x_wconf 76' lang='lat' dir='ltr'><strong>LxVI,</strong></span> <span class='ocrx_word' id='word_1_626' title='bbox 2775 1783 2848 1852; x_wconf 92' lang='grc'>1).</span> <span class='ocrx_word' id='word_1_627' title='bbox 2879 1783 3016 1854; x_wconf 84' lang='lat' dir='ltr'><strong>Ergo</strong></span> <span class='ocrx_word' id='word_1_628' title='bbox 3047 1795 3240 1839; x_wconf 88' lang='lat' dir='ltr'><strong>terram</strong></span> <span class='ocrx_word' id='word_1_629' title='bbox 3274 1798 3374 1838; x_wconf 86' lang='lat' dir='ltr'><strong>nos</strong></span> <span class='ocrx_word' id='word_1_630' title='bbox 3410 1784 3563 1854; x_wconf 87' lang='lat' dir='ltr'><strong>jubet</strong></span> <span class='ocrx_word' id='word_1_631' title='bbox 3583 1787 3817 1852; x_wconf 86' lang='lat' dir='ltr'><strong>adorare,</strong></span> 
     </span>
    </p>
   </div>
   <div class='ocr_carea' id='block_1_78' title="bbox 2252 1872 3816 1947">
    <p class='ocr_par' dir='ltr' id='par_1_78' title="bbox 2252 1872 3816 1947">
     <span class='ocr_line' id='line_1_78' title="bbox 2252 1872 3816 1947; baseline 0.007 -23"><span class='ocrx_word' id='word_1_632' title='bbox 2252 1872 2371 1941; x_wconf 87' lang='lat' dir='ltr'><strong>quia</strong></span> <span class='ocrx_word' id='word_1_633' title='bbox 2413 1873 2546 1927; x_wconf 84' lang='lat' dir='ltr'><strong>dixit</strong></span> <span class='ocrx_word' id='word_1_634' title='bbox 2572 1873 2676 1928; x_wconf 90' lang='lat' dir='ltr'><strong>alio</strong></span> <span class='ocrx_word' id='word_1_635' title='bbox 2706 1875 2823 1929; x_wconf 89' lang='lat' dir='ltr'><strong>loco</strong></span> <span class='ocrx_word' id='word_1_636' title='bbox 2862 1875 3003 1945; x_wconf 91' lang='lat' dir='ltr'><strong>quod</strong></span> <span class='ocrx_word' id='word_1_637' title='bbox 3033 1876 3101 1930; x_wconf 82' lang='lat' dir='ltr'><strong>sit</strong></span> <span class='ocrx_word' id='word_1_638' title='bbox 3143 1876 3438 1931; x_wconf 86' lang='lat' dir='ltr'><strong>scabellum</strong></span> <span class='ocrx_word' id='word_1_639' title='bbox 3472 1877 3659 1947; x_wconf 88' lang='lat' dir='ltr'><strong>pedum</strong></span> <span class='ocrx_word' id='word_1_640' title='bbox 3700 1880 3816 1935; x_wconf 80' lang='lat' dir='ltr'><strong>Dei?</strong></span> 
     </span>
    </p>
   </div>
   <div class='ocr_carea' id='block_1_79' title="bbox 2253 1963 3818 2040">
    <p class='ocr_par' dir='ltr' id='par_1_79' title="bbox 2253 1963 3818 2040">
     <span class='ocr_line' id='line_1_79' title="bbox 2253 1963 3818 2040; baseline 0.005 -22"><span class='ocrx_word' id='word_1_641' title='bbox 2253 1963 2318 2018; x_wconf 85' lang='lat' dir='ltr'><strong>Et</strong></span> <span class='ocrx_word' id='word_1_642' title='bbox 2354 1965 2622 2034; x_wconf 89' lang='lat' dir='ltr'><strong>quomodo</strong></span> <span class='ocrx_word' id='word_1_643' title='bbox 2662 1966 3004 2021; x_wconf 88' lang='lat' dir='ltr'><strong>adorabimus</strong></span> <span class='ocrx_word' id='word_1_644' title='bbox 3049 1976 3281 2034; x_wconf 91' lang='lat' dir='ltr'><strong>terram,</strong></span> <span class='ocrx_word' id='word_1_645' title='bbox 3323 1983 3448 2022; x_wconf 86' lang='lat' dir='ltr'><strong>cum</strong></span> <span class='ocrx_word' id='word_1_646' title='bbox 3479 1969 3621 2023; x_wconf 87' lang='lat' dir='ltr'><strong>dicat</strong></span> <span class='ocrx_word' id='word_1_647' title='bbox 3656 1980 3818 2040; x_wconf 85' lang='lat' dir='ltr'><strong>aperte</strong></span> 
     </span>
    </p>
   </div>
   <div class='ocr_carea' id='block_1_80' title="bbox 2250 2055 3814 2133">
    <p class='ocr_par' dir='ltr' id='par_1_80' title="bbox 2250 2055 3814 2133">
     <span class='ocr_line' id='line_1_80' title="bbox 2250 2055 3814 2133; baseline 0.004 -23"><span class='ocrx_word' id='word_1_648' title='bbox 2250 2055 2522 2124; x_wconf 83' lang='lat' dir='ltr'><strong>Seriptura</strong></span> <span class='ocrx_word' id='word_1_649' title='bbox 2555 2075 2566 2110; x_wconf 88' lang='lat'><strong>:</strong></span> <span class='ocrx_word' id='word_1_650' title='bbox 2598 2056 2873 2112; x_wconf 87' lang='lat' dir='ltr'><strong>Dominum</strong></span> <span class='ocrx_word' id='word_1_651' title='bbox 2905 2058 3063 2112; x_wconf 86' lang='lat' dir='ltr'><strong>Deum</strong></span> <span class='ocrx_word' id='word_1_652' title='bbox 3091 2070 3233 2112; x_wconf 87' lang='lat' dir='ltr'><strong>tuum</strong></span> <span class='ocrx_word' id='word_1_653' title='bbox 3260 2060 3501 2114; x_wconf 85' lang='lat' dir='ltr'><strong>adorabis</strong></span> <span class='ocrx_word' id='word_1_654' title='bbox 3531 2059 3696 2133; x_wconf 85' lang='lat' dir='ltr'><strong>(Deut.</strong></span> <span class='ocrx_word' id='word_1_655' title='bbox 3737 2078 3814 2131; x_wconf 85' lang='lat' dir='ltr'><strong>vt,</strong></span> 
     </span>
    </p>
   </div>
   <div class='ocr_carea' id='block_1_81' title="bbox 2252 2144 3816 2222">
    <p class='ocr_par' dir='ltr' id='par_1_81' title="bbox 2252 2144 3816 2222">
     <span class='ocr_line' id='line_1_81' title="bbox 2252 2144 3816 2222; baseline 0.005 -22"><span class='ocrx_word' id='word_1_656' title='bbox 2252 2144 2384 2216; x_wconf 56' lang='grc' dir='ltr'><strong>ιδῃ</strong></span> <span class='ocrx_word' id='word_1_657' title='bbox 2414 2146 2480 2200; x_wconf 88' lang='lat' dir='ltr'><strong>Et</strong></span> <span class='ocrx_word' id='word_1_658' title='bbox 2506 2147 2587 2202; x_wconf 89' lang='lat' dir='ltr'><strong>hic</strong></span> <span class='ocrx_word' id='word_1_659' title='bbox 2617 2148 2780 2214; x_wconf 87' lang='lat' dir='ltr'><strong>dicit,</strong></span> <span class='ocrx_word' id='word_1_660' title='bbox 2812 2149 3029 2204; x_wconf 66' lang='grc' dir='ltr'><strong>Δάοι-ατε</strong></span> <span class='ocrx_word' id='word_1_661' title='bbox 3054 2150 3328 2206; x_wconf 77' lang='lat' dir='ltr'><strong>scabellum</strong></span> <span class='ocrx_word' id='word_1_662' title='bbox 3359 2151 3544 2221; x_wconf 85' lang='lat' dir='ltr'><strong>pedum</strong></span> <span class='ocrx_word' id='word_1_663' title='bbox 3571 2155 3711 2222; x_wconf 81' lang='lat' dir='ltr'><strong>ejus;</strong></span> <span class='ocrx_word' id='word_1_664' title='bbox 3736 2169 3816 2208; x_wconf 82' lang='lat' dir='ltr'><strong>cx-</strong></span> 
     </span>
    </p>
   </div>
   <div class='ocr_carea' id='block_1_82' title="bbox 2255 2241 3811 2317">
    <p class='ocr_par' dir='ltr' id='par_1_82' title="bbox 2255 2241 3811 2317">
     <span class='ocr_line' id='line_1_82' title="bbox 2255 2241 3811 2317; baseline 0.007 -26"><span class='ocrx_word' id='word_1_665' title='bbox 2255 2253 2455 2306; x_wconf 85' lang='lat' dir='ltr'><strong>poncns</strong></span> <span class='ocrx_word' id='word_1_666' title='bbox 2484 2249 2660 2294; x_wconf 86' lang='lat' dir='ltr'><strong>autem</strong></span> <span class='ocrx_word' id='word_1_667' title='bbox 2703 2241 2830 2296; x_wconf 87' lang='lat' dir='ltr'><strong>tnilti</strong></span> <span class='ocrx_word' id='word_1_668' title='bbox 2861 2241 3004 2312; x_wconf 89' lang='lat' dir='ltr'><strong>quod</strong></span> <span class='ocrx_word' id='word_1_669' title='bbox 3033 2243 3103 2297; x_wconf 90' lang='lat' dir='ltr'><strong>sit</strong></span> <span class='ocrx_word' id='word_1_670' title='bbox 3143 2243 3435 2299; x_wconf 84' lang='lat' dir='ltr'><strong>scabellum</strong></span> <span class='ocrx_word' id='word_1_671' title='bbox 3467 2245 3656 2315; x_wconf 83' lang='lat' dir='ltr'><strong>pedum</strong></span> <span class='ocrx_word' id='word_1_672' title='bbox 3680 2247 3780 2317; x_wconf 89' lang='lat' dir='ltr'><strong>ejus</strong></span> <span class='ocrx_word' id='word_1_673' title='bbox 3799 2290 3811 2314; x_wconf 92' lang='lat'><strong>,</strong></span> 
     </span>
    </p>
   </div>
   <div class='ocr_carea' id='block_1_83' title="bbox 2250 2330 3814 2408">
    <p class='ocr_par' dir='ltr' id='par_1_83' title="bbox 2250 2330 3814 2408">
     <span class='ocr_line' id='line_1_83' title="bbox 2250 2330 3814 2408; baseline 0.006 -24"><span class='ocrx_word' id='word_1_674' title='bbox 2250 2330 2408 2400; x_wconf 88' lang='lat' dir='ltr'><strong>dicit,</strong></span> <span class='ocrx_word' id='word_1_675' title='bbox 2459 2331 2614 2387; x_wconf 79' lang='lat' dir='ltr'><strong>Terra</strong></span> <span class='ocrx_word' id='word_1_676' title='bbox 2635 2344 2798 2388; x_wconf 87' lang='lat' dir='ltr'><strong>autem</strong></span> <span class='ocrx_word' id='word_1_677' title='bbox 2842 2336 3112 2389; x_wconf 78' lang='lat' dir='ltr'><strong>scabellum</strong></span> <span class='ocrx_word' id='word_1_678' title='bbox 3143 2337 3327 2407; x_wconf 85' lang='lat' dir='ltr'><strong>pedum</strong></span> <span class='ocrx_word' id='word_1_679' title='bbox 3354 2353 3600 2393; x_wconf 86' lang='lat' dir='ltr'><strong>meorum.</strong></span> <span class='ocrx_word' id='word_1_680' title='bbox 3631 2340 3814 2408; x_wconf 81' lang='lat' dir='ltr'><strong>Anceps</strong></span> 
     </span>
    </p>
   </div>
   <div class='ocr_carea' id='block_1_84' title="bbox 2251 2419 3808 2495">
    <p class='ocr_par' dir='ltr' id='par_1_84' title="bbox 2251 2419 3808 2495">
     <span class='ocr_line' id='line_1_84' title="bbox 2251 2419 3808 2495; baseline 0.008 -20"><span class='ocrx_word' id='word_1_681' title='bbox 2251 2419 2418 2476; x_wconf 89' lang='lat' dir='ltr'><strong>factus</strong></span> <span class='ocrx_word' id='word_1_682' title='bbox 2449 2439 2567 2478; x_wconf 90' lang='lat' dir='ltr'><strong>sum</strong></span> <span class='ocrx_word' id='word_1_683' title='bbox 2613 2441 2625 2476; x_wconf 91' lang='lat'><strong>:</strong></span> <span class='ocrx_word' id='word_1_684' title='bbox 2675 2426 2836 2481; x_wconf 88' lang='lat' dir='ltr'><strong>timeo</strong></span> <span class='ocrx_word' id='word_1_685' title='bbox 2878 2426 3102 2482; x_wconf 89' lang='lat' dir='ltr'><strong>adorare</strong></span> <span class='ocrx_word' id='word_1_686' title='bbox 3139 2436 3334 2482; x_wconf 87' lang='lat' dir='ltr'><strong>terram</strong></span> <span class='ocrx_word' id='word_1_687' title='bbox 3357 2470 3372 2495; x_wconf 91' lang='lat'><strong>,</strong></span> <span class='ocrx_word' id='word_1_688' title='bbox 3406 2445 3475 2485; x_wconf 90' lang='lat' dir='ltr'><strong>ne</strong></span> <span class='ocrx_word' id='word_1_689' title='bbox 3512 2428 3715 2485; x_wconf 89' lang='lat' dir='ltr'><strong>damnet</strong></span> <span class='ocrx_word' id='word_1_690' title='bbox 3738 2447 3808 2487; x_wconf 92' lang='lat' dir='ltr'><strong>me</strong></span> 
     </span>
    </p>
   </div>
   <div class='ocr_carea' id='block_1_85' title="bbox 2249 2512 3811 2583">
    <p class='ocr_par' dir='ltr' id='par_1_85' title="bbox 2249 2512 3811 2583">
     <span class='ocr_line' id='line_1_85' title="bbox 2249 2512 3811 2583; baseline 0.007 -18"><span class='ocrx_word' id='word_1_691' title='bbox 2249 2514 2337 2583; x_wconf 91' lang='lat' dir='ltr'><strong>qni</strong></span> <span class='ocrx_word' id='word_1_692' title='bbox 2370 2512 2492 2569; x_wconf 90' lang='lat' dir='ltr'><strong>fecit</strong></span> <span class='ocrx_word' id='word_1_693' title='bbox 2521 2515 2712 2570; x_wconf 64' lang='lat' dir='ltr'><strong>caelum</strong></span> <span class='ocrx_word' id='word_1_694' title='bbox 2741 2525 2795 2570; x_wconf 90' lang='lat' dir='ltr'><strong>et</strong></span> <span class='ocrx_word' id='word_1_695' title='bbox 2819 2527 3010 2571; x_wconf 81' lang='lat' dir='ltr'><strong>terram</strong></span> <span class='ocrx_word' id='word_1_696' title='bbox 3034 2533 3048 2582; x_wconf 90' lang='lat'><strong>;</strong></span> <span class='ocrx_word' id='word_1_697' title='bbox 3077 2533 3262 2573; x_wconf 88' lang='lat' dir='ltr'><strong>rursus</strong></span> <span class='ocrx_word' id='word_1_698' title='bbox 3294 2520 3459 2575; x_wconf 90' lang='lat' dir='ltr'><strong>timeo</strong></span> <span class='ocrx_word' id='word_1_699' title='bbox 3487 2537 3588 2574; x_wconf 87' lang='lat' dir='ltr'><strong>non</strong></span> <span class='ocrx_word' id='word_1_700' title='bbox 3615 2522 3811 2576; x_wconf 87' lang='lat' dir='ltr'><strong>adorare</strong></span> 
     </span>
    </p>
   </div>
   <div class='ocr_carea' id='block_1_86' title="bbox 2249 2605 3811 2679">
    <p class='ocr_par' dir='ltr' id='par_1_86' title="bbox 2249 2605 3811 2679">
     <span class='ocr_line' id='line_1_86' title="bbox 2249 2605 3811 2679; baseline 0.004 -21"><span class='ocrx_word' id='word_1_701' title='bbox 2249 2605 2538 2660; x_wconf 80' lang='lat' dir='ltr'><strong>scabellum</strong></span> <span class='ocrx_word' id='word_1_702' title='bbox 2570 2606 2761 2677; x_wconf 90' lang='lat' dir='ltr'><strong>pedum</strong></span> <span class='ocrx_word' id='word_1_703' title='bbox 2789 2608 2993 2662; x_wconf 90' lang='lat' dir='ltr'><strong>Domini</strong></span> <span class='ocrx_word' id='word_1_704' title='bbox 3023 2610 3162 2672; x_wconf 92' lang='lat' dir='ltr'><strong>mei,</strong></span> <span class='ocrx_word' id='word_1_705' title='bbox 3187 2610 3308 2679; x_wconf 91' lang='lat' dir='ltr'><strong>quia</strong></span> <span class='ocrx_word' id='word_1_706' title='bbox 3339 2611 3583 2665; x_wconf 84' lang='lat' dir='ltr'><strong>Psalmus</strong></span> <span class='ocrx_word' id='word_1_707' title='bbox 3608 2613 3724 2665; x_wconf 87' lang='lat' dir='ltr'><strong>mihi</strong></span> <span class='ocrx_word' id='word_1_708' title='bbox 3745 2611 3811 2665; x_wconf 88' lang='lat' dir='ltr'><strong>di-</strong></span> 
     </span>
    </p>
   </div>
   <div class='ocr_carea' id='block_1_87' title="bbox 2249 2695 3811 2772">
    <p class='ocr_par' dir='ltr' id='par_1_87' title="bbox 2249 2695 3811 2772">
     <span class='ocr_line' id='line_1_87' title="bbox 2249 2695 3811 2772; baseline 0.004 -23"><span class='ocrx_word' id='word_1_709' title='bbox 2249 2695 2350 2760; x_wconf 91' lang='lat' dir='ltr'><strong>cit,</strong></span> <span class='ocrx_word' id='word_1_710' title='bbox 2391 2695 2614 2751; x_wconf 80' lang='lat' dir='ltr'><strong>Adorate</strong></span> <span class='ocrx_word' id='word_1_711' title='bbox 2657 2699 2929 2751; x_wconf 79' lang='lat' dir='ltr'><strong>scabellum</strong></span> <span class='ocrx_word' id='word_1_712' title='bbox 2974 2699 3156 2767; x_wconf 84' lang='lat' dir='ltr'><strong>pedum</strong></span> <span class='ocrx_word' id='word_1_713' title='bbox 3203 2715 3333 2770; x_wconf 76' lang='lat' dir='ltr'><strong>ejus.</strong></span> <span class='ocrx_word' id='word_1_714' title='bbox 3386 2702 3580 2769; x_wconf 78' lang='lat' dir='ltr'><strong>Quzcro</strong></span> <span class='ocrx_word' id='word_1_715' title='bbox 3603 2702 3730 2772; x_wconf 84' lang='lat' dir='ltr'><strong>quod</strong></span> <span class='ocrx_word' id='word_1_716' title='bbox 3755 2701 3811 2755; x_wconf 86' lang='lat' dir='ltr'><strong>sit</strong></span> 
     </span>
    </p>
   </div>
   <div class='ocr_carea' id='block_1_88' title="bbox 2248 2785 3807 2862">
    <p class='ocr_par' dir='ltr' id='par_1_88' title="bbox 2248 2785 3807 2862">
     <span class='ocr_line' id='line_1_88' title="bbox 2248 2785 3807 2862; baseline 0.003 -23"><span class='ocrx_word' id='word_1_717' title='bbox 2248 2785 2534 2841; x_wconf 89' lang='lat' dir='ltr'><strong>scabellum</strong></span> <span class='ocrx_word' id='word_1_718' title='bbox 2561 2789 2752 2857; x_wconf 89' lang='lat' dir='ltr'><strong>pedum</strong></span> <span class='ocrx_word' id='word_1_719' title='bbox 2781 2789 2914 2858; x_wconf 79' lang='lat' dir='ltr'><strong>ejus;</strong></span> <span class='ocrx_word' id='word_1_720' title='bbox 2946 2797 2998 2843; x_wconf 90' lang='lat' dir='ltr'><strong>et</strong></span> <span class='ocrx_word' id='word_1_721' title='bbox 3023 2790 3146 2843; x_wconf 81' lang='lat' dir='ltr'><strong>dicit</strong></span> <span class='ocrx_word' id='word_1_722' title='bbox 3173 2791 3299 2844; x_wconf 86' lang='lat' dir='ltr'><strong>mihi</strong></span> <span class='ocrx_word' id='word_1_723' title='bbox 3327 2791 3600 2862; x_wconf 89' lang='lat' dir='ltr'><strong>Scriptura</strong></span> <span class='ocrx_word' id='word_1_724' title='bbox 3633 2811 3644 2844; x_wconf 93' lang='lat'><strong>:</strong></span> <span class='ocrx_word' id='word_1_725' title='bbox 3675 2793 3807 2846; x_wconf 84' lang='lat' dir='ltr'><strong>Terra</strong></span> 
     </span>
    </p>
   </div>
   <div class='ocr_carea' id='block_1_89' title="bbox 2247 2876 3807 2948">
    <p class='ocr_par' dir='ltr' id='par_1_89' title="bbox 2247 2876 3807 2948">
     <span class='ocr_line' id='line_1_89' title="bbox 2247 2876 3807 2948; baseline 0.006 -20"><span class='ocrx_word' id='word_1_726' title='bbox 2247 2876 2517 2930; x_wconf 78' lang='lat' dir='ltr'><strong>scabellum</strong></span> <span class='ocrx_word' id='word_1_727' title='bbox 2553 2879 2739 2948; x_wconf 86' lang='lat' dir='ltr'><strong>pedum</strong></span> <span class='ocrx_word' id='word_1_728' title='bbox 2769 2897 3012 2934; x_wconf 86' lang='lat' dir='ltr'><strong>meorum.</strong></span> <span class='ocrx_word' id='word_1_729' title='bbox 3055 2881 3342 2936; x_wconf 85' lang='lat' dir='ltr'><strong>Fluctuans</strong></span> <span class='ocrx_word' id='word_1_730' title='bbox 3373 2894 3624 2939; x_wconf 78' lang='lat' dir='ltr'><strong>converto</strong></span> <span class='ocrx_word' id='word_1_731' title='bbox 3653 2900 3728 2938; x_wconf 83' lang='lat' dir='ltr'><strong>me</strong></span> <span class='ocrx_word' id='word_1_732' title='bbox 3752 2884 3807 2938; x_wconf 88' lang='lat' dir='ltr'><strong>ad</strong></span> 
     </span>
    </p>
   </div>
   <div class='ocr_carea' id='block_1_90' title="bbox 2246 2968 3807 3045">
    <p class='ocr_par' dir='ltr' id='par_1_90' title="bbox 2246 2968 3807 3045">
     <span class='ocr_line' id='line_1_90' title="bbox 2246 2968 3807 3045; baseline 0.004 -23"><span class='ocrx_word' id='word_1_733' title='bbox 2246 2968 2672 3041; x_wconf 88' lang='lat' dir='ltr'><strong>Cbristum,quia</strong></span> <span class='ocrx_word' id='word_1_734' title='bbox 2701 2973 2871 3042; x_wconf 92' lang='lat' dir='ltr'><strong>ipsum</strong></span> <span class='ocrx_word' id='word_1_735' title='bbox 2898 2989 3078 3043; x_wconf 83' lang='lat' dir='ltr'><strong>quaero</strong></span> <span class='ocrx_word' id='word_1_736' title='bbox 3107 2975 3218 3038; x_wconf 88' lang='lat' dir='ltr'><strong>hic;</strong></span> <span class='ocrx_word' id='word_1_737' title='bbox 3246 2983 3300 3030; x_wconf 88' lang='lat' dir='ltr'><strong>et</strong></span> <span class='ocrx_word' id='word_1_738' title='bbox 3324 2976 3546 3032; x_wconf 84' lang='lat' dir='ltr'><strong>invenio</strong></span> <span class='ocrx_word' id='word_1_739' title='bbox 3570 2975 3807 3045; x_wconf 87' lang='lat' dir='ltr'><strong>quomodo</strong></span> 
     </span>
    </p>
   </div>
   <div class='ocr_carea' id='block_1_91' title="bbox 2247 3062 3806 3140">
    <p class='ocr_par' dir='ltr' id='par_1_91' title="bbox 2247 3062 3806 3140">
     <span class='ocr_line' id='line_1_91' title="bbox 2247 3062 3806 3140; baseline 0.004 -26"><span class='ocrx_word' id='word_1_740' title='bbox 2247 3062 2362 3116; x_wconf 90' lang='lat' dir='ltr'><strong>sine</strong></span> <span class='ocrx_word' id='word_1_741' title='bbox 2391 3064 2660 3132; x_wconf 87' lang='lat' dir='ltr'><strong>impietate</strong></span> <span class='ocrx_word' id='word_1_742' title='bbox 2685 3065 2934 3121; x_wconf 86' lang='lat' dir='ltr'><strong>adoretur</strong></span> <span class='ocrx_word' id='word_1_743' title='bbox 2960 3076 3118 3133; x_wconf 87' lang='lat' dir='ltr'><strong>terra,</strong></span> <span class='ocrx_word' id='word_1_744' title='bbox 3144 3069 3259 3123; x_wconf 84' lang='lat' dir='ltr'><strong>sine</strong></span> <span class='ocrx_word' id='word_1_745' title='bbox 3287 3069 3560 3140; x_wconf 88' lang='lat' dir='ltr'><strong>impietate</strong></span> <span class='ocrx_word' id='word_1_746' title='bbox 3587 3070 3806 3124; x_wconf 81' lang='lat' dir='ltr'><strong>adoretur</strong></span> 
     </span>
    </p>
   </div>
   <div class='ocr_carea' id='block_1_92' title="bbox 2245 3158 3805 3233">
    <p class='ocr_par' dir='ltr' id='par_1_92' title="bbox 2245 3158 3805 3233">
     <span class='ocr_line' id='line_1_92' title="bbox 2245 3158 3805 3233; baseline 0.006 -22"><span class='ocrx_word' id='word_1_747' title='bbox 2245 3158 2532 3213; x_wconf 90' lang='lat' dir='ltr'><strong>scabellum</strong></span> <span class='ocrx_word' id='word_1_748' title='bbox 2563 3160 2752 3230; x_wconf 89' lang='lat' dir='ltr'><strong>pedum</strong></span> <span class='ocrx_word' id='word_1_749' title='bbox 2793 3161 2929 3231; x_wconf 89' lang='lat' dir='ltr'><strong>ejus.</strong></span> <span class='ocrx_word' id='word_1_750' title='bbox 2975 3161 3222 3233; x_wconf 89' lang='lat' dir='ltr'><strong>Suscepit</strong></span> <span class='ocrx_word' id='word_1_751' title='bbox 3263 3165 3408 3220; x_wconf 91' lang='lat' dir='ltr'><strong>enim</strong></span> <span class='ocrx_word' id='word_1_752' title='bbox 3440 3167 3507 3221; x_wconf 88' lang='lat' dir='ltr'><strong>de</strong></span> <span class='ocrx_word' id='word_1_753' title='bbox 3547 3176 3679 3221; x_wconf 88' lang='lat' dir='ltr'><strong>terra</strong></span> <span class='ocrx_word' id='word_1_754' title='bbox 3716 3174 3805 3220; x_wconf 90' lang='lat' dir='ltr'><strong>ter-</strong></span> 
     </span>
    </p>
   </div>
   <div class='ocr_carea' id='block_1_93' title="bbox 2245 3251 3804 3320">
    <p class='ocr_par' dir='ltr' id='par_1_93' title="bbox 2245 3251 3804 3320">
     <span class='ocr_line' id='line_1_93' title="bbox 2245 3251 3804 3320; baseline 0.006 -19"><span class='ocrx_word' id='word_1_755' title='bbox 2245 3263 2392 3313; x_wconf 83' lang='lat' dir='ltr'><strong>ram;</strong></span> <span class='ocrx_word' id='word_1_756' title='bbox 2425 3251 2544 3320; x_wconf 91' lang='lat' dir='ltr'><strong>quia</strong></span> <span class='ocrx_word' id='word_1_757' title='bbox 2575 3267 2699 3306; x_wconf 88' lang='lat' dir='ltr'><strong>caro</strong></span> <span class='ocrx_word' id='word_1_758' title='bbox 2725 3252 2790 3307; x_wconf 91' lang='lat' dir='ltr'><strong>de</strong></span> <span class='ocrx_word' id='word_1_759' title='bbox 2830 3263 2969 3310; x_wconf 89' lang='lat' dir='ltr'><strong>terra</strong></span> <span class='ocrx_word' id='word_1_760' title='bbox 2997 3263 3081 3310; x_wconf 89' lang='lat' dir='ltr'><strong>est</strong></span> <span class='ocrx_word' id='word_1_761' title='bbox 3104 3297 3116 3320; x_wconf 91' lang='lat'><strong>,</strong></span> <span class='ocrx_word' id='word_1_762' title='bbox 3147 3266 3198 3310; x_wconf 92' lang='lat' dir='ltr'><strong>ct</strong></span> <span class='ocrx_word' id='word_1_763' title='bbox 3223 3255 3290 3311; x_wconf 86' lang='lat' dir='ltr'><strong>de</strong></span> <span class='ocrx_word' id='word_1_764' title='bbox 3319 3271 3482 3312; x_wconf 82' lang='lat' dir='ltr'><strong>came</strong></span> <span class='ocrx_word' id='word_1_765' title='bbox 3511 3259 3678 3312; x_wconf 67' lang='lat' dir='ltr'><strong>Mariae</strong></span> <span class='ocrx_word' id='word_1_766' title='bbox 3703 3272 3804 3311; x_wconf 86' lang='lat' dir='ltr'><strong>car-</strong></span> 
     </span>
    </p>
   </div>
   <div class='ocr_carea' id='block_1_94' title="bbox 2245 3342 3801 3416">
    <p class='ocr_par' dir='ltr' id='par_1_94' title="bbox 2245 3342 3801 3416">
     <span class='ocr_line' id='line_1_94' title="bbox 2245 3342 3801 3416; baseline 0.004 -22"><span class='ocrx_word' id='word_1_767' title='bbox 2245 3355 2367 3396; x_wconf 92' lang='lat' dir='ltr'><strong>nem</strong></span> <span class='ocrx_word' id='word_1_768' title='bbox 2400 3342 2623 3411; x_wconf 86' lang='lat' dir='ltr'><strong>accepit.</strong></span> <span class='ocrx_word' id='word_1_769' title='bbox 2653 3344 2719 3398; x_wconf 91' lang='lat' dir='ltr'><strong>Et</strong></span> <span class='ocrx_word' id='word_1_770' title='bbox 2744 3345 2864 3414; x_wconf 90' lang='lat' dir='ltr'><strong>quia</strong></span> <span class='ocrx_word' id='word_1_771' title='bbox 2895 3347 2944 3399; x_wconf 91' lang='lat' dir='ltr'><strong>in</strong></span> <span class='ocrx_word' id='word_1_772' title='bbox 2977 3346 3087 3416; x_wconf 90' lang='lat' dir='ltr'><strong>ipsa</strong></span> <span class='ocrx_word' id='word_1_773' title='bbox 3117 3361 3278 3402; x_wconf 89' lang='lat' dir='ltr'><strong>carne</strong></span> <span class='ocrx_word' id='word_1_774' title='bbox 3311 3347 3397 3402; x_wconf 89' lang='lat' dir='ltr'><strong>hic</strong></span> <span class='ocrx_word' id='word_1_775' title='bbox 3429 3349 3733 3415; x_wconf 86' lang='lat' dir='ltr'><strong>ambulavit,</strong></span> <span class='ocrx_word' id='word_1_776' title='bbox 3758 3357 3801 3403; x_wconf 89' lang='lat' dir='ltr'><strong>et</strong></span> 
     </span>
    </p>
   </div>
   <div class='ocr_carea' id='block_1_95' title="bbox 2245 3434 3799 3504">
    <p class='ocr_par' dir='ltr' id='par_1_95' title="bbox 2245 3434 3799 3504">
     <span class='ocr_line' id='line_1_95' title="bbox 2245 3434 3799 3504; baseline 0.004 -18"><span class='ocrx_word' id='word_1_777' title='bbox 2245 3434 2411 3504; x_wconf 89' lang='lat' dir='ltr'><strong>ipsam</strong></span> <span class='ocrx_word' id='word_1_778' title='bbox 2439 3449 2652 3490; x_wconf 88' lang='lat' dir='ltr'><strong>carnem</strong></span> <span class='ocrx_word' id='word_1_779' title='bbox 2681 3438 2834 3492; x_wconf 92' lang='lat' dir='ltr'><strong>nobis</strong></span> <span class='ocrx_word' id='word_1_780' title='bbox 2858 3439 3276 3493; x_wconf 78' lang='lat' dir='ltr'><strong>manducandum</strong></span> <span class='ocrx_word' id='word_1_781' title='bbox 3300 3441 3367 3495; x_wconf 87' lang='lat' dir='ltr'><strong>ad</strong></span> <span class='ocrx_word' id='word_1_782' title='bbox 3398 3443 3615 3496; x_wconf 88' lang='lat' dir='ltr'><strong>salutem</strong></span> <span class='ocrx_word' id='word_1_783' title='bbox 3643 3442 3799 3504; x_wconf 80' lang='lat' dir='ltr'><strong>dedit;</strong></span> 
     </span>
    </p>
   </div>
   <div class='ocr_carea' id='block_1_96' title="bbox 2244 3531 3804 3603">
    <p class='ocr_par' dir='ltr' id='par_1_96' title="bbox 2244 3531 3804 3603">
     <span class='ocr_line' id='line_1_96' title="bbox 2244 3531 3804 3603; baseline 0.002 -22"><span class='ocrx_word' id='word_1_784' title='bbox 2244 3543 2401 3582; x_wconf 85' lang='lat' dir='ltr'><strong>nemo</strong></span> <span class='ocrx_word' id='word_1_785' title='bbox 2430 3537 2606 3583; x_wconf 89' lang='lat' dir='ltr'><strong>autem</strong></span> <span class='ocrx_word' id='word_1_786' title='bbox 2641 3531 2780 3585; x_wconf 88' lang='lat' dir='ltr'><strong>illam</strong></span> <span class='ocrx_word' id='word_1_787' title='bbox 2805 3547 3019 3586; x_wconf 89' lang='lat' dir='ltr'><strong>carnem</strong></span> <span class='ocrx_word' id='word_1_788' title='bbox 3051 3532 3332 3589; x_wconf 86' lang='lat' dir='ltr'><strong>manducat</strong></span> <span class='ocrx_word' id='word_1_789' title='bbox 3353 3577 3366 3598; x_wconf 93' lang='lat'><strong>,</strong></span> <span class='ocrx_word' id='word_1_790' title='bbox 3399 3537 3498 3589; x_wconf 85' lang='lat' dir='ltr'><strong>nisi</strong></span> <span class='ocrx_word' id='word_1_791' title='bbox 3536 3537 3672 3603; x_wconf 89' lang='lat' dir='ltr'><strong>prius</strong></span> <span class='ocrx_word' id='word_1_792' title='bbox 3696 3532 3804 3587; x_wconf 86' lang='lat' dir='ltr'><strong>ado-</strong></span> 
     </span>
    </p>
   </div>
   <div class='ocr_carea' id='block_1_97' title="bbox 2243 3620 3802 3693">
    <p class='ocr_par' dir='ltr' id='par_1_97' title="bbox 2243 3620 3802 3693">
     <span class='ocr_line' id='line_1_97' title="bbox 2243 3620 3802 3693; baseline 0.002 -20"><span class='ocrx_word' id='word_1_793' title='bbox 2243 3620 2438 3674; x_wconf 88' lang='lat' dir='ltr'><strong>raverit</strong></span> <span class='ocrx_word' id='word_1_794' title='bbox 2471 3638 2482 3674; x_wconf 93' lang='lat'>:</span> <span class='ocrx_word' id='word_1_795' title='bbox 2522 3620 2792 3676; x_wconf 89' lang='lat' dir='ltr'><strong>inventum</strong></span> <span class='ocrx_word' id='word_1_796' title='bbox 2833 3631 2916 3677; x_wconf 92' lang='lat' dir='ltr'><strong>est</strong></span> <span class='ocrx_word' id='word_1_797' title='bbox 2955 3625 3402 3693; x_wconf 86' lang='lat' dir='ltr'><strong>quemadmodum</strong></span> <span class='ocrx_word' id='word_1_798' title='bbox 3445 3627 3685 3679; x_wconf 85' lang='lat' dir='ltr'><strong>adoretur</strong></span> <span class='ocrx_word' id='word_1_799' title='bbox 3719 3624 3802 3677; x_wconf 88' lang='lat' dir='ltr'><strong>tale</strong></span> 
     </span>
    </p>
   </div>
   <div class='ocr_carea' id='block_1_98' title="bbox 2243 3709 3799 3784">
    <p class='ocr_par' dir='ltr' id='par_1_98' title="bbox 2243 3709 3799 3784">
     <span class='ocr_line' id='line_1_98' title="bbox 2243 3709 3799 3784; baseline 0.002 -21"><span class='ocrx_word' id='word_1_800' title='bbox 2243 3709 2532 3765; x_wconf 89' lang='lat' dir='ltr'><strong>scabellum</strong></span> <span class='ocrx_word' id='word_1_801' title='bbox 2564 3712 2758 3782; x_wconf 86' lang='lat' dir='ltr'><strong>pedum</strong></span> <span class='ocrx_word' id='word_1_802' title='bbox 2802 3712 3048 3777; x_wconf 87' lang='lat' dir='ltr'><strong>Domini,</strong></span> <span class='ocrx_word' id='word_1_803' title='bbox 3084 3724 3137 3769; x_wconf 86' lang='lat' dir='ltr'><strong>et</strong></span> <span class='ocrx_word' id='word_1_804' title='bbox 3177 3732 3280 3768; x_wconf 88' lang='lat' dir='ltr'><strong>non</strong></span> <span class='ocrx_word' id='word_1_805' title='bbox 3313 3717 3486 3769; x_wconf 81' lang='lat' dir='ltr'><strong>Solum</strong></span> <span class='ocrx_word' id='word_1_806' title='bbox 3516 3732 3615 3769; x_wconf 89' lang='lat' dir='ltr'><strong>non</strong></span> <span class='ocrx_word' id='word_1_807' title='bbox 3646 3729 3799 3784; x_wconf 87' lang='lat' dir='ltr'><strong>pecce-</strong></span> 
     </span>
    </p>
   </div>
   <div class='ocr_carea' id='block_1_99' title="bbox 2243 3801 3798 3874">
    <p class='ocr_par' dir='ltr' id='par_1_99' title="bbox 2243 3801 3798 3874">
     <span class='ocr_line' id='line_1_99' title="bbox 2243 3801 3798 3874; baseline 0.002 -20"><span class='ocrx_word' id='word_1_808' title='bbox 2243 3814 2361 3856; x_wconf 86' lang='lat' dir='ltr'><strong>mus</strong></span> <span class='ocrx_word' id='word_1_809' title='bbox 2403 3801 2708 3867; x_wconf 90' lang='lat' dir='ltr'><strong>adorando,</strong></span> <span class='ocrx_word' id='word_1_810' title='bbox 2753 3804 2846 3859; x_wconf 89' lang='lat' dir='ltr'><strong>sed</strong></span> <span class='ocrx_word' id='word_1_811' title='bbox 2881 3819 3160 3874; x_wconf 82' lang='lat' dir='ltr'><strong>peccemus</strong></span> <span class='ocrx_word' id='word_1_812' title='bbox 3188 3823 3291 3861; x_wconf 89' lang='lat' dir='ltr'><strong>non</strong></span> <span class='ocrx_word' id='word_1_813' title='bbox 3331 3808 3623 3862; x_wconf 88' lang='lat' dir='ltr'><strong>adorando.</strong></span> <span class='ocrx_word' id='word_1_814' title='bbox 3658 3807 3798 3861; x_wconf 80' lang='lat' dir='ltr'><strong>Nutu-</strong></span> 
     </span>
    </p>
   </div>
   <div class='ocr_carea' id='block_1_100' title="bbox 2241 3892 3797 3966">
    <p class='ocr_par' dir='ltr' id='par_1_100' title="bbox 2241 3892 3797 3966">
     <span class='ocr_line' id='line_1_100' title="bbox 2241 3892 3797 3966; baseline 0.001 -21"><span class='ocrx_word' id='word_1_815' title='bbox 2241 3892 2366 3962; x_wconf 90' lang='lat' dir='ltr'><strong>quid</strong></span> <span class='ocrx_word' id='word_1_816' title='bbox 2396 3904 2571 3948; x_wconf 90' lang='lat' dir='ltr'><strong>autem</strong></span> <span class='ocrx_word' id='word_1_817' title='bbox 2612 3909 2737 3949; x_wconf 88' lang='lat' dir='ltr'><strong>caro</strong></span> <span class='ocrx_word' id='word_1_818' title='bbox 2767 3895 3032 3950; x_wconf 86' lang='lat' dir='ltr'><strong>vivificat?</strong></span> <span class='ocrx_word' id='word_1_819' title='bbox 3056 3897 3174 3966; x_wconf 91' lang='lat' dir='ltr'><strong>Ipse</strong></span> <span class='ocrx_word' id='word_1_820' title='bbox 3220 3897 3477 3953; x_wconf 89' lang='lat' dir='ltr'><strong>Dominus</strong></span> <span class='ocrx_word' id='word_1_821' title='bbox 3507 3898 3659 3960; x_wconf 75' lang='lat' dir='ltr'><strong>dixit,</strong></span> <span class='ocrx_word' id='word_1_822' title='bbox 3698 3907 3797 3949; x_wconf 89' lang='lat' dir='ltr'><strong>cum</strong></span> 
     </span>
    </p>
   </div>
   <div class='ocr_carea' id='block_1_101' title="bbox 2241 3982 3798 4058">
    <p class='ocr_par' dir='ltr' id='par_1_101' title="bbox 2241 3982 3798 4058">
     <span class='ocr_line' id='line_1_101' title="bbox 2241 3982 3798 4058; baseline 0.001 -22"><span class='ocrx_word' id='word_1_823' title='bbox 2241 3982 2306 4037; x_wconf 90' lang='lat' dir='ltr'><strong>de</strong></span> <span class='ocrx_word' id='word_1_824' title='bbox 2336 3984 2447 4054; x_wconf 90' lang='lat' dir='ltr'><strong>ipsa</strong></span> <span class='ocrx_word' id='word_1_825' title='bbox 2475 3986 2939 4041; x_wconf 91' lang='lat' dir='ltr'><strong>commendatione</strong></span> <span class='ocrx_word' id='word_1_826' title='bbox 2983 3987 3220 4055; x_wconf 89' lang='lat' dir='ltr'><strong>ejusdem</strong></span> <span class='ocrx_word' id='word_1_827' title='bbox 3270 3997 3431 4042; x_wconf 71' lang='lat' dir='ltr'><strong>terra:</strong></span> <span class='ocrx_word' id='word_1_828' title='bbox 3476 3989 3798 4058; x_wconf 87' lang='lat' dir='ltr'><strong>loqueretur:</strong></span> 
     </span>
    </p>
   </div>
   <div class='ocr_carea' id='block_1_102' title="bbox 2242 4075 3798 4151">
    <p class='ocr_par' dir='ltr' id='par_1_102' title="bbox 2242 4075 3798 4151">
     <span class='ocr_line' id='line_1_102' title="bbox 2242 4075 3798 4151; baseline -0.001 -20"><span class='ocrx_word' id='word_1_829' title='bbox 2242 4075 2468 4147; x_wconf 85' lang='lat' dir='ltr'><strong>Spiritus</strong></span> <span class='ocrx_word' id='word_1_830' title='bbox 2494 4087 2566 4132; x_wconf 85' lang='lat' dir='ltr'><strong>est</strong></span> <span class='ocrx_word' id='word_1_831' title='bbox 2588 4080 2674 4148; x_wconf 90' lang='lat' dir='ltr'><strong>qui</strong></span> <span class='ocrx_word' id='word_1_832' title='bbox 2700 4081 2940 4148; x_wconf 79' lang='lat' dir='ltr'><strong>uivi/icat;</strong></span> <span class='ocrx_word' id='word_1_833' title='bbox 2967 4097 3085 4134; x_wconf 83' lang='lat' dir='ltr'><strong>cura</strong></span> <span class='ocrx_word' id='word_1_834' title='bbox 3111 4090 3275 4134; x_wconf 86' lang='lat' dir='ltr'><strong>autem</strong></span> <span class='ocrx_word' id='word_1_835' title='bbox 3297 4083 3428 4137; x_wconf 84' lang='lat' dir='ltr'><strong>nihil</strong></span> <span class='ocrx_word' id='word_1_836' title='bbox 3457 4083 3667 4151; x_wconf 83' lang='lat' dir='ltr'><strong>prodest.</strong></span> <span class='ocrx_word' id='word_1_837' title='bbox 3695 4078 3798 4133; x_wconf 83' lang='lat' dir='ltr'><strong>ideo</strong></span> 
     </span>
    </p>
   </div>
   <div class='ocr_carea' id='block_1_103' title="bbox 2240 4167 3796 4243">
    <p class='ocr_par' dir='ltr' id='par_1_103' title="bbox 2240 4167 3796 4243">
     <span class='ocr_line' id='line_1_103' title="bbox 2240 4167 3796 4243; baseline -0.001 -21"><span class='ocrx_word' id='word_1_838' title='bbox 2240 4175 2294 4222; x_wconf 89' lang='lat' dir='ltr'><strong>et</strong></span> <span class='ocrx_word' id='word_1_839' title='bbox 2321 4167 2387 4222; x_wconf 92' lang='lat' dir='ltr'><strong>ad</strong></span> <span class='ocrx_word' id='word_1_840' title='bbox 2417 4178 2608 4223; x_wconf 90' lang='lat' dir='ltr'><strong>terram</strong></span> <span class='ocrx_word' id='word_1_841' title='bbox 2635 4171 2923 4239; x_wconf 90' lang='lat' dir='ltr'><strong>quamlibet</strong></span> <span class='ocrx_word' id='word_1_842' title='bbox 2946 4185 3066 4224; x_wconf 89' lang='lat' dir='ltr'><strong>cum</strong></span> <span class='ocrx_word' id='word_1_843' title='bbox 3091 4180 3142 4225; x_wconf 92' lang='lat' dir='ltr'><strong>te</strong></span> <span class='ocrx_word' id='word_1_844' title='bbox 3165 4171 3385 4226; x_wconf 89' lang='lat' dir='ltr'><strong>inclinas</strong></span> <span class='ocrx_word' id='word_1_845' title='bbox 3411 4183 3567 4243; x_wconf 89' lang='lat' dir='ltr'><strong>atque</strong></span> <span class='ocrx_word' id='word_1_846' title='bbox 3593 4181 3796 4243; x_wconf 87' lang='lat' dir='ltr'><strong>pros&#39;cr-</strong></span> 
     </span>
    </p>
   </div>
   <div class='ocr_carea' id='block_1_104' title="bbox 2242 4260 3793 4331">
    <p class='ocr_par' dir='ltr' id='par_1_104' title="bbox 2242 4260 3793 4331">
     <span class='ocr_line' id='line_1_104' title="bbox 2242 4260 3793 4331; baseline 0.003 -19"><span class='ocrx_word' id='word_1_847' title='bbox 2242 4260 2320 4313; x_wconf 88' lang='lat' dir='ltr'><strong>nis</strong></span> <span class='ocrx_word' id='word_1_848' title='bbox 2341 4301 2356 4326; x_wconf 91' lang='lat'><strong>,</strong></span> <span class='ocrx_word' id='word_1_849' title='bbox 2398 4275 2502 4314; x_wconf 91' lang='lat' dir='ltr'><strong>non</strong></span> <span class='ocrx_word' id='word_1_850' title='bbox 2551 4264 2698 4331; x_wconf 89' lang='lat' dir='ltr'><strong>quasi</strong></span> <span class='ocrx_word' id='word_1_851' title='bbox 2735 4272 2927 4317; x_wconf 86' lang='lat' dir='ltr'><strong>terram</strong></span> <span class='ocrx_word' id='word_1_852' title='bbox 2957 4265 3207 4317; x_wconf 83' lang='lat' dir='ltr'><strong>intuearis</strong></span> <span class='ocrx_word' id='word_1_853' title='bbox 3229 4308 3242 4329; x_wconf 95' lang='lat'><strong>,</strong></span> <span class='ocrx_word' id='word_1_854' title='bbox 3274 4266 3366 4318; x_wconf 84' lang='lat' dir='ltr'><strong>sed</strong></span> <span class='ocrx_word' id='word_1_855' title='bbox 3400 4267 3545 4320; x_wconf 88' lang='lat' dir='ltr'><strong>illum</strong></span> <span class='ocrx_word' id='word_1_856' title='bbox 3575 4265 3793 4318; x_wconf 78' lang='lat' dir='ltr'><strong>Sanctum</strong></span> 
     </span>
    </p>
   </div>
   <div class='ocr_carea' id='block_1_105' title="bbox 2239 4352 3796 4426">
    <p class='ocr_par' dir='ltr' id='par_1_105' title="bbox 2239 4352 3796 4426">
     <span class='ocr_line' id='line_1_105' title="bbox 2239 4352 3796 4426; baseline 0.006 -23"><span class='ocrx_word' id='word_1_857' title='bbox 2239 4352 2388 4421; x_wconf 84' lang='lat' dir='ltr'><strong>cujus</strong></span> <span class='ocrx_word' id='word_1_858' title='bbox 2427 4353 2620 4420; x_wconf 87' lang='lat' dir='ltr'><strong>pedum</strong></span> <span class='ocrx_word' id='word_1_859' title='bbox 2679 4355 2965 4408; x_wconf 82' lang='lat' dir='ltr'><strong>scabellum</strong></span> <span class='ocrx_word' id='word_1_860' title='bbox 3014 4367 3094 4408; x_wconf 79' lang='lat' dir='ltr'><strong>est</strong></span> <span class='ocrx_word' id='word_1_861' title='bbox 3136 4355 3273 4426; x_wconf 89' lang='lat' dir='ltr'><strong>quod</strong></span> <span class='ocrx_word' id='word_1_862' title='bbox 3330 4357 3557 4423; x_wconf 73' lang='lat' dir='ltr'><strong>adoras;</strong></span> <span class='ocrx_word' id='word_1_863' title='bbox 3610 4360 3796 4425; x_wconf 69' lang='lat' dir='ltr'><strong>propter</strong></span> 
     </span>
    </p>
   </div>
   <div class='ocr_carea' id='block_1_106' title="bbox 2241 4443 3796 4514">
    <p class='ocr_par' dir='ltr' id='par_1_106' title="bbox 2241 4443 3796 4514">
     <span class='ocr_line' id='line_1_106' title="bbox 2241 4443 3796 4514; baseline -0.003 -18"><span class='ocrx_word' id='word_1_864' title='bbox 2241 4443 2410 4511; x_wconf 86' lang='lat' dir='ltr'><strong>ipsum</strong></span> <span class='ocrx_word' id='word_1_865' title='bbox 2441 4444 2578 4498; x_wconf 91' lang='lat' dir='ltr'><strong>enim</strong></span> <span class='ocrx_word' id='word_1_866' title='bbox 2610 4444 2833 4498; x_wconf 85' lang='lat' dir='ltr'><strong>adoras:</strong></span> <span class='ocrx_word' id='word_1_867' title='bbox 2859 4446 2976 4499; x_wconf 79' lang='lat' dir='ltr'><strong>ideo</strong></span> <span class='ocrx_word' id='word_1_868' title='bbox 2999 4456 3053 4500; x_wconf 89' lang='lat' dir='ltr'><strong>et</strong></span> <span class='ocrx_word' id='word_1_869' title='bbox 3082 4446 3168 4499; x_wconf 89' lang='lat' dir='ltr'><strong>hic</strong></span> <span class='ocrx_word' id='word_1_870' title='bbox 3194 4447 3442 4514; x_wconf 82' lang='lat' dir='ltr'><strong>subjecit,</strong></span> <span class='ocrx_word' id='word_1_871' title='bbox 3474 4447 3681 4499; x_wconf 82' lang='lat' dir='ltr'><strong>Adorate</strong></span> <span class='ocrx_word' id='word_1_872' title='bbox 3701 4458 3796 4496; x_wconf 84' lang='lat' dir='ltr'><strong>sca-</strong></span> 
     </span>
    </p>
   </div>
   <div class='ocr_carea' id='block_1_107' title="bbox 2238 4533 3792 4606">
    <p class='ocr_par' dir='ltr' id='par_1_107' title="bbox 2238 4533 3792 4606">
     <span class='ocr_line' id='line_1_107' title="bbox 2238 4533 3792 4606; baseline -0.003 -20"><span class='ocrx_word' id='word_1_873' title='bbox 2238 4533 2421 4588; x_wconf 85' lang='lat' dir='ltr'><strong>bellum</strong></span> <span class='ocrx_word' id='word_1_874' title='bbox 2453 4535 2636 4604; x_wconf 87' lang='lat' dir='ltr'><strong>pedum</strong></span> <span class='ocrx_word' id='word_1_875' title='bbox 2663 4537 2771 4605; x_wconf 85' lang='lat' dir='ltr'><strong>ejus</strong></span> <span class='ocrx_word' id='word_1_876' title='bbox 2790 4576 2805 4602; x_wconf 90' lang='lat'><strong>,</strong></span> <span class='ocrx_word' id='word_1_877' title='bbox 2845 4537 3083 4606; x_wconf 84' lang='lat' dir='ltr'><strong>quoniam</strong></span> <span class='ocrx_word' id='word_1_878' title='bbox 3110 4547 3312 4592; x_wconf 79' lang='lat' dir='ltr'><strong>sanctus</strong></span> <span class='ocrx_word' id='word_1_879' title='bbox 3338 4551 3434 4592; x_wconf 78' lang='lat' dir='ltr'><strong>est.</strong></span> <span class='ocrx_word' id='word_1_880' title='bbox 3461 4537 3586 4604; x_wconf 88' lang='lat' dir='ltr'><strong>Quis</strong></span> <span class='ocrx_word' id='word_1_881' title='bbox 3609 4541 3792 4590; x_wconf 84' lang='lat' dir='ltr'><strong>sanctus</strong></span> 
     </span>
    </p>
   </div>
   <div class='ocr_carea' id='block_1_108' title="bbox 2238 4623 3788 4698">
    <p class='ocr_par' dir='ltr' id='par_1_108' title="bbox 2238 4623 3788 4698">
     <span class='ocr_line' id='line_1_108' title="bbox 2238 4623 3788 4698; baseline -0.001 -21"><span class='ocrx_word' id='word_1_882' title='bbox 2238 4624 2357 4678; x_wconf 89' lang='lat' dir='ltr'><strong>est?</strong></span> <span class='ocrx_word' id='word_1_883' title='bbox 2396 4625 2453 4679; x_wconf 91' lang='lat' dir='ltr'><strong>ln</strong></span> <span class='ocrx_word' id='word_1_884' title='bbox 2483 4625 2634 4695; x_wconf 87' lang='lat' dir='ltr'><strong>cujus</strong></span> <span class='ocrx_word' id='word_1_885' title='bbox 2675 4626 2878 4681; x_wconf 92' lang='lat' dir='ltr'><strong>honore</strong></span> <span class='ocrx_word' id='word_1_886' title='bbox 2913 4625 3105 4681; x_wconf 88' lang='lat' dir='ltr'><strong>adoras</strong></span> <span class='ocrx_word' id='word_1_887' title='bbox 3133 4627 3423 4682; x_wconf 90' lang='lat' dir='ltr'><strong>scabellum</strong></span> <span class='ocrx_word' id='word_1_888' title='bbox 3457 4627 3644 4698; x_wconf 90' lang='lat' dir='ltr'><strong>pedum</strong></span> <span class='ocrx_word' id='word_1_889' title='bbox 3673 4623 3788 4692; x_wconf 85' lang='lat' dir='ltr'><strong>ejus.</strong></span> 
     </span>
    </p>
   </div>
   <div class='ocr_carea' id='block_1_109' title="bbox 2240 4713 3788 4789">
    <p class='ocr_par' dir='ltr' id='par_1_109' title="bbox 2240 4713 3788 4789">
     <span class='ocr_line' id='line_1_109' title="bbox 2240 4713 3788 4789; baseline -0.003 -18"><span class='ocrx_word' id='word_1_890' title='bbox 2240 4716 2309 4771; x_wconf 88' lang='lat' dir='ltr'><strong>Et</strong></span> <span class='ocrx_word' id='word_1_891' title='bbox 2349 4732 2470 4772; x_wconf 90' lang='lat' dir='ltr'><strong>cum</strong></span> <span class='ocrx_word' id='word_1_892' title='bbox 2501 4717 2692 4773; x_wconf 89' lang='lat' dir='ltr'><strong>adoras</strong></span> <span class='ocrx_word' id='word_1_893' title='bbox 2738 4719 2884 4773; x_wconf 91' lang='lat' dir='ltr'><strong>illum</strong></span> <span class='ocrx_word' id='word_1_894' title='bbox 2913 4759 2927 4784; x_wconf 93' lang='lat'><strong>,</strong></span> <span class='ocrx_word' id='word_1_895' title='bbox 2975 4734 3040 4774; x_wconf 93' lang='lat' dir='ltr'><strong>ne</strong></span> <span class='ocrx_word' id='word_1_896' title='bbox 3083 4721 3404 4789; x_wconf 61' lang='lat' dir='ltr'><strong>cotgitatione</strong></span> <span class='ocrx_word' id='word_1_897' title='bbox 3448 4731 3708 4775; x_wconf 88' lang='lat' dir='ltr'><strong>remaneas</strong></span> <span class='ocrx_word' id='word_1_898' title='bbox 3747 4713 3788 4766; x_wconf 89' lang='lat' dir='ltr'><strong>in</strong></span> 
     </span>
    </p>
   </div>
   <div class='ocr_carea' id='block_1_110' title="bbox 2239 4806 3788 4882">
    <p class='ocr_par' dir='ltr' id='par_1_110' title="bbox 2239 4806 3788 4882">
     <span class='ocr_line' id='line_1_110' title="bbox 2239 4806 3788 4882; baseline -0.001 -22"><span class='ocrx_word' id='word_1_899' title='bbox 2239 4824 2430 4872; x_wconf 88' lang='lat' dir='ltr'><strong>carne,</strong></span> <span class='ocrx_word' id='word_1_900' title='bbox 2461 4821 2512 4864; x_wconf 92' lang='lat' dir='ltr'><strong>et</strong></span> <span class='ocrx_word' id='word_1_901' title='bbox 2552 4826 2581 4864; x_wconf 89' lang='lat' dir='ltr'><strong>a</strong></span> <span class='ocrx_word' id='word_1_902' title='bbox 2620 4812 2805 4880; x_wconf 82' lang='lat' dir='ltr'><strong>spiritu</strong></span> <span class='ocrx_word' id='word_1_903' title='bbox 2837 4825 2942 4865; x_wconf 91' lang='lat' dir='ltr'><strong>non</strong></span> <span class='ocrx_word' id='word_1_904' title='bbox 2967 4811 3287 4866; x_wconf 85' lang='lat' dir='ltr'><strong>vivificcris:</strong></span> <span class='ocrx_word' id='word_1_905' title='bbox 3323 4813 3544 4882; x_wconf 77' lang='lat' dir='ltr'><strong>Spiritus</strong></span> <span class='ocrx_word' id='word_1_906' title='bbox 3570 4819 3635 4866; x_wconf 81' lang='lat' dir='ltr'><strong>est</strong></span> <span class='ocrx_word' id='word_1_907' title='bbox 3657 4806 3788 4868; x_wconf 82' lang='lat' dir='ltr'><strong>enim,</strong></span> 
     </span>
    </p>
   </div>
   <div class='ocr_carea' id='block_1_111' title="bbox 2240 4898 3788 4971">
    <p class='ocr_par' dir='ltr' id='par_1_111' title="bbox 2240 4898 3788 4971">
     <span class='ocr_line' id='line_1_111' title="bbox 2240 4898 3788 4971; baseline -0.002 -19"><span class='ocrx_word' id='word_1_908' title='bbox 2240 4898 2425 4968; x_wconf 87' lang='lat' dir='ltr'><strong>inquit,</strong></span> <span class='ocrx_word' id='word_1_909' title='bbox 2453 4901 2540 4969; x_wconf 87' lang='lat' dir='ltr'><strong>qui</strong></span> <span class='ocrx_word' id='word_1_910' title='bbox 2565 4901 2802 4970; x_wconf 75' lang='lat' dir='ltr'><strong>viviﬁrat;</strong></span> <span class='ocrx_word' id='word_1_911' title='bbox 2828 4917 2949 4955; x_wconf 85' lang='lat' dir='ltr'><strong>caro</strong></span> <span class='ocrx_word' id='word_1_912' title='bbox 2968 4911 3138 4956; x_wconf 88' lang='lat' dir='ltr'><strong>autem</strong></span> <span class='ocrx_word' id='word_1_913' title='bbox 3159 4903 3286 4957; x_wconf 89' lang='lat' dir='ltr'><strong>nihil</strong></span> <span class='ocrx_word' id='word_1_914' title='bbox 3307 4905 3528 4971; x_wconf 82' lang='lat' dir='ltr'><strong>prodest.</strong></span> <span class='ocrx_word' id='word_1_915' title='bbox 3553 4901 3687 4954; x_wconf 90' lang='lat' dir='ltr'><strong>Tunc</strong></span> <span class='ocrx_word' id='word_1_916' title='bbox 3710 4910 3788 4949; x_wconf 87' lang='lat' dir='ltr'><strong>att-</strong></span> 
     </span>
    </p>
   </div>
   <div class='ocr_carea' id='block_1_112' title="bbox 2240 4990 3789 5061">
    <p class='ocr_par' dir='ltr' id='par_1_112' title="bbox 2240 4990 3789 5061">
     <span class='ocr_line' id='line_1_112' title="bbox 2240 4990 3789 5061; baseline -0.001 -17"><span class='ocrx_word' id='word_1_917' title='bbox 2240 4999 2344 5045; x_wconf 91' lang='lat' dir='ltr'><strong>tcm</strong></span> <span class='ocrx_word' id='word_1_918' title='bbox 2367 5032 2382 5056; x_wconf 92' lang='lat'><strong>,</strong></span> <span class='ocrx_word' id='word_1_919' title='bbox 2427 4991 2639 5061; x_wconf 90' lang='lat' dir='ltr'><strong>quando</strong></span> <span class='ocrx_word' id='word_1_920' title='bbox 2673 4991 2774 5046; x_wconf 91' lang='lat' dir='ltr'><strong>hoc</strong></span> <span class='ocrx_word' id='word_1_921' title='bbox 2814 4992 3070 5047; x_wconf 88' lang='lat' dir='ltr'><strong>Dominus</strong></span> <span class='ocrx_word' id='word_1_922' title='bbox 3110 4993 3530 5059; x_wconf 87' lang='lat' dir='ltr'><strong>commendavit,</strong></span> <span class='ocrx_word' id='word_1_923' title='bbox 3557 4990 3620 5045; x_wconf 89' lang='lat' dir='ltr'><strong>de</strong></span> <span class='ocrx_word' id='word_1_924' title='bbox 3653 4996 3789 5042; x_wconf 67' lang='lat' dir='ltr'><strong>carne</strong></span> 
     </span>
    </p>
   </div>
   <div class='ocr_carea' id='block_1_113' title="bbox 2240 5075 3788 5156">
    <p class='ocr_par' dir='ltr' id='par_1_113' title="bbox 2240 5075 3788 5156">
     <span class='ocr_line' id='line_1_113' title="bbox 2240 5075 3788 5156; baseline -0.008 -18"><span class='ocrx_word' id='word_1_925' title='bbox 2240 5099 2332 5138; x_wconf 88' lang='lat' dir='ltr'><strong>sua</strong></span> <span class='ocrx_word' id='word_1_926' title='bbox 2365 5085 2572 5139; x_wconf 91' lang='lat' dir='ltr'><strong>locutus</strong></span> <span class='ocrx_word' id='word_1_927' title='bbox 2600 5095 2714 5138; x_wconf 90' lang='lat' dir='ltr'><strong>erat</strong></span> <span class='ocrx_word' id='word_1_928' title='bbox 2737 5127 2752 5151; x_wconf 94' lang='lat'><strong>,</strong></span> <span class='ocrx_word' id='word_1_929' title='bbox 2782 5094 2835 5140; x_wconf 86' lang='lat' dir='ltr'><strong>et</strong></span> <span class='ocrx_word' id='word_1_930' title='bbox 2864 5085 3070 5140; x_wconf 82' lang='lat' dir='ltr'><strong>dixerat</strong></span> <span class='ocrx_word' id='word_1_931' title='bbox 3108 5105 3121 5140; x_wconf 92' lang='lat'>:</span> <span class='ocrx_word' id='word_1_932' title='bbox 3149 5085 3264 5140; x_wconf 82' lang='lat' dir='ltr'><strong>Nisi</strong></span> <span class='ocrx_word' id='word_1_933' title='bbox 3304 5089 3413 5156; x_wconf 86' lang='lat' dir='ltr'><strong>quis</strong></span> <span class='ocrx_word' id='word_1_934' title='bbox 3453 5075 3788 5138; x_wconf 73' lang='lat' dir='ltr'><strong>manducauerit</strong></span> 
     </span>
    </p>
   </div>
   <div class='ocr_carea' id='block_1_114' title="bbox 2237 5171 3782 5240">
    <p class='ocr_par' dir='ltr' id='par_1_114' title="bbox 2237 5171 3782 5240">
     <span class='ocr_line' id='line_1_114' title="bbox 2237 5171 3782 5240; baseline -0.003 -10"><span class='ocrx_word' id='word_1_935' title='bbox 2237 5193 2436 5230; x_wconf 79' lang='lat' dir='ltr'><strong>carnem</strong></span> <span class='ocrx_word' id='word_1_936' title='bbox 2465 5195 2623 5231; x_wconf 83' lang='lat' dir='ltr'><strong>meum</strong></span> <span class='ocrx_word' id='word_1_937' title='bbox 2649 5219 2661 5240; x_wconf 94' lang='lat'><strong>,</strong></span> <span class='ocrx_word' id='word_1_938' title='bbox 2695 5195 2793 5232; x_wconf 84' lang='lat' dir='ltr'><strong>non</strong></span> <span class='ocrx_word' id='word_1_939' title='bbox 2816 5178 3012 5231; x_wconf 76' lang='lat' dir='ltr'><strong>habebit</strong></span> <span class='ocrx_word' id='word_1_940' title='bbox 3035 5180 3086 5232; x_wconf 89' lang='lat' dir='ltr'><strong>iu</strong></span> <span class='ocrx_word' id='word_1_941' title='bbox 3114 5195 3166 5233; x_wconf 90' lang='lat' dir='ltr'><strong>se</strong></span> <span class='ocrx_word' id='word_1_942' title='bbox 3192 5179 3343 5232; x_wconf 80' lang='lat' dir='ltr'><strong>vitam</strong></span> <span class='ocrx_word' id='word_1_943' title='bbox 3366 5188 3614 5234; x_wconf 72' lang='lat' dir='ltr'><strong>(uernam.</strong></span> <span class='ocrx_word' id='word_1_944' title='bbox 3641 5171 3782 5226; x_wconf 81' lang='lat' dir='ltr'><strong>Scan-</strong></span> 
     </span>
    </p>
   </div>
   <div class='ocr_carea' id='block_1_115' title="bbox 2237 5262 3778 5339">
    <p class='ocr_par' dir='ltr' id='par_1_115' title="bbox 2237 5262 3778 5339">
     <span class='ocr_line' id='line_1_115' title="bbox 2237 5262 3778 5339; baseline -0.001 -19"><span class='ocrx_word' id='word_1_945' title='bbox 2237 5265 2448 5320; x_wconf 86' lang='lat' dir='ltr'><strong>dalizati</strong></span> <span class='ocrx_word' id='word_1_946' title='bbox 2467 5277 2590 5320; x_wconf 78' lang='lat' dir='ltr'><strong>sum</strong></span> <span class='ocrx_word' id='word_1_947' title='bbox 2613 5267 2854 5336; x_wconf 85' lang='lat' dir='ltr'><strong>discipuli</strong></span> <span class='ocrx_word' id='word_1_948' title='bbox 2878 5269 2995 5337; x_wconf 89' lang='lat' dir='ltr'><strong>ejus</strong></span> <span class='ocrx_word' id='word_1_949' title='bbox 3016 5269 3252 5337; x_wconf 88' lang='lat' dir='ltr'><strong>quidam,</strong></span> <span class='ocrx_word' id='word_1_950' title='bbox 3273 5269 3592 5339; x_wconf 84' lang='lat' dir='ltr'><strong>septuaginta</strong></span> <span class='ocrx_word' id='word_1_951' title='bbox 3620 5262 3778 5318; x_wconf 71' lang='lat' dir='ltr'><strong>ferme.</strong></span> 
     </span>
    </p>
   </div>
   <div class='ocr_carea' id='block_1_116' title="bbox 2238 5350 3780 5431">
    <p class='ocr_par' dir='ltr' id='par_1_116' title="bbox 2238 5350 3780 5431">
     <span class='ocr_line' id='line_1_116' title="bbox 2238 5350 3780 5431; baseline -0.008 -21"><span class='ocrx_word' id='word_1_952' title='bbox 2238 5366 2290 5410; x_wconf 87' lang='lat' dir='ltr'><strong>et</strong></span> <span class='ocrx_word' id='word_1_953' title='bbox 2319 5357 2569 5411; x_wconf 77' lang='lat' dir='ltr'><strong>dixerunt</strong></span> <span class='ocrx_word' id='word_1_954' title='bbox 2601 5376 2612 5410; x_wconf 94' lang='lat'>:</span> <span class='ocrx_word' id='word_1_955' title='bbox 2643 5357 2817 5413; x_wconf 85' lang='lat' dir='ltr'><strong>Durus</strong></span> <span class='ocrx_word' id='word_1_956' title='bbox 2858 5369 2930 5413; x_wconf 89' lang='lat' dir='ltr'><strong>est</strong></span> <span class='ocrx_word' id='word_1_957' title='bbox 2957 5359 3036 5412; x_wconf 88' lang='lat' dir='ltr'><strong>hic</strong></span> <span class='ocrx_word' id='word_1_958' title='bbox 3059 5376 3259 5425; x_wconf 79' lang='lat' dir='ltr'><strong>sermo;</strong></span> <span class='ocrx_word' id='word_1_959' title='bbox 3282 5361 3394 5431; x_wconf 84' lang='lat' dir='ltr'><strong>quis</strong></span> <span class='ocrx_word' id='word_1_960' title='bbox 3421 5365 3572 5431; x_wconf 80' lang='lat' dir='ltr'><strong>potest</strong></span> <span class='ocrx_word' id='word_1_961' title='bbox 3594 5369 3692 5408; x_wconf 87' lang='lat' dir='ltr'><strong>cum</strong></span> <span class='ocrx_word' id='word_1_962' title='bbox 3717 5350 3780 5400; x_wconf 82' lang='lat' dir='ltr'><strong>itt-</strong></span> 
     </span>
    </p>
   </div>
   <div class='ocr_carea' id='block_1_117' title="bbox 2238 5449 3778 5520">
    <p class='ocr_par' dir='ltr' id='par_1_117' title="bbox 2238 5449 3778 5520">
     <span class='ocr_line' id='line_1_117' title="bbox 2238 5449 3778 5520; baseline -0.005 -21"><span class='ocrx_word' id='word_1_963' title='bbox 2238 5450 2499 5519; x_wconf 82' lang='lat' dir='ltr'><strong>telligere?</strong></span> <span class='ocrx_word' id='word_1_964' title='bbox 2532 5449 2594 5502; x_wconf 86' lang='lat' dir='ltr'><strong>Et</strong></span> <span class='ocrx_word' id='word_1_965' title='bbox 2643 5460 2982 5504; x_wconf 83' lang='lat' dir='ltr'><strong>recesserunt</strong></span> <span class='ocrx_word' id='word_1_966' title='bbox 3028 5451 3183 5505; x_wconf 85' lang='lat' dir='ltr'><strong>abeo</strong></span> <span class='ocrx_word' id='word_1_967' title='bbox 3209 5493 3224 5516; x_wconf 97' lang='lat'><strong>,</strong></span> <span class='ocrx_word' id='word_1_968' title='bbox 3257 5459 3310 5506; x_wconf 88' lang='lat' dir='ltr'><strong>et</strong></span> <span class='ocrx_word' id='word_1_969' title='bbox 3350 5450 3566 5520; x_wconf 88' lang='lat' dir='ltr'><strong>amplius</strong></span> <span class='ocrx_word' id='word_1_970' title='bbox 3596 5458 3700 5498; x_wconf 89' lang='lat' dir='ltr'><strong>cum</strong></span> <span class='ocrx_word' id='word_1_971' title='bbox 3726 5451 3778 5489; x_wconf 82' lang='lat' dir='ltr'><strong>co</strong></span> 
     </span>
    </p>
   </div>
   <div class='ocr_carea' id='block_1_118' title="bbox 2238 5530 3772 5607">
    <p class='ocr_par' dir='ltr' id='par_1_118' title="bbox 2238 5530 3772 5607">
     <span class='ocr_line' id='line_1_118' title="bbox 2238 5530 3772 5607; baseline -0.003 -15"><span class='ocrx_word' id='word_1_972' title='bbox 2238 5555 2342 5592; x_wconf 92' lang='lat' dir='ltr'><strong>non</strong></span> <span class='ocrx_word' id='word_1_973' title='bbox 2371 5539 2792 5594; x_wconf 86' lang='lat' dir='ltr'><strong>ambulaverunt.</strong></span> <span class='ocrx_word' id='word_1_974' title='bbox 2840 5541 3039 5595; x_wconf 90' lang='lat' dir='ltr'><strong>Durum</strong></span> <span class='ocrx_word' id='word_1_975' title='bbox 3079 5543 3181 5596; x_wconf 91' lang='lat' dir='ltr'><strong>illis</strong></span> <span class='ocrx_word' id='word_1_976' title='bbox 3209 5545 3377 5596; x_wconf 90' lang='lat' dir='ltr'><strong>visum</strong></span> <span class='ocrx_word' id='word_1_977' title='bbox 3413 5549 3490 5596; x_wconf 91' lang='lat' dir='ltr'><strong>est</strong></span> <span class='ocrx_word' id='word_1_978' title='bbox 3522 5535 3646 5607; x_wconf 90' lang='lat' dir='ltr'><strong>quod</strong></span> <span class='ocrx_word' id='word_1_979' title='bbox 3685 5530 3772 5588; x_wconf 75' lang='lat' dir='ltr'><strong>ait.</strong></span> 
     </span>
    </p>
   </div>
   <div class='ocr_carea' id='block_1_119' title="bbox 2239 5619 3773 5701">
    <p class='ocr_par' dir='ltr' id='par_1_119' title="bbox 2239 5619 3773 5701">
     <span class='ocr_line' id='line_1_119' title="bbox 2239 5619 3773 5701; baseline -0.007 -18"><span class='ocrx_word' id='word_1_980' title='bbox 2239 5628 2358 5684; x_wconf 74' lang='lat' dir='ltr'><strong>Nisi</strong></span> <span class='ocrx_word' id='word_1_981' title='bbox 2385 5631 2495 5701; x_wconf 87' lang='lat' dir='ltr'><strong>quis</strong></span> <span class='ocrx_word' id='word_1_982' title='bbox 2519 5632 2897 5686; x_wconf 81' lang='lat' dir='ltr'><strong>manducauerit</strong></span> <span class='ocrx_word' id='word_1_983' title='bbox 2925 5650 3126 5687; x_wconf 82' lang='lat' dir='ltr'><strong>carnem</strong></span> <span class='ocrx_word' id='word_1_984' title='bbox 3154 5651 3313 5688; x_wconf 77' lang='lat' dir='ltr'><strong>meum</strong></span> <span class='ocrx_word' id='word_1_985' title='bbox 3337 5677 3350 5700; x_wconf 96' lang='lat'><strong>,</strong></span> <span class='ocrx_word' id='word_1_986' title='bbox 3389 5649 3483 5687; x_wconf 88' lang='lat' dir='ltr'><strong>nou</strong></span> <span class='ocrx_word' id='word_1_987' title='bbox 3518 5624 3693 5683; x_wconf 78' lang='lat' dir='ltr'><strong>habebit</strong></span> <span class='ocrx_word' id='word_1_988' title='bbox 3717 5619 3773 5672; x_wconf 70' lang='lat' dir='ltr'><strong>tti-</strong></span> 
     </span>
    </p>
   </div>
   <div class='ocr_carea' id='block_1_120' title="bbox 2252 5781 3768 5903">
    <p class='ocr_par' dir='ltr' id='par_1_120' title="bbox 2252 5781 3768 5903">
     <span class='ocr_line' id='line_1_120' title="bbox 2252 5781 3768 5903; baseline -0.012 -79"><span class='ocrx_word' id='word_1_989' title='bbox 2252 5861 2255 5864; x_wconf 0' lang='lat' dir='ltr'><strong>Q</strong></span> <span class='ocrx_word' id='word_1_990' title='bbox 2303 5791 2318 5821; x_wconf 75' lang='grc' dir='ltr'>ι</span> <span class='ocrx_word' id='word_1_991' title='bbox 2347 5787 2722 5903; x_wconf 44' lang='lat' dir='ltr'><strong>indagandum</strong></span> <span class='ocrx_word' id='word_1_992' title='bbox 2749 5795 2835 5841; x_wconf 87' lang='lat' dir='ltr'><strong>est.</strong></span> <span class='ocrx_word' id='word_1_993' title='bbox 2870 5797 2924 5841; x_wconf 80' lang='lat' dir='ltr'><strong>At</strong></span> <span class='ocrx_word' id='word_1_994' title='bbox 2957 5789 3174 5841; x_wconf 80' lang='lat' dir='ltr'><strong>melioris</strong></span> <span class='ocrx_word' id='word_1_995' title='bbox 3219 5798 3344 5847; x_wconf 69' lang='grc' dir='ltr'><strong>ηριερ</strong></span> <span class='ocrx_word' id='word_1_996' title='bbox 3381 5797 3481 5840; x_wconf 63' lang='lat' dir='ltr'><strong>MSS,</strong></span> <span class='ocrx_word' id='word_1_997' title='bbox 3511 5789 3635 5854; x_wconf 57' lang='lat' dir='ltr'><strong>ium</strong></span> <span class='ocrx_word' id='word_1_998' title='bbox 3665 5781 3768 5830; x_wconf 58' lang='grc' dir='ltr'><strong>ηχ,</strong></span> 
     </span>
     <span class='ocr_line' id='line_1_121' title="bbox 2252 5865 2536 5903; baseline -0.014 0"><span class='ocrx_word' id='word_1_999' title='bbox 2252 5867 2352 5903; x_wconf 74' lang='lat' dir='ltr'><strong>tunc</strong></span> <span class='ocrx_word' id='word_1_1000' title='bbox 2377 5866 2431 5902; x_wconf 78' lang='lat' dir='ltr'><strong>us</strong></span> <span class='ocrx_word' id='word_1_1001' title='bbox 2451 5865 2477 5901; x_wconf 79' lang='grc' dir='ltr'><em>ρ</em></span> <span class='ocrx_word' id='word_1_1002' title='bbox 2525 5887 2536 5899; x_wconf 94' lang='grc'><em>.</em></span> 
     </span>
    </p>
   </div>
   <div class='ocr_carea' id='block_1_121' title="bbox 2240 5865 2536 5905">
    <p class='ocr_par' dir='ltr' id='par_1_121' title="bbox 2240 5865 2536 5905">
     <span class='ocr_line' id='line_1_122' title="bbox 2240 5865 2536 5905; baseline -0.017 0"><span class='ocrx_word' id='word_1_1003' title='bbox 2240 5865 2431 5905; x_wconf 63' lang='grc' dir='ltr'><strong>δαιτί-τηε</strong></span> <span class='ocrx_word' id='word_1_1004' title='bbox 2451 5865 2536 5902; x_wconf 74' lang='grc' dir='ltr'><strong>ρει.</strong></span> 
     </span>
    </p>
   </div>
  </div>
