4088 6444
273 385 402 442 I265

266 510 363 553 tam
407 505 641 552 (sternam
661 509 680 546 :
709 501 1029 562 acet-perunt
1059 487 1187 545 illud
1233 487 1422 552 stulte,
1457 485 1742 542 carnaliter
1768 485 1836 539 il-

267 587 349 642 lud
380 583 744 656 cogitaverunt
768 622 782 646 ,
811 593 864 636 et
893 587 1210 651 putaverunt
1235 579 1374 650 quod
1407 578 1724 648 prmclsurus
1750 591 1837 630 cs~

262 687 339 732 set
365 675 617 731 Dominus
659 674 945 744 particulas
971 672 1226 743 Quasdam
1272 670 1337 725 de
1363 683 1589 740 corpore
1631 685 1758 734 suo,
1787 665 1842 724 et

263 767 479 819 daturus
511 763 613 818 illis
637 806 655 831 ,
685 772 738 817 et
766 763 1052 828 dixerunt,
1081 759 1255 814 Durus
1292 768 1364 814 est
1403 758 1484 812 hic
1509 774 1693 812 sermo.
1737 757 1838 827 Ipsi

263 865 412 913 erant
439 855 585 922 duri,
631 870 738 910 non
778 868 975 910 sermo.
1009 853 1219 908 Etenim
1246 852 1293 906 si
1325 851 1441 906 duri
1475 865 1578 904 non
1623 859 1837 910 essent.

264 950 353 1006 sed
379 950 532 1004 miles
571 957 771 1011 essent,
801 945 1042 1002 dicerent
1069 945 1167 1000 sibi
1199 963 1210 998 :
1241 943 1354 998 Non
1383 944 1496 997 sine
1524 959 1680 997 causa
1713 942 1842 996 dicit

266 1041 396 1107 hoc,
430 1038 527 1092 nisi
558 1037 683 1108 quia
734 1046 815 1091 est
855 1037 924 1091 ibi
969 1036 1181 1106 aliquod
1227 1043 1617 1090 sacramentum
1649 1033 1837 1087 latens.

265 1132 529 1186 Ilanerent
556 1114 678 1182 eum
712 1129 800 1182 illo
831 1128 1015 1192 lenes,
1050 1142 1155 1181 non
1197 1126 1350 1190 duri;
1383 1136 1435 1180 et
1481 1125 1747 1178 discerent
1775 1125 1842 1179 ab

268 1222 371 1287 illo,
395 1219 530 1290 quod
550 1261 564 1282 ,
600 1218 704 1272 illis
723 1217 1135 1284 discedentibus,
1162 1216 1250 1286 qui
1279 1222 1666 1278 remanserunt,
1701 1213 1840 1268 didi-

268 1321 466 1368 cerunt.
483 1309 615 1364 Nam
641 1325 762 1363 cum
785 1309 1169 1364 remansissent
1188 1324 1305 1362 cum
1328 1307 1416 1362 illo
1443 1305 1684 1376 discipuli
1713 1305 1842 1359 dno-

269 1403 430 1458 decim
452 1443 465 1465 ,
488 1401 592 1456 illis
619 1401 989 1455 recedentibus
1008 1441 1023 1466 ,
1047 1408 1422 1470 suggesseruut
1448 1397 1520 1451 illi
1546 1438 1559 1462 ,
1593 1407 1841 1466 tanquam

273 1491 500 1548 dolentes
527 1490 741 1546 illorum
769 1499 990 1545 mortem
1016 1531 1031 1556 ,
1073 1489 1214 1559 quod
1257 1487 1595 1543 scandalizati
1643 1498 1764 1542 sunt
1791 1488 1839 1542 in

272 1585 424 1638 verbo
442 1580 556 1652 ejus
581 1592 634 1637 et
663 1592 1018 1638 recesserunt.
1052 1581 1142 1635 Ille
1165 1591 1340 1635 autem
1369 1579 1614 1634 instruxit
1645 1594 1759 1644 eos,
1789 1587 1844 1633 et

277 1679 340 1732 ait
371 1679 507 1740 illis,
558 1677 783 1744 Spiritus
828 1685 899 1728 est
925 1676 1006 1744 qui
1045 1675 1296 1742 citri/ical;
1342 1689 1460 1726 curo
1503 1681 1669 1725 autent
1717 1671 1842 1724 nihil

275 1770 458 1837 prodest
487 1785 504 1821 :
537 1769 682 1821 verba
709 1782 821 1835 qua:
862 1765 1058 1819 locutus
1084 1781 1193 1816 sum
1233 1763 1367 1816 vobis
1393 1805 1406 1829 ,
1450 1763 1658 1826 spiritus
1683 1771 1754 1814 est
1797 1771 1843 1814 et

275 1861 364 1913 vita
390 1857 565 1928 (Joan.
613 1874 700 1925 vr,
733 1856 944 1928 54-64).
987 1853 1343 1924 Spiritnaliter
1384 1854 1659 1924 intclligitc
1699 1853 1840 1923 quod

269 1949 461 2004 locutus
496 1964 608 2002 sum
644 1965 656 1998 τ
686 1964 791 2002 non
824 1947 922 2001 hoc
959 1961 1152 2014 corpus
1191 1945 1331 2014 quod
1363 1945 1586 2011 videtis,
1620 1945 1843 1999 mandu-

266 2039 422 2094 caturi
445 2040 602 2102 estis;
631 2048 686 2094 et
709 2038 922 2093 bibituri
945 2036 1092 2091 illum
1115 2036 1424 2106 sanguinem
1445 2077 1460 2097 ,
1493 2051 1647 2103 quem
1679 2034 1840 2089 fusuri

265 2139 377 2183 sunt
404 2128 503 2198 qui
541 2143 625 2184 me
655 2126 980 2195 crueiﬁgent.
1011 2126 1410 2180 Saeramentunt
1442 2121 1652 2194 aliquod
1695 2125 1842 2179 vobis

264 2219 660 2283 commendavi;
692 2219 1035 2288 spiritualiter
1058 2215 1381 2270 intellectmn
1416 2214 1700 2269 vivilicabit
1728 2231 1838 2270 vos.

268 2311 366 2366 Etsi
391 2324 614 2364 necesse
643 2319 724 2362 est
751 2307 872 2361 illud
902 2307 1178 2361 visibiliter
1208 2305 1493 2370 celebrari,
1523 2314 1730 2374 Oportet
1761 2313 1841 2358 ta-

270 2416 378 2454 men
425 2397 1032 2466 invisibiliterintelligi.
1082 2395 1315 2449 Exaltate
1362 2395 1628 2448 Dominum
1681 2392 1841 2448 Deum

270 2503 478 2548 nostrum
505 2535 518 2555 ,
571 2503 616 2545 et
655 2492 861 2545 udorate
899 2489 1166 2544 scabellum
1210 2489 1388 2559 pedum
1421 2490 1556 2559 ejus,
1605 2490 1842 2557 quoniam

269 2596 454 2639 sanctus
484 2595 581 2638 est.

332 2676 409 2730 l0.
452 2673 631 2746 [vers.
660 2671 818 2745 6-8.]
862 2672 1060 2742 Moyses
1104 2682 1148 2726 et
1194 2672 1363 2724 Aaron
1400 2671 1450 2724 in
1499 2670 1841 2726 sacerdotibus

266 2782 361 2838 qus
381 2809 396 2830 ,
428 2778 473 2822 et
507 2763 720 2820 Samuel
743 2765 795 2817 in
823 2763 902 2817 his
926 2763 1012 2834 qui
1049 2763 1277 2814 invocant
1309 2777 1487 2814 nomen
1516 2764 1645 2831 ejus.
1681 2759 1840 2815 Invo-

268 2858 430 2911 rubaat
456 2855 735 2910 Dominum
760 2897 774 2920 ,
803 2863 848 2907 et
876 2853 983 2923 ipse
1017 2850 1316 2906 exaudiebat
1353 2866 1439 2907 eos.
1457 2866 1476 2915 ;
1519 2851 1569 2903 in
1606 2851 1840 2904 columna

268 2951 395 3002 nubis
423 2949 724 3018 loquebatur
754 2947 820 2998 ad
849 2961 952 2999 eos.
982 2935 1070 2998 Isti
1095 2942 1294 3012 antiqui
1323 2941 1532 3012 Moyses
1572 2951 1626 2996 et
1661 2942 1840 2997 Aaron

266 3053 311 3098 et
351 3042 588 3110 Samuel,
617 3041 760 3096 servi
802 3039 933 3105 Dei,
965 3037 1139 3108 magni
1181 3036 1317 3106 apud
1361 3036 1631 3106 antiquos.
1663 3035 1840 3090 Nostis

267 3136 374 3204 quia
405 3134 619 3205 Moyses
645 3131 828 3188 eduxit
857 3131 910 3184 in
942 3131 1134 3183 virtute
1162 3127 1251 3181 Dei
1290 3126 1540 3196 populum
1576 3125 1735 3180 Israel
1775 3144 1836 3182 ex

268 3224 477 3296 Egypto
527 3239 623 3294 per
662 3223 895 3276 Rubrum
939 3236 1120 3284 mare;
1159 3227 1212 3272 et
1249 3218 1402 3272 duxit
1445 3217 1496 3272 in
1539 3234 1757 3284 eremo;
1787 3227 1840 3272 et

269 3330 442 3388 quanta
469 3315 740 3372 mirabilia
762 3313 949 3369 fecerit
973 3313 1063 3366 illo
1089 3323 1324 3380 tempore
1353 3311 1489 3364 Deus
1513 3326 1604 3378 per
1626 3325 1837 3363 manum

268 3406 418 3480 Moysi
442 3451 456 3473 ,
492 3414 760 3461 noverunt
788 3419 972 3457 omnes
999 3403 1085 3472 qui
1118 3404 1242 3455 istas
1277 3401 1576 3470 Scripturas
1616 3399 1840 3455 libenter

268 3502 469 3555 audiunt
502 3500 558 3554 in
587 3495 821 3552 Ecclesia
849 3537 862 3561 ,
898 3494 978 3549 vel
1008 3493 1146 3562 apud
1173 3508 1231 3547 se
1257 3493 1439 3562 legunt
1463 3532 1475 3556 ,
1512 3491 1592 3546 vel
1621 3507 1837 3560 quoquo

269 3591 411 3645 modo
438 3589 764 3644 didicerunt.
797 3586 971 3640 Aaron
1008 3583 1170 3636 frater
1201 3582 1366 3650 ipsius
1393 3580 1489 3635 fuit
1511 3621 1524 3645 ,
1555 3595 1712 3650 quem
1733 3595 1836 3640 ,or-

269 3681 450 3737 dinavit
479 3679 646 3735 etiam
678 3677 1030 3734 sacerdotem.
1065 3677 1128 3730 Et
1158 3675 1227 3729 ibi
1255 3675 1466 3744 quidem
1499 3688 1601 3728 non
1631 3673 1840 3727 videtur

273 3773 501 3828 sacerdos
531 3786 650 3826 esse
674 3812 686 3834 ,
720 3770 819 3824 nisi
847 3771 1041 3823 Aaron.
1076 3769 1270 3836 Aperte
1294 3767 1433 3820 enim
1462 3765 1512 3819 in
1543 3766 1646 3828 illis
1672 3765 1838 3820 Litte-

273 3863 340 3917 ris
380 3865 554 3918 Aaron
600 3859 900 3915 nominatur
947 3859 1195 3913 sacerdos
1241 3857 1331 3912 Dei
1385 3856 1598 3927 (Exod.
1627 3872 1793 3912 xxvnt
1821 3897 1838 3924 ,

276 3953 341 4017 l,
367 3952 497 4024 etc.)
531 3971 543 4007 :
585 3951 652 4005 de
687 3951 866 4022 Moyse
912 3966 1017 4003 non
1059 3949 1127 4004 ibi
1175 3947 1367 4004 dicit-ur
1413 3947 1552 4017 quod
1593 3947 1840 4002 sacerdos

279 4054 402 4098 erat.
427 4044 530 4100 Sed
556 4045 600 4099 si
631 4045 731 4098 hoc
754 4058 856 4098 non
881 4051 996 4096 erat
1020 4083 1032 4105 ,
1062 4041 1186 4110 quid
1209 4049 1324 4093 erat
1344 4039 1367 4093 ?
1390 4037 1644 4109 numquid
1671 4038 1842 4108 major

272 4136 535 4191 sacerdote
563 4150 681 4189 esse
712 4133 960 4204 poterat?
992 4131 1254 4200 Exprimit
1281 4131 1296 4161 ¹
1327 4129 1562 4199 psalmus
1592 4128 1692 4183 iste
1720 4128 1839 4198 quia

273 4238 323 4282 et
346 4228 449 4297 ipse
478 4226 730 4282 sacerdos
759 4234 872 4280 erat
900 4243 912 4278 :
949 4223 1148 4294 Moyses
1166 4264 1179 4287 ,
1209 4231 1254 4276 et
1283 4221 1451 4274 Aaron
1492 4221 1543 4273 in
1566 4220 1840 4274 sacerdoti-

281 4319 362 4373 bus
387 4323 516 4391 ejus.
545 4320 682 4388 Ergo
712 4327 862 4372 erant
891 4315 964 4370 illi
1011 4314 1217 4368 Domini
1256 4312 1580 4368 sacerdotes.
1627 4311 1842 4369 Samuel

272 4421 439 4481 postea
466 4413 577 4480 jam
610 4409 662 4464 in
693 4408 827 4462 libro
853 4407 1154 4476 Regnorum
1201 4405 1388 4474 legitur
1417 4421 1428 4457 :
1479 4402 1578 4458 iste
1618 4410 1700 4457 est
1745 4401 1843 4458 Sa-

272 4503 400 4558 muel
444 4501 775 4570 temporibus
825 4498 1026 4563 David;
1078 4513 1197 4552 nam
1242 4497 1352 4566 ipse
1405 4494 1556 4550 unxit
1599 4505 1840 4550 sanctunt

279 4592 452 4648 David.
482 4593 701 4648 Samuel
729 4591 794 4645 ab
821 4591 969 4644 initio
995 4590 1163 4642 aetatis
1190 4603 1298 4641 sua:
1344 4587 1394 4640 in
1435 4585 1630 4654 templo
1655 4587 1838 4640 crevit.

272 4681 423 4738 Mater
446 4684 563 4753 ejus
591 4682 784 4736 sterilis
812 4680 907 4736 fuit
939 4699 952 4734 :
987 4679 1172 4733 volens
1206 4678 1400 4731 habere
1429 4678 1591 4730 lilium
1617 4717 1632 4741 ,
1667 4678 1841 4730 oravit

275 4773 332 4827 ad
361 4774 640 4828 Dominum
668 4787 785 4827 cum
811 4772 1003 4842 gemitu
1036 4785 1224 4840 magno
1247 4809 1262 4832 ,
1292 4777 1342 4823 et
1370 4777 1554 4837 petens
1595 4775 1652 4821 ut
1693 4766 1845 4821 daret

274 4864 316 4917 ei
347 4864 482 4919 Deus
530 4863 725 4930 filium,
759 4861 989 4916 ostendit
1016 4860 1134 4929 quia
1179 4874 1280 4912 non
1325 4856 1606 4912 carnaliter
1651 4857 1843 4914 habere

275 4956 467 5021 voluit,
503 4971 656 5026 quem
690 4963 866 5008 natum
897 4953 967 5006 illi
994 4951 1173 5016 dedit,
1207 4952 1293 5020 qui
1333 4964 1451 5004 eum
1493 4963 1611 5003 esse
1656 4949 1839 5002 voluit.

279 5045 424 5102 Vovit
453 5050 594 5104 enim
624 5064 746 5102 cum
774 5046 995 5100 Domino
1028 5044 1136 5098 Deo
1160 5085 1173 5106 ,
1207 5053 1258 5096 et
1277 5043 1350 5095 ait
1375 5083 1388 5107 ,
1419 5040 1478 5094 Si
1505 5040 1626 5092 milii
1650 5056 1844 5092 mascu-

278 5139 346 5194 lus
373 5151 517 5195 natus
545 5141 692 5210 fuerit
717 5182 730 5205 ,
763 5137 947 5208 templo
978 5146 1060 5190 tuo
1090 5136 1302 5189 serviet:
1331 5143 1385 5188 et
1409 5133 1478 5187 ita
1506 5131 1644 5185 fecit.
1679 5130 1843 5185 Natus

279 5247 481 5288 sanctus
506 5233 722 5289 Samuel
771 5232 868 5285 fuit
912 5230 1048 5299 apud
1099 5237 1320 5282 matrem
1369 5235 1608 5294 tempore
1651 5223 1838 5289 laetis;

282 5341 394 5380 mox
421 5337 477 5381 ut
515 5343 636 5380 eum
679 5324 997 5389 ahlactavit,
1044 5320 1190 5376 dedit
1233 5322 1284 5373 in
1333 5317 1585 5385 templum
1614 5356 1629 5378 ,
1674 5322 1731 5368 ut
1773 5313 1841 5369 ibi

279 5429 570 5486 cresceret,
598 5419 666 5473 ibi
699 5418 1036 5471 roboraretur
1059 5417 1078 5446 '
1107 5414 1158 5467 in
1186 5412 1372 5481 spiritu
1396 5450 1412 5476 ,
1439 5409 1508 5464 ibi
1540 5407 1647 5462 Deo
1674 5405 1844 5460 servi-

281 5523 356 5564 ret
385 5530 396 5565 :
427 5511 593 5568 factus
629 5520 710 5566 est
750 5509 998 5564 sacerdos
1034 5521 1255 5576 magnus
1281 5545 1294 5568 ,
1337 5500 1584 5557 sacerdos
1628 5507 1842 5552 sanctus

339 5645 354 5674 ‘
381 5653 475 5694 Am.
499 5651 571 5694 Er.
597 5651 649 5694 et
679 5648 885 5706 quatuor
930 5649 1056 5698 Mss,
1104 5634 1384 5706 exproprutt
1414 5647 1431 5684 :
1464 5631 1609 5706 quod.
1636 5631 1841 5706 verbum

280 5704 368 5752 iam
390 5691 568 5758 iii—ltss.’
585 5691 646 5755 et
673 5691 798 5764 aiunt
824 5715 922 5750 am.
949 5691 1154 5750 occurrit
1170 5691 1315 5748 nobis
1339 5691 1742 5759 suycr'rsalmum
1760 5691 1838 5749 75,

279 5779 308 5814 tt
349 5767 394 5822 5,
417 5781 572 5828 supra,
589 5767 678 5816 col.
703 5766 814 5822 ῦῦι,
837 5765 887 5828 in
911 5772 1009 5812 not.
1041 5767 1075 5810 ι.

343 5830 361 5860 ³
389 5826 567 5891 aliquot
589 5836 715 5888 Mss,
742 5826 1034 5888 pt'olmretur.

1357 374 1750 430 ENAIIRATIO
1783 375 1844 428 ΙΝ
1888 371 2206 432 ρελωιωί
2250 373 2472 430 XCVIII.

3395 377 3528 434 1966

1949 486 2040 540 illo
2071 495 2308 556 tempore
2339 487 2356 558 (
2385 488 2402 542 l
2435 487 2558 560 Reg.
2587 503 2599 541 ι
2625 529 2639 553 ,
2665 496 2758 543 etc.
2785 487 2824 556 ).
2856 488 3250 544 Commemorat
3277 490 3406 544 istos
3427 532 3439 553 ,
3473 500 3526 543 et

1948 593 2041 647 per
2069 579 2198 632 istos
2237 594 2422 634 omnes
2463 592 2675 634 sanems
2717 595 2815 634 nos
2859 581 2970 634 vult
3010 581 3322 651 intelligere.
3352 581 3526 650 Quare

1945 681 2122 726 autem
2154 671 2240 726 hic
2267 671 2383 726 illos
2415 672 2746 726 nominavit?
2785 672 3043 740 Quoniam
3087 671 3322 727 diximus
3368 673 3526 728 Chri-

1946 768 2086 814 stum
2117 761 2202 815 hic
2231 776 2329 816 nos
2369 761 2566 817 dobere
2609 763 2922 832 intelligere.
2966 763 3221 817 Advertat
3261 763 3528 818 Sanctitas

1947 861 2141 905 vestra.
2173 851 2311 905 Dixit
2336 852 2576 921 superius
2601 894 2616 918 ,
2645 851 2882 906 Exaltate
2911 852 3181 907 Dontinum
3222 853 3386 908 Deum
3431 872 3527 908 no-

1945 949 2142 1006 strum,
2192 950 2240 995 et
2291 941 2499 994 adorute
2543 941 2814 996 scabellum
2865 945 3050 1012 pedum
3095 946 3241 1015 ejus,
3289 948 3527 1013 quoniam

1945 1043 2147 1087 sanctus
2175 1042 2248 1088 est
2275 1050 2294 1087 :
2319 1034 2698 1089 commendans
2725 1035 3004 1104 quemdam
3031 1078 3046 1100 ,
3069 1035 3120 1090 id
3142 1045 3225 1092 cst
3248 1037 3526 1092 Dominum

1947 1135 2186 1180 nostrum
2229 1124 2408 1180 Jesum
2451 1124 2761 1190 Christum,
2807 1127 2960 1196 cujus
3001 1127 3288 1181 scabellum
3335 1127 3525 1196 pedatu

1949 1216 2277 1272 adorandum
2304 1225 2385 1272 est
2409 1259 2422 1281 ,
2456 1218 2576 1288 quia
2607 1232 2820 1272 carnem
2849 1221 3137 1287 assumpsit
3164 1257 3178 1282 ,
3226 1218 3277 1271 in
3309 1233 3409 1288 qua
3437 1233 3530 1286 ap-

1949 1317 2155 1378 pareret
2182 1309 2365 1377 generi
2395 1309 2664 1374 Immano;
2697 1317 2750 1363 et
2775 1309 2959 1364 volens
2989 1310 3144 1364 nobis
3170 1310 3452 1365 ostendere
3477 1319 3529 1366 et

1946 1399 2188 1468 antiquos
2221 1408 2397 1467 patres
2425 1399 2594 1469 ipsum
2621 1399 2939 1470 praedicasse
2963 1441 2978 1465 ,
3012 1401 3133 1470 quia
3175 1401 3289 1470 ipse
3327 1410 3411 1456 est
3442 1417 3531 1456 vc-

1947 1505 2036 1543 rus
2060 1488 2309 1544 sacerdos
2332 1490 2584 1544 Dominus
2613 1500 2792 1545 noster
2813 1489 2967 1545 .Iesus
2990 1490 3236 1546 Christus
3257 1534 3271 1557 ,
3295 1505 3530 1548 comme-

1946 1579 2171 1632 moravit
2201 1579 2327 1632 istos
2351 1621 2366 1645 ,
2393 1579 2512 1649 quia
2541 1579 2592 1633 in
2622 1581 2866 1635 columna
2894 1581 3047 1635 nubis
3074 1581 3148 1635 ad
3181 1582 3298 1637 illos
3341 1583 3498 1652 quue

1947 1667 2100 1722 batur
2133 1668 2287 1724 Deus.
2317 1668 2452 1736 Quid
2483 1680 2564 1724 est
2589 1713 2604 1737 ,
2633 1671 2685 1724 in
2709 1670 2946 1726 columna
2972 1672 3114 1725 nubis
3138 1673 3162 1726 Ζ)
3191 1672 3529 1742 Loqncbatur

1947 1773 2041 1828 per
2067 1759 2281 1830 figuras.
2311 1759 2366 1814 Si
2396 1762 2536 1814 enim
2560 1761 2610 1814 in
2634 1761 2859 1832 quadam
2885 1763 3141 1816 nubecula
3171 1765 3485 1834 loquebatur
3510 1783 3524 1829 ;

1947 1851 2168 1905 obscura
2201 1851 2284 1905 illa
2313 1851 2448 1906 dicta
2481 1853 2662 1907 nescio
2688 1868 2846 1922 quem
2880 1854 3214 1908 manifestum
3247 1856 3526 1925 praesignia

1947 1941 2091 1996 bant.
2125 1943 2214 1997 Ille
2237 1952 2409 1998 autem
2437 1945 2613 1998 nescio
2634 1945 2751 2014 quis
2777 1986 2788 2005 .
2810 1946 2918 2014 jam
2944 1959 3046 1999 non
3069 1955 3146 1999 est
3177 1945 3356 1999 nescio
3378 1947 3522 2015 quis;

1945 2033 2066 2103 quia
2096 2037 2261 2088 scitur
2287 2050 2316 2088 a
2346 2035 2499 2090 nobis
2525 2077 2538 2099 ,
2586 2036 2838 2091 Dominus
2871 2045 3053 2091 noster
3077 2037 3234 2092 Iesus
3258 2038 3523 2093 Christus.

1953 2143 1970 2175 ι
2007 2125 2213 2196 Moyses
2262 2137 2315 2181 et
2359 2128 2537 2182 Aaron
2596 2127 2645 2181 in
2697 2129 3062 2182 sacerdotibus
3123 2129 3276 2198 ejus,
3328 2140 3380 2185 ct
3427 2131 3526 2186 Sa—

1948 2214 2089 2268 muel
2162 2217 2211 2268 in
2291 2217 2372 2271 his
2437 2218 2524 2288 qui
2577 2218 2822 2272 invocant
2874 2233 3065 2273 nomen
3115 2219 3248 2288 ejus.
3306 2219 3526 2276 Invoca-

1947 2305 2073 2362 bant
2133 2309 2452 2374 Dominum,
2516 2319 2568 2364 ct
2628 2310 2740 2381 ipsc
2786 2311 3100 2366 exaudiebat
3143 2326 3274 2378 eos;
3326 2313 3377 2369 in
3433 2328 3525 2370 co-

1945 2397 2122 2452 lumna
2171 2398 2324 2454 nubis
2378 2399 2693 2470 loquebatur
2735 2401 2800 2456 ad
2823 2417 2933 2456 eos.
2970 2421 2985 2453 ι
3017 2403 3115 2470 Qui
3144 2403 3313 2472 primo
3341 2405 3524 2475 loque-

1946 2489 2101 2544 batur
2129 2490 2179 2544 in
2223 2491 2466 2544 columna
2512 2491 2700 2560 nubis,
2749 2492 2860 2561 ipse
2907 2493 3059 2548 nobis
3105 2495 3308 2548 loculus
3356 2503 3438 2550 est
3473 2495 3524 2547 in

1945 2583 2178 2638 scabello
2207 2583 2397 2653 pedum
2428 2599 2643 2638 suorum
2671 2599 2685 2648 ;
2719 2583 2768 2638 id
2801 2593 2881 2638 est
2908 2626 2922 2649 ,
2966 2584 3018 2638 in
3068 2594 3204 2638 terra
3254 2594 3525 2655 asxumpta

1945 2687 2106 2726 carne
2131 2714 2144 2738 ,
2175 2673 2313 2728 unde
2341 2673 2626 2728 adoramus
2653 2675 2940 2728 scahellmn
2981 2675 3172 2744 pedum
3209 2675 3326 2746 ejus
3353 2718 3366 2742 ,
3395 2690 3529 2746 quo-

1945 2765 2084 2817 niam
2117 2776 2328 2819 sanctus
2349 2776 2448 2819 est.
2487 2765 2602 2834 Ipse
2627 2765 2693 2820 de
2724 2767 2864 2820 nnbc
2891 2766 3204 2836 loquebatur
3229 2766 3382 2836 quod.
3400 2776 3524 2822 tunc

1944 2873 2049 2910 non
2091 2857 2522 2927 intelligebatur;
2582 2858 2787 2912 loeutus
2832 2867 2914 2912 est
2954 2857 3006 2910 iu
3057 2856 3288 2912 scabello
3329 2857 3520 2927 pedum

1943 2962 2198 3015 suorum,
2230 2959 2283 3004 et
2313 2951 2572 3004 intellecta
2606 2958 2727 3003 sunt
2758 2950 2915 3003 verba
2949 2948 3104 3002 nubis
3133 2949 3266 3018 ejus.
3322 2947 3382 3002 In
3433 2966 3523 3002 co-

1943 3042 2117 3095 lumna
2145 3041 2286 3094 nubis
2312 3041 2600 3110 loquebatur
2624 3041 2690 3094 ad
2711 3057 2812 3094 eos.

2017 3135 2102 3189 ll.
2143 3134 2494 3190 Attendamus
2548 3149 2716 3204 ergo,
2778 3133 3006 3187 fratres:
3063 3131 3235 3186 videte
3287 3147 3421 3202 quos
3471 3143 3525 3186 et

1944 3224 2128 3294 quales
2155 3236 2367 3280 sanctos
2401 3225 2769 3278 nominaverit.
2824 3242 2841 3276 ι
2873 3221 3253 3278 Custodiebant
3280 3222 3523 3276 testimo-

1949 3333 1967 3366 ε
2007 3317 2091 3368 nia
2123 3315 2236 3386 q‘ns
2261 3357 2274 3382 ,
2308 3325 2360 3369 ct
2391 3322 2652 3385 praecepta
2683 3315 2796 3385 ejus
2824 3330 2942 3384 qua:
2965 3313 3111 3367 dedit
3139 3312 3237 3367 eis.
3278 3332 3295 3365 ι
3329 3312 3522 3367 Custo-

1942 3407 2158 3462 diebant
2187 3418 2334 3461 certe
2360 3449 2374 3472 ,
2416 3405 2695 3461 intendite.
2746 3423 2762 3456 t
2797 3403 3178 3459 Custodiebant
3224 3403 3524 3458 testimonia

1949 3516 1966 3549 ι
2004 3496 2118 3566 ejus
2143 3539 2155 3562 ,
2189 3506 2242 3550 et
2273 3506 2532 3566 pra‘ccpta
2560 3497 2675 3564 ejus
2700 3511 2815 3564 qua:
2840 3494 2986 3550 dedit
3011 3493 3107 3550 eis.
3141 3513 3158 3546 ι
3205 3494 3316 3548 lIoc
3354 3495 3477 3548 dicit
3505 3537 3520 3560 ,

1942 3599 1996 3644 et
2025 3589 2203 3658 negari
2230 3604 2332 3642 non
2364 3596 2554 3658 potest.
2583 3587 2793 3642 Nihilne
2820 3585 3084 3641 habebant
3111 3585 3311 3656 peccati
3332 3585 3356 3639 ?
3375 3583 3523 3652 Quo-

1943 3678 2145 3733 modo?
2175 3679 2394 3748 Quando
2433 3676 2805 3733 custodiebant
2846 3685 3110 3747 prazccpta
3152 3676 3267 3746 ejus
3293 3717 3309 3743 ,
3340 3683 3522 3732 custo-

1943 3771 2156 3827 diebant
2189 3772 2488 3826 testimonia
2520 3770 2653 3840 ejus.
2688 3768 2873 3824 Videte
2898 3768 3082 3839 quales
3127 3783 3224 3823 nos
3255 3767 3381 3822 velit
3405 3767 3518 3822 for-

1943 3864 2115 3926 mari,
2171 3879 2236 3917 ne
2281 3863 2430 3932 quasi
2479 3861 2545 3915 de
2593 3859 2822 3930 perfecta
2863 3859 3063 3927 justitia
3115 3873 3516 3926 praesumamus.

1946 3954 2080 4009 Ecce
2111 3953 2319 4024 Moyses
2349 3963 2402 4006 et
2446 3953 2620 4005 Aaron
2665 3951 2714 4002 in
2763 3947 3126 4002 sacerdotibus
3163 3947 3312 4016 ejus,
3347 3956 3400 4000 et
3427 3945 3523 4000 Sa-

1946 4048 2084 4102 muel
2115 4047 2165 4100 in
2194 4046 2276 4100 his
2313 4047 2402 4114 qui
2451 4045 2698 4098 invocant
2739 4054 2931 4094 nomen
2974 4038 3088 4109 ejus
3113 4079 3126 4103 ,
3174 4037 3240 4093 ad
3279 4052 3413 4108 quos
3455 4039 3524 4093 de

1945 4140 2193 4195 columna
2216 4137 2370 4192 nubis
2400 4135 2713 4204 loquebatur
2739 4176 2750 4200 ,
2781 4144 2885 4186 tam
2915 4140 3097 4202 aperte
3124 4131 3241 4186 illos
3267 4131 3522 4187 exaudie-

1945 4232 2072 4299 bat,
2119 4230 2206 4300 qui
2257 4226 2624 4283 custodiebant
2678 4225 2976 4280 tesdmonia
3018 4233 3070 4280 et
3102 4233 3365 4294 prmcepta
3408 4227 3526 4294 ejus

1944 4341 2061 4395 qua:
2089 4321 2235 4378 dedit
2263 4321 2362 4376 eis.
2388 4319 2600 4374 Domine
2623 4361 2637 4385 ,
2667 4318 2832 4388 inquit
2856 4359 2870 4383 ,
2901 4316 3039 4371 Deus
3066 4326 3232 4371 noster
3255 4359 3267 4379 ,
3295 4326 3347 4369 tu
3369 4333 3524 4372 exau-

1945 4417 2062 4472 disti
2090 4430 2209 4478 eos;
2233 4412 2366 4468 Deus
2391 4453 2404 4474 ,
2431 4421 2482 4464 tn
2510 4411 2756 4481 prapitius
2786 4409 2925 4480 fuisti
2954 4408 3076 4461 illis.
3117 4407 3384 4477 Propitius
3422 4423 3524 4464 non

1946 4508 2137 4562 dicitur
2179 4505 2318 4560 Deus
2345 4546 2358 4568 ,
2407 4501 2506 4555 nisi
2557 4501 2785 4570 peccatis
2827 4518 2839 4552 :
2883 4497 3094 4568 quando
3139 4498 3228 4552 dat
3275 4499 3522 4565 veniam,

1947 4608 2072 4653 tunc
2101 4597 2290 4651 dicitur
2322 4592 2598 4663 propitius.
2634 4590 2698 4643 Et
2723 4589 2846 4659 quid
2877 4589 3101 4644 habebat
3146 4590 3205 4644 in.
3234 4589 3524 4658 istisquod

1947 4689 2236 4744 vindicaret.
2261 4727 2274 4748 .
2308 4695 2364 4738 ut
2391 4693 2532 4738 esset
2561 4681 2816 4751 propitius
2857 4679 3217 4750 ignoscendo?
3263 4679 3526 4748 Propitius

1947 4791 2062 4837 erat
2088 4777 2334 4836 donando
2367 4785 2579 4847 peccata
2607 4816 2620 4838 ,
2652 4774 2911 4845 prOpitius
2941 4782 3054 4830 erat
3092 4780 3146 4826 et
3188 4771 3521 4826 vindicando.

1947 4871 2083 4941 Quid
2110 4871 2251 4926 enim
2279 4866 2559 4938 sequitur?
2593 4863 2667 4918 Tu
2694 4865 2940 4935 propitius
2965 4863 3104 4931 fuisti
3130 4861 3232 4914 illis
3253 4902 3266 4924 ,
3293 4871 3338 4915 et
3359 4862 3526 4915 vindi-

1947 4981 2068 5019 cans
2092 4963 2144 5015 in
2165 4976 2333 5014 omnes
2359 4956 2648 5026 affectiones
2679 4971 2868 5008 eorum.
2903 4953 3072 5007 Etiam
3103 4952 3372 5006 vindicans
3401 4966 3521 5021 pro-

1949 5056 2107 5126 pitius
2138 5051 2278 5106 fuisti
2309 5068 2320 5103 :
2364 5064 2466 5104 non
2504 5048 2676 5102 solum
2721 5045 2924 5100 donans
2965 5050 3179 5112 peccata
3205 5084 3219 5108 ,
3251 5041 3344 5096 sed
3371 5043 3527 5097 etiam

1949 5146 2222 5199 vindicans
2247 5141 2504 5213 propitius
2534 5136 2694 5191 fuisti.
2728 5135 2915 5188 Videte
2943 5174 2957 5200 ,
2997 5134 3185 5186 fratres
3223 5133 3328 5187 mei
3353 5173 3366 5198 ,
3404 5133 3529 5202 quid

1950 5238 2036 5292 hic
2091 5231 2518 5294 commendavit;
2576 5226 2852 5280 advertite.
2915 5223 2992 5278 Illi
3052 5225 3189 5278 Deus
3245 5224 3526 5289 irascitur,

1949 5345 2108 5400 queat
2136 5333 2438 5397 peccantem
2472 5335 2574 5374 non
2602 5317 2869 5387 ﬂagellat:
2905 5331 3026 5371 nam
3065 5315 3146 5369 cui
3193 5331 3316 5371 vere
3355 5317 3532 5386 prop].

1950 5426 2054 5478 tius
2083 5429 2163 5476 est
2190 5461 2204 5484 ,
2233 5434 2334 5471 non
2366 5414 2535 5468 solum
2581 5411 2746 5465 donat
2788 5419 3000 5481 peccata
3027 5452 3040 5473 ,
3096 5426 3161 5466 ne
3201 5420 3427 5465 noceant
3465 5410 3530 5463 ad

1949 5518 2179 5570 futurum
2219 5508 2508 5570 sacculum;
2564 5503 2655 5560 sed
2709 5504 2868 5559 etiam
2922 5505 3179 5573 castigat,
3221 5518 3286 5558 ne
3323 5517 3536 5570 semper

1952 5620 2171 5678 peccare
2199 5601 2444 5656 delectet.

2031 5695 2112 5750 t2.
2155 5692 2305 5762 Agite
2331 5731 2345 5756 ,
2383 5686 2612 5751 fratres;
2660 5682 2927 5756 quomodo
2977 5683 3025 5737 in
3070 5682 3170 5736 illis
3212 5680 3532 5739 vindicatum

1949 5800 2030 5847 est
2061 5789 2102 5844 si
2131 5779 2430 5857 quaeramus
2455 5821 2471 5848 ,
2498 5778 2669 5836 aderit
2704 5778 2956 5833 Dominus
2993 5783 3048 5829 ut
3091 5774 3283 5829 dit-am.
3315 5774 3533 5844 Qna'ra-
