4088 6504
527 406 664 463 1267

530 534 649 574 mus
673 518 815 575 enim
851 526 959 571 tres
985 517 1113 570 istas
1134 526 1390 584 personas
1414 554 1429 578 ,
1459 510 1676 582 Moysen
1701 552 1715 575 ,
1743 517 1796 564 et
1822 508 1997 562 Aaron
2023 549 2037 573 ,
2061 514 2116 559 et

528 608 833 665 Samuelem
858 651 873 676 ,
901 614 955 662 et
978 604 1245 676 quomodo
1276 604 1326 657 in
1370 604 1448 658 eis
1490 603 1812 657 vindicatum
1857 603 1926 655 sit
1954 645 1967 667 ,
1993 602 2114 672 quia

534 703 663 756 dixit
691 742 706 767 ,
758 699 1032 754 Vindicans
1076 698 1130 751 in
1165 712 1336 749 omnes
1376 693 1666 761 affet-tiones
1698 711 1866 748 eorum
1892 710 1910 747 :
1940 694 2118 763 utique

532 810 624 848 eas
653 792 961 847 aﬁ‘ectiones
987 791 1170 844 dicens
1199 804 1384 843 eorum
1412 828 1425 852 ,
1454 803 1585 858 quas
1610 788 1869 841 Dominus
1899 796 2120 841 noverat

533 886 585 939 in
624 883 872 939 cordibus
910 883 1119 936 illorum
1146 922 1161 947 ,
1214 897 1344 952 quas
1384 881 1627 935 homines
1679 895 1785 934 non
1838 889 2115 934 noverant.

534 976 743 1030 Etenim
776 972 891 1028 sine
916 972 1129 1042 querela
1163 972 1437 1025 hominum
1463 971 1812 1027 versabantur
1847 971 1897 1025 in
1943 971 2120 1025 tnedio

534 1066 702 1134 plebis
743 1065 858 1119 Dei.
904 1062 1009 1118 Sed
1048 1063 1175 1134 quid
1220 1062 1490 1117 dicimus?
1515 1062 1638 1131 quia
1676 1062 1885 1134 Moyses
1934 1062 2121 1117 habuit

532 1158 758 1226 primam
788 1156 949 1210 vitam
973 1154 1199 1209 fortasse
1225 1154 1615 1223 peccatricem?
1641 1154 1769 1208 Nam
1795 1163 1848 1209 et
1870 1170 2122 1223 percusso

536 1248 752 1303 homine
772 1289 786 1311 ,
822 1246 950 1317 fugit
974 1246 1040 1300 dc
1066 1245 1293 1316 )Egypto
1316 1245 1335 1315 (
1362 1245 1526 1299 Exod.
1553 1261 1589 1299 tt
1615 1246 1717 1306 ,12
1737 1287 1750 1309 ,
1777 1245 1904 1314 15).
1932 1245 2123 1298 llabuit

535 1350 590 1395 et
630 1342 803 1394 Aaron
844 1339 1068 1409 primam
1106 1339 1266 1391 vitam
1306 1354 1423 1409 qua:
1461 1338 1769 1407 displiceret
1805 1340 1935 1393 Deo.
1990 1338 2120 1392 Nam

538 1434 651 1502 ipse
681 1435 962 1491 insanienti
992 1439 1186 1508 populo
1218 1447 1272 1491 et
1298 1436 1491 1491 furenti
1536 1436 1735 1490 idolum
1780 1435 2023 1507 permisit
2070 1446 2126 1492 ut

542 1526 693 1580 iteret
716 1566 730 1590 ,
776 1534 831 1581 et
866 1527 1059 1582 factum
1091 1538 1173 1583 est
1195 1529 1392 1599 populo
1424 1528 1514 1582 Dei
1547 1527 1744 1583 idolum
1777 1527 1917 1598 quod
1945 1527 2125 1582 adora-

540 1625 619 1670 rct
646 1614 772 1688 (Id.
802 1634 951 1672 χχιιι
977 1661 992 1686 ,
1024 1621 1116 1674 1-4
1141 1619 1184 1691 ).
1231 1619 1445 1676 Samuel
1488 1621 1612 1690 quid
1653 1621 1778 1675 fecit
1801 1662 1814 1685 ,
1846 1622 2017 1675 infans
2060 1620 2123 1675 ad

540 1707 795 1776 templum
823 1708 978 1763 datus
1000 1709 1024 1762 ’ἶ
1047 1710 1243 1764 Omnes
1270 1720 1453 1765 mtatcs
1480 1726 1604 1765 snas
1646 1712 1786 1766 inter
1823 1721 2004 1765 sancta
2043 1726 2125 1765 sa-

540 1807 813 1852 cramenta
842 1799 932 1853 Dei
964 1802 1205 1871 peregit,
1241 1802 1307 1856 ab
1334 1803 1552 1857 ineunte
1579 1810 1735 1858 aetate
1756 1802 1983 1858 famulus
2011 1805 2124 1859 Dei.

540 1887 678 1941 Nihil
708 1904 937 1959 unquam
966 1892 1163 1945 dictum
1190 1900 1273 1948 est
1298 1893 1364 1948 de
1387 1892 1637 1948 Samuele
1660 1936 1674 1960 ,
1707 1896 1834 1947 nihil
1862 1896 1927 1948 ab
1956 1894 2132 1949 homi-

546 1977 722 2033 nibus.
749 1978 982 2035 Noverat
1011 1982 1081 2036 ibi
1112 1982 1246 2038 forte
1280 1984 1416 2039 Deus
1442 1985 1641 2055 aliquid
1671 1985 1811 2055 quod
1841 1994 2127 2055 purgaret;

546 2070 666 2138 quia
695 2080 747 2125 et
774 2073 913 2142 quod
949 2074 1237 2142 perfectum
1275 2076 1384 2146 jam
1433 2077 1642 2133 videtur
1686 2078 1989 2133 hominibus
2013 2118 2028 2142 ,
2058 2079 2129 2133 illi

547 2162 858 2229 perfectioni
888 2166 1061 2222 adhuc
1092 2169 1457 2239 imperfectum
1488 2181 1589 2226 est.
1626 2172 1886 2241 Pleraque
1933 2172 2133 2227 faciunt

547 2253 778 2309 artiﬁces
803 2298 817 2322 ,
846 2264 899 2309 et
927 2260 1213 2314 ostendunt
1240 2261 1537 2330 imperitis;
1570 2274 1623 2317 et
1651 2280 1769 2317 etnn
1791 2264 1900 2332 jam
1922 2264 2132 2333 judica-

550 2342 723 2397 verint
754 2344 984 2416 imperiti
1012 2362 1130 2402 esse
1153 2351 1382 2419 perfecta
1411 2395 1425 2417 ,
1458 2353 1731 2421 expoliunt
1754 2354 1841 2409 illa
1864 2355 2095 2409 artiﬁces
2115 2397 2128 2421 ,

550 2434 641 2501 qui
666 2446 931 2491 noverunt
954 2440 1127 2494 adhuc
1152 2442 1275 2509 quid
1308 2444 1405 2496 illis
1436 2445 1576 2499 desit
1604 2488 1618 2511 ,
1656 2455 1711 2499 ut
1749 2447 2010 2500 mirentur
2041 2446 2136 2501 lto-

552 2525 722 2580 mines
769 2536 971 2583 tantam
1020 2533 1404 2601 expolitionem
1450 2537 1608 2591 rebus
1651 2538 1949 2603 accidisse,
2005 2553 2137 2607 quas

545 2616 655 2683 jam
679 2618 939 2686 perfectas
962 2625 1452 2691 pronuntiaverant.
1482 2628 1566 2701 Fit
1587 2628 1687 2684 hoc
1709 2639 1760 2683 et
1786 2630 1837 2683 in
1862 2629 2100 2684 aediﬁciis
2117 2672 2131 2696 ,

550 2715 604 2760 et
633 2708 682 2760 in
712 2711 930 2779 picturis
954 2754 969 2779 ,
998 2716 1126 2768 etin
1154 2718 1389 2772 vestibus
1415 2760 1429 2783 ,
1471 2730 1524 2773 et
1567 2736 1731 2790 prope
1769 2722 1820 2775 in
1858 2722 2003 2775 omni
2046 2737 2139 2791 ge-

557 2813 684 2853 nere
713 2801 925 2856 artium.
961 2804 1140 2859 Primo
1175 2808 1413 2877 judicant
1462 2810 1590 2865 illud
1626 2812 1734 2882 jam
1773 2813 1923 2881 quasi
1966 2813 2139 2882 perfe-

553 2898 697 2943 ctum
726 2905 846 2947 esse
869 2934 884 2960 ,
917 2904 976 2948 ut
1000 2898 1139 2951 oculi
1166 2914 1349 2954 eorum
1376 2903 1606 2971 amplius
1640 2904 1768 2958 nihil
1795 2905 2099 2961 desiderent
2125 2926 2138 2961 :
2172 2930 2181 2944 ι

556 2982 650 3036 sed
680 2984 822 3039 aliud
846 2986 1047 3052 judicat
1070 2992 1255 3046 oculus
1277 2996 1555 3063 imperitus
1578 3036 1593 3062 ,
1622 2997 1988 3066 aliudjudieat
2009 3000 2141 3053 artis

561 3074 764 3145 regula.
792 3076 882 3133 Sic
906 3088 958 3134 et
986 3080 1058 3135 illi
1088 3084 1256 3138 sancti
1279 3087 1628 3142 versabantur
1653 3099 1773 3143 ante
1798 3090 1981 3144 oculos
2006 3090 2099 3144 Dei
2124 3132 2139 3156 ,

559 3177 811 3236 tanquam
862 3171 979 3225 sine
1024 3173 1215 3244 culpa,
1278 3185 1525 3247 tanquam
1578 3179 1838 3249 perfecti,
1892 3191 2141 3252 tanquam

559 3258 733 3325 angeli
765 3278 777 3312 :
808 3270 1030 3318 noverat
1053 3276 1229 3321 autem
1255 3268 1382 3339 quid
1409 3271 1510 3326 illis
1548 3272 1799 3339 deesset,
1843 3275 1932 3345 qui
1972 3274 2145 3329 vindi-

560 3350 715 3404 cabat
744 3352 794 3404 in
826 3369 1015 3411 omnes
1041 3358 1350 3417 affectiones
1380 3380 1587 3420 eorum.
1625 3366 1937 3422 Vindicabat
1966 3378 2142 3423 autem

565 3456 667 3491 non
699 3441 934 3497 irascens
959 3486 973 3512 ,
1004 3449 1097 3502 sed
1126 3453 1391 3521 prepitius
1430 3473 1441 3507 :
1490 3455 1557 3509 ad
1595 3454 1696 3511 hoc
1740 3457 2045 3513 vindicabat
2089 3469 2148 3512 ut

566 3529 847 3597 perﬁceret
873 3548 1108 3606 emptum
1133 3582 1146 3605 ,
1179 3558 1282 3596 non
1314 3553 1369 3597 ut
1393 3545 1672 3601 damnaret
1697 3549 1925 3619 ejectum
1951 3551 1990 3604 ί.
2022 3550 2149 3604 Vin-

564 3621 750 3675 dicans
777 3640 905 3695 ergo
934 3628 985 3681 in
1025 3645 1211 3687 omnes
1244 3633 1550 3690 affectiones
1591 3653 1776 3693 eorum
1822 3650 1937 3694 erat
1986 3641 2146 3695 Deus.

567 3712 846 3776 Quomodo
876 3718 1163 3776 vindicavit
1192 3724 1242 3778 in
1276 3725 1624 3783 Samuclem?
1663 3730 1755 3784 ubi
1795 3740 1878 3786 est
1916 3732 2149 3788 vindicta

569 3804 728 3872 ipsa?
753 3806 865 3863 Hoc
890 3809 1010 3867 dico
1032 3855 1045 3877 ,
1077 3823 1135 3868 ut
1162 3819 1409 3873 noverint
1432 3818 1720 3876 Christiani
1746 3864 1760 3888 ,
1790 3825 1879 3894 qui
1915 3825 2025 3895 jam
2068 3826 2153 3883 hic

569 3910 934 3967 cognoverunt
964 3904 1228 3962 Christum
1254 3951 1268 3974 ,
1298 3910 1362 3964 ad
1385 3927 1519 3981 quos
1543 3915 1687 3968 venit
1719 3916 1769 3969 in
1792 3916 2028 3971 scabello
2056 3932 2152 3987 pe-

568 3988 695 4043 dum
724 4005 941 4048 suorum
967 4038 981 4061 ,
1006 4012 1140 4066 quos
1170 4001 1237 4053 ita
1267 4000 1488 4067 dilexit,
1514 4018 1610 4073 pro
1631 4006 1822 4075 quibus
1844 4008 2152 4079 sanguinem

572 4079 739 4146 t'udit;
783 4087 1027 4141 noverint
1081 4091 1345 4159 quomodo
1401 4098 1690 4163 vapuleut,
1749 4113 1869 4153 cum
1929 4100 2154 4155 multum

572 4171 911 4236 prnfeceriut.
964 4179 1261 4245 Qnmrimus
1301 4185 1582 4239 vindictam
1626 4189 1676 4241 in
1715 4188 1935 4261 Moyse;
1990 4207 2157 4262 prope

572 4262 769 4318 nullam
800 4265 996 4333 habet,
1038 4272 1138 4326 nisi
1168 4275 1307 4344 quod
1339 4277 1404 4329 ad
1435 4288 1732 4334 extremum
1763 4282 1838 4334 ait
1863 4282 1941 4336 illi
1971 4283 2111 4337 Deus
2140 4301 2153 4336 :

574 4350 799 4406 Ascende
830 4357 882 4409 in
922 4370 1175 4427 montem,
1226 4372 1269 4416 et
1315 4382 1522 4418 morere.
1571 4369 1661 4421 Ait
1708 4370 1862 4434 seni,
1919 4370 2161 4425 Morere:

572 4442 680 4512 jam
710 4458 985 4516 peregerat
1012 4460 1193 4507 aetates
1222 4468 1344 4508 suas
1384 4473 1394 4508 :
1450 4458 1705 4527 numquid
1740 4476 2009 4531 nunquam
2045 4471 2161 4518 erat

578 4535 909 4592 moriturus?
938 4540 1121 4608 Qualis
1152 4544 1236 4597 illa
1277 4547 1550 4603 vindicta?
1586 4551 1833 4607 Ostendit
1874 4554 1946 4608 ibi
1991 4556 2162 4611 vindi-

576 4635 714 4680 ctam
744 4641 893 4683 suam
920 4671 935 4697 ,
968 4640 1023 4686 ut
1053 4632 1287 4700 diceret,
1325 4636 1444 4691 Non
1475 4640 1684 4695 intrabis
1724 4642 1777 4697 in
1825 4651 2009 4698 terram
2037 4663 2159 4717 pro-

578 4720 829 4775 missionis
858 4724 875 4792 (
899 4723 1054 4778 Deut.
1084 4743 1225 4782 χχιιι
1254 4772 1266 4793 ,
1293 4732 1378 4796 49,
1411 4733 1479 4787 52
1510 4736 1547 4802 ),
1575 4751 1682 4805 quo
1718 4737 2009 4795 intraturus
2046 4750 2164 4796 erat

580 4814 857 4883 prpnlus?
916 4816 1209 4885 Quamdam
1266 4823 1487 4894 ﬁguram
1541 4830 1893 4897 quorumdam
1942 4833 2162 4904 gerebat

579 4908 804 4981 Moyses.
836 4914 967 4969 Nam
998 4917 1086 4986 qui
1114 4918 1166 4973 in
1194 4935 1415 4990 regnum
1446 4925 1701 4980 caelorum
1742 4927 1996 4995 intravit,
2042 4944 2162 4984 ma-

577 5018 677 5069 gna
708 5003 781 5058 illi
810 5020 963 5074 pmna
993 5020 1107 5064 erat
1133 5010 1198 5064 ad
1229 5021 1422 5067 terram
1458 5016 1603 5070 illam
1647 5031 1751 5072 non
1798 5020 1980 5075 venire
2002 5059 2018 5087 ,
2043 5036 2164 5091 quae

579 5091 645 5144 ad
675 5099 885 5163 tempus
911 5109 1026 5153 erat
1053 5102 1315 5170 promissa
1339 5145 1355 5169 ,
1387 5113 1448 5159 ut
1472 5107 1715 5162 umbram
1760 5108 2069 5165 ostenderet
2108 5118 2167 5165 et

582 5184 873 5239 transiret?
896 5187 1084 5245 Nonne
1114 5194 1268 5247 multi
1296 5195 1483 5265 perﬁdi
1510 5200 1776 5253 intrarunt
1802 5200 1855 5254 in
1878 5201 2020 5255 illam
2051 5210 2162 5257 ter-

582 5288 693 5327 ram
716 5276 742 5329 ?
770 5292 949 5335 nonne
974 5282 1025 5336 in
1051 5284 1136 5338 illa
1167 5296 1306 5342 terra
1338 5290 1578 5346 viventes
1626 5293 1789 5347 multa
1837 5294 1975 5348 mala
2020 5292 2165 5349 fece-

585 5377 707 5422 runt
734 5413 749 5437 ,
778 5382 833 5426 et
879 5375 1041 5429 Detnu
1077 5380 1454 5438 olfenderunt?
1494 5402 1673 5441 nonne
1716 5396 1771 5440 et
1808 5386 2162 5442 idololatriam

581 5464 748 5516 secuti
775 5474 900 5519 sunt
928 5467 979 5520 in
1009 5468 1120 5537 ipsa
1150 5474 1334 5527 terra?
1358 5474 1601 5545 Magnum
1644 5487 1759 5531 erat
1803 5492 1905 5531 non
1949 5477 2165 5533 dedisse

582 5563 778 5608 terram
806 5554 962 5611 istam
988 5559 1195 5631 Moysi?
1226 5562 1334 5618 Sed
1364 5564 1581 5636 Moysen
1606 5568 1767 5621 voluit
1793 5576 2005 5637 gestare
2032 5569 2165 5638 ﬁgu-

581 5659 693 5697 ram
722 5660 906 5702 eorum
934 5652 1022 5720 qui
1067 5653 1168 5707 sub
1204 5655 1347 5725 Lege
1390 5665 1543 5710 erant
1572 5698 1587 5723 ,
1636 5658 1758 5727 quia
1810 5674 1903 5728 per
1947 5659 2163 5730 Moysen

581 5735 701 5789 data
728 5746 810 5791 est
841 5739 949 5797 Lex
975 5764 986 5797 :
1017 5757 1069 5802 et
1098 5747 1331 5803 ostendit
1364 5762 1457 5803 cos
1486 5749 1574 5818 qui
1604 5750 1702 5804 sub
1732 5750 1866 5820 Lege
1900 5764 2017 5805 esse
2056 5750 2166 5805 vel.

637 5852 648 5875 ⁸
681 5853 793 5909 ⁸⁸3·
824 5857 925 5917 Μδοι
958 5866 1175 5915 electum.

1765 396 1821 449 S.
1866 390 2233 450 AUGUSTINI
2273 393 2571 452 EPlSCOPl

3711 400 3837 455 1268

2226 510 2373 573 lent,
2402 521 2455 565 et
2483 512 2773 592 suli‘gratia
2825 528 2943 569 esse
2988 515 3229 580 nollent,
3280 529 3401 569 non
3450 513 3749 569 intraturos
3790 516 3837 571 in

2224 611 2420 657 terram
2477 606 2866 672 promissionis.
2906 608 3048 678 Ergo
3104 607 3234 663 illud
3278 606 3439 677 quod
3502 607 3710 660 dictum
3764 620 3842 664 est

2222 692 2386 763 Moysi
2413 737 2428 761 ,
2453 693 2617 763 ﬁgura
2641 705 2753 750 erat
2779 737 2795 763 ,
2817 712 2930 751 non.
2951 713 3126 767 paena.
3153 698 3291 755 Seni
3318 711 3479 752 mors
3502 711 3629 767 Quae
3655 702 3840 767 paena?

2224 783 2339 839 Non
2370 785 2571 840 intrare
2596 788 2647 840 in
2675 788 2817 842 illam
2852 797 3048 843 terram
3075 805 3192 859 qua:
3222 804 3401 860 pmna
3430 830 3446 851 ,
3476 804 3591 857 quo
3619 790 3842 844 intrave-

2226 886 2351 931 runt
2390 877 2634 948 indigni?
2673 878 2747 933 De
2788 881 2964 934 Aaron
3024 890 3199 935 autem
3263 880 3405 949 quid
3456 879 3667 934 dictum
3725 883 3843 937 est?

2228 968 2465 1023 Mortuus
2492 978 2575 1025 est
2603 980 2655 1025 et
2683 972 2795 1040 ipse
2825 987 2984 1026 senex
3010 1013 3025 1038 ,
3056 972 3145 1025 ﬁlii
3174 971 3262 1026 sui
3297 980 3699 1025 successerunt
3723 973 3769 1025 ei
3796 974 3843 1026 iu

2228 1060 2566 1127 sacerdotio;
2620 1061 2760 1115 ﬁlius
2796 1062 2912 1130 ejus
2950 1072 3129 1131 postea
3178 1061 3577 1117 sacerdotium
3621 1061 3843 1116 admini-

2229 1151 2416 1205 stravit
2448 1151 2466 1223 (
2490 1151 2650 1205 Num.
2686 1169 2759 1206 xx
2788 1195 2802 1219 ,
2824 1153 2992 1208 24-28
3016 1170 3030 1217 ;
3059 1163 3103 1207 et
3129 1169 3308 1208 xxxm
3336 1194 3354 1218 ,
3386 1152 3505 1224 '58)
3538 1172 3553 1209 :
3584 1154 3846 1222 quomodo

2230 1254 2279 1297 et
2310 1245 2359 1296 in
2389 1245 2544 1297 istum
2576 1245 2906 1299 vindicavit?
2932 1244 3148 1301 Samuel
3178 1255 3233 1300 et
3261 1246 3392 1315 ipse
3424 1252 3655 1300 sanctus
3692 1260 3845 1301 senex

2232 1345 2471 1392 mortuus
2501 1347 2583 1392 est
2608 1380 2622 1400 .
2655 1339 2854 1392 relictis
2886 1339 3007 1393 ﬁliis
3033 1338 3461 1393 successoribus
3487 1338 3605 1395 suis
3637 1338 3656 1407 (
3679 1338 3696 1391 ι
3725 1338 3843 1409 Reg.

2232 1445 2322 1483 vnt
2348 1470 2362 1492 ,
2393 1429 2417 1482 l
2449 1446 2464 1495 ;
2494 1439 2539 1483 et
2565 1446 2693 1492 xxv,
2730 1430 2753 1485 1
2783 1431 2822 1502 ).
2856 1430 2990 1498 Quid
3024 1439 3107 1484 est
3144 1430 3294 1500 quod
3346 1430 3407 1484 in
3455 1430 3584 1485 illos
3621 1428 3845 1485 vindica-

2234 1531 2343 1575 tum
2369 1529 2452 1576 est
2482 1537 2664 1591 quaero
2693 1565 2705 1586 ,
2737 1532 2791 1577 et
2820 1522 3111 1577 secundum
3140 1521 3405 1576 homines
3436 1536 3553 1575 non
3596 1521 3806 1577 invenio
3831 1540 3841 1573 :

2234 1613 2524 1668 secundum
2553 1623 2729 1667 autem
2761 1614 2900 1683 quod
2934 1614 3045 1667 scin
3078 1614 3179 1682 pati
3212 1628 3420 1667 servos
3448 1612 3545 1666 Dei
3577 1655 3590 1676 ,
3620 1611 3845 1681 quotidie

2238 1706 2287 1759 iu
2318 1705 2441 1760 illos
2467 1705 2858 1759 vindicabatur.
2889 1706 3071 1775 Legite
3096 1749 3109 1769 ,
3137 1715 3192 1761 et
3230 1705 3427 1760 videte
3472 1705 3740 1760 vindictas
3763 1748 3776 1772 ,
3798 1717 3843 1761 et

2236 1799 2326 1868 qui
2352 1797 2611 1867 proﬁcitis
2658 1800 2787 1853 ferte
2826 1799 3101 1854 vindictas.
3150 1798 3418 1867 Quotidie
3450 1800 3468 1831 ¹
3520 1798 3845 1868 patiebantur

2239 1890 2459 1959 populos
2486 1890 2910 1945 contradicentes
2934 1933 2948 1956 ,
2994 1890 3229 1959 quotidie
3273 1891 3638 1962 patiebantur
3675 1891 3840 1960 inique

2240 1984 2475 2039 viventes
2503 2000 2517 2048 ;
2547 1993 2601 2038 et
2643 1984 2779 2037 inter
2828 1984 2944 2038 illos
2979 1982 3162 2038 vivere
3198 1983 3554 2053 cogebantur
3583 2024 3598 2047 ,
3632 1998 3840 2051 quorum

2242 2078 2405 2131 vitam
2450 2075 2685 2146 quotidie
2732 2076 3212 2144 reprehendebant.
3258 2076 3398 2130 Haec
3441 2085 3564 2129 erat
3602 2075 3838 2129 vindicta.

2239 2169 2483 2224 Nondum
2513 2168 2758 2237 proﬁcit,
2791 2168 2873 2221 cui
2905 2182 3061 2237 parva
3093 2176 3194 2222 est.
3227 2166 3477 2222 Tantum
3505 2178 3557 2220 te
3579 2168 3720 2221 enim
3748 2174 3843 2220 tor-

2240 2270 2368 2330 quet
2421 2260 2675 2330 injustitia
2725 2261 2939 2327 aliena,
2980 2269 3237 2329 quantum
3295 2258 3609 2314 recesseris
3663 2273 3692 2311 a
3745 2266 3836 2311 tua.

2240 2352 2373 2407 Cum
2403 2352 2546 2407 enim
2578 2351 2743 2407 fueris
2776 2351 3095 2405 frumentum
3120 2392 3133 2415 ,
3170 2350 3220 2403 id
3265 2360 3356 2404 est
3383 2349 3559 2404 herba
3610 2350 3742 2402 bona
3782 2348 3841 2404 de

2242 2446 2445 2500 semine
2489 2444 2670 2511 bono,
2731 2445 2868 2498 ﬁlius
2920 2444 3108 2513 regni,
3164 2459 3289 2497 cum
3336 2444 3584 2512 cmperis
3631 2442 3837 2497 fructum

2242 2536 2373 2592 dare
2398 2579 2411 2603 ,
2441 2544 2568 2591 tunc
2598 2535 2690 2590 tibi
2722 2536 3055 2604 apparebunt
3084 2536 3286 2589 zizania
3318 2554 3331 2590 :
3362 2552 3485 2588 cum
3510 2534 3654 2589 enim
3678 2536 3840 2589 crevis-

2244 2638 2316 2682 set
2343 2629 2494 2682 herba
2520 2671 2534 2693 ,
2564 2639 2608 2682 et
2649 2629 2871 2697 fructum
2900 2630 3130 2699 fecisset,
3163 2640 3285 2682 tunc
3323 2639 3687 2700 apparuerunt
3720 2631 3837 2681 ziza-

2246 2721 2351 2773 nia.
2386 2721 2516 2774 Cum
2545 2720 2803 2789 cmperint
2832 2734 3092 2789 apparere
3114 2720 3320 2773 zizania
3352 2762 3367 2785 ,
3399 2719 3615 2773 vidi-bis
3644 2728 3693 2772 te
3718 2718 3837 2772 inter

2248 2808 2618 2883 ιηειιοθνειιθ
2644 2809 2808 2866 habes
2836 2812 2985 2880 quasi
3025 2825 3276 2879 separare
3310 2825 3340 2863 a
3375 2820 3429 2864 te
3456 2811 3628 2864 malos
3647 2851 3660 2875 ,
3690 2818 3739 2864 et
3759 2823 3834 2863 se-

2249 2917 2437 2972 parare
2475 2901 2542 2956 ab
2582 2901 2821 2957 Ecclesia
2866 2916 3055 2957 omnes
3101 2902 3315 2968 malos;
3366 2901 3719 2973 respondebit
3756 2900 3834 2954 tibi

2248 2995 2455 3050 Domini
2484 2996 2748 3051 sententia
2791 3013 2805 3049 :
2852 2995 3016 3050 Sinite
3052 3005 3263 3065 utraque
3303 3012 3541 3051 crescere
3589 3012 3736 3064 usque
3774 2994 3832 3047 ad

2250 3102 2456 3141 messem
2481 3124 2495 3150 ,
2524 3103 2585 3140 ne
2605 3086 2735 3154 forte
2754 3103 2867 3140 cum
2888 3088 3035 3141 vultis
3060 3088 3324 3141 eradicare
3343 3087 3553 3142 zizania
3574 3130 3589 3153 ,
3626 3087 3834 3141 eradice-

2251 3177 2314 3230 tis
2332 3176 2483 3230 simul
2504 3186 2549 3229 et
2571 3178 2792 3230 triticum
2821 3179 2837 3246 (
2865 3176 3048 3231 Matth.
3080 3194 3175 3231 xtu
3198 3218 3212 3243 ,
3239 3178 3420 3234 96-29
3442 3179 3488 3248 ).
3530 3179 3604 3235 Ex
3643 3186 3831 3231 senten-

2252 3271 2323 3325 tia
2348 3270 2556 3324 Domini
2584 3284 2804 3325 necesse
2827 3271 2929 3325 erit
2948 3286 3167 3341 parcere
3192 3270 3421 3326 zizaniis
3447 3313 3463 3337 ,
3497 3287 3565 3328 ex
3590 3269 3833 3326 conditio-

2252 3378 2320 3417 ne
2348 3362 2488 3417 servi
2519 3376 2737 3418 necesse
2760 3362 2862 3416 erit
2889 3362 3068 3415 vivere
3113 3362 3254 3418 inter
3296 3363 3510 3416 zizania
3542 3380 3555 3416 :
3607 3374 3831 3431 separare

2253 3468 2315 3507 ea
2342 3468 2447 3507 non
2478 3462 2630 3522 potes
2654 3494 2668 3516 ,
2701 3453 2936 3507 tolerare
2967 3452 3058 3507 tibi
3084 3468 3308 3510 necesse
3331 3463 3440 3510 est.
3470 3453 3603 3511 Vide
3631 3462 3832 3524 quantas

2254 3544 2436 3615 plagas
2465 3545 2517 3598 in
2543 3543 2705 3599 corde
2744 3545 2960 3613 patiaris
2988 3586 3003 3610 ,
3049 3545 3139 3616 qui
3184 3560 3423 3615 corpore
3470 3547 3679 3616 integro
3714 3545 3829 3598 inter

2260 3641 2430 3695 malos
2460 3641 2712 3696 versaris.
2763 3639 3064 3694 Probabilis
3108 3640 3439 3711 quicumque
3486 3637 3826 3711 proieceritis,

2257 3732 2496 3802 probatis
2545 3732 2633 3800 qui
2677 3731 2785 3798 jam
2840 3729 3159 3799 profecistis.
3212 3730 3519 3788 Toleranda
3567 3739 3685 3785 sunt
3722 3741 3827 3798 ergo

2260 3824 2360 3879 ista
2384 3840 2397 3888 ;
2430 3832 2483 3877 et
2510 3822 2647 3878 forte
2674 3823 2773 3875 hoc
2801 3822 3030 3891 pertinet
3056 3821 3121 3875 ad
3147 3821 3271 3875 illud
3299 3839 3312 3875 :
3372 3822 3567 3877 Servus
3604 3822 3685 3887 qui
3714 3817 3827 3871 norit

2258 3917 2562 3969 voluntatem
2584 3915 2775 3969 domini
2794 3915 2872 3968 sui
2895 3953 2910 3979 ,
2933 3923 2979 3968 et
3009 3930 3109 3966 non
3132 3916 3151 3944 ²
3175 3915 3295 3983 facit
3327 3915 3490 3985 digna
3510 3954 3523 3977 ,
3565 3911 3719 3982 plagis
3754 3923 3825 3961 tta-

2262 4007 2455 4077 pulabit
2480 4006 2650 4059 multis
2680 4004 2698 4077 (
2724 4004 2851 4058 Luc.
2897 4020 2967 4061 xu
2993 4046 3008 4070 ,
3059 4005 3126 4057 47
3151 4045 3166 4068 ,
3207 4004 3275 4058 48
3298 4004 3341 4075 ).
3388 4005 3445 4059 In
3492 4002 3669 4057 multis
3704 3998 3824 4053 enim

2262 4105 2515 4167 quantum
2548 4096 2701 4151 nobis
2732 4097 3020 4151 innotescit
3052 4096 3290 4150 voluntas
3322 4096 3417 4151 Dei
3444 4138 3459 4162 ,
3487 4094 3642 4150 etiam
3672 4096 3817 4146 reatu!

2264 4196 2447 4242 noster
2475 4188 2757 4241 iunotescit
2787 4189 2941 4242 nobis
2965 4205 2979 4253 ;
3006 4198 3057 4241 et
3082 4198 3278 4256 quanto
3319 4187 3415 4244 ille
3456 4185 3608 4242 nobis
3644 4185 3821 4237 innate

2263 4280 2403 4347 scit,
2437 4288 2586 4334 tanto
2614 4280 2732 4348 plus
2762 4281 2899 4357 imus
2927 4281 2977 4333 in
3009 4278 3165 4333 ﬁctus
3195 4289 3250 4334 et
3276 4280 3564 4351 lacrymas.
3601 4276 3820 4331 Videmus

2266 4372 2407 4425 enim
2433 4385 2591 4439 quam
2624 4369 2913 4440 sitjustum
2959 4370 3100 4438 quod
3143 4369 3207 4424 de
3251 4371 3408 4424 nobis
3450 4370 3625 4439 exigat
3667 4365 3817 4425 Deus,

2265 4465 2317 4521 in
2365 4472 2561 4533 quanta
2600 4461 2772 4517 adhuc
2815 4462 3213 4531 imperfectione
3240 4462 3558 4530 jaceamus;
3601 4466 3652 4513 et
3684 4455 3736 4513 ﬁt
3773 4451 3816 4509 in

2268 4554 2421 4610 nobis
2448 4552 2589 4623 quod
2618 4552 2816 4608 dictum
2845 4563 2926 4607 est
2960 4571 2972 4605 :
3008 4552 3108 4619 Qui
3129 4555 3337 4625 apponit
3356 4552 3614 4609 scientiam
3637 4588 3651 4613 ,
3676 4560 3813 4617 appa-

2269 4645 2340 4697 nit
2368 4643 2593 4697 dolorem
2620 4642 2637 4711 (
2671 4642 2834 4696 Eccte.
2866 4659 2881 4696 ι
2908 4684 2920 4706 ,
2952 4642 3083 4713 18).
3123 4644 3259 4699 Ecce
3301 4642 3535 4699 abundet
3563 4640 3612 4694 in
3643 4646 3689 4692 te
3712 4633 3813 4688 cha-

2269 4736 2397 4791 ritas
2422 4775 2435 4798 ,
2479 4735 2597 4803 plus
2626 4734 2828 4788 dolebis
2860 4744 3188 4805 peccantem.
3232 4734 3445 4803 Quanto
3486 4734 3539 4788 itt
3588 4739 3636 4785 te
3670 4724 3812 4793 11³³]οτ

2269 4827 2502 4881 charitas
2531 4835 2612 4881 est
2635 4868 2651 4893 ,
2684 4835 2829 4883 tanto
2853 4828 3078 4896 amplius
3116 4837 3167 4884 te
3213 4828 3480 4898 torquebit
3517 4837 3665 4895 quem
3703 4816 3816 4872 tole-

2270 4935 2355 4973 ras
2387 4938 2399 4973 :
2431 4934 2534 4973 non
2569 4918 2837 4988 torquebit
2866 4927 3113 4988 tanquam
3146 4918 3461 4974 irascentem
3482 4916 3554 4973 illi
3578 4957 3591 4981 ,
3615 4909 3698 4967 sed
3722 4916 3815 4961 tant

2268 5026 2426 5080 quam
2451 5010 2721 5065 dolentem
2748 5023 2844 5079 pro
2870 5009 2979 5063 illo.

2342 5102 2429 5157 15.
2475 5101 2605 5157 Vide
2624 5101 2844 5157 Paulum
2863 5100 3180 5170 apostolum.
3200 5100 3326 5170 quid
3348 5098 3655 5170 patiebatur;
3677 5081 3804 5141 vide‘

2269 5195 2388 5265 quis
2415 5194 2539 5264 quid
2573 5194 2907 5262 patiebatur:
2938 5191 3133 5246 Prwter
3163 5192 3275 5258 illa,
3312 5192 3491 5261 inquit,
3524 5200 3628 5256 qua:
3647 5177 3805 5236 extriti-

2269 5304 2409 5343 secus
2432 5297 2548 5342 sunt
2575 5288 2729 5357 (dixit
2752 5288 2893 5341 enim
2920 5286 3080 5341 multa
3117 5302 3236 5354 qum
3266 5284 3571 5356 patiebatur,
3600 5286 3647 5328 rt
3669 5267 3800 5335 «silil

2270 5382 2450 5437 dicere
2494 5381 2767 5446 interiora,
2798 5388 2991 5449 praeter
3021 5378 3108 5432 illa
3148 5393 3268 5447 quae
3303 5377 3618 5433 extrinsecus
3656 5365 3795 5419 erant,

2298 5618 2307 5625 .
2332 5558 2361 5625 _‘_
2378 5558 2449 5605 Sic
2471 5562 2577 5603 Mss.
2606 5562 2659 5603 At
2682 5556 2811 5614 de.,
2838 5553 2923 5603 sed
2948 5553 3030 5615 qui
3046 5551 3294 5617 proﬁcitis.
3325 5559 3457 5602 Forte
3479 5542 3689 5597 vindictas
3702 5544 3792 5596 ιιιιο·

2588 5686 2665 5727 us.
2686 5676 3106 5741 caretﬂparticula,
3129 5687 3269 5741 non;
3290 5675 3378 5741 sed
3411 5683 3515 5741 eam

2273 5726 2591 5798 caeterirhili’ri,
2617 5726 2761 5789 etiam
2780 5726 2932 5798 editi;
2964 5726 3164 5801 jamque
3186 5737 3291 5786 aliis
3336 5737 3448 5786 locis
3489 5726 3682 5780 eamdem
3701 5728 3791 5765 seni

2275 5805 2475 5851 tentiam
2498 5804 2560 5852 ita
2580 5803 2718 5851 nobis
2741 5801 3070 5850 exhibuerunt
3094 5808 3198 5847 Mss.

2342 5868 2361 5895 ³
2383 5869 2453 5915 sic
2478 5873 2573 5929 Reg
2619 5873 2695 5911 ns.
2726 5871 2781 5913 At
2802 5860 2931 5922 cdd,
2960 5860 3091 5912 vidit.
