4088 6438
262 320 390 376 1269

267 447 379 503 qua
402 433 713 501 patiebatur
738 446 766 486 a
789 433 940 487 malis
969 436 1392 503 persecutoribus
1421 436 1660 502 Clll'isll),
1686 439 1857 490 incur-

264 540 350 576 sus
376 522 432 576 in
460 538 545 576 me
572 523 911 591 quotidianus,
934 524 1218 578 sollicitudo
1247 527 1468 579 omnium
1498 524 1857 583 Ecclesiarum.

270 614 336 668 Et
360 614 482 668 vide
518 614 693 684 qualis
732 615 1050 679 sollicitudo,
1085 631 1242 685 quam
1277 628 1514 685 paterna,
1554 634 1709 688 quam
1751 634 1861 672 ma-

270 714 451 769 terna;
485 704 663 758 videte
681 705 948 774 quomodo
972 706 1278 762 caedebatur
1299 751 1311 771 ,
1341 717 1396 761 ut
1423 707 1776 763 vindicaretur
1809 710 1858 763 in

269 811 456 850 omnes
486 796 800 852 affectiones
839 798 956 867 ejus
984 816 996 851 :
1022 798 1262 853 dicemus
1307 810 1361 855 et
1388 800 1696 856 affectiones
1724 802 1857 871 ejus.

270 886 322 941 in
361 900 500 955 quas
530 887 837 942 vindicabat
880 889 1039 943 Deus.
1068 890 1192 957 Quis
1230 892 1538 961 inﬁrmatur,
1587 894 1775 963 inquit,
1817 902 1862 947 et

270 992 367 1028 non
394 992 489 1045 ego
519 977 796 1046 inﬁrmor?
833 981 943 1048 quis
972 980 1366 1046 scandalizatur,
1417 991 1463 1036 et
1498 1000 1587 1053 ego
1617 1000 1714 1038 non
1744 1002 1864 1040 uror

270 1064 481 1137 (llCor.
515 1083 597 1133 ιι,
641 1068 731 1130 28,
769 1067 900 1141 29)?
944 1071 1154 1137 Quanto
1201 1073 1370 1142 major
1408 1073 1659 1142 charitas,
1716 1084 1862 1130 tanto

269 1160 503 1227 majores
530 1160 699 1229 plagae
728 1160 796 1214 de
824 1162 1050 1230 peccatis
1090 1163 1296 1218 alienis.
1328 1165 1621 1235 Acceperat
1649 1167 1862 1236 quidem

270 1248 358 1303 ille
386 1257 442 1303 et
461 1250 742 1303 stimulum
774 1252 969 1317 carnis,
998 1254 1243 1322 angelum
1281 1263 1501 1319 satanre,
1525 1270 1554 1309 a
1584 1271 1688 1325 quo
1714 1257 1858 1311 cola~

272 1341 599 1412 phizaretur.
630 1342 774 1397 Ecce
796 1345 1063 1413 quomodo
1082 1347 1339 1415 propitius
1366 1360 1479 1402 erat
1507 1348 1664 1413 Deus,
1694 1347 1864 1403 vindi-

268 1446 397 1485 cans
422 1433 475 1485 in
513 1448 709 1488 omnes
740 1433 1050 1490 affectiones
1077 1436 1213 1506 ejus.
1246 1437 1373 1505 Quzc
1404 1448 1529 1493 sunt
1558 1439 1865 1495 affectiones

273 1524 323 1576 in
348 1537 481 1592 quas
518 1523 604 1579 sic
638 1524 975 1581 vindicabat?
1012 1528 1131 1596 Ipse
1157 1531 1424 1598 exposuit,
1463 1530 1574 1599 ipse
1600 1532 1768 1587 dixit:
1801 1530 1865 1586 In

273 1613 647 1683 magnitudine,
677 1614 866 1685 inquit,
897 1617 1256 1672 revelationum
1282 1636 1345 1673 ne
1363 1623 1595 1687 extollar,
1622 1622 1769 1675 datus
1797 1635 1865 1678 est

277 1705 391 1757 mihi
409 1705 656 1760 stimulus
683 1708 851 1761 carnis
875 1723 1019 1773 meae,
1048 1708 1256 1780 angelus
1282 1720 1494 1776 satame,
1523 1713 1606 1782 qui
1635 1728 1713 1765 me
1730 1713 1868 1766 cola-

280 1798 453 1865 phizet.
479 1797 621 1852 Tam
654 1799 920 1868 perfectus
951 1808 1087 1866 erat,
1118 1810 1177 1856 ut
1204 1810 1379 1856 tamen
1410 1802 1700 1857 timendum
1727 1814 1869 1858 esset

272 1907 337 1946 ne
373 1892 732 1948 extolleretur
756 1912 768 1947 :
799 1909 917 1947 nam
954 1909 1060 1948 non
1086 1905 1309 1965 poneret
1338 1896 1480 1950 Deus
1507 1896 1867 1951 medicamen-

274 1990 400 2045 tum,
439 1982 528 2035 ubi
565 1983 765 2038 vulnus
807 1999 912 2038 non
942 1993 1104 2039 esset.
1131 1985 1197 2039 Et
1240 1987 1443 2056 rogavit
1471 1996 1527 2041 ut
1556 1988 1863 2053 tolleretur;

271 2087 407 2141 aeger
434 2073 526 2128 ille
551 2074 770 2143 rogavit
797 2083 854 2129 ut
877 2073 1180 2130 auferretur
1209 2076 1651 2132 medicamentum
1684 2096 1696 2130 :
1733 2077 1863 2130 Pro-

276 2171 380 2229 pter
402 2162 541 2229 quod
580 2173 653 2217 ter
674 2163 945 2219 Dominum
973 2165 1164 2235 rogaui,
1198 2167 1387 2235 inquit,
1419 2175 1471 2219 ut
1500 2170 1722 2237 auferret
1756 2184 1869 2221 eum

273 2266 303 2306 α
329 2269 425 2320 me,
463 2253 516 2308 id
546 2266 662 2320 est,
709 2255 979 2310 stimulum
1017 2258 1193 2311 carnis
1218 2273 1245 2310 a
1277 2273 1381 2328 quo
1416 2258 1865 2328 colaphizabatur,

272 2344 495 2415 aiiQuem
526 2346 675 2402 forte
693 2348 932 2403 dolorem
961 2351 1199 2419 corporis
1227 2369 1238 2403 :
1262 2353 1454 2422 rogavi,
1489 2353 1673 2422 inquit,
1703 2363 1755 2407 ut
1777 2371 1871 2407 au-

279 2439 420 2509 ferret
445 2455 573 2492 eum
597 2456 629 2492 a
655 2456 767 2507 me;
796 2450 840 2493 et
870 2442 998 2495 dixit
1026 2442 1164 2505 mihi,
1202 2441 1398 2513 Sujﬁcit
1427 2444 1514 2498 tibi
1533 2446 1696 2514 gratia
1722 2463 1869 2511 mea;

278 2548 391 2585 nam
441 2533 613 2587 virtus
667 2533 718 2587 in
769 2533 1063 2602 inﬁrmitate
1119 2536 1373 2604 perﬁcitur
1414 2535 1524 2607 (Id.
1570 2553 1678 2602 xu,
1724 2539 1755 2590 7
1789 2539 1866 2608 9).

279 2621 384 2692 Ego
408 2623 531 2677 novi
562 2637 725 2692 quem
746 2638 907 2689 curo;
940 2640 1044 2678 non
1073 2624 1203 2677 mihi
1226 2626 1316 2679 det
1334 2628 1420 2694 qui
1445 2635 1663 2695 aegrotat
1692 2629 1865 2681 consi»

284 2713 420 2766 lium.
450 2713 741 2783 Tanquam
757 2715 1103 2783 emplastrum
1125 2716 1347 2770 mordax
1375 2717 1477 2770 urit
1509 2726 1576 2781 te,
1606 2717 1699 2771 sed
1722 2727 1873 2771 sanat

284 2804 535 2874 te.Rogat
577 2805 841 2860 medicum
870 2814 926 2860 ut
967 2806 1117 2861 tollat
1154 2808 1536 2877 emplastrum;
1567 2819 1620 2863 et
1647 2826 1749 2864 non
1781 2811 1874 2863 tol-

286 2898 356 2963 lit,
384 2898 484 2951 nisi
528 2912 663 2953 cum
707 2896 865 2952 fuerit
907 2907 1147 2953 sanatum
1177 2915 1282 2969 quo
1310 2909 1576 2969 posuerat.
1627 2901 1793 2956 Virtus
1820 2904 1873 2956 in

287 2989 584 3057 inﬁrmitate
626 2990 909 3059 perﬁcitur.
966 2990 1141 3061 Ergo,
1189 2990 1400 3059 fratres,
1454 2994 1773 3063 quicumque
1821 2995 1871 3048 in

288 3078 489 3136 Christo
532 3082 872 3150 proﬁcimus,
912 3096 1021 3136 non
1066 3096 1165 3137 nos
1213 3092 1458 3153 putemus
1510 3085 1625 3139 sine
1664 3085 1874 3156 flagello

291 3173 521 3229 futuros:
566 3173 689 3242 quia
739 3174 1127 3244 quantumlibet
1171 3176 1528 3245 proﬁciamus,
1575 3179 1722 3233 novit
1765 3180 1875 3249 ipse

288 3273 496 3332 peccata
528 3273 751 3331 nostra;
790 3265 1073 3335 aliquando
1115 3276 1170 3320 et
1215 3268 1368 3322 nobis
1406 3268 1642 3323 ostendit
1686 3271 1792 3336 illa,
1823 3281 1877 3326 et

292 3354 522 3409 videmus
571 3362 626 3411 et
675 3369 771 3410 nos
814 3366 1025 3424 peccata
1075 3367 1274 3412 nostra.
1312 3358 1380 3412 Et
1415 3373 1535 3413 cum
1573 3360 1713 3413 inter
1747 3363 1878 3416 tales

294 3442 529 3500 homines
568 3446 765 3499 versari
793 3447 1131 3515 coeperimus,
1174 3458 1229 3501 ut
1250 3449 1359 3516 jam
1403 3448 1645 3504 homines
1670 3451 1794 3519 quid
1826 3451 1875 3505 in

296 3534 439 3588 uobis
483 3534 894 3604 reprehendant
930 3551 1035 3591 non
1079 3539 1383 3603 inveniant;
1412 3541 1760 3609 reprehendit
1790 3542 1879 3596 ille

297 3624 459 3680 adhuc
487 3626 584 3695 qui
610 3626 788 3680 omnia
820 3627 985 3693 novit,
1016 3636 1070 3682 et
1094 3627 1329 3683 vindicat
1352 3630 1406 3683 in
1432 3644 1618 3684 omnes
1645 3629 1881 3684 affectio-

299 3729 408 3779 nes,
437 3718 565 3785 quia
597 3716 957 3785 propitiusest
978 3717 1152 3772 nobis.
1177 3717 1309 3772 Nam
1330 3719 1377 3773 si
1411 3734 1513 3773 non
1545 3720 1795 3784 vindicet,
1828 3731 1883 3776 et

300 3806 528 3875 deserat,
562 3808 816 3877 perimus.
845 3808 1004 3877 Deus,
1036 3819 1088 3863 tu
1113 3811 1362 3881 propitius
1380 3813 1521 3881 fuisti
1550 3813 1672 3877 illis,
1702 3824 1747 3866 et
1768 3815 1881 3867 viu-

304 3899 469 3955 dicans
497 3902 556 3954 in
576 3917 745 3955 omnes
772 3901 1059 3968 alfectiones
1088 3919 1280 3957 eorum.

377 3995 462 4047 η.
500 3992 653 4066 [verm
696 3993 773 4066 9.]
816 3994 1051 4049 Exaltate
1104 3994 1374 4049 Dominum
1419 3995 1581 4049 Deum
1632 4007 1880 4050 nostrum.

312 4082 497 4138 lterum
520 4088 812 4140 exultamus
838 4086 984 4140 illum
1017 4105 1029 4140 :
1064 4087 1150 4155 qui
1182 4086 1350 4140 bonus
1377 4098 1459 4141 est
1482 4097 1536 4141 et
1559 4103 1678 4141 cum
1706 4087 1824 4142 ferit
1844 4092 1880 4153 ³,

309 4176 571 4243 quomodo
621 4176 915 4232 laudandus
952 4186 1055 4242 est,
1096 4176 1366 4247 quomodo
1407 4178 1720 4233 exaltandus
1767 4180 1885 4234 est?

309 4266 380 4321 Τυ
411 4278 562 4337 potes
594 4268 697 4324 hoc
727 4268 982 4324 exhibere
1022 4269 1132 4324 filio
1160 4278 1270 4330 tuo.
1298 4277 1352 4323 et
1377 4269 1519 4324 Deus
1548 4286 1653 4325 non
1678 4270 1887 4341 potest?

305 4357 417 4413 Non
448 4361 595 4416 enim
622 4360 789 4415 bonus
817 4376 876 4415 es
903 4360 1117 4430 quando
1148 4361 1401 4416 blandiris
1431 4361 1540 4415 filio
1569 4370 1680 4430 tuo,
1703 4371 1757 4417 et
1784 4379 1889 4418 ma-

307 4451 386 4507 lus
425 4470 546 4509 cum
577 4454 739 4509 caedis
776 4455 940 4509 tilium
970 4464 1137 4509 tuum.
1177 4454 1240 4510 Et
1277 4470 1397 4511 cum
1433 4455 1707 4522 blandiris,
1740 4465 1891 4527 pater

308 4556 391 4608 es;
415 4552 619 4600 etcum
653 4544 834 4611 caedis,
874 4553 1024 4614 pater
1050 4560 1109 4600 es
1134 4561 1147 4599 :
1177 4545 1298 4599 ideo
1342 4545 1618 4613 blandiris,
1657 4561 1727 4601 ne
1753 4546 1889 4602 defl-

308 4634 437 4702 ciat;
464 4637 591 4692 ideo
620 4635 801 4701 cmdis,
832 4652 900 4691 ne
936 4646 1138 4706 pereat.
1170 4634 1405 4691 Exaltate
1431 4636 1701 4692 Dominum
1730 4638 1891 4693 Deum

309 4736 555 4795 nostrum,
586 4738 631 4781 et
649 4728 859 4782 adorata
881 4728 934 4781 in
954 4738 1120 4781 monte
1138 4737 1310 4781 sancto
1335 4729 1446 4798 ejus
1475 4741 1496 4783 :
1515 4729 1750 4798 quoniam
1775 4746 1893 4782 san-

310 4828 412 4872 ctus
452 4820 704 4876 Dominus
743 4821 879 4875 Deus
924 4830 1109 4874 noster.
1150 4820 1428 4886 Quomodo
1457 4821 1701 4889 superius
1736 4820 1889 4888 dixit,

310 4908 551 4966 Exultate
576 4912 851 4966 Dominum
894 4910 1054 4966 Deum
1085 4921 1332 4977 nostrum,
1378 4918 1425 4965 et
1448 4910 1658 4965 adorata
1697 4912 1893 4965 scabel-

314 5002 415 5055 lum
438 5003 626 5069 pedum
655 5004 801 5071 ejus;
826 5002 1187 5074 intelleximus
1217 5009 1393 5055 autem
1421 5001 1547 5071 quid
1577 5002 1645 5055 sit
1670 5001 1895 5057 adorare

316 5097 605 5152 scabellum
636 5096 828 5166 pedum
869 5095 986 5165 ejus
1018 5112 1031 5148 :
1061 5096 1137 5149 sic
1178 5103 1235 5149 et
1274 5093 1434 5151 modo
1460 5102 1579 5163 post
1612 5092 1894 5148 exaltatio-

319 5203 437 5244 nem
464 5189 671 5244 Domini
698 5188 791 5243 Dei
814 5187 1007 5253 nostri,
1031 5203 1098 5241 ne
1118 5187 1236 5256 quis
1268 5186 1414 5241 illum
1442 5193 1637 5255 praeter
1656 5194 1891 5240 montem

320 5277 432 5348 ejus
460 5279 675 5345 exaltet,
729 5278 1121 5334 commendavit
1163 5286 1217 5331 et
1244 5287 1477 5330 montem
1519 5276 1703 5344 ipsius.
1744 5274 1895 5330 Mons

323 5367 485 5438 ipsius
510 5370 629 5441 quis
655 5371 775 5426 est?
802 5370 1052 5440 Legimus
1079 5368 1200 5422 alibi
1227 5367 1294 5422 de
1325 5366 1426 5423 hoc
1454 5376 1632 5422 monte
1660 5366 1782 5435 quia
1816 5365 1894 5420 la-

324 5459 404 5526 pis
430 5460 524 5516 fuit
547 5461 801 5532 praecisus
825 5460 895 5515 de
914 5470 1093 5515 monte
1119 5458 1234 5514 sine
1264 5458 1529 5524 manibus,
1557 5466 1611 5512 et
1634 5456 1898 5527 confregit

389 5658 404 5686 ¹
433 5664 528 5707 Am.
555 5667 605 5709 et
625 5666 720 5718 Er.,
763 5658 924 5722 merit.
948 5663 1079 5715 Lov.,
1109 5654 1331 5706 stevierit.
1367 5654 1536 5704 Melius
1574 5662 1678 5722 Mss.
1704 5653 1899 5722 ferit:—

331 5722 563 5768 Prteterea
585 5724 656 5771 sic
676 5715 859 5770 habent
878 5725 950 5769 Er.
974 5726 1090 5767 ven.
1112 5726 1165 5766 et
1180 5726 1307 5766 Lov.:
1357 5724 1530 5767 Iterum
1553 5715 1816 5767 exaltemus
1839 5715 1897 5765 il—

338 5777 427 5825 lam
445 5779 551 5841 quia
572 5782 719 5833 bonus
732 5789 801 5833 est
831 5785 908 5831 :et
932 5792 1056 5840 nun,
1085 5787 1176 5829 etc.
1275 5787 1330 5827 at.

1341 321 1735 377 ENARRATIO
1776 323 1839 378 ΙΝ
1880 325 2198 385 PSALi'lmM
2242 331 2468 388 XCV’lll.

3407 353 3543 417 £270

1966 730 2198 786 magnus,
2221 718 2292 772 ita
2318 729 2369 772 ut
2390 723 2617 794 impleret
2634 728 2915 785 universam
2936 735 3117 804 facient
3135 746 3283 792 terra:
3300 738 3462 809 (Dan.
3485 757 3541 809 ll,

1967 804 2055 872 54,
2090 806 2203 878 35).
2225 808 2281 863 In
2312 810 2427 881 ipso
2455 826 2635 871 monte
2666 834 2860 889 magno
2889 824 3192 892 adoremus,
3237 829 3282 884 si
3304 804 3543 887 exaudiri

1968 896 2229 952 volumus.
2274 898 2519 958 Iltcretici
2551 920 2654 960 non
2691 909 2914 967 adorant
2944 914 2994 968 in
3043 916 3143 973 isto
3170 928 3391 986 monte;
3422 921 3543 991 quia

1967 1000 2118 1040 mons
2162 988 2262 1044 iste
2293 990 2532 1063 implevit
2572 1000 2872 1055 universam
2918 1002 3103 1060 faciem
3146 1016 3300 1066 terra:
3331 1028 3343 1065 :
3376 988 3545 1069 haese-

1968 1088 2089 1133 runt
2110 1083 2159 1134 in
2182 1091 2349 1150 parte,
2373 1094 2427 1140 et
2455 1095 2620 1142 totum
2644 1092 2953 1147 amiserunt.
2974 1093 3028 1150 Si
3048 1109 3337 1166 agnoscant
3356 1102 3543 1159 Eccle-

1967 1170 2097 1223 siam
2129 1173 2467 1244 catholicam,
2500 1179 2797 1237 adorabunt
2827 1186 2877 1238 in
2910 1187 3010 1240 isto
3039 1197 3217 1245 monte
3246 1191 3543 1249 nobiscum.

1970 1260 2173 1315 Etenim
2205 1262 2336 1332 lapis
2374 1267 2460 1321 ille
2487 1270 2572 1339 qui
2602 1274 2855 1341 praecisus
2886 1286 2966 1330 est
2994 1277 3061 1332 dc
3085 1288 3264 1336 monte
3299 1281 3413 1339 sine
3438 1299 3548 1337 ma-

1968 1359 2141 1425 nibus,
2182 1360 2291 1431 jam
2342 1364 2583 1420 videmus
2623 1378 2879 1438 quantum
2927 1375 3175 1442 creverit,
3223 1384 3278 1430 et
3321 1386 3546 1447 quantas

1970 1460 2123 1504 terrae
2152 1453 2397 1523 regiones
2425 1448 2787 1529 occupaverit,
2830 1471 2884 1517 et
2916 1479 3081 1535 usque
3116 1466 3182 1521 ad
3210 1483 3340 1537 quas
3362 1480 3545 1538 gentes

1971 1544 2288 1610 pervenerit.
2322 1545 2456 1613 Quid
2503 1557 2584 1603 est
2623 1566 2777 1607 mons
2824 1552 2965 1609 unde
3004 1558 3260 1624 praecisus
3304 1570 3385 1613 est
3417 1561 3550 1629 lapis

1968 1635 2082 1687 sine
2101 1636 2382 1692 manibus?
2409 1638 2648 1710 Regnum
2671 1642 2976 1699 Judacorum
3008 1665 3021 1700 :
3050 1649 3222 1717 primo
3249 1651 3388 1720 quod
3409 1651 3548 1707 cole-

1970 1725 2093 1780 bant
2122 1742 2284 1781 unum
2326 1730 2513 1785 Deum.
2568 1734 2691 1788 lndc
2728 1737 2982 1805 praecisus
3008 1750 3092 1794 est
3116 1740 3250 1810 lapis
3290 1742 3547 1799 Dominus

1971 1828 2151 1872 noster
2177 1819 2331 1875 .lesus
2350 1822 2610 1878 Christus.
2637 1825 2752 1897 lpse
2779 1829 2948 1886 dictus
2981 1839 3083 1894 est,
3115 1829 3270 1901 Lapis
3299 1850 3443 1903 quem
3466 1850 3549 1888 re-

1972 1907 2302 1974 probavertmt
2328 1912 2655 1981 wdiﬁcantes,
2689 1918 2769 1971 Itic
2806 1924 2967 1989 [actus
2997 1930 3067 1975 est
3095 1922 3145 1975 in
3190 1934 3339 1992 caput
3376 1926 3551 1995 anguli

1974 1995 2143 2065 (Psal.
2173 2014 2338 2065 cxvn,
2363 2002 2434 2054 '22
2459 2019 2471 2066 ;
2506 2005 2614 2057 Act.
2642 2022 2715 2072 tv,
2750 2008 2860 2077 ll).
2895 2009 3053 2080 Lapis
3082 2013 3181 2067 istc
3210 2014 3463 2083 praecisus
3486 2014 3553 2071 de

1972 2099 2151 2144 monte
2190 2091 2305 2146 sine
2346 2094 2624 2162 manibus,
2664 2098 2923 2169 confregit
2965 2103 3137 2156 omnia
3177 2120 3338 2173 regna
3382 2114 3551 2160 terra-

1972 2194 2087 2232 rum
2119 2197 2130 2232 :
2163 2181 2404 2238 videmus
2439 2186 2703 2243 confracta
2748 2190 2815 2244 ab
2853 2191 2943 2245 illo
2968 2193 3142 2263 lapide
3169 2196 3345 2250 omnia
3388 2212 3550 2267 regna

1972 2280 2149 2324 terrae.
2183 2271 2313 2339 Quae
2339 2285 2488 2331 erant
2516 2293 2677 2348 regna
2706 2283 2899 2335 terra)?
2922 2281 3101 2353 Regna
3146 2285 3429 2353 idolorum,
3463 2304 3547 2344 re-

1972 2378 2072 2432 gna
2114 2362 2500 2421 diemoniorum
2545 2367 2711 2425 fracta
2739 2380 2880 2426 sunt.
2912 2373 3185 2444 Regnabat
3210 2375 3469 2432 Saturnus
3501 2378 3550 2431 in

1974 2456 2156 2510 multis
2193 2456 2495 2514 hominibus
2532 2480 2543 2513 :
2578 2460 2663 2514 ubi
2711 2472 2791 2517 est
2831 2480 3048 2534 regnum
3095 2466 3248 2535 ejus?
3278 2466 3553 2539 Regnabat

1975 2548 2265 2605 Mercurius
2286 2551 2336 2605 in
2363 2552 2542 2606 multis
2572 2553 2872 2611 hominibus
2899 2576 2909 2611 :
2942 2557 3027 2612 ubi
3054 2567 3137 2613 est
3162 2575 3381 2630 regnum
3404 2561 3553 2630 ejus?

1976 2637 2220 2694 Fractum
2261 2649 2361 2707 est,
2398 2643 2596 2698 redacti
2628 2656 2751 2699 sunt
2792 2646 2865 2700 illi
2899 2648 2948 2701 in
2989 2664 3212 2719 regnum
3251 2649 3472 2715 Christi,
3501 2653 3553 2704 in

1975 2732 2165 2801 quibus
2211 2733 2298 2787 ille
2335 2736 2605 2803 regnabat.
2642 2736 2878 2805 Regnum
2920 2736 3205 2793 C(elcstis‘
3247 2741 3402 2810 quale
3440 2752 3555 2796 erat

1975 2822 2312 2892 Carthagini!
2346 2826 2433 2880 ubi
2465 2842 2603 2880 nunc
2629 2836 2711 2881 est
2736 2844 2952 2898 regnum
2976 2829 3250 2885 C(Blestis?
3283 2833 3438 2902 Lapis
3460 2833 3549 2888 ille

1974 2914 2133 2984 fregit
2153 2917 2328 2971 omnia
2358 2934 2519 2988 regna
2549 2927 2832 2986 terrarum,
2854 2922 2986 2992 lapis
3009 2924 3264 2993 prmcisus
3288 2924 3354 2979 de
3375 2935 3556 2980 monte

1977 3008 2091 3063 sine
2116 3009 2376 3065 manibus.
2406 3011 2541 3079 Quid
2570 3023 2673 3081 est,
2710 3015 2961 3082 praecisus
3000 3015 3066 3070 de
3097 3026 3274 3072 monte
3302 3018 3415 3071 sine
3445 3033 3558 3071 mae

1979 3101 2175 3155 nibus?
2201 3100 2365 3157 Natus
2406 3103 2472 3157 de
2509 3113 2665 3174 gente
2699 3105 3006 3161 Judaeorum
3054 3107 3169 3161 sine
3194 3122 3357 3177 opere
3383 3106 3555 3162 homi’

1981 3208 2125 3246 num.
2159 3191 2356 3247 Omnes
2384 3195 2524 3247 enim
2565 3196 2654 3264 qui
2685 3206 2996 3265 nascuntur,
3032 3196 3100 3251 de
3126 3213 3286 3266 opere
3330 3199 3555 3253 maritali

1978 3290 2299 3348 nascuntur;
2328 3282 2417 3337 ille
2439 3283 2506 3337 de
2530 3283 2732 3354 virgine
2776 3294 2947 3350 natus,
2982 3286 3097 3341 sine
3124 3288 3369 3341 manibus
3399 3297 3556 3344 natus

1982 3380 2095 3437 est;
2118 3388 2211 3443 per
2230 3388 2419 3427 manus
2437 3376 2599 3441 enim,
2621 3390 2753 3445 opus
2771 3375 3061 3431 humanum
3079 3378 3402 3447 significatur
3420 3394 3553 3450 :quo

1981 3477 2172 3517 manus
2210 3462 2456 3518 humanae
2487 3480 2590 3519 non
2639 3476 2999 3532 accesserunt,
3029 3467 3116 3521 ubi
3160 3468 3418 3522 maritalis
3446 3482 3560 3522 am-

1982 3554 2172 3623 plexus
2201 3570 2307 3609 non
2342 3554 2459 3619 fuit,
2492 3554 2630 3612 fetus
2666 3564 2842 3612 tamen
2874 3557 2990 3611 fuit.
3022 3555 3188 3611 Natus
3229 3567 3310 3614 est
3340 3546 3465 3628 ergo
3492 3557 3561 3613 do

1984 3657 2165 3703 monte
2191 3649 2307 3704 sine
2348 3649 2591 3704 manibus
2618 3649 2755 3719 lapis
2795 3649 2924 3704 ille:
2956 3651 3140 3715 crevit,
3181 3658 3233 3704 et
3273 3649 3561 3706 cressendo

1984 3738 2143 3809 fregit
2168 3740 2346 3793 omnia
2374 3755 2531 3810 regna
2563 3750 2842 3795 terrarum.
2872 3739 3064 3793 Factus
3091 3747 3173 3793 est
3199 3748 3374 3794 autem
3405 3753 3561 3793 mons

1984 3847 2227 3902 magnus,
2254 3841 2307 3886 et
2333 3832 2567 3901 implevit
2590 3834 2887 3887 universam
2916 3833 3099 3885 faciem
3125 3842 3298 3886 terrae.
3327 3832 3451 3887 Hmc
3477 3842 3562 3888 est

1988 3922 2225 3977 Ecclesia
2273 3922 2555 3989 catholica,
2602 3922 2688 3977 cui
2732 3938 2825 3975 vos
2878 3922 3274 3977 communicare
3309 3920 3559 3991 gaudete.

1991 4015 2067 4069 illi
2113 4022 2290 4068 autem
2336 4014 2426 4083 qui
2477 4028 2582 4066 non
2635 4013 2683 4067 ei
2734 4013 3148 4077 communicant,
3201 4012 3322 4081 quia
3371 4021 3565 4081 praeter

1991 4105 2160 4172 ipsum
2187 4112 2422 4157 montem
2449 4103 2674 4157 adorant
2702 4112 2755 4156 et
2795 4102 3010 4155 laudant
3040 4103 3225 4169 Deum,
3259 4117 3364 4156 non
3396 4117 3562 4156 exau-

1989 4194 2206 4249 diuntur
2242 4193 2308 4247 ad
2332 4195 2494 4247 vitam
2539 4202 2824 4257 aeternam;
2867 4194 2964 4248 etsi
2992 4192 3057 4246 ad
3085 4192 3327 4262 quaedam
3355 4202 3564 4263 tempo-

1991 4287 2119 4341 ralia
2155 4285 2523 4341 exaudiantur.
2563 4284 2679 4339 Non
2730 4286 2827 4340 sibi
2865 4301 2992 4355 ergo
3028 4284 3388 4351 blandiantur,
3436 4285 3557 4357 quia

1992 4392 2084 4431 eos
2126 4377 2180 4431 in
2223 4376 2537 4447 quibusdam
2592 4375 2806 4430 exaudit
2853 4375 2991 4429 Deus
3023 4393 3038 4430 :
3069 4390 3189 4430 nam
3229 4385 3284 4431 et
3330 4376 3570 4446 Paganos

1993 4468 2208 4523 exaudit
2224 4468 2273 4520 in
2293 4465 2625 4536 quibusdam.
2644 4464 2830 4519 Nonne
2842 4464 3073 4520 clamant
3085 4464 3277 4536 Pagani
3292 4464 3358 4520 ad
3375 4464 3577 4533 Deum,

1993 4566 2049 4612 et
2085 4558 2251 4628 pluit?
2280 4556 2492 4624 Quare?
2526 4556 2659 4624 Quia
2701 4555 2825 4611 facit
2853 4556 3021 4612 solem
3062 4571 3215 4611 suum
3244 4557 3371 4611 oriri
3412 4570 3572 4626 super

1996 4649 2164 4702 bonos
2211 4657 2265 4703 et
2317 4647 2506 4714 malos,
2549 4656 2605 4701 et
2653 4647 2787 4717 pluit
2833 4661 2996 4717 super
3038 4647 3210 4717 justos
3253 4655 3307 4701 et
3350 4646 3573 4716 iniustos

1998 4740 2208 4807 (Matth.
2239 4754 2291 4806 ν,
2334 4739 2448 4810 45).
2493 4738 2609 4793 Noli
2650 4753 2779 4808 ergo
2821 4738 3059 4808 gloriari,
3106 4752 3326 4806 pagane,
3362 4737 3487 4805 quia
3521 4744 3574 4789 te

1993 4833 2258 4888 clamante
2285 4832 2361 4887 ad!
2398 4832 2583 4899 Deum,
2629 4830 2760 4901 pluit
2789 4830 2948 4895 Deus,
2996 4829 3084 4898 qui
3132 4842 3291 4896 super
3309 4826 3483 4896 justos
3521 4835 3577 4881 et

1994 4924 2220 4992 iniustos
2246 4923 2395 4993 pluit.
2425 4920 2638 4976 Audivit
2661 4929 2711 4976 te
2739 4920 2805 4974 ad
2838 4918 3181 4989 temporalia;
3211 4931 3315 4971 non
3353 4925 3404 4971 te
3428 4916 3577 4970 audit

1998 5016 2063 5069 ad
2089 5024 2307 5082 aeterna,
2340 5015 2439 5069 nisi
2468 5016 2519 5068 in
2551 5023 2730 5069 monte
2750 5022 2933 5067 sancto
2952 5012 3069 5079 ejus
3093 5009 3417 5064 adoraveris.
3448 5010 3579 5063 Ado-

1996 5118 2106 5161 rate
2138 5107 2406 5161 Dominum
2430 5108 2485 5161 in
2520 5116 2688 5159 monte
2729 5114 2902 5159 sancto
2930 5104 3069 5173 ejus,
3096 5102 3334 5174 quoniam
3375 5112 3581 5157 sanctus

1998 5198 2249 5253 Dominus
2279 5197 2410 5253 Deus
2436 5205 2619 5251 noster.

2072 5291 2161 5346 15.
2206 5290 2328 5345 llzec
2379 5289 2445 5343 dc
2483 5286 2694 5342 Psalmo
2738 5284 3002 5338 sufﬁciant
3045 5284 3303 5339 Cltaritati
3350 5293 3579 5347 vestrae;

1998 5390 2256 5454 quantum
2290 5381 2540 5435 Dominus
2565 5376 2799 5442 donavit,
2822 5374 2981 5430 locuti
3007 5389 3211 5429 sumus.
3241 5375 3309 5430 Et
3329 5373 3581 5445 quidquid

2005 5475 2272 5544 loquimur
2308 5472 2361 5525 in
2400 5469 2616 5525 nomine
2644 5467 2759 5533 Dei,
2800 5466 3050 5538 quoniam
3082 5467 3175 5522 Dei
3211 5476 3294 5522 est
3310 5464 3583 5535 loquentis

2072 5651 2085 5680 ⁸
2118 5646 2251 5715 add,
2268 5657 2471 5715 regnant
2487 5642 2681 5715 Veneris
2694 5651 2789 5715 ;‘et
2812 5640 2950 5701 infra,
2971 5654 3169 5715 regnum
3411 5648 3581 5715 Αυρδε.

2007 5681 3583 5773 "amatamamatamtergaest;

2009 5764 2253 5832 idolo'jam
2276 5764 2437 5833 supra,
2461 5769 2552 5821 col.
2574 5767 2685 5829 752,
2704 5764 2847 5820 {nari
2873 5766 2918 5812 in
2944 5764 3056 5812 l’sal.
3086 5768 3215 5821 LXII,
3233 5777 3279 5812 ιι.
3305 5766 3355 5811 7.
