  <div class='ocr_page' id='page_1' title='image "/cluster/home/n/w/nwhite01/storage/ocr_20150623/37/uva.x000827106/133.png"; bbox 0 0 4088 6504; ppageno 0'>
   <div class='ocr_carea' id='block_1_1' title="bbox 531 380 662 445">
    <p class='ocr_par' dir='ltr' id='par_1_1' title="bbox 531 380 662 445">
     <span class='ocr_line' id='line_1_1' title="bbox 531 380 662 445; baseline -0.008 0"><span class='ocrx_word' id='word_1_1' title='bbox 531 380 662 445; x_wconf 62' lang='grc'>1271</span> 
     </span>
    </p>
   </div>
   <div class='ocr_carea' id='block_1_2' title="bbox 532 493 2114 581">
    <p class='ocr_par' dir='ltr' id='par_1_2' title="bbox 532 493 2114 581">
     <span class='ocr_line' id='line_1_2' title="bbox 532 493 2114 581; baseline -0.01 -15"><span class='ocrx_word' id='word_1_2' title='bbox 532 515 627 581; x_wconf 84' lang='lat' dir='ltr'><strong>per</strong></span> <span class='ocrx_word' id='word_1_3' title='bbox 655 524 774 575; x_wconf 87' lang='lat' dir='ltr'><strong>nos,</strong></span> <span class='ocrx_word' id='word_1_4' title='bbox 805 509 976 564; x_wconf 83' lang='lat' dir='ltr'><strong>imber</strong></span> <span class='ocrx_word' id='word_1_5' title='bbox 1008 506 1100 563; x_wconf 87' lang='lat' dir='ltr'><strong>Dei</strong></span> <span class='ocrx_word' id='word_1_6' title='bbox 1130 516 1212 562; x_wconf 92' lang='lat' dir='ltr'><strong>est</strong></span> <span class='ocrx_word' id='word_1_7' title='bbox 1245 524 1256 558; x_wconf 90' lang='lat'>:</span> <span class='ocrx_word' id='word_1_8' title='bbox 1296 493 1468 558; x_wconf 87' lang='lat' dir='ltr'><strong>videte</strong></span> <span class='ocrx_word' id='word_1_9' title='bbox 1501 512 1593 555; x_wconf 82' lang='lat' dir='ltr'><strong>ves</strong></span> <span class='ocrx_word' id='word_1_10' title='bbox 1616 500 1788 570; x_wconf 78' lang='lat' dir='ltr'><strong>qualis</strong></span> <span class='ocrx_word' id='word_1_11' title='bbox 1811 508 1949 554; x_wconf 91' lang='lat' dir='ltr'><strong>terra</strong></span> <span class='ocrx_word' id='word_1_12' title='bbox 1977 497 2114 554; x_wconf 89' lang='lat' dir='ltr'><strong>sitis.</strong></span> 
     </span>
    </p>
   </div>
   <div class='ocr_carea' id='block_1_3' title="bbox 534 593 2116 673">
    <p class='ocr_par' dir='ltr' id='par_1_3' title="bbox 534 593 2116 673">
     <span class='ocr_line' id='line_1_3' title="bbox 534 593 2116 673; baseline -0.008 -16"><span class='ocrx_word' id='word_1_13' title='bbox 534 603 665 658; x_wconf 83' lang='lat' dir='ltr'><strong>Nam</strong></span> <span class='ocrx_word' id='word_1_14' title='bbox 700 602 912 673; x_wconf 81' lang='lat' dir='ltr'><strong>quando</strong></span> <span class='ocrx_word' id='word_1_15' title='bbox 939 602 1111 671; x_wconf 90' lang='lat' dir='ltr'><strong>pluvia</strong></span> <span class='ocrx_word' id='word_1_16' title='bbox 1134 599 1278 654; x_wconf 89' lang='lat' dir='ltr'><strong>venit</strong></span> <span class='ocrx_word' id='word_1_17' title='bbox 1303 612 1462 665; x_wconf 82' lang='lat' dir='ltr'><strong>super</strong></span> <span class='ocrx_word' id='word_1_18' title='bbox 1491 605 1708 659; x_wconf 90' lang='lat' dir='ltr'><strong>terram,</strong></span> <span class='ocrx_word' id='word_1_19' title='bbox 1736 594 1779 648; x_wconf 89' lang='lat' dir='ltr'><strong>si</strong></span> <span class='ocrx_word' id='word_1_20' title='bbox 1806 593 1944 647; x_wconf 89' lang='lat' dir='ltr'><strong>bona</strong></span> <span class='ocrx_word' id='word_1_21' title='bbox 1974 600 2116 647; x_wconf 88' lang='lat' dir='ltr'><strong>terra</strong></span> 
     </span>
    </p>
   </div>
   <div class='ocr_carea' id='block_1_4' title="bbox 528 684 2119 761">
    <p class='ocr_par' dir='ltr' id='par_1_4' title="bbox 528 684 2119 761">
     <span class='ocr_line' id='line_1_4' title="bbox 528 684 2119 761; baseline -0.009 -12"><span class='ocrx_word' id='word_1_22' title='bbox 528 706 632 761; x_wconf 83' lang='lat' dir='ltr'><strong>est,</strong></span> <span class='ocrx_word' id='word_1_23' title='bbox 660 693 862 748; x_wconf 84' lang='lat' dir='ltr'><strong>fructus</strong></span> <span class='ocrx_word' id='word_1_24' title='bbox 895 694 1062 746; x_wconf 90' lang='lat' dir='ltr'><strong>bonos</strong></span> <span class='ocrx_word' id='word_1_25' title='bbox 1091 691 1256 759; x_wconf 91' lang='lat' dir='ltr'><strong>parit;</strong></span> <span class='ocrx_word' id='word_1_26' title='bbox 1281 690 1324 743; x_wconf 98' lang='lat' dir='ltr'><strong>si</strong></span> <span class='ocrx_word' id='word_1_27' title='bbox 1357 688 1493 742; x_wconf 91' lang='lat' dir='ltr'><strong>mala</strong></span> <span class='ocrx_word' id='word_1_28' title='bbox 1522 695 1660 740; x_wconf 69' lang='lat' dir='ltr'><strong>terra</strong></span> <span class='ocrx_word' id='word_1_29' title='bbox 1692 693 1793 748; x_wconf 91' lang='lat' dir='ltr'><strong>est,</strong></span> <span class='ocrx_word' id='word_1_30' title='bbox 1821 684 2000 753; x_wconf 88' lang='lat' dir='ltr'><strong>spinas</strong></span> <span class='ocrx_word' id='word_1_31' title='bbox 2027 696 2119 753; x_wconf 86' lang='lat' dir='ltr'><strong>pa-</strong></span> 
     </span>
    </p>
   </div>
   <div class='ocr_carea' id='block_1_5' title="bbox 529 777 2120 855">
    <p class='ocr_par' dir='ltr' id='par_1_5' title="bbox 529 777 2120 855">
     <span class='ocr_line' id='line_1_5' title="bbox 529 777 2120 855; baseline -0.006 -17"><span class='ocrx_word' id='word_1_32' title='bbox 529 786 596 839; x_wconf 89' lang='lat' dir='ltr'><strong>rit</strong></span> <span class='ocrx_word' id='word_1_33' title='bbox 626 804 638 838; x_wconf 92' lang='lat'>:</span> <span class='ocrx_word' id='word_1_34' title='bbox 665 784 844 855; x_wconf 81' lang='lat' dir='ltr'><strong>pluvia</strong></span> <span class='ocrx_word' id='word_1_35' title='bbox 878 793 1051 838; x_wconf 89' lang='lat' dir='ltr'><strong>tamen</strong></span> <span class='ocrx_word' id='word_1_36' title='bbox 1080 781 1249 836; x_wconf 84' lang='lat' dir='ltr'><strong>dulcis</strong></span> <span class='ocrx_word' id='word_1_37' title='bbox 1278 790 1361 836; x_wconf 86' lang='lat' dir='ltr'><strong>est</strong></span> <span class='ocrx_word' id='word_1_38' title='bbox 1387 790 1442 835; x_wconf 90' lang='lat' dir='ltr'><strong>et</strong></span> <span class='ocrx_word' id='word_1_39' title='bbox 1466 794 1626 849; x_wconf 88' lang='lat' dir='ltr'><strong>super</strong></span> <span class='ocrx_word' id='word_1_40' title='bbox 1655 777 1857 831; x_wconf 88' lang='lat' dir='ltr'><strong>fructus</strong></span> <span class='ocrx_word' id='word_1_41' title='bbox 1879 786 1933 830; x_wconf 91' lang='lat' dir='ltr'><strong>et</strong></span> <span class='ocrx_word' id='word_1_42' title='bbox 1959 789 2120 844; x_wconf 85' lang='lat' dir='ltr'><strong>super</strong></span> 
     </span>
    </p>
   </div>
   <div class='ocr_carea' id='block_1_6' title="bbox 526 868 2123 949">
    <p class='ocr_par' dir='ltr' id='par_1_6' title="bbox 526 868 2123 949">
     <span class='ocr_line' id='line_1_6' title="bbox 526 868 2123 949; baseline -0.008 -16"><span class='ocrx_word' id='word_1_43' title='bbox 526 880 731 949; x_wconf 78' lang='lat' dir='ltr'><strong>spinas.</strong></span> <span class='ocrx_word' id='word_1_44' title='bbox 760 878 857 944; x_wconf 85' lang='lat' dir='ltr'><strong>Qui</strong></span> <span class='ocrx_word' id='word_1_45' title='bbox 898 878 1014 931; x_wconf 92' lang='lat' dir='ltr'><strong>istis</strong></span> <span class='ocrx_word' id='word_1_46' title='bbox 1042 875 1219 931; x_wconf 82' lang='lat' dir='ltr'><strong>verbis</strong></span> <span class='ocrx_word' id='word_1_47' title='bbox 1253 873 1447 928; x_wconf 81' lang='lat' dir='ltr'><strong>auditis</strong></span> <span class='ocrx_word' id='word_1_48' title='bbox 1488 872 1634 942; x_wconf 89' lang='lat' dir='ltr'><strong>pejor</strong></span> <span class='ocrx_word' id='word_1_49' title='bbox 1661 870 1826 925; x_wconf 90' lang='lat' dir='ltr'><strong>factus</strong></span> <span class='ocrx_word' id='word_1_50' title='bbox 1852 868 2029 934; x_wconf 90' lang='lat' dir='ltr'><strong>fuerit,</strong></span> <span class='ocrx_word' id='word_1_51' title='bbox 2068 875 2123 921; x_wconf 89' lang='lat' dir='ltr'><strong>et</strong></span> 
     </span>
    </p>
   </div>
   <div class='ocr_carea' id='block_1_7' title="bbox 525 959 2118 1041">
    <p class='ocr_par' dir='ltr' id='par_1_7' title="bbox 525 959 2118 1041">
     <span class='ocr_line' id='line_1_7' title="bbox 525 959 2118 1041; baseline -0.009 -15"><span class='ocrx_word' id='word_1_52' title='bbox 525 974 711 1041; x_wconf 89' lang='lat' dir='ltr'><strong>spinas</strong></span> <span class='ocrx_word' id='word_1_53' title='bbox 750 975 818 1026; x_wconf 89' lang='lat' dir='ltr'><strong>de</strong></span> <span class='ocrx_word' id='word_1_54' title='bbox 847 970 1023 1041; x_wconf 87' lang='lat' dir='ltr'><strong>pluvia</strong></span> <span class='ocrx_word' id='word_1_55' title='bbox 1050 968 1403 1039; x_wconf 80' lang='lat' dir='ltr'><strong>generaverit,</strong></span> <span class='ocrx_word' id='word_1_56' title='bbox 1441 967 1617 1035; x_wconf 97' lang='lat' dir='ltr'><strong>ignem</strong></span> <span class='ocrx_word' id='word_1_57' title='bbox 1657 969 1857 1033; x_wconf 90' lang='lat' dir='ltr'><strong>speret,</strong></span> <span class='ocrx_word' id='word_1_58' title='bbox 1886 959 2118 1031; x_wconf 85' lang='lat' dir='ltr'><strong>pluviam</strong></span> 
     </span>
    </p>
   </div>
   <div class='ocr_carea' id='block_1_8' title="bbox 526 1054 2121 1131">
    <p class='ocr_par' dir='ltr' id='par_1_8' title="bbox 526 1054 2121 1131">
     <span class='ocr_line' id='line_1_8' title="bbox 526 1054 2121 1131; baseline -0.006 -15"><span class='ocrx_word' id='word_1_59' title='bbox 526 1079 633 1117; x_wconf 91' lang='lat' dir='ltr'><strong>non</strong></span> <span class='ocrx_word' id='word_1_60' title='bbox 663 1071 880 1117; x_wconf 89' lang='lat' dir='ltr'><strong>accuset</strong></span> <span class='ocrx_word' id='word_1_61' title='bbox 912 1061 1038 1131; x_wconf 90' lang='lat' dir='ltr'><strong>:qui</strong></span> <span class='ocrx_word' id='word_1_62' title='bbox 1059 1069 1237 1117; x_wconf 88' lang='lat' dir='ltr'><strong>autem</strong></span> <span class='ocrx_word' id='word_1_63' title='bbox 1258 1059 1450 1114; x_wconf 89' lang='lat' dir='ltr'><strong>melior</strong></span> <span class='ocrx_word' id='word_1_64' title='bbox 1470 1056 1638 1112; x_wconf 85' lang='lat' dir='ltr'><strong>factus</strong></span> <span class='ocrx_word' id='word_1_65' title='bbox 1663 1054 1841 1119; x_wconf 89' lang='lat' dir='ltr'><strong>fuerit,</strong></span> <span class='ocrx_word' id='word_1_66' title='bbox 1865 1066 1920 1108; x_wconf 92' lang='lat' dir='ltr'><strong>et</strong></span> <span class='ocrx_word' id='word_1_67' title='bbox 1946 1054 2121 1121; x_wconf 80' lang='lat' dir='ltr'><strong>fruges</strong></span> 
     </span>
    </p>
   </div>
   <div class='ocr_carea' id='block_1_9' title="bbox 527 1144 2118 1223">
    <p class='ocr_par' dir='ltr' id='par_1_9' title="bbox 527 1144 2118 1223">
     <span class='ocr_line' id='line_1_9' title="bbox 527 1144 2118 1223; baseline -0.009 -13"><span class='ocrx_word' id='word_1_68' title='bbox 527 1155 594 1210; x_wconf 90' lang='lat' dir='ltr'><strong>de</strong></span> <span class='ocrx_word' id='word_1_69' title='bbox 620 1156 757 1210; x_wconf 91' lang='lat' dir='ltr'><strong>bona</strong></span> <span class='ocrx_word' id='word_1_70' title='bbox 789 1163 927 1209; x_wconf 88' lang='lat' dir='ltr'><strong>terra</strong></span> <span class='ocrx_word' id='word_1_71' title='bbox 960 1154 1223 1223; x_wconf 81' lang='lat' dir='ltr'><strong>genuerit,</strong></span> <span class='ocrx_word' id='word_1_72' title='bbox 1252 1150 1504 1206; x_wconf 80' lang='lat' dir='ltr'><strong>horreum</strong></span> <span class='ocrx_word' id='word_1_73' title='bbox 1528 1159 1725 1219; x_wconf 77' lang='lat' dir='ltr'><strong>speret,</strong></span> <span class='ocrx_word' id='word_1_74' title='bbox 1757 1145 1986 1215; x_wconf 84' lang='lat' dir='ltr'><strong>pluviam</strong></span> <span class='ocrx_word' id='word_1_75' title='bbox 2010 1144 2118 1197; x_wconf 46' lang='lat' dir='ltr'><strong>lau.</strong></span> 
     </span>
    </p>
   </div>
   <div class='ocr_carea' id='block_1_10' title="bbox 532 1235 2121 1318">
    <p class='ocr_par' dir='ltr' id='par_1_10' title="bbox 532 1235 2121 1318">
     <span class='ocr_line' id='line_1_10' title="bbox 532 1235 2121 1318; baseline -0.008 -18"><span class='ocrx_word' id='word_1_76' title='bbox 532 1246 642 1300; x_wconf 86' lang='lat' dir='ltr'><strong>del.</strong></span> <span class='ocrx_word' id='word_1_77' title='bbox 677 1247 781 1301; x_wconf 83' lang='lat' dir='ltr'><strong>Attt</strong></span> <span class='ocrx_word' id='word_1_78' title='bbox 822 1244 949 1318; x_wconf 84' lang='lat' dir='ltr'><strong>quid</strong></span> <span class='ocrx_word' id='word_1_79' title='bbox 994 1253 1122 1299; x_wconf 89' lang='lat' dir='ltr'><strong>sunt</strong></span> <span class='ocrx_word' id='word_1_80' title='bbox 1156 1242 1339 1307; x_wconf 79' lang='lat' dir='ltr'><strong>nubes,</strong></span> <span class='ocrx_word' id='word_1_81' title='bbox 1388 1252 1477 1295; x_wconf 86' lang='lat' dir='ltr'><strong>aut</strong></span> <span class='ocrx_word' id='word_1_82' title='bbox 1506 1239 1632 1310; x_wconf 89' lang='lat' dir='ltr'><strong>quid</strong></span> <span class='ocrx_word' id='word_1_83' title='bbox 1671 1246 1754 1293; x_wconf 87' lang='lat' dir='ltr'><strong>est</strong></span> <span class='ocrx_word' id='word_1_84' title='bbox 1792 1235 1988 1307; x_wconf 87' lang='lat' dir='ltr'><strong>pluvia,</strong></span> <span class='ocrx_word' id='word_1_85' title='bbox 2021 1235 2121 1289; x_wconf 83' lang='lat' dir='ltr'><strong>nisi</strong></span> 
     </span>
    </p>
   </div>
   <div class='ocr_carea' id='block_1_11' title="bbox 532 1326 2121 1399">
    <p class='ocr_par' dir='ltr' id='par_1_11' title="bbox 532 1326 2121 1399">
     <span class='ocr_line' id='line_1_11' title="bbox 532 1326 2121 1399; baseline -0.008 -8"><span class='ocrx_word' id='word_1_86' title='bbox 532 1338 626 1394; x_wconf 88' lang='lat' dir='ltr'><strong>Dei</strong></span> <span class='ocrx_word' id='word_1_87' title='bbox 654 1336 1039 1399; x_wconf 84' lang='lat' dir='ltr'><strong>misericordia,</strong></span> <span class='ocrx_word' id='word_1_88' title='bbox 1080 1334 1255 1389; x_wconf 83' lang='lat' dir='ltr'><strong>omnia</strong></span> <span class='ocrx_word' id='word_1_89' title='bbox 1284 1332 1521 1387; x_wconf 88' lang='lat' dir='ltr'><strong>facientis</strong></span> <span class='ocrx_word' id='word_1_90' title='bbox 1547 1331 1685 1386; x_wconf 87' lang='lat' dir='ltr'><strong>circa</strong></span> <span class='ocrx_word' id='word_1_91' title='bbox 1710 1343 1805 1385; x_wconf 89' lang='lat' dir='ltr'><strong>eos</strong></span> <span class='ocrx_word' id='word_1_92' title='bbox 1830 1342 1963 1398; x_wconf 90' lang='lat' dir='ltr'><strong>quos</strong></span> <span class='ocrx_word' id='word_1_93' title='bbox 1996 1326 2121 1381; x_wconf 92' lang='lat' dir='ltr'><strong>dili-</strong></span> 
     </span>
    </p>
   </div>
   <div class='ocr_carea' id='block_1_12' title="bbox 532 1421 1748 1499">
    <p class='ocr_par' dir='ltr' id='par_1_12' title="bbox 532 1421 1748 1499">
     <span class='ocr_line' id='line_1_12' title="bbox 532 1421 1748 1499; baseline -0.007 -18"><span class='ocrx_word' id='word_1_94' title='bbox 532 1430 628 1499; x_wconf 87' lang='lat' dir='ltr'><strong>git,</strong></span> <span class='ocrx_word' id='word_1_95' title='bbox 656 1438 709 1484; x_wconf 91' lang='lat' dir='ltr'><strong>et</strong></span> <span class='ocrx_word' id='word_1_96' title='bbox 730 1427 920 1497; x_wconf 80' lang='lat' dir='ltr'><strong>quibus</strong></span> <span class='ocrx_word' id='word_1_97' title='bbox 947 1425 1160 1481; x_wconf 87' lang='lat' dir='ltr'><strong>donavit</strong></span> <span class='ocrx_word' id='word_1_98' title='bbox 1186 1434 1244 1480; x_wconf 90' lang='lat' dir='ltr'><strong>ut</strong></span> <span class='ocrx_word' id='word_1_99' title='bbox 1272 1424 1338 1478; x_wconf 89' lang='lat' dir='ltr'><strong>ab</strong></span> <span class='ocrx_word' id='word_1_100' title='bbox 1367 1424 1445 1480; x_wconf 86' lang='lat' dir='ltr'><strong>eis</strong></span> <span class='ocrx_word' id='word_1_101' title='bbox 1466 1421 1748 1491; x_wconf 80' lang='lat' dir='ltr'><strong>diligatur?</strong></span> 
     </span>
    </p>
   </div>
   <div class='ocr_carea' id='block_1_13' title="bbox 940 1629 1680 1693">
    <p class='ocr_par' dir='ltr' id='par_1_13' title="bbox 940 1629 1680 1693">
     <span class='ocr_line' id='line_1_13' title="bbox 940 1629 1680 1693; baseline -0.004 -1"><span class='ocrx_word' id='word_1_102' title='bbox 940 1634 1019 1692; x_wconf 92' lang='lat' dir='ltr'><strong>IN</strong></span> <span class='ocrx_word' id='word_1_103' title='bbox 1064 1631 1443 1693; x_wconf 82' lang='lat' dir='ltr'><strong>PSALMUM</strong></span> <span class='ocrx_word' id='word_1_104' title='bbox 1476 1629 1680 1691; x_wconf 82' lang='lat' dir='ltr'><strong>XCIX</strong></span> 
     </span>
    </p>
   </div>
   <div class='ocr_carea' id='block_1_14' title="bbox 1116 1752 1530 1809">
    <p class='ocr_par' dir='ltr' id='par_1_14' title="bbox 1116 1752 1530 1809">
     <span class='ocr_line' id='line_1_14' title="bbox 1116 1752 1530 1809; baseline -0.005 -1"><span class='ocrx_word' id='word_1_105' title='bbox 1116 1752 1530 1809; x_wconf 70' lang='lat' dir='ltr'><strong>ENAllRATlO.</strong></span> 
     </span>
    </p>
   </div>
   <div class='ocr_carea' id='block_1_15' title="bbox 1058 1882 1587 1922">
    <p class='ocr_par' dir='ltr' id='par_1_15' title="bbox 1058 1882 1587 1922">
     <span class='ocr_line' id='line_1_15' title="bbox 1058 1882 1587 1922; baseline 0.004 -2"><span class='ocrx_word' id='word_1_106' title='bbox 1058 1882 1228 1921; x_wconf 76' lang='lat' dir='ltr'><strong>SERth</strong></span> <span class='ocrx_word' id='word_1_107' title='bbox 1268 1883 1335 1921; x_wconf 78' lang='lat' dir='ltr'><strong>AD</strong></span> <span class='ocrx_word' id='word_1_108' title='bbox 1364 1882 1587 1922; x_wconf 71' lang='lat' dir='ltr'><strong>PLEBEM.</strong></span> 
     </span>
    </p>
   </div>
   <div class='ocr_carea' id='block_1_16' title="bbox 611 1973 2123 2049">
    <p class='ocr_par' dir='ltr' id='par_1_16' title="bbox 611 1973 2123 2049">
     <span class='ocr_line' id='line_1_16' title="bbox 611 1973 2123 2049; baseline 0.001 -14"><span class='ocrx_word' id='word_1_109' title='bbox 611 1976 660 2035; x_wconf 77' lang='lat' dir='ltr'><strong>l.</strong></span> <span class='ocrx_word' id='word_1_110' title='bbox 682 1973 973 2048; x_wconf 84' lang='lat' dir='ltr'><strong>Psalmum,</strong></span> <span class='ocrx_word' id='word_1_111' title='bbox 994 1980 1205 2045; x_wconf 76' lang='lat' dir='ltr'><strong>fratres,</strong></span> <span class='ocrx_word' id='word_1_112' title='bbox 1226 1988 1347 2036; x_wconf 90' lang='lat' dir='ltr'><strong>cum</strong></span> <span class='ocrx_word' id='word_1_113' title='bbox 1369 1989 1692 2045; x_wconf 89' lang='lat' dir='ltr'><strong>cantaretur,</strong></span> <span class='ocrx_word' id='word_1_114' title='bbox 1721 1983 1973 2049; x_wconf 85' lang='lat' dir='ltr'><strong>audistis;</strong></span> <span class='ocrx_word' id='word_1_115' title='bbox 2002 1985 2123 2039; x_wconf 89' lang='lat' dir='ltr'><strong>bre-</strong></span> 
     </span>
    </p>
   </div>
   <div class='ocr_carea' id='block_1_17' title="bbox 535 2072 2122 2143">
    <p class='ocr_par' dir='ltr' id='par_1_17' title="bbox 535 2072 2122 2143">
     <span class='ocr_line' id='line_1_17' title="bbox 535 2072 2122 2143; baseline 0.004 -19"><span class='ocrx_word' id='word_1_116' title='bbox 535 2073 615 2127; x_wconf 91' lang='lat' dir='ltr'><strong>vis</strong></span> <span class='ocrx_word' id='word_1_117' title='bbox 641 2082 743 2138; x_wconf 89' lang='lat' dir='ltr'><strong>est,</strong></span> <span class='ocrx_word' id='word_1_118' title='bbox 777 2087 877 2127; x_wconf 90' lang='lat' dir='ltr'><strong>nec</strong></span> <span class='ocrx_word' id='word_1_119' title='bbox 904 2072 1161 2128; x_wconf 90' lang='lat' dir='ltr'><strong>obscurus</strong></span> <span class='ocrx_word' id='word_1_120' title='bbox 1188 2091 1200 2127; x_wconf 91' lang='lat'>:</span> <span class='ocrx_word' id='word_1_121' title='bbox 1231 2074 1379 2143; x_wconf 90' lang='lat' dir='ltr'><strong>quasi</strong></span> <span class='ocrx_word' id='word_1_122' title='bbox 1402 2074 1741 2129; x_wconf 81' lang='lat' dir='ltr'><strong>Securitatem</strong></span> <span class='ocrx_word' id='word_1_123' title='bbox 1763 2074 2018 2142; x_wconf 89' lang='lat' dir='ltr'><strong>dederim,</strong></span> <span class='ocrx_word' id='word_1_124' title='bbox 2056 2092 2122 2131; x_wconf 88' lang='lat' dir='ltr'><strong>ne</strong></span> 
     </span>
    </p>
   </div>
   <div class='ocr_carea' id='block_1_18' title="bbox 535 2165 2121 2233">
    <p class='ocr_par' dir='ltr' id='par_1_18' title="bbox 535 2165 2121 2233">
     <span class='ocr_line' id='line_1_18' title="bbox 535 2165 2121 2233; baseline 0.003 -13"><span class='ocrx_word' id='word_1_125' title='bbox 535 2167 771 2222; x_wconf 79' lang='lat' dir='ltr'><strong>laborem</strong></span> <span class='ocrx_word' id='word_1_126' title='bbox 834 2166 1081 2221; x_wconf 79' lang='lat' dir='ltr'><strong>timentis.</strong></span> <span class='ocrx_word' id='word_1_127' title='bbox 1145 2165 1429 2221; x_wconf 87' lang='lat' dir='ltr'><strong>Videamus</strong></span> <span class='ocrx_word' id='word_1_128' title='bbox 1491 2177 1667 2222; x_wconf 91' lang='lat' dir='ltr'><strong>tamen</strong></span> <span class='ocrx_word' id='word_1_129' title='bbox 1730 2170 2019 2233; x_wconf 85' lang='lat' dir='ltr'><strong>attentius,</strong></span> <span class='ocrx_word' id='word_1_130' title='bbox 2071 2180 2121 2224; x_wconf 88' lang='lat' dir='ltr'><strong>et</strong></span> 
     </span>
    </p>
   </div>
   <div class='ocr_carea' id='block_1_19' title="bbox 532 2249 2120 2330">
    <p class='ocr_par' dir='ltr' id='par_1_19' title="bbox 532 2249 2120 2330">
     <span class='ocr_line' id='line_1_19' title="bbox 532 2249 2120 2330; baseline 0.003 -18"><span class='ocrx_word' id='word_1_131' title='bbox 532 2269 732 2330; x_wconf 90' lang='lat' dir='ltr'><strong>quanto</strong></span> <span class='ocrx_word' id='word_1_132' title='bbox 760 2258 1000 2327; x_wconf 81' lang='lat' dir='ltr'><strong>liberius,</strong></span> <span class='ocrx_word' id='word_1_133' title='bbox 1034 2269 1183 2314; x_wconf 90' lang='lat' dir='ltr'><strong>tanto</strong></span> <span class='ocrx_word' id='word_1_134' title='bbox 1206 2260 1510 2330; x_wconf 83' lang='lat' dir='ltr'><strong>diligentius</strong></span> <span class='ocrx_word' id='word_1_135' title='bbox 1532 2300 1545 2325; x_wconf 94' lang='lat'><strong>,</strong></span> <span class='ocrx_word' id='word_1_136' title='bbox 1581 2260 1709 2329; x_wconf 89' lang='lat' dir='ltr'><strong>quid</strong></span> <span class='ocrx_word' id='word_1_137' title='bbox 1740 2249 1841 2315; x_wconf 86' lang='lat' dir='ltr'><strong>sibi</strong></span> <span class='ocrx_word' id='word_1_138' title='bbox 1871 2262 2036 2316; x_wconf 83' lang='lat' dir='ltr'><strong>velint</strong></span> <span class='ocrx_word' id='word_1_139' title='bbox 2059 2276 2120 2317; x_wconf 89' lang='lat' dir='ltr'><strong>ea</strong></span> 
     </span>
    </p>
   </div>
   <div class='ocr_carea' id='block_1_20' title="bbox 539 2349 2120 2424">
    <p class='ocr_par' dir='ltr' id='par_1_20' title="bbox 539 2349 2120 2424">
     <span class='ocr_line' id='line_1_20' title="bbox 539 2349 2120 2424; baseline 0.001 -19"><span class='ocrx_word' id='word_1_140' title='bbox 539 2349 649 2419; x_wconf 86' lang='lat' dir='ltr'><strong>ipsa</strong></span> <span class='ocrx_word' id='word_1_141' title='bbox 676 2367 794 2424; x_wconf 69' lang='lat' dir='ltr'><strong>quae</strong></span> <span class='ocrx_word' id='word_1_142' title='bbox 814 2360 999 2420; x_wconf 90' lang='lat' dir='ltr'><strong>aperte</strong></span> <span class='ocrx_word' id='word_1_143' title='bbox 1028 2360 1239 2417; x_wconf 91' lang='lat' dir='ltr'><strong>sonant,</strong></span> <span class='ocrx_word' id='word_1_144' title='bbox 1265 2359 1323 2404; x_wconf 92' lang='lat' dir='ltr'><strong>ut</strong></span> <span class='ocrx_word' id='word_1_145' title='bbox 1352 2360 1608 2419; x_wconf 88' lang='lat' dir='ltr'><strong>quantum</strong></span> <span class='ocrx_word' id='word_1_146' title='bbox 1642 2351 1896 2405; x_wconf 87' lang='lat' dir='ltr'><strong>Dominus</strong></span> <span class='ocrx_word' id='word_1_147' title='bbox 1918 2352 2120 2407; x_wconf 87' lang='lat' dir='ltr'><strong>donare</strong></span> 
     </span>
    </p>
   </div>
   <div class='ocr_carea' id='block_1_21' title="bbox 532 2441 2124 2513">
    <p class='ocr_par' dir='ltr' id='par_1_21' title="bbox 532 2441 2124 2513">
     <span class='ocr_line' id='line_1_21' title="bbox 532 2441 2124 2513; baseline 0.001 -17"><span class='ocrx_word' id='word_1_148' title='bbox 532 2443 799 2512; x_wconf 85' lang='lat' dir='ltr'><strong>dignatur,</strong></span> <span class='ocrx_word' id='word_1_149' title='bbox 829 2443 1178 2512; x_wconf 88' lang='lat' dir='ltr'><strong>spiritualitcr</strong></span> <span class='ocrx_word' id='word_1_150' title='bbox 1206 2442 1591 2510; x_wconf 84' lang='lat' dir='ltr'><strong>intelligantur.</strong></span> <span class='ocrx_word' id='word_1_151' title='bbox 1624 2441 1739 2495; x_wconf 77' lang='lat' dir='ltr'><strong>Vox</strong></span> <span class='ocrx_word' id='word_1_152' title='bbox 1767 2442 1859 2496; x_wconf 88' lang='lat' dir='ltr'><strong>Dei</strong></span> <span class='ocrx_word' id='word_1_153' title='bbox 1885 2444 2124 2513; x_wconf 92' lang='lat' dir='ltr'><strong>quolibet</strong></span> 
     </span>
    </p>
   </div>
   <div class='ocr_carea' id='block_1_22' title="bbox 534 2536 2121 2606">
    <p class='ocr_par' dir='ltr' id='par_1_22' title="bbox 534 2536 2121 2606">
     <span class='ocr_line' id='line_1_22' title="bbox 534 2536 2121 2606; baseline 0.001 -16"><span class='ocrx_word' id='word_1_154' title='bbox 534 2550 733 2606; x_wconf 73' lang='lat' dir='ltr'><strong>Organo</strong></span> <span class='ocrx_word' id='word_1_155' title='bbox 776 2550 994 2602; x_wconf 89' lang='lat' dir='ltr'><strong>sonans,</strong></span> <span class='ocrx_word' id='word_1_156' title='bbox 1034 2544 1211 2591; x_wconf 88' lang='lat' dir='ltr'><strong>tamen</strong></span> <span class='ocrx_word' id='word_1_157' title='bbox 1256 2552 1355 2590; x_wconf 86' lang='lat' dir='ltr'><strong>vox</strong></span> <span class='ocrx_word' id='word_1_158' title='bbox 1384 2536 1514 2598; x_wconf 87' lang='lat' dir='ltr'><strong>Dei;</strong></span> <span class='ocrx_word' id='word_1_159' title='bbox 1559 2550 1730 2604; x_wconf 88' lang='lat' dir='ltr'><strong>neque</strong></span> <span class='ocrx_word' id='word_1_160' title='bbox 1781 2536 1924 2589; x_wconf 84' lang='lat' dir='ltr'><strong>enim</strong></span> <span class='ocrx_word' id='word_1_161' title='bbox 1973 2536 2121 2591; x_wconf 89' lang='lat' dir='ltr'><strong>dele-</strong></span> 
     </span>
    </p>
   </div>
   <div class='ocr_carea' id='block_1_23' title="bbox 530 2627 2124 2697">
    <p class='ocr_par' dir='ltr' id='par_1_23' title="bbox 530 2627 2124 2697">
     <span class='ocr_line' id='line_1_23' title="bbox 530 2627 2124 2697; baseline 0.001 -16"><span class='ocrx_word' id='word_1_162' title='bbox 530 2636 642 2681; x_wconf 90' lang='lat' dir='ltr'><strong>ctat</strong></span> <span class='ocrx_word' id='word_1_163' title='bbox 664 2643 821 2681; x_wconf 89' lang='lat' dir='ltr'><strong>aures</strong></span> <span class='ocrx_word' id='word_1_164' title='bbox 856 2627 991 2697; x_wconf 85' lang='lat' dir='ltr'><strong>ejus,</strong></span> <span class='ocrx_word' id='word_1_165' title='bbox 1034 2627 1133 2681; x_wconf 89' lang='lat' dir='ltr'><strong>nisi</strong></span> <span class='ocrx_word' id='word_1_166' title='bbox 1184 2642 1284 2681; x_wconf 85' lang='lat' dir='ltr'><strong>vox</strong></span> <span class='ocrx_word' id='word_1_167' title='bbox 1312 2628 1427 2696; x_wconf 87' lang='lat' dir='ltr'><strong>ejus</strong></span> <span class='ocrx_word' id='word_1_168' title='bbox 1461 2646 1472 2680; x_wconf 93' lang='lat'>:</span> <span class='ocrx_word' id='word_1_169' title='bbox 1515 2643 1639 2681; x_wconf 88' lang='lat' dir='ltr'><strong>nam</strong></span> <span class='ocrx_word' id='word_1_170' title='bbox 1668 2636 1722 2681; x_wconf 88' lang='lat' dir='ltr'><strong>et</strong></span> <span class='ocrx_word' id='word_1_171' title='bbox 1759 2642 1856 2682; x_wconf 90' lang='lat' dir='ltr'><strong>nos</strong></span> <span class='ocrx_word' id='word_1_172' title='bbox 1895 2642 2016 2681; x_wconf 90' lang='lat' dir='ltr'><strong>cum</strong></span> <span class='ocrx_word' id='word_1_173' title='bbox 2047 2628 2124 2682; x_wconf 91' lang='lat' dir='ltr'><strong>lo-</strong></span> 
     </span>
    </p>
   </div>
   <div class='ocr_carea' id='block_1_24' title="bbox 534 2718 2120 2788">
    <p class='ocr_par' dir='ltr' id='par_1_24' title="bbox 534 2718 2120 2788">
     <span class='ocr_line' id='line_1_24' title="bbox 534 2718 2120 2788; baseline 0.001 -17"><span class='ocrx_word' id='word_1_174' title='bbox 534 2719 767 2787; x_wconf 83' lang='lat' dir='ltr'><strong>quimur,</strong></span> <span class='ocrx_word' id='word_1_175' title='bbox 800 2728 925 2773; x_wconf 91' lang='lat' dir='ltr'><strong>tunc</strong></span> <span class='ocrx_word' id='word_1_176' title='bbox 952 2734 1075 2774; x_wconf 86' lang='lat' dir='ltr'><strong>eum</strong></span> <span class='ocrx_word' id='word_1_177' title='bbox 1104 2719 1448 2786; x_wconf 88' lang='lat' dir='ltr'><strong>delectamus,</strong></span> <span class='ocrx_word' id='word_1_178' title='bbox 1482 2720 1745 2788; x_wconf 81' lang='lat' dir='ltr'><strong>cmmipse</strong></span> <span class='ocrx_word' id='word_1_179' title='bbox 1765 2718 1831 2773; x_wconf 90' lang='lat' dir='ltr'><strong>de</strong></span> <span class='ocrx_word' id='word_1_180' title='bbox 1854 2719 2010 2773; x_wconf 89' lang='lat' dir='ltr'><strong>nobis</strong></span> <span class='ocrx_word' id='word_1_181' title='bbox 2035 2720 2120 2773; x_wconf 53' lang='lat' dir='ltr'><strong>lo-</strong></span> 
     </span>
    </p>
   </div>
   <div class='ocr_carea' id='block_1_25' title="bbox 536 2812 737 2881">
    <p class='ocr_par' dir='ltr' id='par_1_25' title="bbox 536 2812 737 2881">
     <span class='ocr_line' id='line_1_25' title="bbox 536 2812 737 2881; baseline -0.005 -17"><span class='ocrx_word' id='word_1_182' title='bbox 536 2812 737 2881; x_wconf 81' lang='lat' dir='ltr'><strong>quitur.</strong></span> 
     </span>
    </p>
   </div>
   <div class='ocr_carea' id='block_1_26' title="bbox 606 2903 2119 2976">
    <p class='ocr_par' dir='ltr' id='par_1_26' title="bbox 606 2903 2119 2976">
     <span class='ocr_line' id='line_1_26' title="bbox 606 2903 2119 2976; baseline 0.001 -20"><span class='ocrx_word' id='word_1_183' title='bbox 606 2903 659 2957; x_wconf 69' lang='grc'><strong>2.</strong></span> <span class='ocrx_word' id='word_1_184' title='bbox 695 2903 843 2975; x_wconf 54' lang='lat' dir='ltr'><strong>[vera</strong></span> <span class='ocrx_word' id='word_1_185' title='bbox 870 2903 949 2976; x_wconf 79' lang='grc'><strong>1.]</strong></span> <span class='ocrx_word' id='word_1_186' title='bbox 976 2904 1215 2959; x_wconf 79' lang='lat' dir='ltr'><strong>Psalmns</strong></span> <span class='ocrx_word' id='word_1_187' title='bbox 1242 2907 1293 2959; x_wconf 89' lang='lat' dir='ltr'><strong>in</strong></span> <span class='ocrx_word' id='word_1_188' title='bbox 1314 2905 1625 2974; x_wconf 79' lang='lat' dir='ltr'><strong>confessione</strong></span> <span class='ocrx_word' id='word_1_189' title='bbox 1648 2922 1666 2959; x_wconf 91' lang='lat'><em>:</em></span> <span class='ocrx_word' id='word_1_190' title='bbox 1690 2907 1768 2960; x_wconf 91' lang='lat' dir='ltr'><strong>sic</strong></span> <span class='ocrx_word' id='word_1_191' title='bbox 1796 2905 2119 2971; x_wconf 87' lang='lat' dir='ltr'><strong>inscribitur,</strong></span> 
     </span>
    </p>
   </div>
   <div class='ocr_carea' id='block_1_27' title="bbox 540 2996 2123 3070">
    <p class='ocr_par' dir='ltr' id='par_1_27' title="bbox 540 2996 2123 3070">
     <span class='ocr_line' id='line_1_27' title="bbox 540 2996 2123 3070; baseline 0.001 -20"><span class='ocrx_word' id='word_1_192' title='bbox 540 2996 626 3052; x_wconf 86' lang='lat' dir='ltr'><strong>hic</strong></span> <span class='ocrx_word' id='word_1_193' title='bbox 655 3006 738 3051; x_wconf 86' lang='lat' dir='ltr'><strong>est</strong></span> <span class='ocrx_word' id='word_1_194' title='bbox 764 2996 946 3052; x_wconf 87' lang='lat' dir='ltr'><strong>titulus</strong></span> <span class='ocrx_word' id='word_1_195' title='bbox 972 2997 1108 3065; x_wconf 83' lang='lat' dir='ltr'><strong>ejus,</strong></span> <span class='ocrx_word' id='word_1_196' title='bbox 1141 2996 1445 3051; x_wconf 77' lang='lat' dir='ltr'><strong>Psalmusin</strong></span> <span class='ocrx_word' id='word_1_197' title='bbox 1464 2999 1793 3070; x_wconf 77' lang='lat' dir='ltr'><strong>confessione.</strong></span> <span class='ocrx_word' id='word_1_198' title='bbox 1823 2997 1983 3052; x_wconf 83' lang='lat' dir='ltr'><strong>Pauci</strong></span> <span class='ocrx_word' id='word_1_199' title='bbox 2006 3014 2123 3052; x_wconf 87' lang='lat' dir='ltr'><strong>ver-</strong></span> 
     </span>
    </p>
   </div>
   <div class='ocr_carea' id='block_1_28' title="bbox 536 3089 2121 3158">
    <p class='ocr_par' dir='ltr' id='par_1_28' title="bbox 536 3089 2121 3158">
     <span class='ocr_line' id='line_1_28' title="bbox 536 3089 2121 3158; baseline 0.003 -18"><span class='ocrx_word' id='word_1_200' title='bbox 536 3102 628 3143; x_wconf 86' lang='lat' dir='ltr'><strong>sus</strong></span> <span class='ocrx_word' id='word_1_201' title='bbox 667 3097 811 3153; x_wconf 89' lang='lat' dir='ltr'><strong>sunt,</strong></span> <span class='ocrx_word' id='word_1_202' title='bbox 845 3104 1156 3158; x_wconf 89' lang='lat' dir='ltr'><strong>magnarum</strong></span> <span class='ocrx_word' id='word_1_203' title='bbox 1186 3104 1362 3143; x_wconf 89' lang='lat' dir='ltr'><strong>rerum</strong></span> <span class='ocrx_word' id='word_1_204' title='bbox 1402 3089 1604 3157; x_wconf 86' lang='lat' dir='ltr'><strong>gravidi</strong></span> <span class='ocrx_word' id='word_1_205' title='bbox 1638 3108 1647 3141; x_wconf 93' lang='lat'>:</span> <span class='ocrx_word' id='word_1_206' title='bbox 1685 3092 1892 3158; x_wconf 88' lang='lat' dir='ltr'><strong>pariant</strong></span> <span class='ocrx_word' id='word_1_207' title='bbox 1920 3090 2121 3144; x_wconf 88' lang='lat' dir='ltr'><strong>semina</strong></span> 
     </span>
    </p>
   </div>
   <div class='ocr_carea' id='block_1_29' title="bbox 536 3181 2120 3250">
    <p class='ocr_par' dir='ltr' id='par_1_29' title="bbox 536 3181 2120 3250">
     <span class='ocr_line' id='line_1_29' title="bbox 536 3181 2120 3250; baseline 0.001 -15"><span class='ocrx_word' id='word_1_208' title='bbox 536 3183 590 3237; x_wconf 89' lang='lat' dir='ltr'><strong>in</strong></span> <span class='ocrx_word' id='word_1_209' title='bbox 616 3181 869 3237; x_wconf 80' lang='lat' dir='ltr'><strong>cordibus</strong></span> <span class='ocrx_word' id='word_1_210' title='bbox 896 3182 1109 3247; x_wconf 90' lang='lat' dir='ltr'><strong>vestris,</strong></span> <span class='ocrx_word' id='word_1_211' title='bbox 1141 3191 1199 3234; x_wconf 90' lang='lat' dir='ltr'><strong>ut</strong></span> <span class='ocrx_word' id='word_1_212' title='bbox 1230 3192 1446 3250; x_wconf 88' lang='lat' dir='ltr'><strong>paretur</strong></span> <span class='ocrx_word' id='word_1_213' title='bbox 1473 3183 1720 3236; x_wconf 88' lang='lat' dir='ltr'><strong>horreum</strong></span> <span class='ocrx_word' id='word_1_214' title='bbox 1761 3182 1922 3238; x_wconf 91' lang='lat' dir='ltr'><strong>messi</strong></span> <span class='ocrx_word' id='word_1_215' title='bbox 1947 3182 2120 3237; x_wconf 88' lang='lat' dir='ltr'><strong>domi-</strong></span> 
     </span>
    </p>
   </div>
   <div class='ocr_carea' id='block_1_30' title="bbox 537 3269 2121 3344">
    <p class='ocr_par' dir='ltr' id='par_1_30' title="bbox 537 3269 2121 3344">
     <span class='ocr_line' id='line_1_30' title="bbox 537 3269 2121 3344; baseline -0.001 -12"><span class='ocrx_word' id='word_1_216' title='bbox 537 3276 689 3332; x_wconf 69' lang='lat' dir='ltr'><strong>nicae.</strong></span> <span class='ocrx_word' id='word_1_217' title='bbox 723 3269 964 3333; x_wconf 82' lang='lat' dir='ltr'><strong>Psalmus</strong></span> <span class='ocrx_word' id='word_1_218' title='bbox 991 3275 1089 3330; x_wconf 91' lang='lat' dir='ltr'><strong>iste</strong></span> <span class='ocrx_word' id='word_1_219' title='bbox 1116 3276 1169 3329; x_wconf 89' lang='lat' dir='ltr'><strong>in</strong></span> <span class='ocrx_word' id='word_1_220' title='bbox 1195 3273 1531 3329; x_wconf 87' lang='lat' dir='ltr'><strong>confessione</strong></span> <span class='ocrx_word' id='word_1_221' title='bbox 1553 3276 1654 3328; x_wconf 91' lang='lat' dir='ltr'><strong>hoc</strong></span> <span class='ocrx_word' id='word_1_222' title='bbox 1680 3274 1834 3329; x_wconf 89' lang='lat' dir='ltr'><strong>nobis</strong></span> <span class='ocrx_word' id='word_1_223' title='bbox 1859 3274 2031 3344; x_wconf 87' lang='lat' dir='ltr'><strong>jubet,</strong></span> <span class='ocrx_word' id='word_1_224' title='bbox 2055 3275 2121 3330; x_wconf 89' lang='lat' dir='ltr'><strong>ad</strong></span> 
     </span>
    </p>
   </div>
   <div class='ocr_carea' id='block_1_31' title="bbox 537 3358 2122 3435">
    <p class='ocr_par' dir='ltr' id='par_1_31' title="bbox 537 3358 2122 3435">
     <span class='ocr_line' id='line_1_31' title="bbox 537 3358 2122 3435; baseline 0.002 -16"><span class='ocrx_word' id='word_1_225' title='bbox 537 3358 639 3422; x_wconf 91' lang='lat' dir='ltr'><strong>hoc</strong></span> <span class='ocrx_word' id='word_1_226' title='bbox 665 3382 764 3422; x_wconf 89' lang='lat' dir='ltr'><strong>nos</strong></span> <span class='ocrx_word' id='word_1_227' title='bbox 790 3367 1052 3431; x_wconf 85' lang='lat' dir='ltr'><strong>hortatur,</strong></span> <span class='ocrx_word' id='word_1_228' title='bbox 1085 3378 1140 3421; x_wconf 89' lang='lat' dir='ltr'><strong>ut</strong></span> <span class='ocrx_word' id='word_1_229' title='bbox 1155 3367 1441 3435; x_wconf 82' lang='lat' dir='ltr'><strong>jubilemus</strong></span> <span class='ocrx_word' id='word_1_230' title='bbox 1467 3367 1595 3421; x_wconf 89' lang='lat' dir='ltr'><strong>Deo.</strong></span> <span class='ocrx_word' id='word_1_231' title='bbox 1621 3366 1729 3421; x_wconf 87' lang='lat' dir='ltr'><strong>Nec</strong></span> <span class='ocrx_word' id='word_1_232' title='bbox 1763 3367 2009 3421; x_wconf 87' lang='lat' dir='ltr'><strong>hortatur</strong></span> <span class='ocrx_word' id='word_1_233' title='bbox 2031 3384 2122 3423; x_wconf 85' lang='lat' dir='ltr'><strong>ve-</strong></span> 
     </span>
    </p>
   </div>
   <div class='ocr_carea' id='block_1_32' title="bbox 536 3459 2119 3529">
    <p class='ocr_par' dir='ltr' id='par_1_32' title="bbox 536 3459 2119 3529">
     <span class='ocr_line' id='line_1_32' title="bbox 536 3459 2119 3529; baseline 0.001 -17"><span class='ocrx_word' id='word_1_234' title='bbox 536 3459 615 3513; x_wconf 93' lang='lat' dir='ltr'><strong>lut</strong></span> <span class='ocrx_word' id='word_1_235' title='bbox 637 3460 866 3529; x_wconf 83' lang='lat' dir='ltr'><strong>aliquem</strong></span> <span class='ocrx_word' id='word_1_236' title='bbox 894 3475 1055 3516; x_wconf 87' lang='lat' dir='ltr'><strong>unum</strong></span> <span class='ocrx_word' id='word_1_237' title='bbox 1077 3459 1326 3529; x_wconf 87' lang='lat' dir='ltr'><strong>angulum</strong></span> <span class='ocrx_word' id='word_1_238' title='bbox 1352 3468 1541 3520; x_wconf 64' lang='lat' dir='ltr'><strong>terrae,</strong></span> <span class='ocrx_word' id='word_1_239' title='bbox 1573 3467 1665 3512; x_wconf 91' lang='lat' dir='ltr'><strong>aut</strong></span> <span class='ocrx_word' id='word_1_240' title='bbox 1702 3474 1859 3512; x_wconf 90' lang='lat' dir='ltr'><strong>unam</strong></span> <span class='ocrx_word' id='word_1_241' title='bbox 1890 3459 2119 3528; x_wconf 82' lang='lat' dir='ltr'><strong>aliquam</strong></span> 
     </span>
    </p>
   </div>
   <div class='ocr_carea' id='block_1_33' title="bbox 535 3549 2120 3621">
    <p class='ocr_par' dir='ltr' id='par_1_33' title="bbox 535 3549 2120 3621">
     <span class='ocr_line' id='line_1_33' title="bbox 535 3549 2120 3621; baseline -0.001 -16"><span class='ocrx_word' id='word_1_242' title='bbox 535 3552 916 3613; x_wconf 82' lang='lat' dir='ltr'><strong>habitationem</strong></span> <span class='ocrx_word' id='word_1_243' title='bbox 946 3552 1481 3621; x_wconf 86' lang='lat' dir='ltr'><strong>congregationemve</strong></span> <span class='ocrx_word' id='word_1_244' title='bbox 1527 3549 1834 3614; x_wconf 90' lang='lat' dir='ltr'><strong>hominum;</strong></span> <span class='ocrx_word' id='word_1_245' title='bbox 1868 3550 1961 3603; x_wconf 92' lang='lat' dir='ltr'><strong>scd</strong></span> <span class='ocrx_word' id='word_1_246' title='bbox 2000 3550 2120 3619; x_wconf 93' lang='lat' dir='ltr'><strong>quia</strong></span> 
     </span>
    </p>
   </div>
   <div class='ocr_carea' id='block_1_34' title="bbox 536 3634 2122 3714">
    <p class='ocr_par' dir='ltr' id='par_1_34' title="bbox 536 3634 2122 3714">
     <span class='ocr_line' id='line_1_34' title="bbox 536 3634 2122 3714; baseline 0 -17"><span class='ocrx_word' id='word_1_247' title='bbox 536 3634 731 3714; x_wconf 85' lang='lat' dir='ltr'><strong>ubique</strong></span> <span class='ocrx_word' id='word_1_248' title='bbox 774 3643 921 3699; x_wconf 90' lang='lat' dir='ltr'><strong>novit</strong></span> <span class='ocrx_word' id='word_1_249' title='bbox 944 3658 1003 3699; x_wconf 89' lang='lat' dir='ltr'><strong>se</strong></span> <span class='ocrx_word' id='word_1_250' title='bbox 1055 3642 1348 3698; x_wconf 88' lang='lat' dir='ltr'><strong>seminasse</strong></span> <span class='ocrx_word' id='word_1_251' title='bbox 1393 3641 1842 3710; x_wconf 89' lang='lat' dir='ltr'><strong>benedictionem,</strong></span> <span class='ocrx_word' id='word_1_252' title='bbox 1892 3641 2122 3712; x_wconf 89' lang='lat' dir='ltr'><strong>undique</strong></span> 
     </span>
    </p>
   </div>
   <div class='ocr_carea' id='block_1_35' title="bbox 532 3735 1102 3805">
    <p class='ocr_par' dir='ltr' id='par_1_35' title="bbox 532 3735 1102 3805">
     <span class='ocr_line' id='line_1_35' title="bbox 532 3735 1102 3805; baseline -0.009 -14"><span class='ocrx_word' id='word_1_253' title='bbox 532 3736 695 3805; x_wconf 79' lang='lat' dir='ltr'><strong>exigit</strong></span> <span class='ocrx_word' id='word_1_254' title='bbox 711 3735 1102 3805; x_wconf 89' lang='lat' dir='ltr'><strong>jubilatiouem.</strong></span> 
     </span>
    </p>
   </div>
   <div class='ocr_carea' id='block_1_36' title="bbox 603 3824 2118 3900">
    <p class='ocr_par' dir='ltr' id='par_1_36' title="bbox 603 3824 2118 3900">
     <span class='ocr_line' id='line_1_36' title="bbox 603 3824 2118 3900; baseline -0.005 -17"><span class='ocrx_word' id='word_1_255' title='bbox 603 3829 655 3883; x_wconf 79' lang='grc'><strong>5.</strong></span> <span class='ocrx_word' id='word_1_256' title='bbox 681 3825 830 3900; x_wconf 73' lang='grc' dir='ltr'><strong>[υενε.</strong></span> <span class='ocrx_word' id='word_1_257' title='bbox 860 3824 940 3898; x_wconf 70' lang='grc'><strong>2.]</strong></span> <span class='ocrx_word' id='word_1_258' title='bbox 993 3824 1217 3880; x_wconf 83' lang='lat' dir='ltr'><strong>Jubilate</strong></span> <span class='ocrx_word' id='word_1_259' title='bbox 1240 3840 1368 3895; x_wconf 88' lang='lat' dir='ltr'><strong>ergo</strong></span> <span class='ocrx_word' id='word_1_260' title='bbox 1399 3824 1616 3879; x_wconf 88' lang='lat' dir='ltr'><strong>Domino</strong></span> <span class='ocrx_word' id='word_1_261' title='bbox 1645 3826 1684 3890; x_wconf 85' lang='grc'><strong>¹,</strong></span> <span class='ocrx_word' id='word_1_262' title='bbox 1715 3825 1946 3879; x_wconf 77' lang='lat' dir='ltr'><strong>universa</strong></span> <span class='ocrx_word' id='word_1_263' title='bbox 1966 3834 2118 3877; x_wconf 86' lang='lat' dir='ltr'><strong>terra.</strong></span> 
     </span>
    </p>
   </div>
   <div class='ocr_carea' id='block_1_37' title="bbox 528 3916 2123 3991">
    <p class='ocr_par' dir='ltr' id='par_1_37' title="bbox 528 3916 2123 3991">
     <span class='ocr_line' id='line_1_37' title="bbox 528 3916 2123 3991; baseline -0.003 -16"><span class='ocrx_word' id='word_1_264' title='bbox 528 3919 793 3991; x_wconf 82' lang='lat' dir='ltr'><strong>Numquid</strong></span> <span class='ocrx_word' id='word_1_265' title='bbox 817 3918 978 3974; x_wconf 89' lang='lat' dir='ltr'><strong>modo</strong></span> <span class='ocrx_word' id='word_1_266' title='bbox 1003 3932 1186 3973; x_wconf 88' lang='lat' dir='ltr'><strong>vocem</strong></span> <span class='ocrx_word' id='word_1_267' title='bbox 1218 3931 1389 3973; x_wconf 86' lang='lat' dir='ltr'><strong>meam</strong></span> <span class='ocrx_word' id='word_1_268' title='bbox 1417 3917 1562 3971; x_wconf 86' lang='lat' dir='ltr'><strong>audit</strong></span> <span class='ocrx_word' id='word_1_269' title='bbox 1583 3916 1827 3971; x_wconf 90' lang='lat' dir='ltr'><strong>universa</strong></span> <span class='ocrx_word' id='word_1_270' title='bbox 1859 3916 2037 3970; x_wconf 91' lang='lat' dir='ltr'><strong>terra?</strong></span> <span class='ocrx_word' id='word_1_271' title='bbox 2059 3917 2123 3970; x_wconf 85' lang='lat' dir='ltr'><strong>Et</strong></span> 
     </span>
    </p>
   </div>
   <div class='ocr_carea' id='block_1_38' title="bbox 530 4009 2119 4079">
    <p class='ocr_par' dir='ltr' id='par_1_38' title="bbox 530 4009 2119 4079">
     <span class='ocr_line' id='line_1_38' title="bbox 530 4009 2119 4079; baseline -0.003 -12"><span class='ocrx_word' id='word_1_272' title='bbox 530 4023 706 4068; x_wconf 89' lang='lat' dir='ltr'><strong>tamen</strong></span> <span class='ocrx_word' id='word_1_273' title='bbox 738 4013 874 4066; x_wconf 86' lang='lat' dir='ltr'><strong>hanc</strong></span> <span class='ocrx_word' id='word_1_274' title='bbox 904 4026 1091 4066; x_wconf 90' lang='lat' dir='ltr'><strong>vocem</strong></span> <span class='ocrx_word' id='word_1_275' title='bbox 1118 4010 1318 4065; x_wconf 88' lang='lat' dir='ltr'><strong>audivit</strong></span> <span class='ocrx_word' id='word_1_276' title='bbox 1349 4010 1593 4065; x_wconf 91' lang='lat' dir='ltr'><strong>universa</strong></span> <span class='ocrx_word' id='word_1_277' title='bbox 1620 4020 1782 4063; x_wconf 91' lang='lat' dir='ltr'><strong>terra.</strong></span> <span class='ocrx_word' id='word_1_278' title='bbox 1810 4009 1929 4064; x_wconf 81' lang='lat' dir='ltr'><strong>Jam</strong></span> <span class='ocrx_word' id='word_1_279' title='bbox 1974 4009 2119 4079; x_wconf 88' lang='lat' dir='ltr'><strong>jubi-</strong></span> 
     </span>
    </p>
   </div>
   <div class='ocr_carea' id='block_1_39' title="bbox 528 4099 2117 4170">
    <p class='ocr_par' dir='ltr' id='par_1_39' title="bbox 528 4099 2117 4170">
     <span class='ocr_line' id='line_1_39' title="bbox 528 4099 2117 4170; baseline -0.004 -10"><span class='ocrx_word' id='word_1_280' title='bbox 528 4107 602 4160; x_wconf 92' lang='lat' dir='ltr'><strong>lat</strong></span> <span class='ocrx_word' id='word_1_281' title='bbox 627 4104 855 4159; x_wconf 90' lang='lat' dir='ltr'><strong>Domino</strong></span> <span class='ocrx_word' id='word_1_282' title='bbox 888 4103 1132 4157; x_wconf 90' lang='lat' dir='ltr'><strong>universa</strong></span> <span class='ocrx_word' id='word_1_283' title='bbox 1164 4110 1304 4156; x_wconf 88' lang='lat' dir='ltr'><strong>terra</strong></span> <span class='ocrx_word' id='word_1_284' title='bbox 1327 4117 1341 4164; x_wconf 91' lang='lat'><strong>;</strong></span> <span class='ocrx_word' id='word_1_285' title='bbox 1362 4110 1413 4154; x_wconf 91' lang='lat' dir='ltr'><strong>et</strong></span> <span class='ocrx_word' id='word_1_286' title='bbox 1435 4116 1553 4170; x_wconf 63' lang='lat' dir='ltr'><strong>quae</strong></span> <span class='ocrx_word' id='word_1_287' title='bbox 1582 4099 1754 4154; x_wconf 85' lang='lat' dir='ltr'><strong>adhuc</strong></span> <span class='ocrx_word' id='word_1_288' title='bbox 1776 4117 1879 4154; x_wconf 91' lang='lat' dir='ltr'><strong>non</strong></span> <span class='ocrx_word' id='word_1_289' title='bbox 1904 4100 2117 4169; x_wconf 86' lang='lat' dir='ltr'><strong>jubilat,</strong></span> 
     </span>
    </p>
   </div>
   <div class='ocr_carea' id='block_1_40' title="bbox 525 4190 2120 4266">
    <p class='ocr_par' dir='ltr' id='par_1_40' title="bbox 525 4190 2120 4266">
     <span class='ocr_line' id='line_1_40' title="bbox 525 4190 2120 4266; baseline -0.002 -16"><span class='ocrx_word' id='word_1_290' title='bbox 525 4195 795 4266; x_wconf 85' lang='lat' dir='ltr'><strong>jubilabit.</strong></span> <span class='ocrx_word' id='word_1_291' title='bbox 826 4193 1157 4249; x_wconf 89' lang='lat' dir='ltr'><strong>Pertendens</strong></span> <span class='ocrx_word' id='word_1_292' title='bbox 1186 4193 1327 4246; x_wconf 86' lang='lat' dir='ltr'><strong>enim</strong></span> <span class='ocrx_word' id='word_1_293' title='bbox 1357 4190 1677 4257; x_wconf 88' lang='lat' dir='ltr'><strong>benedictio,</strong></span> <span class='ocrx_word' id='word_1_294' title='bbox 1700 4192 1986 4260; x_wconf 89' lang='lat' dir='ltr'><strong>incipiente</strong></span> <span class='ocrx_word' id='word_1_295' title='bbox 2016 4192 2120 4247; x_wconf 86' lang='lat' dir='ltr'><strong>Ec-</strong></span> 
     </span>
    </p>
   </div>
   <div class='ocr_carea' id='block_1_41' title="bbox 526 4283 2119 4354">
    <p class='ocr_par' dir='ltr' id='par_1_41' title="bbox 526 4283 2119 4354">
     <span class='ocr_line' id='line_1_41' title="bbox 526 4283 2119 4354; baseline -0.003 -13"><span class='ocrx_word' id='word_1_296' title='bbox 526 4286 693 4342; x_wconf 88' lang='lat' dir='ltr'><strong>clesia</strong></span> <span class='ocrx_word' id='word_1_297' title='bbox 737 4285 803 4339; x_wconf 89' lang='lat' dir='ltr'><strong>ab</strong></span> <span class='ocrx_word' id='word_1_298' title='bbox 844 4284 1141 4341; x_wconf 81' lang='lat' dir='ltr'><strong>Jerusalem</strong></span> <span class='ocrx_word' id='word_1_299' title='bbox 1184 4299 1282 4354; x_wconf 90' lang='lat' dir='ltr'><strong>per</strong></span> <span class='ocrx_word' id='word_1_300' title='bbox 1323 4297 1514 4337; x_wconf 91' lang='lat' dir='ltr'><strong>omnes</strong></span> <span class='ocrx_word' id='word_1_301' title='bbox 1553 4292 1738 4352; x_wconf 87' lang='lat' dir='ltr'><strong>gentes</strong></span> <span class='ocrx_word' id='word_1_302' title='bbox 1766 4283 1928 4353; x_wconf 84' lang='lat' dir='ltr'><strong>(Luc.</strong></span> <span class='ocrx_word' id='word_1_303' title='bbox 1972 4300 2119 4350; x_wconf 81' lang='lat' dir='ltr'><strong>xxw,</strong></span> 
     </span>
    </p>
   </div>
   <div class='ocr_carea' id='block_1_42' title="bbox 524 4373 2124 4448">
    <p class='ocr_par' dir='ltr' id='par_1_42' title="bbox 524 4373 2124 4448">
     <span class='ocr_line' id='line_1_42' title="bbox 524 4373 2124 4448; baseline -0.001 -16"><span class='ocrx_word' id='word_1_304' title='bbox 524 4373 657 4448; x_wconf 69' lang='lat'><strong>47),</strong></span> <span class='ocrx_word' id='word_1_305' title='bbox 701 4375 1025 4445; x_wconf 85' lang='lat' dir='ltr'><strong>impietatem</strong></span> <span class='ocrx_word' id='word_1_306' title='bbox 1055 4374 1252 4444; x_wconf 82' lang='lat' dir='ltr'><strong>ubique</strong></span> <span class='ocrx_word' id='word_1_307' title='bbox 1288 4374 1604 4443; x_wconf 90' lang='lat' dir='ltr'><strong>prosternit,</strong></span> <span class='ocrx_word' id='word_1_308' title='bbox 1638 4374 1883 4443; x_wconf 87' lang='lat' dir='ltr'><strong>pietatem</strong></span> <span class='ocrx_word' id='word_1_309' title='bbox 1930 4375 2124 4445; x_wconf 90' lang='lat' dir='ltr'><strong>ubique</strong></span> 
     </span>
    </p>
   </div>
   <div class='ocr_carea' id='block_1_43' title="bbox 524 4463 2126 4534">
    <p class='ocr_par' dir='ltr' id='par_1_43' title="bbox 524 4463 2126 4534">
     <span class='ocr_line' id='line_1_43' title="bbox 524 4463 2126 4534; baseline -0.003 -10"><span class='ocrx_word' id='word_1_310' title='bbox 524 4467 823 4524; x_wconf 88' lang='lat' dir='ltr'><strong>construit:</strong></span> <span class='ocrx_word' id='word_1_311' title='bbox 853 4474 907 4520; x_wconf 91' lang='lat' dir='ltr'><strong>et</strong></span> <span class='ocrx_word' id='word_1_312' title='bbox 943 4466 1092 4519; x_wconf 81' lang='lat' dir='ltr'><strong>mixti</strong></span> <span class='ocrx_word' id='word_1_313' title='bbox 1121 4473 1244 4519; x_wconf 89' lang='lat' dir='ltr'><strong>sunt</strong></span> <span class='ocrx_word' id='word_1_314' title='bbox 1268 4463 1391 4519; x_wconf 91' lang='lat' dir='ltr'><strong>boni</strong></span> <span class='ocrx_word' id='word_1_315' title='bbox 1423 4463 1594 4528; x_wconf 88' lang='lat' dir='ltr'><strong>malis,</strong></span> <span class='ocrx_word' id='word_1_316' title='bbox 1645 4474 1698 4518; x_wconf 91' lang='lat' dir='ltr'><strong>et</strong></span> <span class='ocrx_word' id='word_1_317' title='bbox 1726 4464 1850 4518; x_wconf 86' lang='lat' dir='ltr'><strong>mali</strong></span> <span class='ocrx_word' id='word_1_318' title='bbox 1898 4481 1989 4534; x_wconf 86' lang='lat' dir='ltr'><strong>per</strong></span> <span class='ocrx_word' id='word_1_319' title='bbox 2010 4480 2126 4520; x_wconf 86' lang='lat' dir='ltr'><strong>om-</strong></span> 
     </span>
    </p>
   </div>
   <div class='ocr_carea' id='block_1_44' title="bbox 524 4556 2123 4626">
    <p class='ocr_par' dir='ltr' id='par_1_44' title="bbox 524 4556 2123 4626">
     <span class='ocr_line' id='line_1_44' title="bbox 524 4556 2123 4626; baseline -0.003 -10"><span class='ocrx_word' id='word_1_320' title='bbox 524 4575 649 4616; x_wconf 87' lang='lat' dir='ltr'><strong>nem</strong></span> <span class='ocrx_word' id='word_1_321' title='bbox 681 4566 899 4621; x_wconf 89' lang='lat' dir='ltr'><strong>terram,</strong></span> <span class='ocrx_word' id='word_1_322' title='bbox 928 4566 980 4611; x_wconf 91' lang='lat' dir='ltr'><strong>et</strong></span> <span class='ocrx_word' id='word_1_323' title='bbox 1020 4556 1144 4611; x_wconf 90' lang='lat' dir='ltr'><strong>boni</strong></span> <span class='ocrx_word' id='word_1_324' title='bbox 1187 4571 1282 4626; x_wconf 91' lang='lat' dir='ltr'><strong>per</strong></span> <span class='ocrx_word' id='word_1_325' title='bbox 1321 4570 1537 4611; x_wconf 89' lang='lat' dir='ltr'><strong>omnem</strong></span> <span class='ocrx_word' id='word_1_326' title='bbox 1594 4565 1809 4611; x_wconf 86' lang='lat' dir='ltr'><strong>terram.</strong></span> <span class='ocrx_word' id='word_1_327' title='bbox 1858 4557 1915 4611; x_wconf 81' lang='lat' dir='ltr'><strong>in</strong></span> <span class='ocrx_word' id='word_1_328' title='bbox 1970 4557 2123 4612; x_wconf 91' lang='lat' dir='ltr'><strong>malis</strong></span> 
     </span>
    </p>
   </div>
   <div class='ocr_carea' id='block_1_45' title="bbox 523 4649 2124 4719">
    <p class='ocr_par' dir='ltr' id='par_1_45' title="bbox 523 4649 2124 4719">
     <span class='ocr_line' id='line_1_45' title="bbox 523 4649 2124 4719; baseline -0.003 -9"><span class='ocrx_word' id='word_1_329' title='bbox 523 4661 821 4710; x_wconf 89' lang='lat' dir='ltr'><strong>murmurat</strong></span> <span class='ocrx_word' id='word_1_330' title='bbox 890 4652 1065 4707; x_wconf 91' lang='lat' dir='ltr'><strong>omnis</strong></span> <span class='ocrx_word' id='word_1_331' title='bbox 1135 4660 1319 4717; x_wconf 90' lang='lat' dir='ltr'><strong>terra,</strong></span> <span class='ocrx_word' id='word_1_332' title='bbox 1377 4650 1429 4704; x_wconf 92' lang='lat' dir='ltr'><strong>in</strong></span> <span class='ocrx_word' id='word_1_333' title='bbox 1496 4651 1651 4705; x_wconf 87' lang='lat' dir='ltr'><strong>bonis</strong></span> <span class='ocrx_word' id='word_1_334' title='bbox 1696 4649 1889 4719; x_wconf 89' lang='lat' dir='ltr'><strong>jubilat</strong></span> <span class='ocrx_word' id='word_1_335' title='bbox 1949 4652 2124 4705; x_wconf 89' lang='lat' dir='ltr'><strong>omnis</strong></span> 
     </span>
    </p>
   </div>
   <div class='ocr_carea' id='block_1_46' title="bbox 521 4741 2123 4814">
    <p class='ocr_par' dir='ltr' id='par_1_46' title="bbox 521 4741 2123 4814">
     <span class='ocr_line' id='line_1_46' title="bbox 521 4741 2123 4814; baseline -0.005 -11"><span class='ocrx_word' id='word_1_336' title='bbox 521 4760 684 4806; x_wconf 85' lang='lat' dir='ltr'><strong>terra.</strong></span> <span class='ocrx_word' id='word_1_337' title='bbox 713 4745 851 4814; x_wconf 83' lang='lat' dir='ltr'><strong>Quid</strong></span> <span class='ocrx_word' id='word_1_338' title='bbox 871 4753 951 4801; x_wconf 89' lang='lat' dir='ltr'><strong>est</strong></span> <span class='ocrx_word' id='word_1_339' title='bbox 978 4759 1107 4814; x_wconf 87' lang='lat' dir='ltr'><strong>ergo</strong></span> <span class='ocrx_word' id='word_1_340' title='bbox 1125 4743 1390 4812; x_wconf 83' lang='lat' dir='ltr'><strong>jubilare?</strong></span> <span class='ocrx_word' id='word_1_341' title='bbox 1416 4741 1634 4797; x_wconf 80' lang='lat' dir='ltr'><strong>Multum</strong></span> <span class='ocrx_word' id='word_1_342' title='bbox 1660 4743 1800 4797; x_wconf 89' lang='lat' dir='ltr'><strong>enim</strong></span> <span class='ocrx_word' id='word_1_343' title='bbox 1823 4757 1920 4797; x_wconf 89' lang='lat' dir='ltr'><strong>nos</strong></span> <span class='ocrx_word' id='word_1_344' title='bbox 1946 4750 2123 4796; x_wconf 74' lang='lat' dir='ltr'><strong>atten~</strong></span> 
     </span>
    </p>
   </div>
   <div class='ocr_carea' id='block_1_47' title="bbox 522 4833 2120 4904">
    <p class='ocr_par' dir='ltr' id='par_1_47' title="bbox 522 4833 2120 4904">
     <span class='ocr_line' id='line_1_47' title="bbox 522 4833 2120 4904; baseline -0.002 -12"><span class='ocrx_word' id='word_1_345' title='bbox 522 4852 605 4894; x_wconf 88' lang='lat' dir='ltr'><strong>tOS</strong></span> <span class='ocrx_word' id='word_1_346' title='bbox 634 4838 763 4894; x_wconf 88' lang='lat' dir='ltr'><strong>facit</strong></span> <span class='ocrx_word' id='word_1_347' title='bbox 788 4836 859 4892; x_wconf 87' lang='lat' dir='ltr'><strong>ad</strong></span> <span class='ocrx_word' id='word_1_348' title='bbox 893 4839 913 4868; x_wconf 82' lang='grc'>³</span> <span class='ocrx_word' id='word_1_349' title='bbox 938 4837 1041 4891; x_wconf 89' lang='lat' dir='ltr'><strong>hoc</strong></span> <span class='ocrx_word' id='word_1_350' title='bbox 1071 4835 1291 4890; x_wconf 87' lang='lat' dir='ltr'><strong>verbum</strong></span> <span class='ocrx_word' id='word_1_351' title='bbox 1323 4844 1378 4889; x_wconf 88' lang='lat' dir='ltr'><strong>et</strong></span> <span class='ocrx_word' id='word_1_352' title='bbox 1396 4835 1673 4904; x_wconf 65' lang='lat' dir='ltr'><strong>praesentis</strong></span> <span class='ocrx_word' id='word_1_353' title='bbox 1699 4834 1885 4903; x_wconf 88' lang='lat' dir='ltr'><strong>psalmi</strong></span> <span class='ocrx_word' id='word_1_354' title='bbox 1918 4833 2120 4897; x_wconf 90' lang='lat' dir='ltr'><strong>titulus,</strong></span> 
     </span>
    </p>
   </div>
   <div class='ocr_carea' id='block_1_48' title="bbox 517 4924 2121 5003">
    <p class='ocr_par' dir='ltr' id='par_1_48' title="bbox 517 4924 2121 5003">
     <span class='ocr_line' id='line_1_48' title="bbox 517 4924 2121 5003; baseline -0.005 -15"><span class='ocrx_word' id='word_1_355' title='bbox 517 4933 644 5003; x_wconf 83' lang='lat' dir='ltr'><strong>quia</strong></span> <span class='ocrx_word' id='word_1_356' title='bbox 671 4930 979 4988; x_wconf 87' lang='lat' dir='ltr'><strong>inscribitur</strong></span> <span class='ocrx_word' id='word_1_357' title='bbox 998 4970 1011 4994; x_wconf 94' lang='lat'><strong>,</strong></span> <span class='ocrx_word' id='word_1_358' title='bbox 1042 4928 1109 4982; x_wconf 79' lang='lat' dir='ltr'><strong>In</strong></span> <span class='ocrx_word' id='word_1_359' title='bbox 1136 4928 1470 4998; x_wconf 76' lang='lat' dir='ltr'><strong>confessione.</strong></span> <span class='ocrx_word' id='word_1_360' title='bbox 1496 4926 1631 4994; x_wconf 85' lang='lat' dir='ltr'><strong>Quid</strong></span> <span class='ocrx_word' id='word_1_361' title='bbox 1678 4935 1778 4990; x_wconf 87' lang='lat' dir='ltr'><strong>est,</strong></span> <span class='ocrx_word' id='word_1_362' title='bbox 1830 4926 1883 4980; x_wconf 91' lang='lat' dir='ltr'><strong>in</strong></span> <span class='ocrx_word' id='word_1_363' title='bbox 1909 4924 2121 4980; x_wconf 89' lang='lat' dir='ltr'><strong>confes-</strong></span> 
     </span>
    </p>
   </div>
   <div class='ocr_carea' id='block_1_49' title="bbox 519 5018 2123 5096">
    <p class='ocr_par' dir='ltr' id='par_1_49' title="bbox 519 5018 2123 5096">
     <span class='ocr_line' id='line_1_49' title="bbox 519 5018 2123 5096; baseline -0.006 -15"><span class='ocrx_word' id='word_1_364' title='bbox 519 5023 949 5096; x_wconf 76' lang='lat' dir='ltr'><strong>sionejubilare‘?</strong></span> <span class='ocrx_word' id='word_1_365' title='bbox 977 5021 1071 5075; x_wconf 85' lang='lat' dir='ltr'><strong>Est</strong></span> <span class='ocrx_word' id='word_1_366' title='bbox 1096 5019 1317 5075; x_wconf 85' lang='lat' dir='ltr'><strong>alterius</strong></span> <span class='ocrx_word' id='word_1_367' title='bbox 1338 5018 1612 5088; x_wconf 88' lang='lat' dir='ltr'><strong>cujusdam</strong></span> <span class='ocrx_word' id='word_1_368' title='bbox 1669 5018 1857 5087; x_wconf 90' lang='lat' dir='ltr'><strong>psalmi</strong></span> <span class='ocrx_word' id='word_1_369' title='bbox 1904 5026 2123 5073; x_wconf 87' lang='lat' dir='ltr'><strong>senten-</strong></span> 
     </span>
    </p>
   </div>
   <div class='ocr_carea' id='block_1_50' title="bbox 520 5108 2125 5183">
    <p class='ocr_par' dir='ltr' id='par_1_50' title="bbox 520 5108 2125 5183">
     <span class='ocr_line' id='line_1_50' title="bbox 520 5108 2125 5183; baseline -0.004 -15"><span class='ocrx_word' id='word_1_370' title='bbox 520 5116 591 5169; x_wconf 87' lang='lat' dir='ltr'><strong>tia</strong></span> <span class='ocrx_word' id='word_1_371' title='bbox 618 5115 844 5171; x_wconf 88' lang='lat' dir='ltr'><strong>dicentis</strong></span> <span class='ocrx_word' id='word_1_372' title='bbox 864 5155 879 5180; x_wconf 97' lang='lat'><strong>,</strong></span> <span class='ocrx_word' id='word_1_373' title='bbox 915 5112 1100 5167; x_wconf 75' lang='lat' dir='ltr'><strong>Beatus</strong></span> <span class='ocrx_word' id='word_1_374' title='bbox 1122 5110 1341 5183; x_wconf 77' lang='lat' dir='ltr'><strong>populus</strong></span> <span class='ocrx_word' id='word_1_375' title='bbox 1387 5110 1472 5179; x_wconf 84' lang='lat' dir='ltr'><strong>qui</strong></span> <span class='ocrx_word' id='word_1_376' title='bbox 1502 5109 1736 5177; x_wconf 81' lang='lat' dir='ltr'><strong>intelligit</strong></span> <span class='ocrx_word' id='word_1_377' title='bbox 1766 5108 2125 5178; x_wconf 85' lang='lat' dir='ltr'><strong>jnbilalionem</strong></span> 
     </span>
    </p>
   </div>
   <div class='ocr_carea' id='block_1_51' title="bbox 521 5198 2121 5278">
    <p class='ocr_par' dir='ltr' id='par_1_51' title="bbox 521 5198 2121 5278">
     <span class='ocr_line' id='line_1_51' title="bbox 521 5198 2121 5278; baseline -0.005 -18"><span class='ocrx_word' id='word_1_378' title='bbox 521 5205 692 5278; x_wconf 81' lang='lat' dir='ltr'><strong>(Psal.</strong></span> <span class='ocrx_word' id='word_1_379' title='bbox 724 5219 977 5269; x_wconf 82' lang='lat' dir='ltr'><strong>Lxxxvm,</strong></span> <span class='ocrx_word' id='word_1_380' title='bbox 1025 5201 1131 5273; x_wconf 86' lang='grc'><strong>16)</strong></span> <span class='ocrx_word' id='word_1_381' title='bbox 1161 5220 1173 5255; x_wconf 90' lang='lat'><strong>:</strong></span> <span class='ocrx_word' id='word_1_382' title='bbox 1205 5202 1443 5272; x_wconf 88' lang='lat' dir='ltr'><strong>profecto</strong></span> <span class='ocrx_word' id='word_1_383' title='bbox 1472 5215 1719 5270; x_wconf 87' lang='lat' dir='ltr'><strong>tnagnum</strong></span> <span class='ocrx_word' id='word_1_384' title='bbox 1774 5198 1971 5269; x_wconf 89' lang='lat' dir='ltr'><strong>aliquid</strong></span> <span class='ocrx_word' id='word_1_385' title='bbox 2020 5207 2121 5265; x_wconf 90' lang='lat' dir='ltr'><strong>est,</strong></span> 
     </span>
    </p>
   </div>
   <div class='ocr_carea' id='block_1_52' title="bbox 522 5291 2124 5369">
    <p class='ocr_par' dir='ltr' id='par_1_52' title="bbox 522 5291 2124 5369">
     <span class='ocr_line' id='line_1_52' title="bbox 522 5291 2124 5369; baseline -0.004 -18"><span class='ocrx_word' id='word_1_386' title='bbox 522 5298 664 5369; x_wconf 82' lang='lat' dir='ltr'><strong>quod</strong></span> <span class='ocrx_word' id='word_1_387' title='bbox 693 5297 1023 5351; x_wconf 90' lang='lat' dir='ltr'><strong>intellectum</strong></span> <span class='ocrx_word' id='word_1_388' title='bbox 1059 5295 1242 5349; x_wconf 84' lang='lat' dir='ltr'><strong>beatos</strong></span> <span class='ocrx_word' id='word_1_389' title='bbox 1296 5294 1443 5349; x_wconf 89' lang='lat' dir='ltr'><strong>facit.</strong></span> <span class='ocrx_word' id='word_1_390' title='bbox 1491 5293 1748 5348; x_wconf 89' lang='lat' dir='ltr'><strong>Dominus</strong></span> <span class='ocrx_word' id='word_1_391' title='bbox 1800 5306 1930 5361; x_wconf 88' lang='lat' dir='ltr'><strong>ergo</strong></span> <span class='ocrx_word' id='word_1_392' title='bbox 1985 5291 2124 5346; x_wconf 89' lang='lat' dir='ltr'><strong>Deus</strong></span> 
     </span>
    </p>
   </div>
   <div class='ocr_carea' id='block_1_53' title="bbox 521 5384 2126 5454">
    <p class='ocr_par' dir='ltr' id='par_1_53' title="bbox 521 5384 2126 5454">
     <span class='ocr_line' id='line_1_53' title="bbox 521 5384 2126 5454; baseline -0.004 -9"><span class='ocrx_word' id='word_1_393' title='bbox 521 5399 704 5445; x_wconf 88' lang='lat' dir='ltr'><strong>noster</strong></span> <span class='ocrx_word' id='word_1_394' title='bbox 722 5388 1051 5443; x_wconf 85' lang='lat' dir='ltr'><strong>beatiiieator</strong></span> <span class='ocrx_word' id='word_1_395' title='bbox 1075 5385 1367 5453; x_wconf 91' lang='lat' dir='ltr'><strong>hominum,</strong></span> <span class='ocrx_word' id='word_1_396' title='bbox 1394 5386 1486 5441; x_wconf 90' lang='lat' dir='ltr'><strong>det</strong></span> <span class='ocrx_word' id='word_1_397' title='bbox 1510 5384 1638 5440; x_wconf 82' lang='lat' dir='ltr'><strong>milii</strong></span> <span class='ocrx_word' id='word_1_398' title='bbox 1666 5384 1961 5454; x_wconf 46' lang='lat' dir='ltr'><strong>intelligere</strong></span> <span class='ocrx_word' id='word_1_399' title='bbox 1985 5385 2126 5454; x_wconf 91' lang='lat' dir='ltr'><strong>quod</strong></span> 
     </span>
    </p>
   </div>
   <div class='ocr_carea' id='block_1_54' title="bbox 521 5465 2127 5553">
    <p class='ocr_par' dir='ltr' id='par_1_54' title="bbox 521 5465 2127 5553">
     <span class='ocr_line' id='line_1_54' title="bbox 521 5465 2127 5553; baseline -0.004 -17"><span class='ocrx_word' id='word_1_400' title='bbox 521 5481 716 5553; x_wconf 69' lang='lat' dir='ltr'><strong>dicam,</strong></span> <span class='ocrx_word' id='word_1_401' title='bbox 744 5477 835 5547; x_wconf 68' lang='lat' dir='ltr'><strong>det</strong></span> <span class='ocrx_word' id='word_1_402' title='bbox 856 5475 1008 5551; x_wconf 61' lang='lat' dir='ltr'><strong>xobis</strong></span> <span class='ocrx_word' id='word_1_403' title='bbox 1031 5474 1326 5547; x_wconf 67' lang='lat' dir='ltr'><strong>intelligere</strong></span> <span class='ocrx_word' id='word_1_404' title='bbox 1337 5465 1697 5544; x_wconf 57' lang='lat' dir='ltr'><strong>ﬁlms</strong></span> <span class='ocrx_word' id='word_1_405' title='bbox 1722 5493 1734 5528; x_wconf 85' lang='lat'>:</span> <span class='ocrx_word' id='word_1_406' title='bbox 1756 5465 1939 5530; x_wconf 73' lang='lat' dir='ltr'><strong>Beatus</strong></span> <span class='ocrx_word' id='word_1_407' title='bbox 1966 5487 2127 5546; x_wconf 77' lang='lat' dir='ltr'><strong>popu’</strong></span> 
     </span>
    </p>
   </div>
   <div class='ocr_carea' id='block_1_55' title="bbox 523 5566 2129 5643">
    <p class='ocr_par' dir='ltr' id='par_1_55' title="bbox 523 5566 2129 5643">
     <span class='ocr_line' id='line_1_55' title="bbox 523 5566 2129 5643; baseline -0.004 -14"><span class='ocrx_word' id='word_1_408' title='bbox 523 5575 601 5629; x_wconf 76' lang='grc' dir='ltr'><strong>ιω</strong></span> <span class='ocrx_word' id='word_1_409' title='bbox 625 5571 713 5643; x_wconf 88' lang='lat' dir='ltr'><strong>qui</strong></span> <span class='ocrx_word' id='word_1_410' title='bbox 763 5568 997 5639; x_wconf 81' lang='lat' dir='ltr'><strong>intelligit</strong></span> <span class='ocrx_word' id='word_1_411' title='bbox 1033 5566 1404 5639; x_wconf 79' lang='lat' dir='ltr'><strong>jubilationem.</strong></span> <span class='ocrx_word' id='word_1_412' title='bbox 1430 5568 1716 5623; x_wconf 84' lang='lat' dir='ltr'><strong>Curramus</strong></span> <span class='ocrx_word' id='word_1_413' title='bbox 1751 5584 1876 5639; x_wconf 89' lang='lat' dir='ltr'><strong>ergo</strong></span> <span class='ocrx_word' id='word_1_414' title='bbox 1899 5568 1963 5622; x_wconf 91' lang='lat' dir='ltr'><strong>ad</strong></span> <span class='ocrx_word' id='word_1_415' title='bbox 1993 5568 2129 5623; x_wconf 89' lang='lat' dir='ltr'><strong>hanc</strong></span> 
     </span>
    </p>
   </div>
   <div class='ocr_carea' id='block_1_56' title="bbox 525 5660 2125 5733">
    <p class='ocr_par' dir='ltr' id='par_1_56' title="bbox 525 5660 2125 5733">
     <span class='ocr_line' id='line_1_56' title="bbox 525 5660 2125 5733; baseline -0.006 -10"><span class='ocrx_word' id='word_1_416' title='bbox 525 5666 947 5732; x_wconf 88' lang='lat' dir='ltr'><strong>beatitudinem,</strong></span> <span class='ocrx_word' id='word_1_417' title='bbox 1003 5662 1359 5733; x_wconf 84' lang='lat' dir='ltr'><strong>intelligamus</strong></span> <span class='ocrx_word' id='word_1_418' title='bbox 1408 5660 1813 5730; x_wconf 86' lang='lat' dir='ltr'><strong>jubilationem,</strong></span> <span class='ocrx_word' id='word_1_419' title='bbox 1863 5676 1965 5715; x_wconf 90' lang='lat' dir='ltr'><strong>non</strong></span> <span class='ocrx_word' id='word_1_420' title='bbox 2008 5677 2125 5716; x_wconf 88' lang='lat' dir='ltr'><strong>eam</strong></span> 
     </span>
    </p>
   </div>
   <div class='ocr_carea' id='block_1_57' title="bbox 593 5795 1919 5861">
    <p class='ocr_par' dir='ltr' id='par_1_57' title="bbox 593 5795 1919 5861">
     <span class='ocr_line' id='line_1_57' title="bbox 593 5795 1919 5861; baseline -0.005 -13"><span class='ocrx_word' id='word_1_421' title='bbox 593 5802 608 5832; x_wconf 76' lang='grc' dir='ltr'>ι</span> <span class='ocrx_word' id='word_1_422' title='bbox 634 5800 769 5861; x_wconf 65' lang='lat' dir='ltr'><strong>add,</strong></span> <span class='ocrx_word' id='word_1_423' title='bbox 799 5810 910 5851; x_wconf 84' lang='lat' dir='ltr'><strong>Deo.</strong></span> <span class='ocrx_word' id='word_1_424' title='bbox 933 5807 986 5850; x_wconf 79' lang='lat' dir='ltr'><strong>At</strong></span> <span class='ocrx_word' id='word_1_425' title='bbox 1012 5799 1233 5861; x_wconf 74' lang='lat' dir='ltr'><strong>plerique</strong></span> <span class='ocrx_word' id='word_1_426' title='bbox 1260 5804 1360 5845; x_wconf 66' lang='lat' dir='ltr'><strong>Mss.</strong></span> <span class='ocrx_word' id='word_1_427' title='bbox 1393 5798 1529 5861; x_wconf 75' lang='lat' dir='ltr'><strong>juxta</strong></span> <span class='ocrx_word' id='word_1_428' title='bbox 1555 5802 1681 5852; x_wconf 69' lang='lat' dir='ltr'><strong>txx,</strong></span> <span class='ocrx_word' id='word_1_429' title='bbox 1717 5795 1919 5861; x_wconf 81' lang='lat' dir='ltr'><strong>Domino.</strong></span> 
     </span>
    </p>
   </div>
   <div class='ocr_carea' id='block_1_58' title="bbox 596 5858 1783 5918">
    <p class='ocr_par' dir='ltr' id='par_1_58' title="bbox 596 5858 1783 5918">
     <span class='ocr_line' id='line_1_58' title="bbox 596 5858 1783 5918; baseline -0.008 -5"><span class='ocrx_word' id='word_1_430' title='bbox 596 5865 612 5893; x_wconf 78' lang='grc'><strong>³</strong></span> <span class='ocrx_word' id='word_1_431' title='bbox 637 5864 709 5913; x_wconf 77' lang='lat' dir='ltr'><strong>Sic</strong></span> <span class='ocrx_word' id='word_1_432' title='bbox 729 5858 827 5911; x_wconf 71' lang='lat' dir='ltr'><strong>Ani.</strong></span> <span class='ocrx_word' id='word_1_433' title='bbox 850 5870 901 5913; x_wconf 81' lang='lat' dir='ltr'><strong>et</strong></span> <span class='ocrx_word' id='word_1_434' title='bbox 921 5858 1025 5913; x_wconf 50' lang='lat' dir='ltr'><strong>Mss:</strong></span> <span class='ocrx_word' id='word_1_435' title='bbox 1057 5869 1107 5909; x_wconf 69' lang='lat' dir='ltr'><strong>At</strong></span> <span class='ocrx_word' id='word_1_436' title='bbox 1134 5858 1204 5909; x_wconf 61' lang='lat' dir='ltr'><strong>Er.</strong></span> <span class='ocrx_word' id='word_1_437' title='bbox 1234 5866 1284 5909; x_wconf 85' lang='lat' dir='ltr'><strong>et</strong></span> <span class='ocrx_word' id='word_1_438' title='bbox 1307 5865 1411 5909; x_wconf 85' lang='lat' dir='ltr'><strong>Lov.</strong></span> <span class='ocrx_word' id='word_1_439' title='bbox 1434 5859 1675 5918; x_wconf 85' lang='lat' dir='ltr'><strong>omittunt,</strong></span> <span class='ocrx_word' id='word_1_440' title='bbox 1704 5858 1783 5904; x_wconf 81' lang='lat' dir='ltr'><strong>ml.</strong></span> 
     </span>
    </p>
   </div>
   <div class='ocr_carea' id='block_1_59' title="bbox 1765 367 2573 445">
    <p class='ocr_par' dir='ltr' id='par_1_59' title="bbox 1765 367 2573 445">
     <span class='ocr_line' id='line_1_59' title="bbox 1765 367 2573 445; baseline 0.004 -9"><span class='ocrx_word' id='word_1_441' title='bbox 1765 370 1821 437; x_wconf 84' lang='lat' dir='ltr'><strong>S.</strong></span> <span class='ocrx_word' id='word_1_442' title='bbox 1864 367 2230 436; x_wconf 80' lang='lat' dir='ltr'><strong>AUGUSTINI</strong></span> <span class='ocrx_word' id='word_1_443' title='bbox 2272 372 2573 445; x_wconf 75' lang='lat' dir='ltr'><strong>EPISCOPl</strong></span> 
     </span>
    </p>
   </div>
   <div class='ocr_carea' id='block_1_60' title="bbox 3715 408 3845 464">
    <p class='ocr_par' dir='ltr' id='par_1_60' title="bbox 3715 408 3845 464">
     <span class='ocr_line' id='line_1_60' title="bbox 3715 408 3845 464; baseline 0.023 -3"><span class='ocrx_word' id='word_1_444' title='bbox 3715 408 3845 464; x_wconf 64' lang='grc' dir='ltr'><strong>ηπ</strong></span> 
     </span>
    </p>
   </div>
   <div class='ocr_carea' id='block_1_61' title="bbox 2233 500 3838 588">
    <p class='ocr_par' dir='ltr' id='par_1_61' title="bbox 2233 500 3838 588">
     <span class='ocr_line' id='line_1_61' title="bbox 2233 500 3838 588; baseline 0.016 -33"><span class='ocrx_word' id='word_1_445' title='bbox 2233 500 2347 555; x_wconf 89' lang='lat' dir='ltr'><strong>sine</strong></span> <span class='ocrx_word' id='word_1_446' title='bbox 2375 502 2644 558; x_wconf 83' lang='lat' dir='ltr'><strong>intellectu</strong></span> <span class='ocrx_word' id='word_1_447' title='bbox 2672 504 2972 562; x_wconf 88' lang='lat' dir='ltr'><strong>fundamus.</strong></span> <span class='ocrx_word' id='word_1_448' title='bbox 3014 511 3155 579; x_wconf 83' lang='lat' dir='ltr'><strong>Quid</strong></span> <span class='ocrx_word' id='word_1_449' title='bbox 3197 529 3337 585; x_wconf 91' lang='lat' dir='ltr'><strong>opus</strong></span> <span class='ocrx_word' id='word_1_450' title='bbox 3368 526 3460 574; x_wconf 86' lang='lat' dir='ltr'><strong>est</strong></span> <span class='ocrx_word' id='word_1_451' title='bbox 3482 518 3726 588; x_wconf 87' lang='lat' dir='ltr'><strong>jubilare</strong></span> <span class='ocrx_word' id='word_1_452' title='bbox 3753 530 3838 581; x_wconf 83' lang='lat' dir='ltr'><strong>etl</strong></span> 
     </span>
    </p>
   </div>
   <div class='ocr_carea' id='block_1_62' title="bbox 2228 594 3838 681">
    <p class='ocr_par' dir='ltr' id='par_1_62' title="bbox 2228 594 3838 681">
     <span class='ocr_line' id='line_1_62' title="bbox 2228 594 3838 681; baseline 0.015 -34"><span class='ocrx_word' id='word_1_453' title='bbox 2228 594 2598 664; x_wconf 88' lang='lat' dir='ltr'><strong>obtemperare</strong></span> <span class='ocrx_word' id='word_1_454' title='bbox 2624 597 2750 654; x_wconf 85' lang='lat' dir='ltr'><strong>huic</strong></span> <span class='ocrx_word' id='word_1_455' title='bbox 2778 601 2978 669; x_wconf 85' lang='lat' dir='ltr'><strong>psalmo</strong></span> <span class='ocrx_word' id='word_1_456' title='bbox 3023 604 3238 672; x_wconf 88' lang='lat' dir='ltr'><strong>dicenti,</strong></span> <span class='ocrx_word' id='word_1_457' title='bbox 3289 609 3541 665; x_wconf 81' lang='lat' dir='ltr'><strong>Juln‘lute</strong></span> <span class='ocrx_word' id='word_1_458' title='bbox 3567 612 3703 681; x_wconf 82' lang='lat' dir='ltr'><strong>Deo,</strong></span> <span class='ocrx_word' id='word_1_459' title='bbox 3734 632 3838 670; x_wconf 86' lang='lat' dir='ltr'><strong>om-</strong></span> 
     </span>
    </p>
   </div>
   <div class='ocr_carea' id='block_1_63' title="bbox 2230 688 3839 765">
    <p class='ocr_par' dir='ltr' id='par_1_63' title="bbox 2230 688 3839 765">
     <span class='ocr_line' id='line_1_63' title="bbox 2230 688 3839 765; baseline 0.016 -30"><span class='ocrx_word' id='word_1_460' title='bbox 2230 688 2305 737; x_wconf 77' lang='lat' dir='ltr'><strong>nis</strong></span> <span class='ocrx_word' id='word_1_461' title='bbox 2334 694 2483 751; x_wconf 81' lang='lat' dir='ltr'><strong>terra,</strong></span> <span class='ocrx_word' id='word_1_462' title='bbox 2516 696 2569 741; x_wconf 91' lang='lat' dir='ltr'><strong>et</strong></span> <span class='ocrx_word' id='word_1_463' title='bbox 2611 702 2715 743; x_wconf 90' lang='lat' dir='ltr'><strong>non</strong></span> <span class='ocrx_word' id='word_1_464' title='bbox 2752 689 3047 762; x_wconf 85' lang='lat' dir='ltr'><strong>intelligere</strong></span> <span class='ocrx_word' id='word_1_465' title='bbox 3065 694 3479 765; x_wconf 85' lang='lat' dir='ltr'><strong>jubilationem,</strong></span> <span class='ocrx_word' id='word_1_466' title='bbox 3514 709 3574 755; x_wconf 88' lang='lat' dir='ltr'><strong>ut</strong></span> <span class='ocrx_word' id='word_1_467' title='bbox 3616 718 3716 759; x_wconf 84' lang='lat' dir='ltr'><strong>vox</strong></span> <span class='ocrx_word' id='word_1_468' title='bbox 3749 723 3839 761; x_wconf 88' lang='lat' dir='ltr'><strong>uo-</strong></span> 
     </span>
    </p>
   </div>
   <div class='ocr_carea' id='block_1_64' title="bbox 2228 780 3840 858">
    <p class='ocr_par' dir='ltr' id='par_1_64' title="bbox 2228 780 3840 858">
     <span class='ocr_line' id='line_1_64' title="bbox 2228 780 3840 858; baseline 0.016 -28"><span class='ocrx_word' id='word_1_469' title='bbox 2228 785 2335 831; x_wconf 92' lang='lat' dir='ltr'><strong>stra</strong></span> <span class='ocrx_word' id='word_1_470' title='bbox 2362 780 2472 833; x_wconf 89' lang='lat' dir='ltr'><strong>sola</strong></span> <span class='ocrx_word' id='word_1_471' title='bbox 2494 780 2703 849; x_wconf 89' lang='lat' dir='ltr'><strong>jubilet,</strong></span> <span class='ocrx_word' id='word_1_472' title='bbox 2736 793 2788 839; x_wconf 91' lang='lat' dir='ltr'><strong>et</strong></span> <span class='ocrx_word' id='word_1_473' title='bbox 2816 799 2910 840; x_wconf 90' lang='lat' dir='ltr'><strong>cor</strong></span> <span class='ocrx_word' id='word_1_474' title='bbox 2949 801 3052 842; x_wconf 92' lang='lat' dir='ltr'><strong>non</strong></span> <span class='ocrx_word' id='word_1_475' title='bbox 3068 788 3258 858; x_wconf 89' lang='lat' dir='ltr'><strong>jubilet</strong></span> <span class='ocrx_word' id='word_1_476' title='bbox 3275 792 3302 846; x_wconf 85' lang='lat'><strong>?</strong></span> <span class='ocrx_word' id='word_1_477' title='bbox 3330 791 3525 850; x_wconf 87' lang='lat' dir='ltr'><strong>Sonus</strong></span> <span class='ocrx_word' id='word_1_478' title='bbox 3550 795 3699 850; x_wconf 91' lang='lat' dir='ltr'><strong>enim</strong></span> <span class='ocrx_word' id='word_1_479' title='bbox 3724 813 3840 854; x_wconf 88' lang='lat' dir='ltr'><strong>cor-</strong></span> 
     </span>
    </p>
   </div>
   <div class='ocr_carea' id='block_1_65' title="bbox 2228 866 2787 934">
    <p class='ocr_par' dir='ltr' id='par_1_65' title="bbox 2228 866 2787 934">
     <span class='ocr_line' id='line_1_65' title="bbox 2228 866 2787 934; baseline 0.009 -12"><span class='ocrx_word' id='word_1_480' title='bbox 2228 866 2331 934; x_wconf 89' lang='lat' dir='ltr'><strong>dis,</strong></span> <span class='ocrx_word' id='word_1_481' title='bbox 2359 870 2660 927; x_wconf 90' lang='lat' dir='ltr'><strong>intellectus</strong></span> <span class='ocrx_word' id='word_1_482' title='bbox 2685 884 2787 929; x_wconf 89' lang='lat' dir='ltr'><strong>est.</strong></span> 
     </span>
    </p>
   </div>
   <div class='ocr_carea' id='block_1_66' title="bbox 2298 960 3838 1044">
    <p class='ocr_par' dir='ltr' id='par_1_66' title="bbox 2298 960 3838 1044">
     <span class='ocr_line' id='line_1_66' title="bbox 2298 960 3838 1044; baseline 0.014 -29"><span class='ocrx_word' id='word_1_483' title='bbox 2298 960 2351 1015; x_wconf 74' lang='grc' dir='ltr'><strong>ι.</strong></span> <span class='ocrx_word' id='word_1_484' title='bbox 2382 960 2531 1029; x_wconf 89' lang='lat' dir='ltr'><strong>Quod</strong></span> <span class='ocrx_word' id='word_1_485' title='bbox 2557 966 2721 1019; x_wconf 91' lang='lat' dir='ltr'><strong>nostis</strong></span> <span class='ocrx_word' id='word_1_486' title='bbox 2740 966 2975 1024; x_wconf 89' lang='lat' dir='ltr'><strong>dicturus</strong></span> <span class='ocrx_word' id='word_1_487' title='bbox 2995 985 3132 1025; x_wconf 90' lang='lat' dir='ltr'><strong>sum.</strong></span> <span class='ocrx_word' id='word_1_488' title='bbox 3158 972 3255 1041; x_wconf 87' lang='lat' dir='ltr'><strong>Qui</strong></span> <span class='ocrx_word' id='word_1_489' title='bbox 3277 974 3513 1044; x_wconf 86' lang='lat' dir='ltr'><strong>jubilat,</strong></span> <span class='ocrx_word' id='word_1_490' title='bbox 3544 992 3655 1033; x_wconf 90' lang='lat' dir='ltr'><strong>non</strong></span> <span class='ocrx_word' id='word_1_491' title='bbox 3688 983 3838 1036; x_wconf 88' lang='lat' dir='ltr'><strong>verba</strong></span> 
     </span>
    </p>
   </div>
   <div class='ocr_carea' id='block_1_67' title="bbox 2228 1048 3838 1128">
    <p class='ocr_par' dir='ltr' id='par_1_67' title="bbox 2228 1048 3838 1128">
     <span class='ocr_line' id='line_1_67' title="bbox 2228 1048 3838 1128; baseline 0.015 -25"><span class='ocrx_word' id='word_1_492' title='bbox 2228 1048 2374 1117; x_wconf 90' lang='lat' dir='ltr'><strong>dicit,</strong></span> <span class='ocrx_word' id='word_1_493' title='bbox 2404 1052 2496 1107; x_wconf 93' lang='lat' dir='ltr'><strong>sed</strong></span> <span class='ocrx_word' id='word_1_494' title='bbox 2518 1068 2681 1111; x_wconf 90' lang='lat' dir='ltr'><strong>sonus</strong></span> <span class='ocrx_word' id='word_1_495' title='bbox 2708 1058 2921 1126; x_wconf 89' lang='lat' dir='ltr'><strong>quidam</strong></span> <span class='ocrx_word' id='word_1_496' title='bbox 2953 1073 3033 1115; x_wconf 89' lang='lat' dir='ltr'><strong>est</strong></span> <span class='ocrx_word' id='word_1_497' title='bbox 3068 1062 3261 1119; x_wconf 62' lang='lat' dir='ltr'><strong>lmtitiie</strong></span> <span class='ocrx_word' id='word_1_498' title='bbox 3307 1067 3442 1121; x_wconf 88' lang='lat' dir='ltr'><strong>sine</strong></span> <span class='ocrx_word' id='word_1_499' title='bbox 3481 1069 3666 1124; x_wconf 81' lang='lat' dir='ltr'><strong>verbis</strong></span> <span class='ocrx_word' id='word_1_500' title='bbox 3698 1087 3712 1124; x_wconf 90' lang='lat'><em>:</em></span> <span class='ocrx_word' id='word_1_501' title='bbox 3746 1088 3838 1128; x_wconf 80' lang='lat' dir='ltr'><strong>vox</strong></span> 
     </span>
    </p>
   </div>
   <div class='ocr_carea' id='block_1_68' title="bbox 2228 1133 3839 1233">
    <p class='ocr_par' dir='ltr' id='par_1_68' title="bbox 2228 1133 3839 1233">
     <span class='ocr_line' id='line_1_68' title="bbox 2228 1133 3839 1233; baseline 0.016 -40"><span class='ocrx_word' id='word_1_502' title='bbox 2228 1151 2309 1196; x_wconf 88' lang='lat' dir='ltr'><strong>est</strong></span> <span class='ocrx_word' id='word_1_503' title='bbox 2333 1133 2473 1197; x_wconf 90' lang='lat' dir='ltr'><strong>enim</strong></span> <span class='ocrx_word' id='word_1_504' title='bbox 2503 1146 2665 1201; x_wconf 87' lang='lat' dir='ltr'><strong>animi</strong></span> <span class='ocrx_word' id='word_1_505' title='bbox 2691 1147 2867 1204; x_wconf 74' lang='lat' dir='ltr'><strong>diffusi</strong></span> <span class='ocrx_word' id='word_1_506' title='bbox 2898 1151 3099 1218; x_wconf 74' lang='lat' dir='ltr'><strong>laetitia,</strong></span> <span class='ocrx_word' id='word_1_507' title='bbox 3130 1166 3401 1224; x_wconf 88' lang='lat' dir='ltr'><strong>quantum</strong></span> <span class='ocrx_word' id='word_1_508' title='bbox 3429 1167 3639 1227; x_wconf 84' lang='lat' dir='ltr'><strong>potest,</strong></span> <span class='ocrx_word' id='word_1_509' title='bbox 3667 1166 3839 1233; x_wconf 79' lang='lat' dir='ltr'><strong>expri-</strong></span> 
     </span>
    </p>
   </div>
   <div class='ocr_carea' id='block_1_69' title="bbox 2230 1237 3839 1321">
    <p class='ocr_par' dir='ltr' id='par_1_69' title="bbox 2230 1237 3839 1321">
     <span class='ocr_line' id='line_1_69' title="bbox 2230 1237 3839 1321; baseline 0.016 -34"><span class='ocrx_word' id='word_1_510' title='bbox 2230 1237 2423 1293; x_wconf 90' lang='lat' dir='ltr'><strong>mentis</strong></span> <span class='ocrx_word' id='word_1_511' title='bbox 2447 1238 2713 1307; x_wconf 85' lang='lat' dir='ltr'><strong>affectum,</strong></span> <span class='ocrx_word' id='word_1_512' title='bbox 2740 1259 2844 1298; x_wconf 90' lang='lat' dir='ltr'><strong>non</strong></span> <span class='ocrx_word' id='word_1_513' title='bbox 2873 1261 3091 1302; x_wconf 88' lang='lat' dir='ltr'><strong>sensum</strong></span> <span class='ocrx_word' id='word_1_514' title='bbox 3112 1252 3670 1321; x_wconf 76' lang='lat' dir='ltr'><strong>COIltprelleﬂdenllS.</strong></span> <span class='ocrx_word' id='word_1_515' title='bbox 3704 1256 3839 1312; x_wconf 82' lang='lat' dir='ltr'><strong>Gau-</strong></span> 
     </span>
    </p>
   </div>
   <div class='ocr_carea' id='block_1_70' title="bbox 2228 1328 3838 1417">
    <p class='ocr_par' dir='ltr' id='par_1_70' title="bbox 2228 1328 3838 1417">
     <span class='ocr_line' id='line_1_70' title="bbox 2228 1328 3838 1417; baseline 0.016 -36"><span class='ocrx_word' id='word_1_516' title='bbox 2228 1328 2363 1383; x_wconf 89' lang='lat' dir='ltr'><strong>deus</strong></span> <span class='ocrx_word' id='word_1_517' title='bbox 2387 1329 2548 1388; x_wconf 88' lang='lat' dir='ltr'><strong>homo</strong></span> <span class='ocrx_word' id='word_1_518' title='bbox 2574 1333 2629 1388; x_wconf 88' lang='lat' dir='ltr'><strong>in</strong></span> <span class='ocrx_word' id='word_1_519' title='bbox 2668 1338 3025 1395; x_wconf 84' lang='lat' dir='ltr'><strong>exsultatione</strong></span> <span class='ocrx_word' id='word_1_520' title='bbox 3054 1356 3169 1408; x_wconf 88' lang='lat' dir='ltr'><strong>sua,</strong></span> <span class='ocrx_word' id='word_1_521' title='bbox 3203 1359 3268 1398; x_wconf 78' lang='lat' dir='ltr'><strong>ex</strong></span> <span class='ocrx_word' id='word_1_522' title='bbox 3302 1346 3503 1400; x_wconf 83' lang='lat' dir='ltr'><strong>verbis</strong></span> <span class='ocrx_word' id='word_1_523' title='bbox 3524 1350 3838 1417; x_wconf 87' lang='lat' dir='ltr'><strong>quibusdam</strong></span> 
     </span>
    </p>
   </div>
   <div class='ocr_carea' id='block_1_71' title="bbox 2227 1425 3837 1508">
    <p class='ocr_par' dir='ltr' id='par_1_71' title="bbox 2227 1425 3837 1508">
     <span class='ocr_line' id='line_1_71' title="bbox 2227 1425 3837 1508; baseline 0.016 -34"><span class='ocrx_word' id='word_1_524' title='bbox 2227 1436 2346 1490; x_wconf 59' lang='lat' dir='ltr'><strong>quae</strong></span> <span class='ocrx_word' id='word_1_525' title='bbox 2375 1438 2479 1478; x_wconf 91' lang='lat' dir='ltr'><strong>non</strong></span> <span class='ocrx_word' id='word_1_526' title='bbox 2502 1425 2521 1455; x_wconf 81' lang='lat'><strong>’</strong></span> <span class='ocrx_word' id='word_1_527' title='bbox 2550 1437 2773 1495; x_wconf 90' lang='lat' dir='ltr'><strong>possunt</strong></span> <span class='ocrx_word' id='word_1_528' title='bbox 2796 1430 2899 1485; x_wconf 90' lang='lat' dir='ltr'><strong>dici</strong></span> <span class='ocrx_word' id='word_1_529' title='bbox 2926 1441 2979 1487; x_wconf 92' lang='lat' dir='ltr'><strong>et</strong></span> <span class='ocrx_word' id='word_1_530' title='bbox 3014 1434 3257 1504; x_wconf 88' lang='lat' dir='ltr'><strong>intelligi,</strong></span> <span class='ocrx_word' id='word_1_531' title='bbox 3293 1440 3549 1508; x_wconf 89' lang='lat' dir='ltr'><strong>erumpit</strong></span> <span class='ocrx_word' id='word_1_532' title='bbox 3578 1442 3632 1495; x_wconf 92' lang='lat' dir='ltr'><strong>in</strong></span> <span class='ocrx_word' id='word_1_533' title='bbox 3663 1458 3837 1500; x_wconf 88' lang='lat' dir='ltr'><strong>vocem</strong></span> 
     </span>
    </p>
   </div>
   <div class='ocr_carea' id='block_1_72' title="bbox 2228 1514 3838 1605">
    <p class='ocr_par' dir='ltr' id='par_1_72' title="bbox 2228 1514 3838 1605">
     <span class='ocr_line' id='line_1_72' title="bbox 2228 1514 3838 1605; baseline 0.017 -41"><span class='ocrx_word' id='word_1_534' title='bbox 2228 1514 2511 1581; x_wconf 90' lang='lat' dir='ltr'><strong>quamdam</strong></span> <span class='ocrx_word' id='word_1_535' title='bbox 2552 1520 2920 1577; x_wconf 84' lang='lat' dir='ltr'><strong>exsultationis</strong></span> <span class='ocrx_word' id='word_1_536' title='bbox 2963 1526 3076 1578; x_wconf 89' lang='lat' dir='ltr'><strong>sine</strong></span> <span class='ocrx_word' id='word_1_537' title='bbox 3104 1528 3319 1593; x_wconf 89' lang='lat' dir='ltr'><strong>verbis;</strong></span> <span class='ocrx_word' id='word_1_538' title='bbox 3357 1531 3435 1584; x_wconf 90' lang='lat' dir='ltr'><strong>ita</strong></span> <span class='ocrx_word' id='word_1_539' title='bbox 3489 1542 3552 1586; x_wconf 90' lang='lat' dir='ltr'><strong>ut</strong></span> <span class='ocrx_word' id='word_1_540' title='bbox 3592 1550 3838 1605; x_wconf 87' lang='lat' dir='ltr'><strong>appareat</strong></span> 
     </span>
    </p>
   </div>
   <div class='ocr_carea' id='block_1_73' title="bbox 2228 1607 3832 1695">
    <p class='ocr_par' dir='ltr' id='par_1_73' title="bbox 2228 1607 3832 1695">
     <span class='ocr_line' id='line_1_73' title="bbox 2228 1607 3832 1695; baseline 0.016 -37"><span class='ocrx_word' id='word_1_541' title='bbox 2228 1620 2349 1659; x_wconf 91' lang='lat' dir='ltr'><strong>eum</strong></span> <span class='ocrx_word' id='word_1_542' title='bbox 2378 1607 2488 1675; x_wconf 86' lang='lat' dir='ltr'><strong>ipsa</strong></span> <span class='ocrx_word' id='word_1_543' title='bbox 2519 1623 2649 1666; x_wconf 90' lang='lat' dir='ltr'><strong>voce</strong></span> <span class='ocrx_word' id='word_1_544' title='bbox 2689 1613 2922 1682; x_wconf 87' lang='lat' dir='ltr'><strong>gaudere</strong></span> <span class='ocrx_word' id='word_1_545' title='bbox 2959 1618 3207 1686; x_wconf 89' lang='lat' dir='ltr'><strong>quidem,</strong></span> <span class='ocrx_word' id='word_1_546' title='bbox 3240 1621 3341 1675; x_wconf 88' lang='lat' dir='ltr'><strong>sed</strong></span> <span class='ocrx_word' id='word_1_547' title='bbox 3371 1628 3539 1692; x_wconf 89' lang='lat' dir='ltr'><strong>quasi</strong></span> <span class='ocrx_word' id='word_1_548' title='bbox 3579 1628 3832 1695; x_wconf 90' lang='lat' dir='ltr'><strong>repletum</strong></span> 
     </span>
    </p>
   </div>
   <div class='ocr_carea' id='block_1_74' title="bbox 2230 1698 3834 1789">
    <p class='ocr_par' dir='ltr' id='par_1_74' title="bbox 2230 1698 3834 1789">
     <span class='ocr_line' id='line_1_74' title="bbox 2230 1698 3834 1789; baseline 0.016 -39"><span class='ocrx_word' id='word_1_549' title='bbox 2230 1698 2393 1753; x_wconf 89' lang='lat' dir='ltr'><strong>nimio</strong></span> <span class='ocrx_word' id='word_1_550' title='bbox 2417 1702 2631 1771; x_wconf 89' lang='lat' dir='ltr'><strong>gaudio,</strong></span> <span class='ocrx_word' id='word_1_551' title='bbox 2674 1720 2777 1758; x_wconf 91' lang='lat' dir='ltr'><strong>non</strong></span> <span class='ocrx_word' id='word_1_552' title='bbox 2810 1721 2965 1775; x_wconf 90' lang='lat' dir='ltr'><strong>posse</strong></span> <span class='ocrx_word' id='word_1_553' title='bbox 2994 1710 3169 1765; x_wconf 89' lang='lat' dir='ltr'><strong>verbis</strong></span> <span class='ocrx_word' id='word_1_554' title='bbox 3197 1713 3489 1782; x_wconf 87' lang='lat' dir='ltr'><strong>explicare</strong></span> <span class='ocrx_word' id='word_1_555' title='bbox 3532 1720 3679 1788; x_wconf 89' lang='lat' dir='ltr'><strong>quod</strong></span> <span class='ocrx_word' id='word_1_556' title='bbox 3707 1736 3834 1789; x_wconf 86' lang='lat' dir='ltr'><strong>gau-</strong></span> 
     </span>
    </p>
   </div>
   <div class='ocr_carea' id='block_1_75' title="bbox 2229 1791 3831 1873">
    <p class='ocr_par' dir='ltr' id='par_1_75' title="bbox 2229 1791 3831 1873">
     <span class='ocr_line' id='line_1_75' title="bbox 2229 1791 3831 1873; baseline 0.016 -30"><span class='ocrx_word' id='word_1_557' title='bbox 2229 1791 2336 1847; x_wconf 89' lang='lat' dir='ltr'><strong>det.</strong></span> <span class='ocrx_word' id='word_1_558' title='bbox 2362 1794 2781 1852; x_wconf 79' lang='lat' dir='ltr'><strong>Auimadvertite</strong></span> <span class='ocrx_word' id='word_1_559' title='bbox 2807 1799 2910 1855; x_wconf 89' lang='lat' dir='ltr'><strong>hoc</strong></span> <span class='ocrx_word' id='word_1_560' title='bbox 2951 1802 3002 1857; x_wconf 90' lang='lat' dir='ltr'><strong>in</strong></span> <span class='ocrx_word' id='word_1_561' title='bbox 3033 1804 3113 1857; x_wconf 90' lang='lat' dir='ltr'><strong>eis</strong></span> <span class='ocrx_word' id='word_1_562' title='bbox 3140 1806 3228 1873; x_wconf 90' lang='lat' dir='ltr'><strong>qui</strong></span> <span class='ocrx_word' id='word_1_563' title='bbox 3256 1816 3495 1863; x_wconf 89' lang='lat' dir='ltr'><strong>cantant</strong></span> <span class='ocrx_word' id='word_1_564' title='bbox 3527 1811 3694 1865; x_wconf 89' lang='lat' dir='ltr'><strong>etiam</strong></span> <span class='ocrx_word' id='word_1_565' title='bbox 3735 1829 3831 1868; x_wconf 86' lang='lat' dir='ltr'><strong>non</strong></span> 
     </span>
    </p>
   </div>
   <div class='ocr_carea' id='block_1_76' title="bbox 2230 1884 3832 1973">
    <p class='ocr_par' dir='ltr' id='par_1_76' title="bbox 2230 1884 3832 1973">
     <span class='ocr_line' id='line_1_76' title="bbox 2230 1884 3832 1973; baseline 0.016 -38"><span class='ocrx_word' id='word_1_566' title='bbox 2230 1884 2469 1941; x_wconf 76' lang='lat' dir='ltr'><strong>honeste.</strong></span> <span class='ocrx_word' id='word_1_567' title='bbox 2500 1888 2612 1942; x_wconf 77' lang='lat' dir='ltr'><strong>Non</strong></span> <span class='ocrx_word' id='word_1_568' title='bbox 2638 1890 2779 1945; x_wconf 89' lang='lat' dir='ltr'><strong>enim</strong></span> <span class='ocrx_word' id='word_1_569' title='bbox 2812 1893 2930 1949; x_wconf 85' lang='lat' dir='ltr'><strong>talis</strong></span> <span class='ocrx_word' id='word_1_570' title='bbox 2952 1894 3054 1948; x_wconf 89' lang='lat' dir='ltr'><strong>erit</strong></span> <span class='ocrx_word' id='word_1_571' title='bbox 3077 1894 3325 1964; x_wconf 89' lang='lat' dir='ltr'><strong>jubilatio</strong></span> <span class='ocrx_word' id='word_1_572' title='bbox 3350 1905 3753 1973; x_wconf 88' lang='lat' dir='ltr'><strong>nostra,qualis</strong></span> <span class='ocrx_word' id='word_1_573' title='bbox 3778 1906 3832 1960; x_wconf 52' lang='lat' dir='ltr'><strong>il.</strong></span> 
     </span>
    </p>
   </div>
   <div class='ocr_carea' id='block_1_77' title="bbox 2230 1977 3826 2061">
    <p class='ocr_par' dir='ltr' id='par_1_77' title="bbox 2230 1977 3826 2061">
     <span class='ocr_line' id='line_1_77' title="bbox 2230 1977 3826 2061; baseline 0.015 -32"><span class='ocrx_word' id='word_1_574' title='bbox 2230 1977 2399 2031; x_wconf 88' lang='lat' dir='ltr'><strong>lorum</strong></span> <span class='ocrx_word' id='word_1_575' title='bbox 2426 1990 2539 2043; x_wconf 90' lang='lat' dir='ltr'><strong>est;</strong></span> <span class='ocrx_word' id='word_1_576' title='bbox 2573 1997 2671 2036; x_wconf 91' lang='lat' dir='ltr'><strong>nos</strong></span> <span class='ocrx_word' id='word_1_577' title='bbox 2696 1984 2836 2037; x_wconf 87' lang='lat' dir='ltr'><strong>enim</strong></span> <span class='ocrx_word' id='word_1_578' title='bbox 2884 1984 2935 2039; x_wconf 92' lang='lat' dir='ltr'><strong>in</strong></span> <span class='ocrx_word' id='word_1_579' title='bbox 2958 1987 3352 2055; x_wconf 84' lang='lat' dir='ltr'><strong>justificatione</strong></span> <span class='ocrx_word' id='word_1_580' title='bbox 3390 1993 3636 2061; x_wconf 90' lang='lat' dir='ltr'><strong>jubilare</strong></span> <span class='ocrx_word' id='word_1_581' title='bbox 3667 1995 3826 2052; x_wconf 51' lang='lat' dir='ltr'><strong>debes</strong></span> 
     </span>
    </p>
   </div>
   <div class='ocr_carea' id='block_1_78' title="bbox 2230 2070 3825 2153">
    <p class='ocr_par' dir='ltr' id='par_1_78' title="bbox 2230 2070 3825 2153">
     <span class='ocr_line' id='line_1_78' title="bbox 2230 2070 3825 2153; baseline 0.016 -34"><span class='ocrx_word' id='word_1_582' title='bbox 2230 2083 2366 2131; x_wconf 89' lang='lat' dir='ltr'><strong>mus,</strong></span> <span class='ocrx_word' id='word_1_583' title='bbox 2400 2070 2472 2123; x_wconf 89' lang='lat' dir='ltr'><strong>illi</strong></span> <span class='ocrx_word' id='word_1_584' title='bbox 2500 2080 2676 2125; x_wconf 87' lang='lat' dir='ltr'><strong>autem</strong></span> <span class='ocrx_word' id='word_1_585' title='bbox 2701 2073 2928 2143; x_wconf 87' lang='lat' dir='ltr'><strong>jubilant</strong></span> <span class='ocrx_word' id='word_1_586' title='bbox 2968 2080 3020 2132; x_wconf 88' lang='lat' dir='ltr'><strong>in</strong></span> <span class='ocrx_word' id='word_1_587' title='bbox 3066 2078 3353 2150; x_wconf 86' lang='lat' dir='ltr'><strong>iniquitate</strong></span> <span class='ocrx_word' id='word_1_588' title='bbox 3383 2101 3396 2135; x_wconf 93' lang='lat'><strong>:</strong></span> <span class='ocrx_word' id='word_1_589' title='bbox 3434 2083 3621 2153; x_wconf 88' lang='lat' dir='ltr'><strong>itaque</strong></span> <span class='ocrx_word' id='word_1_590' title='bbox 3649 2102 3742 2143; x_wconf 89' lang='lat' dir='ltr'><strong>nos</strong></span> <span class='ocrx_word' id='word_1_591' title='bbox 3780 2089 3825 2144; x_wconf 89' lang='lat' dir='ltr'><strong>in</strong></span> 
     </span>
    </p>
   </div>
   <div class='ocr_carea' id='block_1_79' title="bbox 2228 2161 3827 2250">
    <p class='ocr_par' dir='ltr' id='par_1_79' title="bbox 2228 2161 3827 2250">
     <span class='ocr_line' id='line_1_79' title="bbox 2228 2161 3827 2250; baseline 0.014 -37"><span class='ocrx_word' id='word_1_592' title='bbox 2228 2161 2599 2230; x_wconf 89' lang='lat' dir='ltr'><strong>confessione,</strong></span> <span class='ocrx_word' id='word_1_593' title='bbox 2644 2165 2718 2220; x_wconf 91' lang='lat' dir='ltr'><strong>illi</strong></span> <span class='ocrx_word' id='word_1_594' title='bbox 2757 2167 2808 2220; x_wconf 92' lang='lat' dir='ltr'><strong>in</strong></span> <span class='ocrx_word' id='word_1_595' title='bbox 2836 2169 3165 2226; x_wconf 82' lang='lat' dir='ltr'><strong>confusione.</strong></span> <span class='ocrx_word' id='word_1_596' title='bbox 3212 2172 3425 2227; x_wconf 88' lang='lat' dir='ltr'><strong>Tamen</strong></span> <span class='ocrx_word' id='word_1_597' title='bbox 3468 2184 3529 2230; x_wconf 91' lang='lat' dir='ltr'><strong>ut</strong></span> <span class='ocrx_word' id='word_1_598' title='bbox 3572 2175 3672 2232; x_wconf 88' lang='lat' dir='ltr'><strong>hoc</strong></span> <span class='ocrx_word' id='word_1_599' title='bbox 3699 2180 3827 2250; x_wconf 89' lang='lat' dir='ltr'><strong>quod</strong></span> 
     </span>
    </p>
   </div>
   <div class='ocr_carea' id='block_1_80' title="bbox 2228 2252 3819 2338">
    <p class='ocr_par' dir='ltr' id='par_1_80' title="bbox 2228 2252 3819 2338">
     <span class='ocr_line' id='line_1_80' title="bbox 2228 2252 3819 2338; baseline 0.013 -33"><span class='ocrx_word' id='word_1_600' title='bbox 2228 2252 2347 2307; x_wconf 89' lang='lat' dir='ltr'><strong>dico</strong></span> <span class='ocrx_word' id='word_1_601' title='bbox 2393 2254 2735 2325; x_wconf 85' lang='lat' dir='ltr'><strong>intelligatis,</strong></span> <span class='ocrx_word' id='word_1_602' title='bbox 2793 2260 2899 2313; x_wconf 91' lang='lat' dir='ltr'><strong>imo</strong></span> <span class='ocrx_word' id='word_1_603' title='bbox 2952 2262 3304 2317; x_wconf 89' lang='lat' dir='ltr'><strong>recordemini</strong></span> <span class='ocrx_word' id='word_1_604' title='bbox 3362 2282 3482 2320; x_wconf 88' lang='lat' dir='ltr'><strong>rem</strong></span> <span class='ocrx_word' id='word_1_605' title='bbox 3544 2271 3819 2338; x_wconf 79' lang='lat' dir='ltr'><strong>cognitam,</strong></span> 
     </span>
    </p>
   </div>
   <div class='ocr_carea' id='block_1_81' title="bbox 2229 2347 3822 2433">
    <p class='ocr_par' dir='ltr' id='par_1_81' title="bbox 2229 2347 3822 2433">
     <span class='ocr_line' id='line_1_81' title="bbox 2229 2347 3822 2433; baseline 0.012 -34"><span class='ocrx_word' id='word_1_606' title='bbox 2229 2347 2458 2402; x_wconf 83' lang='lat' dir='ltr'><strong>maxime</strong></span> <span class='ocrx_word' id='word_1_607' title='bbox 2486 2348 2711 2419; x_wconf 87' lang='lat' dir='ltr'><strong>jubilaut</strong></span> <span class='ocrx_word' id='word_1_608' title='bbox 2736 2352 2824 2420; x_wconf 90' lang='lat' dir='ltr'><strong>qui</strong></span> <span class='ocrx_word' id='word_1_609' title='bbox 2851 2352 3047 2421; x_wconf 87' lang='lat' dir='ltr'><strong>aliquid</strong></span> <span class='ocrx_word' id='word_1_610' title='bbox 3073 2355 3124 2409; x_wconf 93' lang='lat' dir='ltr'><strong>in</strong></span> <span class='ocrx_word' id='word_1_611' title='bbox 3153 2357 3295 2427; x_wconf 86' lang='lat' dir='ltr'><strong>agris</strong></span> <span class='ocrx_word' id='word_1_612' title='bbox 3324 2370 3664 2429; x_wconf 86' lang='lat' dir='ltr'><strong>operantur;</strong></span> <span class='ocrx_word' id='word_1_613' title='bbox 3687 2366 3822 2433; x_wconf 84' lang='lat' dir='ltr'><strong>copia</strong></span> 
     </span>
    </p>
   </div>
   <div class='ocr_carea' id='block_1_82' title="bbox 2231 2436 3817 2518">
    <p class='ocr_par' dir='ltr' id='par_1_82' title="bbox 2231 2436 3817 2518">
     <span class='ocr_line' id='line_1_82' title="bbox 2231 2436 3817 2518; baseline 0.013 -29"><span class='ocrx_word' id='word_1_614' title='bbox 2231 2436 2493 2491; x_wconf 88' lang='lat' dir='ltr'><strong>fructuum</strong></span> <span class='ocrx_word' id='word_1_615' title='bbox 2517 2439 2794 2507; x_wconf 87' lang='lat' dir='ltr'><strong>jucundati</strong></span> <span class='ocrx_word' id='word_1_616' title='bbox 2824 2442 2906 2496; x_wconf 85' lang='lat' dir='ltr'><strong>vel</strong></span> <span class='ocrx_word' id='word_1_617' title='bbox 2934 2458 3214 2509; x_wconf 84' lang='lat' dir='ltr'><strong>messores,</strong></span> <span class='ocrx_word' id='word_1_618' title='bbox 3241 2448 3331 2502; x_wconf 87' lang='lat' dir='ltr'><strong>vel</strong></span> <span class='ocrx_word' id='word_1_619' title='bbox 3377 2449 3817 2518; x_wconf 85' lang='lat' dir='ltr'><strong>vendemiatores,</strong></span> 
     </span>
    </p>
   </div>
   <div class='ocr_carea' id='block_1_83' title="bbox 2230 2529 3821 2609">
    <p class='ocr_par' dir='ltr' id='par_1_83' title="bbox 2230 2529 3821 2609">
     <span class='ocr_line' id='line_1_83' title="bbox 2230 2529 3821 2609; baseline 0.014 -31"><span class='ocrx_word' id='word_1_620' title='bbox 2230 2529 2309 2583; x_wconf 85' lang='lat' dir='ltr'><strong>vel</strong></span> <span class='ocrx_word' id='word_1_621' title='bbox 2340 2529 2545 2598; x_wconf 90' lang='lat' dir='ltr'><strong>aliquos</strong></span> <span class='ocrx_word' id='word_1_622' title='bbox 2574 2530 2774 2588; x_wconf 87' lang='lat' dir='ltr'><strong>fructus</strong></span> <span class='ocrx_word' id='word_1_623' title='bbox 2801 2544 3064 2590; x_wconf 89' lang='lat' dir='ltr'><strong>metentes</strong></span> <span class='ocrx_word' id='word_1_624' title='bbox 3088 2577 3102 2599; x_wconf 92' lang='lat'><strong>,</strong></span> <span class='ocrx_word' id='word_1_625' title='bbox 3153 2546 3208 2592; x_wconf 90' lang='lat' dir='ltr'><strong>et</strong></span> <span class='ocrx_word' id='word_1_626' title='bbox 3236 2538 3286 2593; x_wconf 90' lang='lat' dir='ltr'><strong>in</strong></span> <span class='ocrx_word' id='word_1_627' title='bbox 3346 2541 3465 2609; x_wconf 89' lang='lat' dir='ltr'><strong>ipsa</strong></span> <span class='ocrx_word' id='word_1_628' title='bbox 3513 2542 3821 2601; x_wconf 84' lang='lat' dir='ltr'><strong>fecunditate</strong></span> 
     </span>
    </p>
   </div>
   <div class='ocr_carea' id='block_1_84' title="bbox 2231 2620 3817 2701">
    <p class='ocr_par' dir='ltr' id='par_1_84' title="bbox 2231 2620 3817 2701">
     <span class='ocr_line' id='line_1_84' title="bbox 2231 2620 3817 2701; baseline 0.012 -29"><span class='ocrx_word' id='word_1_629' title='bbox 2231 2630 2386 2673; x_wconf 69' lang='lat' dir='ltr'><strong>terra:</strong></span> <span class='ocrx_word' id='word_1_630' title='bbox 2412 2629 2467 2675; x_wconf 90' lang='lat' dir='ltr'><strong>et</strong></span> <span class='ocrx_word' id='word_1_631' title='bbox 2493 2620 2762 2679; x_wconf 81' lang='lat' dir='ltr'><strong>feracitate</strong></span> <span class='ocrx_word' id='word_1_632' title='bbox 2781 2626 3095 2694; x_wconf 87' lang='lat' dir='ltr'><strong>gaudentes,</strong></span> <span class='ocrx_word' id='word_1_633' title='bbox 3128 2630 3457 2686; x_wconf 86' lang='lat' dir='ltr'><strong>exsultando</strong></span> <span class='ocrx_word' id='word_1_634' title='bbox 3498 2644 3745 2701; x_wconf 89' lang='lat' dir='ltr'><strong>cantant;</strong></span> <span class='ocrx_word' id='word_1_635' title='bbox 3771 2644 3817 2691; x_wconf 89' lang='lat' dir='ltr'><strong>et</strong></span> 
     </span>
    </p>
   </div>
   <div class='ocr_carea' id='block_1_85' title="bbox 2229 2711 3817 2788">
    <p class='ocr_par' dir='ltr' id='par_1_85' title="bbox 2229 2711 3817 2788">
     <span class='ocr_line' id='line_1_85' title="bbox 2229 2711 3817 2788; baseline 0.012 -25"><span class='ocrx_word' id='word_1_636' title='bbox 2229 2711 2365 2765; x_wconf 89' lang='lat' dir='ltr'><strong>inter</strong></span> <span class='ocrx_word' id='word_1_637' title='bbox 2392 2713 2596 2767; x_wconf 87' lang='lat' dir='ltr'><strong>cantica</strong></span> <span class='ocrx_word' id='word_1_638' title='bbox 2642 2730 2761 2783; x_wconf 73' lang='lat' dir='ltr'><strong>qua:</strong></span> <span class='ocrx_word' id='word_1_639' title='bbox 2810 2716 2985 2771; x_wconf 88' lang='lat' dir='ltr'><strong>verbis</strong></span> <span class='ocrx_word' id='word_1_640' title='bbox 3023 2721 3329 2788; x_wconf 86' lang='lat' dir='ltr'><strong>euuntiant,</strong></span> <span class='ocrx_word' id='word_1_641' title='bbox 3384 2722 3634 2780; x_wconf 89' lang='lat' dir='ltr'><strong>inserunt</strong></span> <span class='ocrx_word' id='word_1_642' title='bbox 3676 2742 3817 2782; x_wconf 89' lang='lat' dir='ltr'><strong>voces</strong></span> 
     </span>
    </p>
   </div>
   <div class='ocr_carea' id='block_1_86' title="bbox 2228 2805 3814 2887">
    <p class='ocr_par' dir='ltr' id='par_1_86' title="bbox 2228 2805 3814 2887">
     <span class='ocr_line' id='line_1_86' title="bbox 2228 2805 3814 2887; baseline 0.009 -28"><span class='ocrx_word' id='word_1_643' title='bbox 2228 2805 2482 2873; x_wconf 87' lang='lat' dir='ltr'><strong>quasdam</strong></span> <span class='ocrx_word' id='word_1_644' title='bbox 2508 2807 2623 2861; x_wconf 88' lang='lat' dir='ltr'><strong>sine</strong></span> <span class='ocrx_word' id='word_1_645' title='bbox 2650 2808 2825 2863; x_wconf 88' lang='lat' dir='ltr'><strong>verbis</strong></span> <span class='ocrx_word' id='word_1_646' title='bbox 2855 2810 2904 2863; x_wconf 90' lang='lat' dir='ltr'><strong>in</strong></span> <span class='ocrx_word' id='word_1_647' title='bbox 2944 2810 3173 2867; x_wconf 90' lang='lat' dir='ltr'><strong>elatione</strong></span> <span class='ocrx_word' id='word_1_648' title='bbox 3200 2816 3528 2876; x_wconf 84' lang='lat' dir='ltr'><strong>exsultantis</strong></span> <span class='ocrx_word' id='word_1_649' title='bbox 3564 2817 3743 2887; x_wconf 87' lang='lat' dir='ltr'><strong>animi,</strong></span> <span class='ocrx_word' id='word_1_650' title='bbox 3768 2829 3814 2874; x_wconf 82' lang='lat' dir='ltr'><strong>et</strong></span> 
     </span>
    </p>
   </div>
   <div class='ocr_carea' id='block_1_87' title="bbox 2232 2898 3813 2978">
    <p class='ocr_par' dir='ltr' id='par_1_87' title="bbox 2232 2898 3813 2978">
     <span class='ocr_line' id='line_1_87' title="bbox 2232 2898 3813 2978; baseline 0.012 -30"><span class='ocrx_word' id='word_1_651' title='bbox 2232 2898 2344 2952; x_wconf 66' lang='lat' dir='ltr'><strong>haec</strong></span> <span class='ocrx_word' id='word_1_652' title='bbox 2372 2908 2588 2953; x_wconf 90' lang='lat' dir='ltr'><strong>vocatur</strong></span> <span class='ocrx_word' id='word_1_653' title='bbox 2608 2900 2870 2969; x_wconf 83' lang='lat' dir='ltr'><strong>jubilatio.</strong></span> <span class='ocrx_word' id='word_1_654' title='bbox 2904 2902 2960 2957; x_wconf 89' lang='lat' dir='ltr'><strong>Si</strong></span> <span class='ocrx_word' id='word_1_655' title='bbox 2983 2905 3099 2972; x_wconf 91' lang='lat' dir='ltr'><strong>quis</strong></span> <span class='ocrx_word' id='word_1_656' title='bbox 3125 2905 3259 2961; x_wconf 86' lang='lat' dir='ltr'><strong>forte</strong></span> <span class='ocrx_word' id='word_1_657' title='bbox 3286 2919 3583 2978; x_wconf 86' lang='lat' dir='ltr'><strong>propterea</strong></span> <span class='ocrx_word' id='word_1_658' title='bbox 3609 2927 3709 2965; x_wconf 91' lang='lat' dir='ltr'><strong>non</strong></span> <span class='ocrx_word' id='word_1_659' title='bbox 3740 2927 3813 2966; x_wconf 60' lang='lat' dir='ltr'><strong>re.</strong></span> 
     </span>
    </p>
   </div>
   <div class='ocr_carea' id='block_1_88' title="bbox 2228 2994 3809 3066">
    <p class='ocr_par' dir='ltr' id='par_1_88' title="bbox 2228 2994 3809 3066">
     <span class='ocr_line' id='line_1_88' title="bbox 2228 2994 3809 3066; baseline 0.008 -19"><span class='ocrx_word' id='word_1_660' title='bbox 2228 2994 2520 3063; x_wconf 84' lang='lat' dir='ltr'><strong>Cognoscit,</strong></span> <span class='ocrx_word' id='word_1_661' title='bbox 2553 2996 2673 3063; x_wconf 90' lang='lat' dir='ltr'><strong>quia</strong></span> <span class='ocrx_word' id='word_1_662' title='bbox 2719 3012 2987 3066; x_wconf 85' lang='lat' dir='ltr'><strong>nunquam</strong></span> <span class='ocrx_word' id='word_1_663' title='bbox 3018 2998 3266 3066; x_wconf 85' lang='lat' dir='ltr'><strong>advertit,</strong></span> <span class='ocrx_word' id='word_1_664' title='bbox 3319 3003 3571 3058; x_wconf 86' lang='lat' dir='ltr'><strong>advertat</strong></span> <span class='ocrx_word' id='word_1_665' title='bbox 3618 3005 3681 3059; x_wconf 92' lang='lat' dir='ltr'><strong>de</strong></span> <span class='ocrx_word' id='word_1_666' title='bbox 3716 3021 3809 3060; x_wconf 79' lang='lat' dir='ltr'><strong>ca:-</strong></span> 
     </span>
    </p>
   </div>
   <div class='ocr_carea' id='block_1_89' title="bbox 2231 3089 3810 3165">
    <p class='ocr_par' dir='ltr' id='par_1_89' title="bbox 2231 3089 3810 3165">
     <span class='ocr_line' id='line_1_89' title="bbox 2231 3089 3810 3165; baseline 0.007 -25"><span class='ocrx_word' id='word_1_667' title='bbox 2231 3098 2362 3142; x_wconf 79' lang='lat' dir='ltr'><strong>tero.</strong></span> <span class='ocrx_word' id='word_1_668' title='bbox 2406 3089 2578 3156; x_wconf 84' lang='lat' dir='ltr'><strong>Atque</strong></span> <span class='ocrx_word' id='word_1_669' title='bbox 2607 3089 2806 3142; x_wconf 87' lang='lat' dir='ltr'><strong>utinam</strong></span> <span class='ocrx_word' id='word_1_670' title='bbox 2848 3106 2951 3143; x_wconf 88' lang='lat' dir='ltr'><strong>non</strong></span> <span class='ocrx_word' id='word_1_671' title='bbox 3001 3091 3230 3146; x_wconf 90' lang='lat' dir='ltr'><strong>inveniat</strong></span> <span class='ocrx_word' id='word_1_672' title='bbox 3267 3110 3411 3165; x_wconf 90' lang='lat' dir='ltr'><strong>quos</strong></span> <span class='ocrx_word' id='word_1_673' title='bbox 3440 3097 3713 3165; x_wconf 85' lang='lat' dir='ltr'><strong>advertat,</strong></span> <span class='ocrx_word' id='word_1_674' title='bbox 3754 3110 3810 3151; x_wconf 85' lang='lat' dir='ltr'><strong>ne</strong></span> 
     </span>
    </p>
   </div>
   <div class='ocr_carea' id='block_1_90' title="bbox 2230 3179 3808 3257">
    <p class='ocr_par' dir='ltr' id='par_1_90' title="bbox 2230 3179 3808 3257">
     <span class='ocr_line' id='line_1_90' title="bbox 2230 3179 3808 3257; baseline 0.005 -24"><span class='ocrx_word' id='word_1_675' title='bbox 2230 3179 2369 3234; x_wconf 89' lang='lat' dir='ltr'><strong>Deus</strong></span> <span class='ocrx_word' id='word_1_676' title='bbox 2396 3181 2627 3236; x_wconf 88' lang='lat' dir='ltr'><strong>inveniat</strong></span> <span class='ocrx_word' id='word_1_677' title='bbox 2656 3196 2787 3249; x_wconf 89' lang='lat' dir='ltr'><strong>quos</strong></span> <span class='ocrx_word' id='word_1_678' title='bbox 2809 3191 3031 3237; x_wconf 80' lang='lat' dir='ltr'><strong>evertat.</strong></span> <span class='ocrx_word' id='word_1_679' title='bbox 3066 3183 3166 3239; x_wconf 89' lang='lat' dir='ltr'><strong>Sed</strong></span> <span class='ocrx_word' id='word_1_680' title='bbox 3193 3195 3374 3240; x_wconf 84' lang='lat' dir='ltr'><strong>tamen</strong></span> <span class='ocrx_word' id='word_1_681' title='bbox 3395 3192 3524 3255; x_wconf 89' lang='lat' dir='ltr'><strong>quia</strong></span> <span class='ocrx_word' id='word_1_682' title='bbox 3546 3204 3650 3243; x_wconf 92' lang='lat' dir='ltr'><strong>non</strong></span> <span class='ocrx_word' id='word_1_683' title='bbox 3681 3189 3808 3257; x_wconf 86' lang='lat' dir='ltr'><strong>quie-</strong></span> 
     </span>
    </p>
   </div>
   <div class='ocr_carea' id='block_1_91' title="bbox 2227 3272 3806 3340">
    <p class='ocr_par' dir='ltr' id='par_1_91' title="bbox 2227 3272 3806 3340">
     <span class='ocr_line' id='line_1_91' title="bbox 2227 3272 3806 3340; baseline 0.008 -18"><span class='ocrx_word' id='word_1_684' title='bbox 2227 3278 2381 3325; x_wconf 91' lang='lat' dir='ltr'><strong>scunt</strong></span> <span class='ocrx_word' id='word_1_685' title='bbox 2431 3272 2575 3325; x_wconf 91' lang='lat' dir='ltr'><strong>nasci</strong></span> <span class='ocrx_word' id='word_1_686' title='bbox 2612 3273 2817 3340; x_wconf 71' lang='lat' dir='ltr'><strong>spinae,</strong></span> <span class='ocrx_word' id='word_1_687' title='bbox 2859 3274 2910 3326; x_wconf 90' lang='lat' dir='ltr'><strong>in</strong></span> <span class='ocrx_word' id='word_1_688' title='bbox 2955 3274 3093 3328; x_wconf 90' lang='lat' dir='ltr'><strong>male</strong></span> <span class='ocrx_word' id='word_1_689' title='bbox 3129 3278 3533 3334; x_wconf 84' lang='lat' dir='ltr'><strong>exsultantibus</strong></span> <span class='ocrx_word' id='word_1_690' title='bbox 3579 3281 3806 3336; x_wconf 84' lang='lat' dir='ltr'><strong>adverta-</strong></span> 
     </span>
    </p>
   </div>
   <div class='ocr_carea' id='block_1_92' title="bbox 2228 3363 3804 3435">
    <p class='ocr_par' dir='ltr' id='par_1_92' title="bbox 2228 3363 3804 3435">
     <span class='ocr_line' id='line_1_92' title="bbox 2228 3363 3804 3435; baseline 0.009 -21"><span class='ocrx_word' id='word_1_691' title='bbox 2228 3378 2346 3416; x_wconf 89' lang='lat' dir='ltr'><strong>mus</strong></span> <span class='ocrx_word' id='word_1_692' title='bbox 2395 3363 2762 3432; x_wconf 87' lang='lat' dir='ltr'><strong>jubilationem</strong></span> <span class='ocrx_word' id='word_1_693' title='bbox 2810 3365 3215 3434; x_wconf 86' lang='lat' dir='ltr'><strong>improbandam</strong></span> <span class='ocrx_word' id='word_1_694' title='bbox 3238 3409 3252 3435; x_wconf 98' lang='lat'><strong>,</strong></span> <span class='ocrx_word' id='word_1_695' title='bbox 3282 3380 3339 3424; x_wconf 90' lang='lat' dir='ltr'><strong>et</strong></span> <span class='ocrx_word' id='word_1_696' title='bbox 3391 3372 3678 3428; x_wconf 75' lang='lat' dir='ltr'><strong>offeramus</strong></span> <span class='ocrx_word' id='word_1_697' title='bbox 3707 3372 3804 3428; x_wconf 84' lang='lat' dir='ltr'><strong>Deo</strong></span> 
     </span>
    </p>
   </div>
   <div class='ocr_carea' id='block_1_93' title="bbox 2222 3454 2999 3522">
    <p class='ocr_par' dir='ltr' id='par_1_93' title="bbox 2222 3454 2999 3522">
     <span class='ocr_line' id='line_1_93' title="bbox 2222 3454 2999 3522; baseline 0.008 -16"><span class='ocrx_word' id='word_1_698' title='bbox 2222 3454 2592 3522; x_wconf 87' lang='lat' dir='ltr'><strong>jubilationem</strong></span> <span class='ocrx_word' id='word_1_699' title='bbox 2620 3458 2999 3514; x_wconf 88' lang='lat' dir='ltr'><strong>coronandam.</strong></span> 
     </span>
    </p>
   </div>
   <div class='ocr_carea' id='block_1_94' title="bbox 2298 3545 3801 3621">
    <p class='ocr_par' dir='ltr' id='par_1_94' title="bbox 2298 3545 3801 3621">
     <span class='ocr_line' id='line_1_94' title="bbox 2298 3545 3801 3621; baseline 0.007 -22"><span class='ocrx_word' id='word_1_700' title='bbox 2298 3545 2350 3599; x_wconf 85' lang='lat'><strong>5.</strong></span> <span class='ocrx_word' id='word_1_701' title='bbox 2390 3545 2613 3613; x_wconf 86' lang='lat' dir='ltr'><strong>Quando</strong></span> <span class='ocrx_word' id='word_1_702' title='bbox 2641 3562 2769 3617; x_wconf 88' lang='lat' dir='ltr'><strong>ergo</strong></span> <span class='ocrx_word' id='word_1_703' title='bbox 2809 3564 2905 3601; x_wconf 90' lang='lat' dir='ltr'><strong>nos</strong></span> <span class='ocrx_word' id='word_1_704' title='bbox 2925 3549 3255 3618; x_wconf 87' lang='lat' dir='ltr'><strong>jubilamus?</strong></span> <span class='ocrx_word' id='word_1_705' title='bbox 3283 3552 3518 3621; x_wconf 85' lang='lat' dir='ltr'><strong>Quando</strong></span> <span class='ocrx_word' id='word_1_706' title='bbox 3547 3554 3801 3609; x_wconf 81' lang='lat' dir='ltr'><strong>laudamus</strong></span> 
     </span>
    </p>
   </div>
   <div class='ocr_carea' id='block_1_95' title="bbox 2227 3636 3798 3707">
    <p class='ocr_par' dir='ltr' id='par_1_95' title="bbox 2227 3636 3798 3707">
     <span class='ocr_line' id='line_1_95' title="bbox 2227 3636 3798 3707; baseline 0.004 -19"><span class='ocrx_word' id='word_1_707' title='bbox 2227 3636 2367 3705; x_wconf 91' lang='lat' dir='ltr'><strong>quod</strong></span> <span class='ocrx_word' id='word_1_708' title='bbox 2405 3637 2507 3690; x_wconf 86' lang='lat' dir='ltr'><strong>dici</strong></span> <span class='ocrx_word' id='word_1_709' title='bbox 2555 3652 2657 3691; x_wconf 90' lang='lat' dir='ltr'><strong>non</strong></span> <span class='ocrx_word' id='word_1_710' title='bbox 2704 3646 2896 3707; x_wconf 88' lang='lat' dir='ltr'><strong>potest.</strong></span> <span class='ocrx_word' id='word_1_711' title='bbox 2941 3640 3277 3697; x_wconf 81' lang='lat' dir='ltr'><strong>Attendimus</strong></span> <span class='ocrx_word' id='word_1_712' title='bbox 3325 3646 3471 3700; x_wconf 87' lang='lat' dir='ltr'><strong>enim</strong></span> <span class='ocrx_word' id='word_1_713' title='bbox 3522 3648 3798 3701; x_wconf 84' lang='lat' dir='ltr'><strong>universam</strong></span> 
     </span>
    </p>
   </div>
   <div class='ocr_carea' id='block_1_96' title="bbox 2227 3735 3798 3806">
    <p class='ocr_par' dir='ltr' id='par_1_96' title="bbox 2227 3735 3798 3806">
     <span class='ocr_line' id='line_1_96' title="bbox 2227 3735 3798 3806; baseline 0.004 -25"><span class='ocrx_word' id='word_1_714' title='bbox 2227 3741 2542 3793; x_wconf 87' lang='lat' dir='ltr'><strong>creaturam,</strong></span> <span class='ocrx_word' id='word_1_715' title='bbox 2578 3739 2772 3783; x_wconf 89' lang='lat' dir='ltr'><strong>terram</strong></span> <span class='ocrx_word' id='word_1_716' title='bbox 2803 3740 2855 3785; x_wconf 90' lang='lat' dir='ltr'><strong>et</strong></span> <span class='ocrx_word' id='word_1_717' title='bbox 2879 3747 3045 3797; x_wconf 88' lang='lat' dir='ltr'><strong>mare,</strong></span> <span class='ocrx_word' id='word_1_718' title='bbox 3075 3742 3130 3787; x_wconf 86' lang='lat' dir='ltr'><strong>et</strong></span> <span class='ocrx_word' id='word_1_719' title='bbox 3170 3735 3391 3801; x_wconf 77' lang='lat' dir='ltr'><strong>C(Bllllll,</strong></span> <span class='ocrx_word' id='word_1_720' title='bbox 3423 3748 3477 3792; x_wconf 90' lang='lat' dir='ltr'><strong>et</strong></span> <span class='ocrx_word' id='word_1_721' title='bbox 3500 3739 3670 3791; x_wconf 85' lang='lat' dir='ltr'><strong>omnia</strong></span> <span class='ocrx_word' id='word_1_722' title='bbox 3696 3749 3798 3806; x_wconf 76' lang='lat' dir='ltr'><strong>qua:</strong></span> 
     </span>
    </p>
   </div>
   <div class='ocr_carea' id='block_1_97' title="bbox 2230 3819 3796 3897">
    <p class='ocr_par' dir='ltr' id='par_1_97' title="bbox 2230 3819 3796 3897">
     <span class='ocr_line' id='line_1_97' title="bbox 2230 3819 3796 3897; baseline 0.004 -26"><span class='ocrx_word' id='word_1_723' title='bbox 2230 3819 2280 3872; x_wconf 91' lang='lat' dir='ltr'><strong>in</strong></span> <span class='ocrx_word' id='word_1_724' title='bbox 2318 3820 2397 3874; x_wconf 92' lang='lat' dir='ltr'><strong>eis</strong></span> <span class='ocrx_word' id='word_1_725' title='bbox 2426 3827 2552 3873; x_wconf 90' lang='lat' dir='ltr'><strong>sunt</strong></span> <span class='ocrx_word' id='word_1_726' title='bbox 2598 3836 2611 3872; x_wconf 92' lang='lat'><strong>:</strong></span> <span class='ocrx_word' id='word_1_727' title='bbox 2651 3821 2974 3877; x_wconf 90' lang='lat' dir='ltr'><strong>attendimus</strong></span> <span class='ocrx_word' id='word_1_728' title='bbox 3020 3824 3225 3895; x_wconf 84' lang='lat' dir='ltr'><strong>singula</strong></span> <span class='ocrx_word' id='word_1_729' title='bbox 3270 3825 3475 3882; x_wconf 84' lang='lat' dir='ltr'><strong>habere</strong></span> <span class='ocrx_word' id='word_1_730' title='bbox 3512 3829 3729 3897; x_wconf 89' lang='lat' dir='ltr'><strong>origines</strong></span> <span class='ocrx_word' id='word_1_731' title='bbox 3752 3830 3796 3879; x_wconf 84' lang='lat' dir='ltr'><strong>et</strong></span> 
     </span>
    </p>
   </div>
   <div class='ocr_carea' id='block_1_98' title="bbox 2227 3912 3795 3989">
    <p class='ocr_par' dir='ltr' id='par_1_98' title="bbox 2227 3912 3795 3989">
     <span class='ocr_line' id='line_1_98' title="bbox 2227 3912 3795 3989; baseline 0.004 -25"><span class='ocrx_word' id='word_1_732' title='bbox 2227 3926 2413 3965; x_wconf 89' lang='lat' dir='ltr'><strong>causas</strong></span> <span class='ocrx_word' id='word_1_733' title='bbox 2457 3925 2603 3977; x_wconf 90' lang='lat' dir='ltr'><strong>suas,</strong></span> <span class='ocrx_word' id='word_1_734' title='bbox 2632 3912 2895 3967; x_wconf 88' lang='lat' dir='ltr'><strong>seminum</strong></span> <span class='ocrx_word' id='word_1_735' title='bbox 2935 3912 3067 3981; x_wconf 87' lang='lat' dir='ltr'><strong>vim,</strong></span> <span class='ocrx_word' id='word_1_736' title='bbox 3101 3918 3354 3972; x_wconf 88' lang='lat' dir='ltr'><strong>nascendi</strong></span> <span class='ocrx_word' id='word_1_737' title='bbox 3402 3918 3661 3980; x_wconf 90' lang='lat' dir='ltr'><strong>ordinem,</strong></span> <span class='ocrx_word' id='word_1_738' title='bbox 3688 3932 3795 3989; x_wconf 85' lang='lat' dir='ltr'><strong>per-</strong></span> 
     </span>
    </p>
   </div>
   <div class='ocr_carea' id='block_1_99' title="bbox 2228 4004 3795 4075">
    <p class='ocr_par' dir='ltr' id='par_1_99' title="bbox 2228 4004 3795 4075">
     <span class='ocr_line' id='line_1_99' title="bbox 2228 4004 3795 4075; baseline 0.003 -18"><span class='ocrx_word' id='word_1_739' title='bbox 2228 4004 2479 4059; x_wconf 90' lang='lat' dir='ltr'><strong>manendi</strong></span> <span class='ocrx_word' id='word_1_740' title='bbox 2508 4005 2746 4071; x_wconf 91' lang='lat' dir='ltr'><strong>modum,</strong></span> <span class='ocrx_word' id='word_1_741' title='bbox 2796 4006 3095 4062; x_wconf 87' lang='lat' dir='ltr'><strong>intereundi</strong></span> <span class='ocrx_word' id='word_1_742' title='bbox 3126 4008 3409 4065; x_wconf 85' lang='lat' dir='ltr'><strong>decessum</strong></span> <span class='ocrx_word' id='word_1_743' title='bbox 3437 4052 3451 4075; x_wconf 91' lang='lat'><strong>,</strong></span> <span class='ocrx_word' id='word_1_744' title='bbox 3482 4024 3689 4067; x_wconf 81' lang='lat' dir='ltr'><strong>currere</strong></span> <span class='ocrx_word' id='word_1_745' title='bbox 3714 4022 3795 4063; x_wconf 88' lang='lat' dir='ltr'><strong>vo-</strong></span> 
     </span>
    </p>
   </div>
   <div class='ocr_carea' id='block_1_100' title="bbox 2230 4094 3790 4169">
    <p class='ocr_par' dir='ltr' id='par_1_100' title="bbox 2230 4094 3790 4169">
     <span class='ocr_line' id='line_1_100' title="bbox 2230 4094 3790 4169; baseline 0.003 -22"><span class='ocrx_word' id='word_1_746' title='bbox 2230 4094 2426 4149; x_wconf 88' lang='lat' dir='ltr'><strong>lumina</strong></span> <span class='ocrx_word' id='word_1_747' title='bbox 2464 4096 2780 4151; x_wconf 67' lang='lat' dir='ltr'><strong>smculorutn</strong></span> <span class='ocrx_word' id='word_1_748' title='bbox 2830 4098 2947 4151; x_wconf 87' lang='lat' dir='ltr'><strong>sine</strong></span> <span class='ocrx_word' id='word_1_749' title='bbox 2997 4099 3102 4152; x_wconf 90' lang='lat' dir='ltr'><strong>ulla</strong></span> <span class='ocrx_word' id='word_1_750' title='bbox 3152 4103 3591 4169; x_wconf 83' lang='lat' dir='ltr'><strong>perturbatione,</strong></span> <span class='ocrx_word' id='word_1_751' title='bbox 3633 4100 3790 4155; x_wconf 88' lang='lat' dir='ltr'><strong>stellas</strong></span> 
     </span>
    </p>
   </div>
   <div class='ocr_carea' id='block_1_101' title="bbox 2229 4186 3789 4262">
    <p class='ocr_par' dir='ltr' id='par_1_101' title="bbox 2229 4186 3789 4262">
     <span class='ocr_line' id='line_1_101' title="bbox 2229 4186 3789 4262; baseline 0.003 -23"><span class='ocrx_word' id='word_1_752' title='bbox 2229 4186 2368 4241; x_wconf 87' lang='lat' dir='ltr'><strong>volvi</strong></span> <span class='ocrx_word' id='word_1_753' title='bbox 2407 4187 2636 4257; x_wconf 91' lang='lat' dir='ltr'><strong>quodam</strong></span> <span class='ocrx_word' id='word_1_754' title='bbox 2669 4187 2829 4242; x_wconf 90' lang='lat' dir='ltr'><strong>modo</strong></span> <span class='ocrx_word' id='word_1_755' title='bbox 2857 4188 2924 4242; x_wconf 92' lang='lat' dir='ltr'><strong>ab</strong></span> <span class='ocrx_word' id='word_1_756' title='bbox 2949 4190 3157 4245; x_wconf 88' lang='lat' dir='ltr'><strong>oriente</strong></span> <span class='ocrx_word' id='word_1_757' title='bbox 3187 4192 3238 4245; x_wconf 89' lang='lat' dir='ltr'><strong>in</strong></span> <span class='ocrx_word' id='word_1_758' title='bbox 3265 4193 3616 4257; x_wconf 77' lang='lat' dir='ltr'><strong>occidentem,</strong></span> <span class='ocrx_word' id='word_1_759' title='bbox 3655 4207 3789 4262; x_wconf 85' lang='lat' dir='ltr'><strong>pera-</strong></span> 
     </span>
    </p>
   </div>
   <div class='ocr_carea' id='block_1_102' title="bbox 2227 4282 3789 4350">
    <p class='ocr_par' dir='ltr' id='par_1_102' title="bbox 2227 4282 3789 4350">
     <span class='ocr_line' id='line_1_102' title="bbox 2227 4282 3789 4350; baseline 0.003 -17"><span class='ocrx_word' id='word_1_760' title='bbox 2227 4295 2353 4350; x_wconf 84' lang='lat' dir='ltr'><strong>gere</strong></span> <span class='ocrx_word' id='word_1_761' title='bbox 2399 4295 2590 4335; x_wconf 92' lang='lat' dir='ltr'><strong>cursus</strong></span> <span class='ocrx_word' id='word_1_762' title='bbox 2622 4295 2881 4335; x_wconf 90' lang='lat' dir='ltr'><strong>annorum</strong></span> <span class='ocrx_word' id='word_1_763' title='bbox 2916 4323 2930 4345; x_wconf 94' lang='lat'><strong>,</strong></span> <span class='ocrx_word' id='word_1_764' title='bbox 2980 4282 3219 4337; x_wconf 88' lang='lat' dir='ltr'><strong>videmus</strong></span> <span class='ocrx_word' id='word_1_765' title='bbox 3266 4284 3629 4342; x_wconf 89' lang='lat' dir='ltr'><strong>dimensiones</strong></span> <span class='ocrx_word' id='word_1_766' title='bbox 3659 4297 3789 4339; x_wconf 85' lang='lat' dir='ltr'><strong>men-</strong></span> 
     </span>
    </p>
   </div>
   <div class='ocr_carea' id='block_1_103' title="bbox 2229 4373 3785 4447">
    <p class='ocr_par' dir='ltr' id='par_1_103' title="bbox 2229 4373 3785 4447">
     <span class='ocr_line' id='line_1_103' title="bbox 2229 4373 3785 4447; baseline 0.001 -20"><span class='ocrx_word' id='word_1_767' title='bbox 2229 4375 2365 4427; x_wconf 92' lang='lat' dir='ltr'><strong>sium</strong></span> <span class='ocrx_word' id='word_1_768' title='bbox 2386 4414 2399 4437; x_wconf 94' lang='lat'><strong>,</strong></span> <span class='ocrx_word' id='word_1_769' title='bbox 2443 4373 2793 4429; x_wconf 88' lang='lat' dir='ltr'><strong>distentiones</strong></span> <span class='ocrx_word' id='word_1_770' title='bbox 2825 4374 3107 4439; x_wconf 91' lang='lat' dir='ltr'><strong>horarum;</strong></span> <span class='ocrx_word' id='word_1_771' title='bbox 3142 4378 3300 4447; x_wconf 90' lang='lat' dir='ltr'><strong>inque</strong></span> <span class='ocrx_word' id='word_1_772' title='bbox 3341 4380 3424 4433; x_wconf 91' lang='lat' dir='ltr'><strong>his</strong></span> <span class='ocrx_word' id='word_1_773' title='bbox 3451 4379 3685 4434; x_wconf 90' lang='lat' dir='ltr'><strong>omnibus</strong></span> <span class='ocrx_word' id='word_1_774' title='bbox 3708 4393 3785 4430; x_wconf 87' lang='lat' dir='ltr'><strong>ne-</strong></span> 
     </span>
    </p>
   </div>
   <div class='ocr_carea' id='block_1_104' title="bbox 2229 4467 3781 4539">
    <p class='ocr_par' dir='ltr' id='par_1_104' title="bbox 2229 4467 3781 4539">
     <span class='ocr_line' id='line_1_104' title="bbox 2229 4467 3781 4539; baseline -0.001 -18"><span class='ocrx_word' id='word_1_775' title='bbox 2229 4469 2341 4522; x_wconf 91' lang='lat' dir='ltr'><strong>scio</strong></span> <span class='ocrx_word' id='word_1_776' title='bbox 2378 4467 2502 4537; x_wconf 89' lang='lat' dir='ltr'><strong>quid</strong></span> <span class='ocrx_word' id='word_1_777' title='bbox 2538 4468 2822 4534; x_wconf 88' lang='lat' dir='ltr'><strong>invisibile,</strong></span> <span class='ocrx_word' id='word_1_778' title='bbox 2857 4468 2996 4539; x_wconf 89' lang='lat' dir='ltr'><strong>quod</strong></span> <span class='ocrx_word' id='word_1_779' title='bbox 3024 4470 3239 4539; x_wconf 88' lang='lat' dir='ltr'><strong>spiritus</strong></span> <span class='ocrx_word' id='word_1_780' title='bbox 3268 4473 3348 4527; x_wconf 85' lang='lat' dir='ltr'><strong>vel</strong></span> <span class='ocrx_word' id='word_1_781' title='bbox 3381 4474 3555 4527; x_wconf 89' lang='lat' dir='ltr'><strong>anima</strong></span> <span class='ocrx_word' id='word_1_782' title='bbox 3594 4470 3781 4532; x_wconf 88' lang='lat' dir='ltr'><strong>dicitur,</strong></span> 
     </span>
    </p>
   </div>
   <div class='ocr_carea' id='block_1_105' title="bbox 2231 4559 3781 4633">
    <p class='ocr_par' dir='ltr' id='par_1_105' title="bbox 2231 4559 3781 4633">
     <span class='ocr_line' id='line_1_105' title="bbox 2231 4559 3781 4633; baseline 0 -21"><span class='ocrx_word' id='word_1_783' title='bbox 2231 4559 2407 4614; x_wconf 89' lang='lat' dir='ltr'><strong>inesse</strong></span> <span class='ocrx_word' id='word_1_784' title='bbox 2435 4559 2684 4613; x_wconf 87' lang='lat' dir='ltr'><strong>omnibus</strong></span> <span class='ocrx_word' id='word_1_785' title='bbox 2714 4559 3073 4614; x_wconf 88' lang='lat' dir='ltr'><strong>animantibus</strong></span> <span class='ocrx_word' id='word_1_786' title='bbox 3099 4561 3163 4615; x_wconf 91' lang='lat' dir='ltr'><strong>ad</strong></span> <span class='ocrx_word' id='word_1_787' title='bbox 3195 4564 3545 4633; x_wconf 86' lang='lat' dir='ltr'><strong>appetendam</strong></span> <span class='ocrx_word' id='word_1_788' title='bbox 3567 4563 3781 4629; x_wconf 69' lang='lat' dir='ltr'><strong>volupta-</strong></span> 
     </span>
    </p>
   </div>
   <div class='ocr_carea' id='block_1_106' title="bbox 2231 4649 3781 4719">
    <p class='ocr_par' dir='ltr' id='par_1_106' title="bbox 2231 4649 3781 4719">
     <span class='ocr_line' id='line_1_106' title="bbox 2231 4649 3781 4719; baseline -0.002 -15"><span class='ocrx_word' id='word_1_789' title='bbox 2231 4660 2335 4704; x_wconf 86' lang='lat' dir='ltr'><strong>tem</strong></span> <span class='ocrx_word' id='word_1_790' title='bbox 2366 4649 2774 4719; x_wconf 89' lang='lat' dir='ltr'><strong>fugiendamque</strong></span> <span class='ocrx_word' id='word_1_791' title='bbox 2815 4650 3110 4706; x_wconf 87' lang='lat' dir='ltr'><strong>molestiam</strong></span> <span class='ocrx_word' id='word_1_792' title='bbox 3138 4695 3152 4719; x_wconf 92' lang='lat'><strong>,</strong></span> <span class='ocrx_word' id='word_1_793' title='bbox 3180 4653 3246 4707; x_wconf 87' lang='lat' dir='ltr'><strong>ad</strong></span> <span class='ocrx_word' id='word_1_794' title='bbox 3272 4653 3675 4709; x_wconf 69' lang='lat' dir='ltr'><strong>censeri-audam</strong></span> <span class='ocrx_word' id='word_1_795' title='bbox 3711 4650 3781 4702; x_wconf 87' lang='lat' dir='ltr'><strong>in-</strong></span> 
     </span>
    </p>
   </div>
   <div class='ocr_carea' id='block_1_107' title="bbox 2228 4742 3776 4811">
    <p class='ocr_par' dir='ltr' id='par_1_107' title="bbox 2228 4742 3776 4811">
     <span class='ocr_line' id='line_1_107' title="bbox 2228 4742 3776 4811; baseline -0.002 -16"><span class='ocrx_word' id='word_1_796' title='bbox 2228 4742 2590 4796; x_wconf 89' lang='lat' dir='ltr'><strong>columitatem</strong></span> <span class='ocrx_word' id='word_1_797' title='bbox 2654 4756 2803 4795; x_wconf 87' lang='lat' dir='ltr'><strong>suam</strong></span> <span class='ocrx_word' id='word_1_798' title='bbox 2872 4743 3149 4811; x_wconf 79' lang='lat' dir='ltr'><strong>vestigium</strong></span> <span class='ocrx_word' id='word_1_799' title='bbox 3219 4745 3485 4811; x_wconf 88' lang='lat' dir='ltr'><strong>quoddam</strong></span> <span class='ocrx_word' id='word_1_800' title='bbox 3558 4742 3776 4801; x_wconf 88' lang='lat' dir='ltr'><strong>unitatis;</strong></span> 
     </span>
    </p>
   </div>
   <div class='ocr_carea' id='block_1_108' title="bbox 2230 4830 3780 4904">
    <p class='ocr_par' dir='ltr' id='par_1_108' title="bbox 2230 4830 3780 4904">
     <span class='ocr_line' id='line_1_108' title="bbox 2230 4830 3780 4904; baseline -0.002 -17"><span class='ocrx_word' id='word_1_801' title='bbox 2230 4835 2406 4888; x_wconf 88' lang='lat' dir='ltr'><strong>inesse</strong></span> <span class='ocrx_word' id='word_1_802' title='bbox 2432 4833 2589 4887; x_wconf 84' lang='lat' dir='ltr'><strong>etiam</strong></span> <span class='ocrx_word' id='word_1_803' title='bbox 2619 4832 2821 4886; x_wconf 89' lang='lat' dir='ltr'><strong>homini</strong></span> <span class='ocrx_word' id='word_1_804' title='bbox 2848 4847 3129 4887; x_wconf 87' lang='lat' dir='ltr'><strong>commune</strong></span> <span class='ocrx_word' id='word_1_805' title='bbox 3157 4836 3406 4904; x_wconf 88' lang='lat' dir='ltr'><strong>quiddam</strong></span> <span class='ocrx_word' id='word_1_806' title='bbox 3450 4851 3564 4891; x_wconf 89' lang='lat' dir='ltr'><strong>cum</strong></span> <span class='ocrx_word' id='word_1_807' title='bbox 3591 4830 3780 4902; x_wconf 85' lang='lat' dir='ltr'><strong>Angelis</strong></span> 
     </span>
    </p>
   </div>
   <div class='ocr_carea' id='block_1_109' title="bbox 2230 4922 3774 4993">
    <p class='ocr_par' dir='ltr' id='par_1_109' title="bbox 2230 4922 3774 4993">
     <span class='ocr_line' id='line_1_109' title="bbox 2230 4922 3774 4993; baseline -0.003 -14"><span class='ocrx_word' id='word_1_808' title='bbox 2230 4926 2306 4979; x_wconf 91' lang='lat' dir='ltr'><strong>De</strong></span> <span class='ocrx_word' id='word_1_809' title='bbox 2350 4939 2501 4989; x_wconf 88' lang='lat' dir='ltr'><strong>;non</strong></span> <span class='ocrx_word' id='word_1_810' title='bbox 2533 4937 2653 4977; x_wconf 90' lang='lat' dir='ltr'><strong>eum</strong></span> <span class='ocrx_word' id='word_1_811' title='bbox 2703 4924 3019 4992; x_wconf 89' lang='lat' dir='ltr'><strong>pecoribus,</strong></span> <span class='ocrx_word' id='word_1_812' title='bbox 3048 4925 3184 4979; x_wconf 90' lang='lat' dir='ltr'><strong>sicut</strong></span> <span class='ocrx_word' id='word_1_813' title='bbox 3232 4936 3315 4981; x_wconf 86' lang='lat' dir='ltr'><strong>est</strong></span> <span class='ocrx_word' id='word_1_814' title='bbox 3365 4928 3558 4993; x_wconf 84' lang='lat' dir='ltr'><strong>vivere,</strong></span> <span class='ocrx_word' id='word_1_815' title='bbox 3595 4922 3774 4987; x_wconf 88' lang='lat' dir='ltr'><strong>audire,</strong></span> 
     </span>
    </p>
   </div>
   <div class='ocr_carea' id='block_1_110' title="bbox 2230 5012 3775 5089">
    <p class='ocr_par' dir='ltr' id='par_1_110' title="bbox 2230 5012 3775 5089">
     <span class='ocr_line' id='line_1_110' title="bbox 2230 5012 3775 5089; baseline -0.003 -18"><span class='ocrx_word' id='word_1_816' title='bbox 2230 5018 2431 5084; x_wconf 89' lang='lat' dir='ltr'><strong>videre,</strong></span> <span class='ocrx_word' id='word_1_817' title='bbox 2464 5025 2517 5071; x_wconf 92' lang='lat' dir='ltr'><strong>et</strong></span> <span class='ocrx_word' id='word_1_818' title='bbox 2538 5026 2728 5072; x_wconf 84' lang='lat' dir='ltr'><strong>caetera</strong></span> <span class='ocrx_word' id='word_1_819' title='bbox 2752 5059 2765 5081; x_wconf 92' lang='lat'><strong>,</strong></span> <span class='ocrx_word' id='word_1_820' title='bbox 2798 5018 2890 5071; x_wconf 91' lang='lat' dir='ltr'><strong>sed</strong></span> <span class='ocrx_word' id='word_1_821' title='bbox 2918 5018 3055 5087; x_wconf 91' lang='lat' dir='ltr'><strong>quod</strong></span> <span class='ocrx_word' id='word_1_822' title='bbox 3086 5019 3339 5089; x_wconf 85' lang='lat' dir='ltr'><strong>intelligat</strong></span> <span class='ocrx_word' id='word_1_823' title='bbox 3367 5022 3544 5083; x_wconf 79' lang='lat' dir='ltr'><strong>Dt&#39;llm,</strong></span> <span class='ocrx_word' id='word_1_824' title='bbox 3575 5016 3699 5088; x_wconf 89' lang='lat' dir='ltr'><strong>quod</strong></span> <span class='ocrx_word' id='word_1_825' title='bbox 3718 5012 3775 5068; x_wconf 88' lang='lat' dir='ltr'><strong>ad</strong></span> 
     </span>
    </p>
   </div>
   <div class='ocr_carea' id='block_1_111' title="bbox 2231 5107 3770 5179">
    <p class='ocr_par' dir='ltr' id='par_1_111' title="bbox 2231 5107 3770 5179">
     <span class='ocr_line' id='line_1_111' title="bbox 2231 5107 3770 5179; baseline -0.007 -13"><span class='ocrx_word' id='word_1_826' title='bbox 2231 5119 2461 5167; x_wconf 90' lang='lat' dir='ltr'><strong>mentem</strong></span> <span class='ocrx_word' id='word_1_827' title='bbox 2489 5110 2702 5179; x_wconf 88' lang='lat' dir='ltr'><strong>proprie</strong></span> <span class='ocrx_word' id='word_1_828' title='bbox 2736 5110 2996 5178; x_wconf 84' lang='lat' dir='ltr'><strong>pertineat</strong></span> <span class='ocrx_word' id='word_1_829' title='bbox 3021 5110 3041 5141; x_wconf 84' lang='grc'>³</span> <span class='ocrx_word' id='word_1_830' title='bbox 3063 5154 3075 5176; x_wconf 88' lang='grc'>,</span> <span class='ocrx_word' id='word_1_831' title='bbox 3107 5112 3244 5179; x_wconf 83' lang='lat' dir='ltr'><strong>quod</strong></span> <span class='ocrx_word' id='word_1_832' title='bbox 3275 5114 3410 5168; x_wconf 86' lang='lat' dir='ltr'><strong>sicut</strong></span> <span class='ocrx_word' id='word_1_833' title='bbox 3429 5111 3602 5166; x_wconf 83' lang='lat' dir='ltr'><strong>oculus</strong></span> <span class='ocrx_word' id='word_1_834' title='bbox 3622 5107 3770 5161; x_wconf 89' lang='lat' dir='ltr'><strong>album</strong></span> 
     </span>
    </p>
   </div>
   <div class='ocr_carea' id='block_1_112' title="bbox 2231 5200 3769 5274">
    <p class='ocr_par' dir='ltr' id='par_1_112' title="bbox 2231 5200 3769 5274">
     <span class='ocr_line' id='line_1_112' title="bbox 2231 5200 3769 5274; baseline -0.008 -15"><span class='ocrx_word' id='word_1_835' title='bbox 2231 5212 2286 5259; x_wconf 90' lang='lat' dir='ltr'><strong>et</strong></span> <span class='ocrx_word' id='word_1_836' title='bbox 2309 5204 2515 5273; x_wconf 85' lang='lat' dir='ltr'><strong>nigrum</strong></span> <span class='ocrx_word' id='word_1_837' title='bbox 2544 5242 2558 5268; x_wconf 92' lang='lat'><strong>,</strong></span> <span class='ocrx_word' id='word_1_838' title='bbox 2593 5201 2662 5253; x_wconf 90' lang='lat' dir='ltr'><strong>ita</strong></span> <span class='ocrx_word' id='word_1_839' title='bbox 2703 5200 3007 5269; x_wconf 72' lang='lat' dir='ltr'><strong>wquitatem</strong></span> <span class='ocrx_word' id='word_1_840' title='bbox 3059 5202 3490 5274; x_wconf 87' lang='lat' dir='ltr'><strong>iniquitatemque</strong></span> <span class='ocrx_word' id='word_1_841' title='bbox 3519 5202 3769 5256; x_wconf 85' lang='lat' dir='ltr'><strong>discernat.</strong></span> 
     </span>
    </p>
   </div>
   <div class='ocr_carea' id='block_1_113' title="bbox 2235 5290 3770 5365">
    <p class='ocr_par' dir='ltr' id='par_1_113' title="bbox 2235 5290 3770 5365">
     <span class='ocr_line' id='line_1_113' title="bbox 2235 5290 3770 5365; baseline -0.005 -14"><span class='ocrx_word' id='word_1_842' title='bbox 2235 5298 2288 5351; x_wconf 92' lang='lat' dir='ltr'><strong>In</strong></span> <span class='ocrx_word' id='word_1_843' title='bbox 2331 5296 2428 5349; x_wconf 90' lang='lat' dir='ltr'><strong>hac</strong></span> <span class='ocrx_word' id='word_1_844' title='bbox 2458 5302 2567 5348; x_wconf 92' lang='lat' dir='ltr'><strong>tota</strong></span> <span class='ocrx_word' id='word_1_845' title='bbox 2592 5292 3021 5348; x_wconf 77' lang='lat' dir='ltr'><strong>consideratione</strong></span> <span class='ocrx_word' id='word_1_846' title='bbox 3047 5304 3321 5360; x_wconf 68' lang='lat' dir='ltr'><strong>creaturaa,</strong></span> <span class='ocrx_word' id='word_1_847' title='bbox 3355 5312 3505 5365; x_wconf 87' lang='lat' dir='ltr'><strong>quam</strong></span> <span class='ocrx_word' id='word_1_848' title='bbox 3531 5290 3770 5347; x_wconf 81' lang='lat' dir='ltr'><strong>nominare</strong></span> 
     </span>
    </p>
   </div>
   <div class='ocr_carea' id='block_1_114' title="bbox 2233 5387 3769 5457">
    <p class='ocr_par' dir='ltr' id='par_1_114' title="bbox 2233 5387 3769 5457">
     <span class='ocr_line' id='line_1_114' title="bbox 2233 5387 3769 5457; baseline -0.007 -13"><span class='ocrx_word' id='word_1_849' title='bbox 2233 5399 2516 5457; x_wconf 87' lang='lat' dir='ltr'><strong>utcumque</strong></span> <span class='ocrx_word' id='word_1_850' title='bbox 2578 5395 2631 5440; x_wconf 89' lang='lat' dir='ltr'><strong>et</strong></span> <span class='ocrx_word' id='word_1_851' title='bbox 2687 5400 2999 5456; x_wconf 88' lang='lat' dir='ltr'><strong>percurrere</strong></span> <span class='ocrx_word' id='word_1_852' title='bbox 3053 5388 3352 5456; x_wconf 89' lang='lat' dir='ltr'><strong>potuimus,</strong></span> <span class='ocrx_word' id='word_1_853' title='bbox 3419 5387 3681 5452; x_wconf 78' lang='lat' dir='ltr'><strong>interroget</strong></span> <span class='ocrx_word' id='word_1_854' title='bbox 3723 5393 3769 5431; x_wconf 87' lang='lat' dir='ltr'><strong>sc</strong></span> 
     </span>
    </p>
   </div>
   <div class='ocr_carea' id='block_1_115' title="bbox 2233 5469 3764 5550">
    <p class='ocr_par' dir='ltr' id='par_1_115' title="bbox 2233 5469 3764 5550">
     <span class='ocr_line' id='line_1_115' title="bbox 2233 5469 3764 5550; baseline -0.008 -15"><span class='ocrx_word' id='word_1_855' title='bbox 2233 5482 2409 5535; x_wconf 89' lang='lat' dir='ltr'><strong>anima</strong></span> <span class='ocrx_word' id='word_1_856' title='bbox 2444 5498 2455 5533; x_wconf 93' lang='lat'>:</span> <span class='ocrx_word' id='word_1_857' title='bbox 2481 5480 2608 5545; x_wconf 90' lang='lat' dir='ltr'><strong>Quis</strong></span> <span class='ocrx_word' id='word_1_858' title='bbox 2628 5479 2751 5533; x_wconf 78' lang='lat' dir='ltr'><strong>fecit</strong></span> <span class='ocrx_word' id='word_1_859' title='bbox 2772 5479 2886 5533; x_wconf 81' lang='lat' dir='ltr'><strong>lnec</strong></span> <span class='ocrx_word' id='word_1_860' title='bbox 2904 5480 3122 5534; x_wconf 88' lang='lat' dir='ltr'><strong>omnia?</strong></span> <span class='ocrx_word' id='word_1_861' title='bbox 3146 5481 3263 5550; x_wconf 83' lang='lat' dir='ltr'><strong>quis</strong></span> <span class='ocrx_word' id='word_1_862' title='bbox 3286 5481 3477 5536; x_wconf 79' lang='lat' dir='ltr'><strong>creavit</strong></span> <span class='ocrx_word' id='word_1_863' title='bbox 3505 5475 3643 5531; x_wconf 66' lang='lat' dir='ltr'><strong>hinc?</strong></span> <span class='ocrx_word' id='word_1_864' title='bbox 3668 5469 3764 5541; x_wconf 89' lang='lat' dir='ltr'><strong>quis</strong></span> 
     </span>
    </p>
   </div>
   <div class='ocr_carea' id='block_1_116' title="bbox 2238 5558 3763 5643">
    <p class='ocr_par' dir='ltr' id='par_1_116' title="bbox 2238 5558 3763 5643">
     <span class='ocr_line' id='line_1_116' title="bbox 2238 5558 3763 5643; baseline -0.005 -17"><span class='ocrx_word' id='word_1_865' title='bbox 2238 5576 2286 5627; x_wconf 90' lang='lat' dir='ltr'><strong>iu</strong></span> <span class='ocrx_word' id='word_1_866' title='bbox 2320 5573 2402 5627; x_wconf 92' lang='lat' dir='ltr'><strong>his</strong></span> <span class='ocrx_word' id='word_1_867' title='bbox 2427 5572 2691 5640; x_wconf 81' lang='lat' dir='ltr'><strong>teipsam?</strong></span> <span class='ocrx_word' id='word_1_868' title='bbox 2732 5569 2866 5636; x_wconf 86' lang='lat' dir='ltr'><strong>Quid</strong></span> <span class='ocrx_word' id='word_1_869' title='bbox 2894 5582 3019 5625; x_wconf 90' lang='lat' dir='ltr'><strong>sunt</strong></span> <span class='ocrx_word' id='word_1_870' title='bbox 3048 5571 3145 5626; x_wconf 90' lang='lat' dir='ltr'><strong>ista</strong></span> <span class='ocrx_word' id='word_1_871' title='bbox 3171 5588 3290 5643; x_wconf 73' lang='lat' dir='ltr'><strong>qua:</strong></span> <span class='ocrx_word' id='word_1_872' title='bbox 3323 5564 3639 5627; x_wconf 86' lang='lat' dir='ltr'><strong>consideras?</strong></span> <span class='ocrx_word' id='word_1_873' title='bbox 3660 5558 3763 5632; x_wconf 83' lang='lat' dir='ltr'><strong>quid</strong></span> 
     </span>
    </p>
   </div>
   <div class='ocr_carea' id='block_1_117' title="bbox 2301 5724 3210 5787">
    <p class='ocr_par' dir='ltr' id='par_1_117' title="bbox 2301 5724 3210 5787">
     <span class='ocr_line' id='line_1_117' title="bbox 2301 5724 3210 5787; baseline 0 -13"><span class='ocrx_word' id='word_1_874' title='bbox 2301 5732 2313 5761; x_wconf 76' lang='grc' dir='ltr'>ί</span> <span class='ocrx_word' id='word_1_875' title='bbox 2346 5737 2443 5775; x_wconf 68' lang='lat' dir='ltr'><strong>Am.</strong></span> <span class='ocrx_word' id='word_1_876' title='bbox 2462 5733 2533 5774; x_wconf 80' lang='lat' dir='ltr'><strong>Er.</strong></span> <span class='ocrx_word' id='word_1_877' title='bbox 2563 5732 2614 5775; x_wconf 83' lang='lat' dir='ltr'><strong>et</strong></span> <span class='ocrx_word' id='word_1_878' title='bbox 2639 5724 2860 5787; x_wconf 68' lang='lat' dir='ltr'><strong>uerique</strong></span> <span class='ocrx_word' id='word_1_879' title='bbox 2885 5733 3010 5785; x_wconf 64' lang='lat' dir='ltr'><strong>Mss,</strong></span> <span class='ocrx_word' id='word_1_880' title='bbox 3033 5735 3077 5777; x_wconf 84' lang='lat' dir='ltr'><strong>et</strong></span> <span class='ocrx_word' id='word_1_881' title='bbox 3100 5740 3210 5776; x_wconf 74' lang='lat' dir='ltr'><strong>non.</strong></span> 
     </span>
    </p>
   </div>
   <div class='ocr_carea' id='block_1_118' title="bbox 2301 5788 3738 5851">
    <p class='ocr_par' dir='ltr' id='par_1_118' title="bbox 2301 5788 3738 5851">
     <span class='ocr_line' id='line_1_118' title="bbox 2301 5788 3738 5851; baseline 0.001 -15"><span class='ocrx_word' id='word_1_882' title='bbox 2301 5795 2319 5822; x_wconf 72' lang='grc'><strong>³</strong></span> <span class='ocrx_word' id='word_1_883' title='bbox 2347 5791 2427 5837; x_wconf 85' lang='lat' dir='ltr'><strong>llic</strong></span> <span class='ocrx_word' id='word_1_884' title='bbox 2450 5788 2737 5851; x_wconf 76' lang='lat' dir='ltr'><strong>inplurihus</strong></span> <span class='ocrx_word' id='word_1_885' title='bbox 2757 5794 2862 5851; x_wconf 57' lang='grc' dir='ltr'><strong>ηδε.</strong></span> <span class='ocrx_word' id='word_1_886' title='bbox 2898 5788 3062 5847; x_wconf 87' lang='lat' dir='ltr'><strong>deest,</strong></span> <span class='ocrx_word' id='word_1_887' title='bbox 3087 5801 3195 5838; x_wconf 73' lang='lat' dir='ltr'><strong>non.</strong></span> 
     </span>
    </p>
   </div>
   <div class='ocr_carea' id='block_1_119' title="bbox 2303 5834 3753 5917">
    <p class='ocr_par' dir='ltr' id='par_1_119' title="bbox 2303 5834 3753 5917">
     <span class='ocr_line' id='line_1_119' title="bbox 2303 5834 3753 5917; baseline -0.011 -19"><span class='ocrx_word' id='word_1_888' title='bbox 2303 5854 2321 5884; x_wconf 82' lang='grc'><strong>³</strong></span> <span class='ocrx_word' id='word_1_889' title='bbox 2344 5834 2436 5899; x_wconf 63' lang='lat' dir='ltr'><strong>Edd</strong></span> <span class='ocrx_word' id='word_1_890' title='bbox 2446 5834 2461 5898; x_wconf 64' lang='grc' dir='ltr'><em>ξ</em></span> <span class='ocrx_word' id='word_1_891' title='bbox 2469 5834 2731 5914; x_wconf 54' lang='lat' dir='ltr'><strong>inanimi</strong></span> <span class='ocrx_word' id='word_1_892' title='bbox 2746 5834 2877 5913; x_wconf 63' lang='lat' dir='ltr'><strong>nliqu</strong></span> <span class='ocrx_word' id='word_1_893' title='bbox 2894 5834 2930 5902; x_wconf 52' lang='lat' dir='ltr'><strong>ait</strong></span> <span class='ocrx_word' id='word_1_894' title='bbox 2941 5834 3074 5901; x_wconf 63' lang='lat' dir='ltr'><strong>vero</strong></span> <span class='ocrx_word' id='word_1_895' title='bbox 3088 5834 3197 5902; x_wconf 52' lang='lat' dir='ltr'><strong>Siti;</strong></span> <span class='ocrx_word' id='word_1_896' title='bbox 3206 5886 3220 5915; x_wconf 90' lang='lat'><strong>,</strong></span> <span class='ocrx_word' id='word_1_897' title='bbox 3234 5851 3444 5917; x_wconf 61' lang='lat' dir='ltr'><strong>pertinet.</strong></span> <span class='ocrx_word' id='word_1_898' title='bbox 3458 5852 3581 5896; x_wconf 72' lang='lat' dir='ltr'><strong>Forte</strong></span> <span class='ocrx_word' id='word_1_899' title='bbox 3596 5834 3753 5890; x_wconf 72' lang='lat' dir='ltr'><strong>melius.</strong></span> 
     </span>
    </p>
   </div>
  </div>
