4088 6434
225 384 351 450 1273

223 520 268 562 ιιι
294 518 411 573 qua:
446 499 795 558 consideras?
818 493 951 569 Quis
988 498 1075 554 ille
1117 498 1204 568 qui
1244 497 1370 555 fecit
1413 499 1799 555 consideranda

220 605 266 652 et
291 592 765 650 considerante'm?
803 592 922 662 quis
947 599 1028 645 est
1054 590 1193 646 iste?
1224 591 1315 645 Dic
1347 591 1494 645 illum
1520 608 1535 657 ;
1564 601 1620 645 ut
1653 591 1801 646 dicas

221 686 379 750 illum,
428 684 607 752 wgita
648 679 1008 768 illum/Potes
1048 681 1190 735 enim
1232 680 1431 750 aliquid
1457 681 1721 750 cogitare,
1748 690 1801 736 et

219 780 345 832 forte
377 791 483 830 non
512 785 662 845 potes
683 774 863 829 dicere
889 791 903 836 ;
929 774 1072 827 nullo
1103 772 1262 827 modo
1283 784 1461 829 autem
1494 775 1695 843 poteris
1714 774 1801 828 di-

220 884 333 923 cere
360 867 503 938 quod
554 881 654 919 non
687 866 923 933 poweris
968 864 1221 933 Cogitare.
1258 864 1398 932 Ergo
1442 870 1617 933 cnglta
1650 863 1798 917 illum

222 960 525 1029 priusquam
558 958 704 1012 dicas
734 956 916 1020 illum;
957 964 1013 1009 ut
1047 956 1248 1025 cogites
1284 956 1456 1020 illum,
1498 955 1693 1010 accede
1735 955 1802 1010 ad

219 1050 377 1104 illum.
403 1048 559 1116 Quod
588 1048 730 1101 enim
760 1048 838 1102 vis
864 1046 1001 1101 bene
1032 1047 1229 1112 videre,
1258 1055 1313 1100 ut
1340 1046 1535 1101 habeas
1565 1046 1705 1117 quod
1725 1046 1803 1101 lo-

184 1137 197 1175 "
226 1141 417 1210 quaris,
453 1138 668 1194 accedis
710 1148 766 1193 ut
808 1138 1079 1207 inspicias,
1113 1153 1180 1192 ne
1210 1139 1343 1192 forte
1389 1138 1543 1209 longe
1573 1137 1802 1193 videndo

222 1233 425 1288 faliaris.
480 1231 588 1288 Sed
625 1242 681 1286 ut
719 1232 886 1287 oculis
926 1232 1025 1286 ista
1060 1245 1317 1299 corpora,
1365 1233 1441 1285 sic
1485 1232 1572 1286 ille
1622 1243 1801 1287 mente

223 1325 560 1395 conspicitur,
583 1323 747 1378 corde
771 1318 1062 1378 attenditur
1082 1333 1136 1378 et
1153 1322 1378 1378 videtur.
1405 1324 1470 1378 Et
1494 1324 1583 1378 ubi
1601 1333 1684 1378 est
1708 1338 1804 1378 cor

225 1416 353 1471 unde
381 1417 469 1470 ille
499 1415 782 1469 videatur?
810 1413 975 1479 Beati,
1007 1416 1102 1481 ait,
1151 1414 1325 1467 mundi
1364 1414 1534 1479 corde,
1563 1415 1803 1483 quoniam

224 1510 314 1579 ipsi
356 1508 520 1562 Deum
565 1507 797 1561 videbunt
840 1506 1047 1575 (Matth.
1097 1522 1148 1570 v,
1177 1505 1274 1577 8).
1308 1506 1501 1569 Audio.
1535 1505 1717 1569 credo,
1749 1514 1805 1560 ut

228 1614 424 1670 possum
452 1599 698 1669 intelligo
724 1641 738 1664 ,
771 1597 931 1653 corde
960 1596 1123 1652 videri
1157 1596 1346 1661 Deum,
1378 1612 1478 1651 nec
1519 1611 1673 1666 posse
1704 1597 1801 1650 nisi

230 1691 408 1746 mundo
427 1690 596 1745 corde
623 1690 859 1759 conspici
883 1706 898 1753 ;
930 1689 1024 1744 sed
1056 1687 1214 1744 audio
1242 1688 1400 1743 aliam
1428 1686 1755 1757 Scripturam
1787 1707 1799 1742 :

232 1782 344 1850 Quis
360 1782 661 1854 gloriabitur
684 1791 877 1835 castum
917 1797 969 1835 se
998 1780 1178 1835 habere
1209 1782 1337 1835 cor?
1363 1789 1448 1834 aut
1474 1781 1584 1849 quis
1608 1780 1801 1852 gloria-

230 1876 349 1928 bitur
375 1874 623 1928 mundum
644 1891 697 1928 se
720 1890 823 1927 esse
842 1890 874 1926 a
900 1881 1100 1943 peccato
1128 1871 1305 1942 (Prov.
1346 1889 1435 1937 xx,
1467 1871 1561 1938 9)?
1588 1872 1800 1928 Attendi

224 1983 338 2037 ergo
352 1967 654 2022 universam
673 1976 991 2030 creaturam,
1011 1972 1264 2035 quantmn
1280 1966 1421 2034 potui
1440 1982 1453 2029 ;
1472 1964 1801 2032 corporalem

226 2060 563 2115 animadverti
588 2060 639 2113 in
670 2060 805 2114 caelo
827 2066 880 2113 et
906 2058 959 2111 in
988 2065 1150 2123 terra,
1182 2056 1511 2126 spiritualem
1539 2066 1715 2111 autem
1748 2057 1799 2110 in

226 2153 414 2222 neipso
442 2152 536 2222 qui
573 2151 763 2220 loquor
786 2192 799 2217 ,
842 2150 936 2219 qui
982 2149 1224 2204 membra
1254 2159 1465 2219 vegeto,
1497 2150 1585 2219 qui
1617 2165 1799 2204 vocem

224 2245 458 2309 intendo,
502 2243 601 2314 qui
643 2243 880 2312 linguam
914 2258 1103 2296 moveo
1128 2284 1141 2309 ,
1173 2242 1262 2312 qui
1293 2244 1451 2297 verba
1480 2244 1792 2311 pronuntio,

223 2352 501 2406 sensusque
541 2334 813 2389 discerno.
859 2334 925 2387 Et
956 2333 1168 2403 quando
1198 2332 1597 2402 comprehendo
1633 2349 1719 2388 me
1749 2333 1802 2388 in

227 2429 333 2483 me?
367 2427 524 2484 Unde
557 2442 685 2497 ergo
718 2440 932 2497 possum
959 2425 1099 2495 quod
1126 2440 1283 2494 supra
1316 2424 1439 2480 me?
1465 2424 1801 2480 Promittitur

227 2529 384 2573 tamen
411 2518 566 2573 cordi
590 2516 824 2571 humano
855 2515 992 2569 visio
1015 2516 1130 2581 Dei,
1158 2525 1212 2569 et
1238 2515 1486 2600 indiciyrr
1516 2516 1532 2546 ί
1559 2516 1801 2584 quasdam

227 2610 449 2680 operatio
474 2607 776 2663 mundandi
799 2605 1012 2673 cordis;
1042 2606 1143 2661 hoc
1164 2606 1358 2669 dicitur
1379 2606 1446 2661 ab
1475 2605 1751 2675 Scriptura
1782 2624 1797 2662 :

227 2699 341 2754 Para
369 2700 506 2754 unde
546 2698 729 2754 videas
755 2697 896 2768 quod
921 2711 1068 2752 amas
1097 2739 1112 2764 ,
1146 2690 1427 2767 antequam
1455 2696 1658 2751 videas.
1692 2697 1803 2751 Au-

207 2764 320 2874 ἰιιιο
348 2792 482 2848 enim
518 2792 631 2847 Deo
658 2801 708 2846 et
738 2791 953 2845 nomine
981 2790 1119 2859 ejus,
1146 2790 1227 2844 cui
1252 2804 1357 2843 non
1380 2790 1536 2843 dulce
1559 2790 1799 2866 estquod

229 2864 980 2952 auAthum
1013 2892 1241 2947 remoto,
1274 2864 1501 2934 multum
1528 2864 1801 2949 longe‘fa-

228 2971 329 3065 da?
357 2973 621 3041 Quoniam
641 2988 775 3037 ecce,
801 2974 989 3040 inquit,
1024 2972 1110 3042 qui
1136 2973 1284 3043 longe
1312 2972 1507 3043 faciunt
1528 2988 1582 3025 se
1606 2971 1696 3025 abs
1726 2981 1797 3038 te,

228 3062 473 3133 peribunt;
526 3065 768 3135 sequitur
792 3106 807 3131 ,
864 3062 1140 3117 Perdidisti
1185 3079 1381 3117 onmem
1407 3063 1492 3131 qui
1519 3063 1802 3133 fornicatur

228 3156 302 3210 abs
324 3167 366 3211 te
389 3156 575 3229 (Psal.
606 3172 750 3211 Lxxn
770 3198 783 3219 ,
810 3154 879 3208 ‘27
902 3156 942 3223 ).
967 3154 1130 3210 Nobis
1165 3163 1341 3209 autem
1374 3154 1543 3224 quid?
1569 3153 1702 3220 Quia
1725 3152 1803 3210 illi

230 3246 396 3319 longe,
442 3258 500 3304 et
541 3247 661 3303 ideo
701 3248 753 3301 in
800 3246 1053 3312 tenebris,
1083 3256 1135 3300 et
1165 3246 1234 3299 ita
1264 3246 1514 3300 sauciatis
1540 3244 1715 3301 oculis
1746 3244 1800 3300 iu

228 3340 471 3404 tenebris,
516 3348 574 3393 ut
612 3339 787 3393 lumen
833 3352 936 3391 non
969 3338 1138 3391 solum
1190 3352 1294 3391 non
1343 3337 1665 3403 desiderent,
1706 3337 1801 3392 sed

230 3431 366 3485 etiam
384 3432 833 3502 perhorrescant;
863 3430 1014 3484 nobis
1032 3430 1084 3483 in
1110 3429 1396 3500 longinquo
1419 3429 1646 3484 inventis
1675 3428 1803 3499 quid

230 3521 435 3577 dicitur?
459 3522 701 3577 Accedite
715 3521 782 3574 ad
802 3536 935 3587 eum,
960 3530 1003 3573 et
1028 3520 1387 3574 illuminamini
1409 3518 1579 3591 (Psal.
1611 3535 1799 3586 χχχιιι,

231 3610 305 3683 6).
336 3612 398 3669 lit
424 3622 609 3668 autem
646 3609 868 3666 accedas
893 3620 947 3664 et
981 3609 1328 3674 illumineris,
1363 3608 1679 3680 displiceant
1705 3610 1800 3665 tibi

234 3706 443 3761 tenebrae
477 3715 620 3769 tua};
651 3703 841 3758 damna
872 3702 1010 3773 quod
1038 3718 1117 3769 es,
1150 3711 1205 3756 ut
1232 3704 1488 3759 merearis
1510 3718 1627 3758 esse
1651 3705 1792 3774 quod

236 3813 327 3851 non
359 3814 429 3853 es.
456 3798 535 3853 Es
567 3797 803 3867 iniquus,
832 3810 952 3851 esse
976 3796 1139 3877 debes
1174 3795 1386 3866 justus:
1416 3812 1685 3866 nunquam
1711 3797 1802 3866 ju-

234 3890 413 3944 stitiam
438 3902 787 3960 percepturus
813 3903 891 3953 es,
923 3889 968 3942 si
994 3872 1168 3942 adhuc
1199 3887 1291 3941 tibi
1323 3887 1497 3957 placet
1523 3887 1790 3957 iniquitas.

236 3980 445 4037 Contere
471 3983 611 4036 illam
636 3982 689 4035 in
709 3980 869 4034 corde
911 3987 1021 4046 tuo,
1056 3987 1109 4034 et
1148 3978 1379 4043 munda;
1407 3977 1616 4048 expelle
1657 3978 1803 4033 illam

238 4070 301 4125 de
325 4074 479 4128 corde
504 4084 607 4138 tuo,
633 4073 718 4127 ubi
747 4072 859 4126 vult
886 4071 1159 4137 habitare’
1185 4085 1341 4139 quem
1370 4069 1449 4123 vis
1475 4069 1674 4125 videre.
1703 4071 1804 4124 Ac-

235 4163 363 4217 cedit
404 4180 529 4236 ergo
560 4174 845 4233 utcumque
888 4162 1063 4217 anima
1095 4161 1321 4215 humana
1348 4202 1362 4227 ,
1391 4160 1611 4216 interior
1644 4160 1806 4216 homo

233 4266 485 4312 recreatus
516 4256 581 4311 ad
631 4257 910 4326 imaginem
942 4255 1075 4319 Dei,
1122 4254 1241 4323 quia
1271 4261 1479 4308 creatus
1506 4252 1571 4307 ad
1617 4253 1805 4323 imagi-

237 4364 342 4403 nem
366 4352 453 4407 Dei
482 4368 495 4412 ;
522 4350 611 4420 qui
645 4360 789 4402 tanto
818 4358 930 4402 erat
952 4348 1105 4417 longe
1137 4346 1304 4400 factus
1332 4345 1353 4377 ³
1381 4387 1395 4411 ,
1429 4354 1629 4415 quanto
1670 4346 1807 4400 ierat

238 4443 283 4497 in
308 4443 809 4500 dissimilitudinem.
839 4441 953 4496 Non
975 4441 1115 4495 enim
1140 4440 1375 4495 locorum
1405 4438 1698 4494 intervallis
1719 4454 1806 4493 ac-

238 4538 421 4591 ceditur
451 4536 518 4592 ad
548 4536 734 4600 Deum,
764 4544 855 4588 aut
906 4531 1173 4588 recedilur
1217 4546 1247 4585 a
1317 4532 1426 4586 Deo
1484 4548 1496 4584 :
1535 4529 1809 4585 dissimilis

240 4629 403 4694 iactus,
433 4632 598 4701 longe
620 4628 884 4684 recessisti
908 4644 924 4691 ;
946 4626 1135 4680 similis
1165 4624 1354 4692 iactus,
1388 4624 1629 4694 proxime
1649 4636 1807 4677 acce-

242 4719 329 4776 dis.
358 4722 488 4778 Vide
517 4718 784 4792 quomodo
814 4734 912 4774 nos
955 4718 1065 4771 vult
1093 4715 1350 4771 accedere
1394 4715 1684 4779 Dominus,
1732 4712 1810 4766 fa-

239 4813 368 4870 ciens
393 4816 565 4886 primo
590 4814 791 4868 similes
817 4853 831 4877 ,
863 4820 918 4866 ut
942 4809 1276 4865 accedamus.
1308 4806 1499 4869 Estne,
1529 4806 1602 4860 ait
1623 4848 1636 4867 .
1681 4807 1810 4858 sicut

242 4904 382 4962 Pater
419 4914 578 4960 vester
602 4904 686 4975 qui
706 4905 757 4957 in
800 4902 937 4956 caelis
965 4910 1056 4967 est,
1080 4900 1166 4971 qui
1187 4898 1342 4954 salem
1370 4915 1518 4952 suum
1544 4898 1663 4951 oriri
1688 4896 1811 4967 facit

241 5010 375 5063 super
401 4997 558 5051 bonos
602 5004 648 5047 et
674 4993 833 5046 malas
854 5035 868 5056 ,
900 5000 945 5045 et
985 4990 1112 5061 pluit
1136 5004 1289 5058 super
1303 4989 1471 5058 justas
1515 4998 1560 5040 et
1594 4987 1810 5057 injustas

243 5083 439 5153 (Matth.
465 5102 522 5153 v,
551 5086 667 5157 45).
698 5084 851 5139 Disce
870 5083 1091 5152 diligere
1117 5079 1410 5146 inimicum,
1437 5078 1483 5134 si
1512 5079 1593 5133 vis
1615 5093 1809 5133 cavere

244 5174 501 5233 inimicum
530 5176 574 5232 ⁸.
608 5177 923 5246 lnquantum
954 5182 1129 5227 autem
1173 5172 1224 5224 in
1255 5180 1306 5225 te
1334 5169 1565 5224 charitas
1593 5168 1807 5235 crescit,

244 5264 462 5325 eiliciens
485 5278 533 5324 te
550 5276 877 5323 etrevocans
894 5274 945 5321 te
961 5264 1026 5318 ad
1046 5263 1440 5319 similitudinem
1459 5260 1574 5326 Dei,
1600 5270 1813 5330 perteu-

304 5461 471 5531 ξειιιιη
490 5464 604 5515 inde
628 5461 827 5531 dicitur.
854 5458 1336 5531 At_a_lss.,i_ndicitur._
1634 5519 1663 5531 ,Δ
1695 5519 1706 5531 ¹
1758 5520 1798 5531 __

246 5519 468 5638 ’ἐθειξὲ
494 5533 606 5588 ms,
630 5522 865 5589 Confitere
902 5519 1047 5574 illam
1079 5522 1130 5573 in
1152 5522 1298 5573 corde
1321 5528 1399 5571 tuo
1428 5533 1443 5571 :
1468 5519 1535 5572 ibi
1566 5519 1664 5572 vult
1687 5519 1818 5571 habi-

308 5619 539 5713 ἶ
560 5658 683 5699 uss;
707 5646 969 5713 accedente
982 5650 1381 5713 _ergo_utcumque
1409 5656 1569 5713 anima
1586 5643 1814 5713 humana,

252 5708 432 5770 ulterior
459 5711 597 5760 homo
618 5717 864 5760 recreatur
887 5706 951 5760 ad
974 5704 1228 5770 imaginem
1259 5704 1344 5755 Dei
1370 5719 1381 5755 :
1410 5705 1521 5770 quia
1545 5714 1733 5757 creatus
1752 5704 1816 5756 ad

252 5765 490 5834 imaginem
516 5771 619 5831 Dei,
635 5776 764 5834 tanta
786 5777 890 5819 erat
914 5770 1049 5834 longe
1071 5765 1241 5832 ﬂictus,
1270 5776 1363 5818 etc.

312 5826 475 5883 "hulb.
503 5826 847 5897 sts.,'amicmu.

1311 344 1710 443 nutunutu
1752 388 1814 442 IN
1853 389 2175 450 essenon
2216 395 2403 452 xcrx.

3356 412 3493 470 1274

1909 502 1986 558 dit
2015 513 2182 575 usque
2210 506 2276 561 ad
2317 509 2559 565 inimicos
2581 528 2595 577 ;
2615 521 2671 567 ut
2692 514 2764 569 sis
2782 514 2828 569 ei
2850 516 3039 572 similis
3063 520 3149 588 qui
3178 520 3302 576 facit
3325 524 3493 580 solem

1907 609 2060 649 suum
2085 597 2236 662 oriri,
2260 613 2364 653 non
2387 616 2547 671 super
2578 602 2745 657 bonos
2767 614 2988 672 tantum,
3016 610 3110 664 sed
3136 625 3297 681 super
3324 614 3495 669 bonos

1907 697 1962 743 et
1988 690 2190 756 malos;
2214 700 2265 745 et
2299 692 2452 760 pluit,
2478 710 2581 747 non
2615 700 2965 766 superjustos
2996 709 3196 755 tantum
3224 745 3239 768 ,
3270 705 3363 758 sed
3406 720 3497 760 su-

1908 795 2003 849 per
2018 780 2191 850 jnstos
2220 791 2273 836 et
2299 782 2543 852 injustos.
2571 785 2832 853 Quantum
2858 792 3070 847 accedis
3100 794 3163 847 ad
3188 794 3493 851 similitudio

1909 886 2064 933 nem,
2111 880 2312 926 tantum
2361 875 2575 941 proﬁcis
2616 878 2666 930 iu
2708 879 2999 945 charitate,
3034 893 3085 936 et
3130 892 3277 938 tanto
3306 886 3496 957 incipis

1909 962 2108 1016 sentire
2141 962 2323 1017 Deum.
2347 965 2415 1018 Et
2439 981 2599 1035 quem
2625 970 2829 1023 sentis?
2856 972 2942 1041 qui
2972 975 3197 1029 venitad
3229 984 3298 1042 te,
3326 993 3392 1031 an
3427 978 3493 1031 ad

1908 1066 2064 1121 quem
2097 1060 2149 1107 tu
2180 1053 2358 1108 redis?
2385 1054 2516 1110 Nam
2543 1058 2914 1129 illenunquam
2940 1063 3183 1119 diseassit
3210 1081 3239 1119 a
3268 1076 3318 1121 te
3352 1085 3364 1119 :
3400 1084 3489 1122 re-

1908 1142 2049 1197 cedit
2072 1158 2099 1196 a
2131 1153 2180 1198 te
2209 1145 2367 1211 Deus,
2393 1162 2513 1201 cum
2544 1159 2595 1201 tu
2623 1150 2871 1204 reccdisa
2900 1152 3023 1205 Deo.
3052 1154 3337 1210 Prxsentia
3363 1164 3490 1212 sunt

1909 1236 2065 1289 czecis
2089 1237 2286 1299 omnia,
2325 1239 2464 1293 sicut
2488 1240 2788 1297 videntibus
2823 1261 2834 1295 :
2862 1260 2966 1297 uno
2999 1245 3116 1301 loco
3140 1258 3286 1301 stans
3316 1263 3491 1303 caecus

1908 1334 1962 1379 et
1990 1326 2191 1393 videns,
2219 1327 2407 1382 iisdem
2446 1329 2629 1385 formis
2655 1346 2835 1387 rerum
2865 1344 3088 1406 uterque
3115 1337 3497 1394 circumfundi-

1910 1426 2031 1483 tur;
2075 1420 2164 1473 ille
2198 1430 2280 1474 est
2309 1436 2544 1489 praesens
2591 1425 2785 1491 rebus,
2812 1427 2898 1482 ille
2926 1428 3119 1484 absens
3154 1449 3166 1484 :
3197 1447 3261 1485 ex
3289 1432 3495 1485 duobus

1908 1525 2016 1565 uno
2044 1511 2164 1565 loco
2189 1512 2449 1567 stantibus
2471 1555 2485 1579 ,
2521 1531 2655 1568 unus
2681 1525 2763 1570 est
2789 1533 3023 1585 praesens
3047 1561 3062 1586 ,
3094 1521 3231 1576 alius
3260 1522 3490 1586 absens;

1908 1616 2013 1655 non
2041 1602 2198 1657 rebus
2226 1603 2353 1672 ipsis
2379 1604 2446 1659 ad
2484 1606 2708 1661 alterum
2750 1608 3124 1665 accedentibus
3159 1621 3212 1667 et
3234 1612 3302 1666 ab
3326 1614 3495 1668 altero

1910 1694 2301 1759 recedentibus,
2326 1697 2419 1751 sed
2448 1710 2663 1767 propter
2700 1700 3182 1757 dissimilitudinem
3218 1705 3493 1760 oculorum

1908 1798 2145 1839 suorum.
2180 1784 2274 1842 Ille
2318 1789 2405 1856 qui
2451 1804 2626 1843 caecus
2655 1791 2848 1845 dicitur
2869 1834 2884 1859 ,
2914 1793 3033 1860 quia
3064 1795 3380 1849 exstinctum
3414 1806 3497 1851 est

1908 1875 1980 1931 ibi
2021 1876 2162 1945 quod
2206 1881 2598 1949 contemperari
2629 1881 2765 1936 solet
2791 1883 2895 1937 luci
2923 1884 2938 1914 ⁸
2990 1895 3181 1940 cuncta
3226 1887 3493 1955 vestienti,

1909 1966 2103 2021 frustra
2135 1976 2218 2023 e~t
2248 1984 2486 2040 praesens
2508 1972 2666 2026 rebus
2687 1987 2818 2042 quas
2839 1989 2943 2028 non
2969 1975 3139 2039 videt;
3165 1977 3272 2031 imo
3300 1978 3498 2032 rectius

1908 2062 2103 2117 absens
2128 2078 2286 2132 quam
2316 2077 2552 2132 praesens
2572 2065 2763 2120 dicitur
2792 2084 2805 2121 :
2830 2066 2915 2120 ubi
2939 2067 3081 2121 enim
3115 2084 3220 2122 non
3252 2078 3335 2123 est
3361 2085 3490 2125 sen-

1907 2170 1998 2209 sus
2013 2155 2147 2225 ejus,
2171 2166 2317 2210 recte
2337 2156 2531 2211 dicitur
2549 2158 2741 2212 absens
2762 2175 2777 2223 ;
2804 2158 2907 2213 hoc
2940 2170 3021 2213 est
3048 2161 3187 2215 enim
3210 2162 3489 2216 absentem

1908 2262 2047 2314 esse,
2077 2262 2237 2303 sensu
2278 2249 2486 2304 abesse.
2520 2249 2607 2304 Sic
2634 2259 2689 2304 et
2729 2250 2865 2304 Deus
2896 2250 3089 2321 ubique
3127 2267 3365 2321 praesens
3390 2261 3491 2316 est,

1909 2341 2101 2411 ubique
2133 2350 2292 2398 totus.
2324 2342 2592 2413 Sapientia
2626 2343 2742 2413 ejus
2778 2344 2987 2413 attingit
3024 2360 3053 2398 ιι
3101 2345 3205 2399 line
3236 2360 3401 2413 usque
3426 2345 3493 2399 ad

1914 2432 2073 2488 ﬁnem
2098 2435 2322 2501 fortiter,
2351 2446 2405 2490 et
2432 2435 2667 2505 disponit
2702 2436 2877 2490 omnia
2906 2438 3143 2490 suaviter
3174 2437 3192 2506 (
3216 2437 3344 2509 Sap.
3376 2454 3490 2501 VIII,

1909 2526 1934 2579 1
1960 2525 1999 2596 ).
2033 2526 2183 2593 Quod
2207 2537 2382 2581 autem
2411 2528 2546 2581 Deus
2574 2528 2751 2590 Pater,
2778 2526 2879 2581 hoc
2905 2521 3130 2581 Verbum
3161 2527 3276 2596 ejus
3306 2536 3358 2582 et
3387 2528 3487 2583 Sa-

1907 2616 2107 2685 pientia
2145 2616 2261 2685 ejus
2283 2658 2297 2682 ,
2341 2618 2426 2672 lux
2460 2617 2527 2672 de
2553 2618 2669 2671 luce
2692 2660 2706 2683 ,
2740 2618 2877 2671 Deus
2920 2618 2986 2671 Ile
3028 2618 3155 2671 Deo.
3204 2617 3339 2684 Quid
3368 2635 3493 2690 ergo

1907 2716 2059 2776 Optas
2103 2705 2321 2762 videre?
2365 2708 2478 2761 Non
2518 2717 2602 2763 est
2643 2723 2673 2762 a
2724 2718 2775 2762 te
2806 2708 2962 2777 longe
3000 2709 3141 2778 quod
3186 2710 3264 2763 vis
3292 2708 3489 2764 videre.

1909 2799 2194 2869 Apostolus
2228 2798 2353 2853 dicit
2383 2799 2626 2868 equidem
2660 2814 2762 2853 non
2799 2800 2955 2869 longe
3000 2800 3224 2869 positum
3270 2800 3336 2857 ab
3358 2817 3492 2855 uno-

1907 2905 2117 2960 quoque
2146 2901 2385 2945 nostrum
2418 2908 2429 2943 :
2470 2892 2522 2944 in
2552 2892 2663 2959 ipso
2697 2892 2829 2945 enim
2855 2892 3062 2946 vivimus
3082 2901 3130 2946 et
3169 2909 3423 2946 moremur
3449 2904 3496 2949 et

1907 2995 2080 3033 sumus
2107 2979 2253 3051 (Act.
2288 2996 2413 3043 xvn,
2456 2980 2548 3047 2'7,
2579 2980 2649 3035 28
2670 2979 2711 3051 ).
2739 2982 2943 3048 Quanta
2979 2996 3107 3052 ergo
3136 2981 3348 3037 miseria
3378 2993 3493 3052 est;

1906 3073 2063 3144 longe
2091 3089 2211 3129 esse
2238 3074 2306 3129 ab
2330 3089 2393 3129 eo
2417 3074 2506 3144 qui
2532 3074 2725 3143 ubique
2751 3075 2871 3129 est?

1980 3165 2032 3221 6.
2063 3165 2194 3219 Esto
2220 3180 2347 3234 ergo
2372 3165 2560 3219 similis
2582 3165 2796 3234 pietate,
2824 3172 2880 3219 et
2899 3164 3124 3234 diligens
3139 3160 3455 3235 cogitatione
3477 3178 3491 3215 :

1908 3256 2158 3327 quoniam
2192 3255 2468 3311 invisibilia
2500 3254 2615 3323 ejus
2660 3270 2755 3323 per
2790 3269 2854 3308 ea
2878 3269 2997 3324 qua:
3026 3253 3161 3309 facta
3183 3262 3306 3308 sunt
3328 3251 3489 3307 intel-

1910 3347 2047 3402 lecta
2072 3346 2472 3416 conspiciuntur
2500 3345 2678 3415 (Rom.
2705 3360 2743 3410 ι,
2770 3344 2906 3415 20);
2952 3360 3015 3400 ea
3060 3360 3179 3415 quae
3209 3343 3342 3399 facta
3371 3351 3496 3397 sunt

1911 3438 2140 3504 intuere,
2176 3437 2392 3503 mirare,
2423 3451 2606 3506 quasre
2633 3445 2927 3491 auctorem.
2978 3434 3034 3490 Si
3063 3434 3334 3490 dissimilis
3384 3434 3491 3499 sis,

1909 3528 2224 3597 repelleris;
2255 3527 2298 3582 si
2342 3527 2569 3594 similis,
2600 3527 2909 3582 exsultabis.
2957 3526 3025 3581 Et
3071 3541 3191 3581 cum
3239 3523 3495 3580 accedere

1910 3619 2141 3690 cmperis
2168 3619 2358 3674 similis
2383 3661 2398 3685 ,
2428 3627 2481 3674 et
2504 3619 2891 3688 persentiscere
2912 3620 3078 3674 Deum
3106 3661 3121 3685 ,
3150 3626 3402 3689 quantum
3441 3617 3496 3671 in

1913 3724 1965 3770 te
1993 3713 2226 3768 charitas
2250 3713 2478 3781 crescit,
2502 3713 2625 3784 quia
2651 3721 2705 3768 et
2729 3713 2963 3768 charitas
2992 3713 3133 3767 Deus
3153 3719 3234 3766 est
3261 3710 3306 3780 (ι
3330 3709 3491 3763 Joan.

1909 3823 1980 3872 ιν,
2005 3807 2086 3877 8),
2124 3807 2322 3862 senties
2347 3806 2595 3877 quiddam
2626 3805 2767 3877 quod
2794 3805 3028 3870 dicebas,
3048 3813 3102 3858 et
3130 3818 3234 3856 non
3257 3799 3491 3856 dicebas.

1911 3901 2051 3953 Ante
2087 3898 2230 3952 enim
2270 3913 2427 3966 quam
2457 3898 2705 3961 sentires,
2728 3896 2909 3949 dicere
2936 3904 2988 3949 te
3012 3892 3235 3963 putabas
3266 3892 3436 3945 Deum
3478 3907 3492 3944 :

1912 3990 2103 4058 incipis
2156 3990 2379 4055 sentire,
2411 3997 2466 4042 et
2510 3989 2580 4042 ibi
2638 3989 2803 4041 sentis
2852 3986 2957 4041 dici
2994 4000 3101 4040 non
3152 3998 3307 4053 posse
3353 3982 3494 4051 quod

1912 4079 2101 4135 sentis.
2123 4078 2255 4134 Cum
2284 4087 2461 4132 autem
2508 4077 2580 4131 ibi
2602 4076 2851 4131 didiceris
2879 4076 2983 4131 dici
3012 4090 3118 4130 non
3151 4088 3307 4145 posse
3350 4072 3496 4143 quod

1912 4170 2080 4226 sentis
2103 4207 2117 4235 ,
2154 4169 2372 4231 tacebis,
2404 4183 2510 4223 non
2566 4167 2849 4221 laudabis?
2892 4166 3035 4237 Ergo
3064 4174 3242 4220 mutus
3297 4164 3405 4219 eris
3434 4163 3491 4218 in

1915 4262 2161 4319 laudibus
2188 4262 2321 4327 Dei,
2368 4270 2422 4315 et
2467 4261 2757 4332 gratiarum
2784 4261 3048 4315 actionem
3080 4274 3185 4314 non
3225 4257 3417 4314 reddes
3446 4258 3497 4313 ei

1914 4357 2002 4428 qui
2026 4356 2192 4410 voluit
2218 4369 2277 4411 se
2322 4366 2506 4408 notum
2529 4353 2623 4409 tibi
2655 4352 2829 4407 facere
2842 4357 2862 4404 ’ί
2891 4352 3188 4414 Laudabas,
3217 4366 3336 4406 cum
3359 4367 3500 4421 qua:-

1914 4465 2061 4505 reres
2086 4465 2101 4513 ;
2141 4448 2345 4511 silebis,
2373 4460 2491 4501 cum
2521 4445 2831 4501 inveneris?
2860 4445 3016 4501 Nullo
3044 4452 3229 4514 pacto:
3264 4459 3367 4498 non
3389 4444 3500 4499 eris

1915 4543 2172 4613 ingratus.
2207 4540 2438 4594 Debetur
2469 4538 2657 4599 honor,
2687 4537 2911 4593 debetur
2936 4536 3253 4601 reverentia,
3276 4535 3503 4590 debetur

1916 4649 2106 4704 magna
2138 4631 2388 4687 laudatio.
2424 4630 2652 4686 Attende
2699 4641 2751 4684 te
2811 4631 2901 4699 qui
2933 4629 3028 4693 sis,
3057 4638 3195 4684 terra
3222 4638 3275 4682 et
3317 4628 3450 4682 cinis
3485 4646 3497 4682 :

1917 4727 2036 4782 vide
2062 4726 2178 4795 quis
2219 4724 2493 4787 meruerit,
2551 4722 2676 4792 quid
2719 4722 2936 4788 videre;
2984 4721 3103 4775 vide
3153 4720 3307 4788 quis,
3349 4718 3497 4788 quid,

1918 4820 2078 4875 homo
2110 4818 2300 4873 Deum.
2358 4818 2606 4886 Agnosco
2655 4830 2764 4869 non
2798 4815 3047 4869 meritum
3091 4812 3356 4875 hominis,
3407 4808 3502 4862 sed

1918 4909 2339 4969 misericordiam
2366 4908 2480 4963 Dei.
2509 4907 2689 4962 Lauda
2716 4922 2846 4977 ergo
2869 4907 3231 4961 miserantem.
3265 4902 3501 4967 Quomo-

1919 5003 2010 5068 do,
2041 5001 2218 5072 inquis
2248 5042 2262 5069 ,
2296 4999 2565 5054 laudabo?
2591 4998 2855 5053 Modicum
2902 4996 3072 5064 ipsum
3113 4993 3252 5063 quod
3303 4991 3505 5047 sentire

1920 5110 2135 5165 possum
2188 5109 2252 5148 ex
2296 5102 2447 5162 parte
2488 5092 2539 5146 in
2570 5090 2849 5159 aenigmate
2888 5104 2981 5156 per
3006 5086 3278 5159 speculum
3316 5085 3356 5157 (Ι
3382 5084 3501 5141 Cor.

1920 5201 2037 5253 xm,
2074 5184 2187 5252 12),
2214 5184 2323 5255 jam
2350 5183 2616 5252 explicare
2644 5195 2746 5235 non
2776 5193 3013 5247 possum.
3042 5179 3176 5233 Audi
3207 5194 3333 5249 ergo
3359 5179 3496 5234 Psal-

1922 5293 2103 5333 mutn:
2136 5274 2361 5329 Jubilate
2384 5274 2624 5337 Domino,
2651 5272 2812 5325 omnis
2837 5281 2991 5324 terra.
3026 5271 3332 5326 Intellexisti
3361 5272 3491 5340 jubi-

1921 5369 2173 5424 lationem
2217 5366 2389 5421 omnis
2426 5374 2612 5427 terr-.e,
2660 5363 2706 5417 si
2739 5363 2932 5434 jubilas
2993 5363 3243 5418 Domino.
3280 5363 3506 5419 Domino

1919 5462 2085 5533 jnbila
2111 5462 2164 5525 ’ς
2211 5459 2318 5513 noli
2344 5457 2711 5527 jubilationem
2745 5465 2888 5510 tuam
2932 5457 2982 5510 iu
3015 5457 3147 5510 alias
3168 5465 3327 5525 atque
3368 5454 3509 5512 aliatt

1922 5567 2009 5606 res
2027 5550 2281 5606 dividere.
2312 5548 2589 5603 Postremo
2605 5557 2797 5603 extera
2815 5547 2918 5602 dici
2947 5558 3168 5617 possunt
3185 5556 3467 5616 utcumque
3490 5560 3509 5601 :

1989 5704 2004 5733 ί
2030 5703 2102 5750 sic
2255 5708 2308 5749 At
2332 5700 2470 5759 add,
2492 5699 2614 5750 luce.

1990 5766 2008 5794 ²
2029 5762 2343 5873 Sig'lmelioris
2361 5772 2489 5812 nove
2509 5769 2614 5813 Mss.
2646 5770 2698 5813 Αι
2720 5762 2852 5824 de.,
2873 5770 3017 5812 terra:
3034 5759 3327 5825 ?s'ijuv.1us,
3352 5762 3513 5814 Domi-

1932 5839 1990 5876 uo
2010 5838 2068 5888 ιιι
2105 5839 2186 5875 ια.
