4088 6442
608 362 739 419 ιιιδ

608 483 697 537 ille
743 480 899 535 solus
927 487 1009 533 est
1054 473 1367 537 incﬂ'abilis,
1426 469 1516 540 qui
1564 467 1735 531 dixit,
1770 472 1827 519 et
1877 464 2012 518 facta
2064 469 2187 517 sunt

607 575 807 630 omnia.
844 571 1005 637 Dixit,
1038 578 1091 624 et
1138 565 1260 622 facti
1308 577 1535 618 sumus:
1572 559 1667 615 sed
1713 572 1811 613 nos
1839 571 1961 611 eum
2010 553 2188 609 dicere

609 680 713 720 non
749 678 1033 734 possumus
1072 658 1258 729 (Psal.
1318 672 1467 712 xxxii
1489 698 1503 721 ,
1555 655 1649 725 9).
1679 653 1911 708 Verbum
1944 650 2059 720 ejus
2082 664 2188 719 quo

610 757 736 812 dicti
761 771 965 821 sumus,
996 754 1161 808 Filius
1183 752 1296 821 ejus
1325 760 1407 806 est
1439 769 1450 803 :
1484 758 1588 805 uta
1617 748 1767 802 nobis
1799 756 2081 813 utcumque
2108 742 2191 797 in-.

614 852 781 907 ﬁrmis
811 850 1078 905 diceretur
1108 889 1122 913 ,
1176 848 1344 900 factus
1393 853 1476 900 est
1520 844 1780 897 inlirmus.
1810 837 2187 895 Jubilationem

608 959 706 1015 pro
730 944 895 997 verbo
945 956 1229 1012 possumus
1258 940 1437 993 dicere
1460 980 1474 1000 ,
1502 937 1723 991 verbum
1762 949 1856 1003 pro
1883 933 2047 987 verbo
2084 945 2188 985 non

609 1049 917 1105 possumus.
940 1032 1164 1086 Jubilatc
1193 1046 1319 1099 ergo
1340 1029 1580 1090 Domino,
1619 1027 1779 1080 omnis
1800 1036 1949 1078 terra.

682 1128 734 1181 7.
783 1126 978 1180 Servite
1018 1123 1236 1177 Domino
1266 1124 1317 1175 in
1356 1120 1691 1192 jucunditate.
1729 1118 1912 1171 Omnis
1962 1114 2192 1170 servitus

615 1218 975 1273 amaritudine
1032 1218 1186 1287 plena
1218 1224 1300 1270 est
1331 1234 1345 1269 :
1373 1227 1561 1268 omnes
1609 1212 1917 1267 conditione
1955 1208 2137 1263 servili
2171 1208 2189 1239 ί

613 1310 831 1379 obligati
860 1318 913 1364 et
940 1308 1210 1373 serviunt,
1234 1317 1285 1363 et
1312 1314 1663 1362 murmurant.
1694 1304 1867 1359 Nolite
1912 1302 2099 1356 timere
2126 1300 2192 1354 il-

620 1404 722 1458 lius
768 1403 977 1457 Domini
1017 1403 1495 1457 servitutemznon
1548 1397 1651 1454 erit
1695 1397 1764 1451 ibi
1802 1395 2051 1465 gemitus,
2088 1407 2194 1448 non

616 1512 874 1556 murmur,
907 1511 1010 1551 non
1054 1494 1378 1564 indignatio;
1409 1507 1567 1548 nemo
1596 1506 1653 1546 se
1689 1493 1819 1561 petit
1842 1491 1864 1523 ²
1890 1488 2012 1544 inde
2034 1502 2199 1543 vena-

616 1587 741 1651 lem,
766 1588 889 1655 quia
912 1585 1065 1639 dulce
1093 1584 1330 1655 estquod
1356 1583 1617 1651 redempti
1644 1596 1831 1635 omnes
1855 1593 2059 1634 sumus.
2083 1576 2197 1632 Ma-

612 1691 716 1745 gna
747 1676 971 1731 felicitas
995 1719 1010 1742 ,
1042 1676 1255 1737 fratres,
1286 1689 1404 1729 esse
1448 1675 1499 1728 in
1548 1673 1649 1726 ista
1673 1673 1833 1727 domo
1861 1683 2052 1740 magna
2083 1683 2200 1724 ser-

620 1783 765 1833 vum,
797 1766 901 1821 etsi
926 1782 1048 1839 cum
1070 1765 1437 1834 compedibus.
1474 1764 1595 1820 Noli
1625 1764 1834 1824 timere,
1865 1776 2022 1817 scrve
2051 1775 2198 1815 com-

616 1858 834 1926 pedite,
889 1858 1146 1912 conﬁtere
1205 1857 1430 1912 Domino
1486 1856 1735 1910 :meritis
1799 1854 1903 1907 tuis
1966 1851 2199 1907 attribue

616 1949 903 2019 compedes
935 1958 1090 2015 tuas;
1119 1950 1374 2003 conﬁtere
1411 1948 1464 2002 in
1508 1946 1874 2013 compedibus,
1900 1944 1944 1997 si
1973 1944 2051 1996 vis
2072 1942 2198 1998 utin

618 2052 933 2096 ornamenta
962 2048 1259 2116 vertantur.
1289 2039 1403 2095 Non
1458 2038 1674 2101 frustra,
1724 2051 1823 2092 nec
1848 2038 1963 2091 sine
1990 2035 2201 2091 exaudi-

623 2135 767 2187 tione
788 2134 987 2186 dictum
1028 2140 1138 2196 est,
1172 2131 1330 2185 Intret
1359 2132 1411 2184 in
1460 2138 1780 2199 conspectum
1822 2136 1964 2181 tuum
1988 2127 2201 2197 gemitus

616 2224 1017 2294 compeditorum
1047 2222 1215 2293 (Psal.
1271 2238 1487 2287 Lxxvut,
1537 2222 1645 2289 Η).
1675 2220 1868 2275 Semita
1894 2218 2113 2271 Domino
2148 2218 2200 2270 in

610 2316 949 2387 jucunditate.
977 2315 1167 2369 Libera
1195 2315 1420 2370 servitus
1445 2323 1530 2369 est
1552 2313 1691 2382 apud
1713 2312 1995 2366 Dominum
2023 2327 2037 2374 ;
2069 2310 2200 2365 libe-

619 2425 673 2461 ra
702 2410 936 2463 servitus
960 2449 975 2475 ,
1023 2408 1109 2461 ubi
1144 2423 1246 2466 non
1291 2406 1603 2471 necessitas,
1630 2403 1725 2458 sed
1752 2403 1987 2458 Charitas
2014 2401 2197 2456 servit.

629 2497 749 2565 Vos,
784 2500 971 2567 inquit,
996 2500 1049 2552 in
1074 2499 1351 2551 libertatem
1378 2498 1540 2551 vocati
1583 2497 1720 2561 estis,
1754 2499 1934 2565 fratres
1957 2511 1975 2547 :
2008 2504 2201 2546 ttmtum

620 2606 680 2643 ne
705 2589 981 2644 libertatem
1018 2591 1073 2643 in
1101 2590 1413 2643 occasionem
1438 2588 1607 2641 carnis
1633 2587 1763 2640 detis
1786 2602 1804 2649 ,'
1853 2587 1939 2639 sed
1964 2602 2051 2653 per
2081 2585 2201 2637 clm-

616 2682 816 2735 ritatent
854 2681 1065 2742 spiritus
1086 2681 1265 2734 seruile
1287 2680 1497 2732 invicem
1519 2677 1716 2746 (Galat.
1748 2694 1802 2744 ν,
1834 2675 1948 2747 15).
1977 2676 2199 2731 Servum

617 2785 668 2827 te
693 2772 927 2828 eharitas
972 2772 1133 2826 faciat
1158 2773 1177 2804 ³
1209 2774 1328 2841 quia
1370 2772 1597 2826 liberum
1650 2779 1699 2824 te
1721 2770 1919 2824 veritas
1948 2767 2096 2823 fecit.
2142 2768 2203 2823 Si

618 2867 925 2931 manseritis,
957 2865 1146 2935 inquit,
1196 2868 1251 2919 in
1294 2866 1440 2919 uerbo
1490 2881 1618 2930 ineo,
1667 2880 1777 2917 rere
1825 2863 2064 2931 discipuli
2107 2862 2203 2914 inci

612 2959 776 3022 estis;
803 2968 851 3012 et
886 2960 1194 3027 cognoscetis
1220 2960 1474 3013 veritatem
1504 3001 1519 3024 ,
1558 2968 1604 3011 et
1632 2959 1813 3011 veritas
1844 2956 2071 3011 liberabit
2117 2970 2202 3009 vos

620 3049 799 3121 (Joan.
830 3065 938 3113 vin,
973 3051 1062 3115 51,
1088 3051 1201 3123 52).
1233 3050 1404 3105 Simul
1438 3064 1496 3107 es
1520 3059 1575 3106 et
1596 3064 1783 3103 servus
1809 3057 1863 3103 et
1889 3047 2025 3101 liber
2049 3065 2060 3099 ε
2087 3063 2202 3101 ser-

617 3157 732 3206 vus,
768 3142 889 3212 quia
917 3141 1089 3197 factus
1117 3157 1216 3209 es;
1248 3142 1401 3205 liber,
1429 3142 1549 3211 quia
1576 3141 1775 3195 amaris
1815 3155 1845 3193 a
1879 3141 1988 3194 Deo
2029 3156 2058 3193 a
2097 3154 2203 3208 quo

614 3233 785 3287 factus
809 3248 868 3288 es
898 3250 912 3288 :
940 3234 1045 3288 imo
1074 3234 1232 3287 etiam
1258 3232 1381 3288 inde
1407 3232 1558 3294 liber,
1584 3232 1704 3300 quia
1732 3245 1880 3286 amas
1903 3246 2024 3287 eum
2048 3247 2075 3284 a
2096 3245 2201 3299 quo

612 3326 786 3379 tactus
814 3339 893 3378 es.
920 3324 1038 3379 Noli
1075 3325 1280 3381 servire
1311 3339 1432 3381 cum
1485 3337 1796 3386 murmure;
1830 3335 1934 3375 non
1964 3321 2103 3375 enim
2148 3319 2200 3374 id

614 3423 781 3482 agunt
807 3430 1074 3469 murmura
1100 3422 1185 3469 tua
1203 3456 1219 3480 ,
1243 3422 1425 3468 utnon
1453 3413 1673 3475 servias,
1698 3411 1789 3467 sed
1820 3420 1876 3465 ut
1895 3412 2065 3465 malus
2090 3425 2205 3464 ser-

619 3521 715 3558 vus
756 3506 977 3560 servias.
1026 3504 1226 3561 Servus
1269 3520 1327 3559 es
1354 3504 1581 3568 Domini,
1614 3502 1834 3556 libertus
1858 3517 1917 3556 es
1950 3501 2156 3555 Domini
2184 3518 2199 3565 ;

617 3615 722 3652 non
752 3607 806 3653 te
832 3598 910 3652 sic
939 3612 1149 3666 quaeras
1174 3595 1475 3653 manumitti
1500 3635 1513 3660 ,
1569 3602 1627 3649 ut
1654 3592 1873 3649 recedas
1917 3591 1986 3645 de
2041 3592 2201 3646 domo

614 3689 1023 3745 manumissoris
1053 3688 1150 3743 tui.

685 3783 739 3839 8.
773 3782 969 3839 Sci-vite
993 3783 1209 3837 Domino
1247 3783 1300 3837 iu
1328 3780 1668 3852 jucunditate.
1694 3779 1853 3833 Plena
1878 3782 1981 3833 erit
2012 3777 2103 3833 illa
2146 3786 2201 3831 et

617 3878 848 3947 perfecta
890 3876 1217 3944 iucunditas.
1275 3890 1395 3929 cum
1440 3870 1789 3939 corruptibile
1830 3870 1934 3925 hoc
1968 3869 2202 3924 induerit

615 3971 1091 4041 incorruptionem,
1122 3981 1176 4024 et
1198 3969 1420 4024 mortale
1450 3967 1549 4020 hoc
1574 3965 1805 4020 induerit
1832 3962 2201 4025 immortalita-

616 4076 723 4121 tem
750 4065 769 4135 (
795 4064 811 4117 l
856 4063 974 4120 Cor.
1007 4080 1093 4126 xv,
1123 4062 1213 4132 56)
1252 4082 1265 4117 :
1291 4071 1418 4116 tunc
1445 4061 1547 4115 erit
1575 4057 1806 4128 perfecta
1856 4056 2195 4127 iucunditas,

616 4166 743 4211 tunc
773 4156 858 4209 illa
900 4153 1137 4225 perfecta
1160 4154 1427 4223 jubilatio,
1471 4163 1597 4206 tunc
1649 4152 1764 4204 laus
1790 4148 2147 4204 sine'del‘ectu
2178 4190 2193 4213 ,

615 4257 746 4303 tunc
766 4261 918 4301 amor
943 4248 1057 4301 sine
1086 4245 1334 4299 seandalo
1354 4285 1367 4307 ,
1399 4254 1523 4298 tunc
1576 4242 1777 4296 fructus
1808 4241 1923 4297 sine
1969 4240 2159 4293 timore
2178 4280 2193 4304 ,

619 4349 742 4394 tunc
773 4338 877 4392 vita
905 4338 1021 4391 sine
1055 4345 1247 4390 morte.
1275 4334 1410 4402 Quid
1441 4331 1567 4387 hic?
1601 4332 1869 4385 millumne
1898 4328 2147 4398 gaudium
2175 4328 2197 4381 ?

615 4432 671 4487 Si
706 4431 906 4485 nullum
934 4427 1204 4497 gaudium,
1235 4425 1373 4479 nulla
1421 4422 1662 4493 jubilatio
1690 4440 1701 4474 :
1733 4419 2022 4488 quomodo,
2050 4417 2199 4471 lubi-

610 4525 717 4579 late
742 4522 980 4583 Domino,
1006 4519 1235 4572 universa
1254 4514 1423 4570 terra?
1450 4514 1542 4567 Est
1568 4512 1720 4578 plane
1744 4521 1794 4565 et
1810 4510 1895 4564 hic
1914 4509 2194 4580 gaudium;

615 4617 684 4672 de
709 4631 803 4685 spe
832 4613 1022 4667 futnrze
1067 4611 1188 4664 vitae
1237 4616 1480 4680 gustatur
1520 4606 1608 4661 bic
1636 4604 1775 4660 unde
1822 4604 1891 4657 ibi
1917 4603 2192 4656 satiemur.

613 4709 718 4766 Sed
756 4720 973 4762 necesse
994 4714 1075 4759 est
1100 4710 1157 4756 ut
1183 4702 1344 4757 multa
1368 4698 1635 4771 perferant
1666 4696 1927 4751 frumenta
1953 4695 2090 4748 inter
2116 4693 2195 4747 zi-

612 4801 763 4857 zania
798 4818 811 4853 :
842 4807 964 4853 sunt
1010 4809 1173 4865 grana
1229 4794 1367 4846 inter
1407 4791 1610 4859 paleam
1661 4786 1869 4857 (Matth.
1898 4800 1973 4851 ιιι,
2008 4784 2111 4847 12;
2151 4792 2197 4837 et

611 4909 722 4957 xm,
751 4891 863 4951 50).
893 4898 975 4944 est
994 4888 1161 4943 lilium
1191 4887 1328 4941 inter
1354 4883 1555 4953 spinas.
1592 4878 1727 4946 Quid
1750 4879 1892 4933 enim
1912 4875 2059 4931 audit
2087 4875 2186 4930 Ec-

610 4981 813 5037 clesia?
841 4980 987 5036 Sicut
1031 4978 1193 5033 lilium
1235 4977 1287 5029 in
1330 4974 1495 5027 medio
1528 4972 1831 5041 spinarum,
1861 4969 1932 5021 ita
1961 4966 2195 5037 proxima

614 5093 724 5128 mea
762 5077 813 5128 in
840 5074 1005 5127 medio
1046 5072 1269 5140 ﬁliarum
1297 5066 1483 5141 (Cant.
1523 5081 1579 5129 ιι,
1610 5064 1691 5132 2).
1715 5060 1832 5116 Non
1860 5060 2059 5114 dictum
2088 5066 2190 5124 est,

613 5166 673 5220 In
721 5164 898 5219 medio
947 5164 1243 5219 alienarum
1270 5178 1285 5226 ;
1326 5158 1439 5223 sed,
1474 5157 1527 5211 in
1548 5156 1710 5211 medio
1739 5154 1981 5223 ﬁliarum.
2012 5150 2056 5206 Ο
2085 5152 2191 5206 Do-

612 5258 775 5321 mine,
805 5254 1070 5325 quomodo
1096 5252 1409 5315 consolaris,
1440 5247 1707 5321 quomodo
1732 5246 2022 5307 confertas,
2052 5258 2190 5314 quo-

614 5350 774 5404 modo
819 5349 1024 5403 terres?
1052 5347 1189 5415 Quid
1235 5355 1316 5401 est
1366 5344 1505 5414 quod
1550 5341 1719 5397 dicis?
1759 5340 1905 5396 Sicut
1949 5339 2110 5392 lilium
2137 5338 2190 5391 in

671 5508 688 5540 ι
711 5514 828 5566 vox,
853 5501 1030 5566 servili,
1057 5502 1197 5551 abest
1218 5513 1247 5549 a
1266 5508 1370 5549 Mss.
1400 5497 1665 5566 plerisque.

670 5571 690 5599 ³
717 5554 869 5616 Ειιςὶιι
892 5554 1151 5623 Colb.'1us.,
1177 5568 1323 5625 putet.
1349 5554 1439 5625 se'd
1465 5554 1639 5625 melius
1663 5558 1741 5605 alii
1790 5554 2091 5625 ιιιιιοιηρειὶι.
2118 5554 2191 5603 sic

610 5633 655 5679 In
680 5638 833 5679 't‘ract.
869 5628 920 5676 41
952 5640 1101 5689 super
1128 5618 1283 5682 .io'an.,
1310 5636 1359 5671 ιι.
1388 5622 1433 5669 4.
1468 5622 1793 5689 {Plerumque
1819 5618 2054 5689 homines,
2081 5629 2189 5664 cum

615 5712 635 5737 ι
658 5693 880 5741 dominos
900 5682 1050 5739 malos
1073 5693 1335 5752 patiuntur,
1362 5682 1566 5752 venales
1600 5696 1654 5752 se
1693 5688 1893 5752 petunt;
1935 5692 2027 5727 non
2052 5691 2187 5739 quae-

617 5771 637 5798 ι
659 5762 830 5803 rentes
850 5743 1093 5801 dominum
1114 5764 1209 5799 non
1234 5749 1438 5803 habere,
1461 5745 1549 5795 sed
1572 5743 1746 5793 saltem
1772 5750 1976 5792 mutare.
2004 5757 2025 5782 η

674 5817 693 5846 ³
719 5818 789 5865 Sic
814 5824 909 5864 am.
930 5822 1001 5863 ιῑτ.
1031 5822 1079 5863 et
1104 5813 1325 5876 plerique
1352 5816 1459 5859 Mss.
1487 5815 1541 5857 At
1558 5813 1688 5865 Lov.,
1713 5803 1845 5866 facit.

1835 350 1892 402 S.
1934 350 1975 402 Α
1988 343 2302 402 UGUleNl
2343 342 2643 399 EPISCOPI

3733 359 3852 416 i235

2296 459 2477 522 medio,
2508 474 2731 528 quarum
2761 461 3059 531 spinarum?
3084 460 3169 519 Ita
3213 464 3445 535 proxima
3472 483 3587 521 mea
3609 468 3659 522 in
3688 474 3854 542 medio,
3878 472 3882 479 ’

2295 565 2517 619 quarum
2549 551 2771 620 ﬁliarum
2790 552 2817 607 ?
2835 568 2967 623 quas
2990 555 3141 610 .dicis
3171 557 3374 627 spinas,
3402 558 3545 629 ipsas
3573 561 3740 618 ﬁlias?
3764 566 3858 623 lte-

2295 641 2524 709 spondet
2554 660 2566 695 :
2594 642 2773 712 Spinae
2800 653 2924 699 sunt
2950 656 3163 715 propter
3189 662 3367 704 mores
3395 665 3558 715 suos;
3592 652 3730 717 lilize,
3760 672 3861 723 pro-

2296 742 2416 802 pter
2470 746 2808 790 sacramenta
2863 753 3001 791 mea.
3054 737 3266 794 Utinam
3300 755 3424 811 ergo
3474 742 3622 797 inter
3650 748 3860 817 gemitus

2297 824 2594 882 aliendrutn
2620 840 2929 898 gemeretur
2955 848 2968 897 ;
3000 833 3176 885 minus
3199 841 3524 903 gemeretur.
3553 835 3643 890 Ille
3660 847 3737 890 est
3756 854 3856 891 ma-

2295 918 2380 990 jor
2408 922 2670 990 gemitus,
2702 920 2957 986 Quoniam
3005 924 3048 977 si
3076 924 3307 979 inimicus
3338 927 3686 997 exprobrasset
3712 930 3823 997 mihi
3848 974 3860 995 ,

2297 1013 2643 1067 sustinuissent
2680 1015 2891 1084 utique;
2933 1024 2978 1069 et
3016 1016 3058 1069 si
3097 1016 3140 1070 is
3169 1016 3254 1085 qui
3293 1017 3469 1071 oderat
3499 1035 3599 1083 me,
3632 1036 3775 1090 super
3797 1038 3865 1076 ine

2299 1122 2483 1176 magna
2514 1106 2710 1161 locutus
2740 1107 2916 1176 fuisset
2940 1150 2956 1174 ,
3005 1104 3363 1163 absconderem
3404 1127 3484 1164 me
3514 1112 3684 1182 utique
3708 1111 3766 1166 ab
3792 1130 3860 1168 eo.

2298 1196 2497 1251 Psalmi
2533 1212 2691 1252 voces
2722 1207 2848 1253 sunt
2881 1215 2893 1252 :
2921 1200 3009 1269 qui
3054 1198 3282 1254 Litteras
3319 1212 3535 1257 nostras
3575 1204 3749 1268 novit,
3786 1221 3864 1261 se-

2300 1288 2519 1357 quitur;
2560 1291 2648 1360 qui
2680 1306 2783 1345 non
2812 1292 2998 1359 novit,
3031 1291 3219 1357 discat,
3246 1301 3303 1347 ut
3334 1306 3608 1363 sequatur.
3637 1294 3698 1349 Si
3720 1295 3761 1348 is
3792 1299 3863 1363 qui

2300 1379 2475 1433 oderat
2503 1397 2582 1434 me
2603 1423 2618 1447 ,
2641 1397 2795 1452 super
2826 1398 2904 1436 me
2934 1400 3117 1455 magna
3147 1384 3344 1439 locutus
3387 1385 3585 1452 fuisset,
3612 1386 3863 1440 absconde-

2300 1487 2405 1524 rem
2436 1489 2515 1525 me
2541 1471 2710 1542 utique
2759 1472 2821 1527 ab
2850 1489 2945 1528 eo:
2968 1483 3022 1527 tu
3074 1491 3188 1528 vero
3223 1474 3500 1537 unanimis,
3540 1475 3647 1529 dux
3675 1492 3800 1529 meus
3827 1487 3863 1529 et

2303 1572 2453 1617 notus
2489 1580 2658 1631 meus,
2706 1565 2793 1635 qui
2832 1564 2983 1619 simul
3021 1581 3213 1619 mecum
3258 1565 3431 1620 dulces
3482 1566 3711 1635 cupiebas
3751 1564 3865 1620 cibos

2304 1657 2475 1725 (Psal.
2525 1672 2634 1721 LIV,
2664 1656 2875 1727 13-15).
2905 1658 3051 1723 Quos
3079 1656 3264 1712 dulces
3291 1656 3441 1711 cibos
3478 1657 3749 1711 nobiscum
3786 1672 3863 1713 ca-

2304 1748 2476 1817 piunt,
2525 1749 2614 1820 qui
2667 1749 2944 1804 nobiscum
2976 1764 3187 1820 semper
3234 1750 3392 1803 futuri
3425 1764 3532 1804 non
3578 1750 3865 1819 sunt‘lquos

2304 1841 2487 1897 dulces
2527 1843 2696 1907 cibos,
2742 1842 2864 1909 nisi,
2896 1841 3105 1897 Gustate
3144 1852 3192 1896 et
3226 1843 3387 1896 videte
3435 1859 3591 1913 quam
3620 1842 3772 1896 dulcis
3805 1851 3865 1898 est

2304 1933 2556 1989 Dominus
2585 1933 2758 2004 (Psal.
2790 1950 2976 1999 χχχιιι,
3004 1934 3100 2005 8)?
3128 1934 3269 1989 Inter
3298 1934 3419 1989 illos
3446 1950 3669 1989 necesse
3693 1942 3863 2006 cstge-

2304 2042 2533 2081 matnus.

2377 2120 2428 2175 9.
2458 2120 2564 2175 Sed
2587 2135 2693 2190 quo
2732 2136 2790 2175 se
2825 2130 3167 2191 separaturus
3205 2128 3288 2176 est
3312 2120 3660 2187 Christianus,
3695 2130 3743 2173 ut
3776 2136 3861 2175 non

2304 2226 2482 2285 gemat
2510 2217 2648 2270 inter
2666 2216 2826 2270 falsos
2855 2190 3084 2269 fratres?
3106 2213 3409 2282 Quoiturus
3428 2214 3553 2269 est?
3579 2213 3695 2283 quid
3724 2213 3891 2267 [πως.
3916 2236 3943 2247 ι·

2303 2309 2437 2362 rus?
2468 2306 2794 2362 Solitudines
2826 2306 3011 2375 petat?
3040 2305 3345 2374 Sequuntur
3362 2304 3637 2359 scandala.
3668 2304 3861 2373 Separa-

2307 2409 2456 2454 turus
2508 2410 2590 2454 est
2628 2413 2688 2452 se
2728 2398 2819 2467 qui
2877 2391 3012 2451 bene
3053 2395 3281 2466 prolicit,
3325 2404 3381 2449 ut
3426 2395 3632 2449 nullum
3675 2394 3860 2449 omnino

2309 2493 2578 2548 hominem
2638 2491 2901 2561 patiatur?
2966 2490 3101 2557 Quid
3168 2491 3213 2544 si
3243 2498 3299 2545 et
3343 2489 3519 2557 ipsum
3547 2531 3560 2553 ,
3608 2496 3857 2558 antequam

2305 2584 2619 2655 proﬁceret,
2668 2598 2830 2638 nemo
2882 2585 3041 2639 vellet
3089 2583 3242 2653 pati?
3283 2582 3339 2638 Si
3386 2597 3545 2653 ergo,
3590 2581 3705 2651 quia
3753 2595 3856 2650 pro-

2308 2677 2418 2733 licit
2439 2718 2453 2741 ,
2484 2677 2683 2731 nullum
2706 2676 2997 2731 hominem
3049 2675 3160 2729 vult
3194 2674 3300 2743 pati
3321 2715 3336 2736 ,
3376 2689 3449 2728 eo
3500 2673 3616 2742 ipso
3641 2688 3737 2741 quo
3771 2686 3853 2724 non

2308 2769 2421 2823 vult
2456 2769 2690 2837 aliquem
2738 2767 3008 2821 hominem
3058 2766 3185 2835 pati,
3237 2765 3579 2820 convincitur
3604 2762 3735 2833 quod
3772 2776 3854 2815 non

2309 2859 2614 2928 profecerit.
2640 2858 2886 2913 Intendat
2928 2857 3175 2912 Charitas
3201 2865 3379 2912 vestra
3414 2874 3428 2909 :
3467 2856 3764 2910 Sustineutes
3788 2854 3851 2905 in-

2309 2954 2485 3015 uicem,
2516 2951 2590 3005 ait
2618 2951 2926 3020 Apostolus,
2955 2950 3009 3002 in
3042 2949 3343 3013 dilectione,
3374 2956 3656 3018 satagentes
3692 2961 3853 2999 servare

2307 3044 2549 3097 unitatem
2592 3043 2799 3110 spiritus
2839 3042 2893 3094 in
2932 3042 3131 3094 vinculo
3161 3041 3299 3110 pacis
3334 3039 3560 3109 (Ep/tes.
3610 3054 3656 3092 tv
3680 3079 3693 3103 ,
3719 3035 3765 3095 2,
3790 3037 3849 3105 3).

2310 3134 2625 3190 Sustinentes
2646 3135 2855 3187 invicem
2873 3149 2891 3186 :
2914 3147 3018 3187 n0n
3046 3132 3209 3186 habes
3235 3130 3374 3200 quod
3405 3131 3461 3185 in
3493 3140 3542 3183 te
3562 3129 3691 3183 alius
3719 3124 3850 3180 susti-

2312 3225 2477 3280 neat?
2504 3224 2665 3279 Miror
2691 3224 2864 3278 sinon
2893 3233 2976 3279 est
3006 3221 3141 3276 :sed
3181 3236 3308 3275 ecce
3348 3234 3458 3275 non
3505 3222 3605 3286 sit;
3635 3233 3694 3273 eo
3718 3214 3863 3296 robu-g

2309 3319 2441 3372 stior
2463 3333 2523 3374 es
2551 3316 2619 3371 ad
2646 3326 2873 3372 caeteros
2916 3312 3277 3379 sustinendos,
3304 3328 3409 3381 quo
3438 3312 3548 3383 jam
3575 3326 3673 3366 non
3718 3308 3851 3362 habes

2307 3410 2447 3479 quod
2484 3410 2538 3464 in
2587 3418 2639 3464 te
2681 3409 2770 3463 alii
2825 3409 3142 3463 sustineant.
3174 3405 3290 3460 Non
3344 3404 3654 3468 sustineris,
3684 3401 3848 3455 sustine

2308 3512 2555 3558 caeteros.
2582 3500 2700 3556 Non
2729 3515 2968 3570 possum,
3004 3499 3198 3568 inquis.
3224 3499 3364 3567 Ergo
3391 3497 3560 3552 habes
3588 3494 3717 3565 quod
3742 3502 3784 3546 et
3808 3491 3847 3543 in

2310 3603 2360 3647 te
2396 3594 2481 3647 alii
2533 3594 2851 3648 sustineant.
2909 3590 3223 3646 Sustinentes
3257 3590 3473 3643 invicem
3496 3590 3548 3642 in
3595 3585 3845 3640 dilectione.

2308 3688 2385 3741 Tu
2416 3686 2620 3741 deseris
2656 3700 2743 3740 res
2781 3685 3063 3749 lmmanas,
3091 3692 3146 3737 et
3165 3697 3421 3752 segreges
3450 3691 3524 3747 te,
3559 3688 3613 3734 ut
3648 3690 3787 3733 nemo
3810 3682 3847 3727 te

2308 3781 2485 3836 videat
2508 3796 2522 3845 ;
2554 3779 2639 3833 cui
2670 3777 2911 3845 proderis
2933 3777 2955 3829 ?
2981 3776 3057 3829 Tu
3085 3775 3149 3829 ad
3178 3775 3281 3829 hoc
3312 3773 3665 3844 pervenisses,
3693 3769 3730 3823 si
3756 3764 3845 3818 nul-

2308 3875 2391 3927 lus
2420 3873 2509 3927 tibi
2542 3869 2868 3941 profuisset?
2894 3869 2973 3922 An
2998 3867 3117 3937 quia
3148 3866 3359 3920 veloces
3382 3865 3548 3934 pedes
3572 3862 3660 3916 tibi
3688 3855 3844 3912 videris

2308 3966 2556 4020 habuisse
2597 3968 2661 4018 ad
2695 3962 3113 4025 transeundum,
3165 3960 3488 4028 praecisurus
3530 3970 3588 4011 es
3628 3946 3843 4023 pontem?

2305 4058 2575 4112 Exhortor
2592 4070 2781 4109 omnes
2801 4096 2815 4116 ,
2840 4070 2942 4106 vox
2972 4052 3063 4107 Dei
3092 4065 3283 4106 omnes
3313 4048 3554 4103 hortatur
3578 4064 3591 4100 :
3616 4042 3840 4099 Sustinet!-

2307 4160 2377 4206 tes
2398 4150 2607 4203 invicem
2633 4148 2684 4201 in
2706 4147 2995 4200 dilectione.

2378 4242 2466 4297 10.
2489 4238 2761 4309 Separabo
2787 4252 2892 4303 me,
2923 4234 3095 4306 inquit
3116 4233 3329 4302 aliquis,
3349 4247 3472 4287 cum
3497 4227 3666 4299 paucis
3686 4220 3838 4279 bonis;

2304 4349 2424 4390 cum
2454 4333 2560 4387 illis
2587 4331 2716 4384 mihi
2745 4331 2878 4384 bene
2906 4328 3029 4383 erit.
3057 4325 3189 4381 Nam
3216 4324 3344 4377 nulli
3378 4322 3631 4392 prodesse
3658 4313 3835 4382 impium

2302 4436 2357 4480 et
2380 4424 2595 4479 crudele
2618 4431 2719 4478 est.
2741 4421 2857 4475 Non
2896 4434 2982 4474 me
3019 4418 3121 4472 hoc
3145 4416 3325 4472 docuit
3351 4416 3369 4447 ¹
3408 4413 3661 4469 Dominus
3696 4416 3836 4461 meus.

2303 4518 2419 4573 Non
2448 4516 2595 4571 enim
2622 4512 2895 4569 damnavit
2919 4524 3135 4565 servum
3164 4509 3254 4579 qui
3288 4504 3589 4562 intervertit
3614 4496 3739 4571 quod
3762 4506 3833 4547 ac-

2303 4610 2465 4679 cepit,
2504 4606 2600 4662 sed
2629 4606 2718 4676 qui
2742 4620 2848 4659 non
2877 4601 3136 4672 erogavit.
3168 4599 3500 4669 lntelligatur
3525 4607 3671 4666 ptena
3699 4589 3832 4679 inter-

2303 4678 2535 4759 versoris
2560 4718 2623 4757 ex
2650 4715 2806 4771 pteua
2828 4698 2981 4767 pigri.
3015 4695 3170 4751 Serve
3189 4710 3402 4765 nequam
3421 4701 3470 4747 et
3490 4690 3641 4762 piger,
3668 4684 3732 4737 ait
3750 4678 3833 4731 DO-

2304 4799 2476 4853 minus
2492 4795 2780 4851 damnans:
2801 4804 2905 4844 non
2923 4784 3379 4851 ait,'.lntcrvertisti
3396 4780 3658 4852 pecuniam
3673 4778 3831 4828 meam;

2304 4907 2406 4945 non
2434 4890 2530 4954 ait,
2560 4886 2688 4942 Dedi
2745 4884 2858 4947 tibi,
2909 4893 2961 4938 et
2986 4897 3091 4936 non
3142 4877 3270 4933 mihi
3299 4875 3441 4946 quod
3469 4870 3582 4928 dedi
3610 4869 3830 4954 integrum

2301 4982 2575 5041 reddidisti
2599 4998 2610 5035 :
2638 4978 2771 5047 Quia
2802 4992 2906 5031 non
2931 4972 3099 5031 crevit
3118 5014 3132 5038 ,
3169 4970 3289 5039 quia
3319 4983 3422 5022 non
3449 4958 3683 5032 erogasti,
3712 4947 3828 5047 inde.

2302 5076 2490 5146 inquit,
2522 5084 2572 5129 te
2593 5043 2806 5143 puniam
2829 5066 3004 5141 (Matt.
3032 5080 3154 5127 xxv,
3178 5059 3389 5131 ιιοδο).
3418 5059 3614 5112 Avarus

2299 5170 2485 5225 salutis
2509 5141 2726 5221 nostrae.
2754 5164 2894 5232 Ergo
2921 5156 3181 5229 separabo
3203 5168 3311 5219 me,
3337 5148 3521 5221 inquit,
3548 5141 3828 5232 cum-pauiu

2299 5262 2451 5318 bonis
2476 5278 2490 5315 :
2514 5256 2638 5328 quid
2661 5254 2788 5310 mihi
2814 5218 2896 5308 est
2921 5218 3179 5305 rationem
3201 5244 3400 5299 habere
3420 5253 3533 5295 cum
3556 5218 3827 5328 turbis?

2300 5371 2364 5410 ne
2386 5372 2400 5408 :
2423 5303 2574 5422 pauci
2604 5348 2701 5418 ipsi
2729 5346 2877 5411 boni,
2902 5343 2969 5397 de
2996 5340 3191 5411 quibus
3215 5335 3383 5390 turbis
3405 5338 3518 5387 sunt
3544 5303 3823 5422 eliquntﬂfl

2302 5460 2478 5502 tamen
2502 5444 2609 5513 jam
2640 5440 2740 5509 ipsi
2770 5437 2949 5507 pauci,
2986 5447 3174 5489 omnes
3203 5428 3331 5484 boni
3360 5444 3372 5480 :
3405 5433 3572 5513 tamen
3603 5413 3724 5503 bans.
3745 5411 3819 5513 .010;

2298 5538 2482 5610 gitatio
2502 5488 2740 5587 Jhumaliia
2759 5572 2773 5593 ,
2828 5525 3132 5586 laudabilis,
3166 5535 3285 5575 esse
3308 5532 3424 5577 cum
3454 5508 3630 5566 talibus
3649 5488 3821 5610 (ιιιξ-ξιῖ

2298 5588 2494 5702 gerunt
2518 5628 2679 5683 vitam
2710 5622 2940 5693 quietam
2965 5637 2977 5681 ;
3018 5613 3209 5669 remoti
3250 5627 3280 5665 ιι
3310 5606 3525 5677 strepitu
3554 5588 3820 5669 pOpulari,a

2364 5795 2374 5823 ¹
2396 5793 2469 5840 Sic
2486 5796 2587 5837 Mss.
2623 5780 2817 5833 AtEdd.:
2849 5788 3005 5827 Nonne
3030 5772 3115 5822 hoc
3142 5772 3301 5822 (locant
