4088 6444
253 385 369 443 1277

254 499 402 556 turbis
425 493 701 566 inqu'etis,
733 507 762 545 a
794 490 1003 561 magnis
1026 486 1271 543 ﬂuctibus
1302 486 1506 552 sasculi,
1554 493 1804 555 tauquam

257 599 300 649 iu
341 600 487 662 portu
512 596 659 643 sunt.
702 586 820 643 Jam
850 599 980 653 ergo
1011 582 1079 636 ibi
1115 580 1364 652 gaudium
1397 578 1523 634 illud
1542 580 1565 630 ’ἰ
1586 580 1695 647 jam
1735 578 1807 631 ibi

250 685 473 760 jubilatio
501 682 586 736 illa
620 696 740 750 quae
768 674 1129 748 promittitur?
1178 671 1459 757 Nondum;
1515 669 1607 724 sed
1638 668 1812 723 adhuc

252 779 480 853 gemitus,
508 773 688 828 adhuc
717 768 1020 827 sollicitudo
1047 766 1420 847 tentationum.
1452 763 1625 818 Habet
1652 761 1809 852 ~enim

254 851 479 925 alicunde
511 877 570 920 et
599 874 789 934 portus
814 861 1015 915 aditum
1039 877 1050 911 :
1076 858 1118 912 si
1148 864 1329 926 portus
1350 854 1551 908 aditum
1580 869 1646 906 ex
1666 851 1811 906 nulla

254 970 389 1031 parte
419 958 674 1020 haberet,
706 952 858 1008 nulla
906 952 957 1005 in
982 965 1104 1005 eum
1129 948 1279 1002 navis
1309 947 1568 1009 intraret;
1602 950 1812 1013 oportet

253 1066 371 1122 ergo
397 1057 454 1103 ut
476 1062 541 1102 ex
566 1047 743 1115 aliqua
766 1051 914 1114 parte
938 1050 1119 1112 pateat
1150 1058 1161 1098 :
1191 1037 1477 1109 aliquando
1502 1044 1682 1090 autem
1720 1049 1815 1104 per

254 1159 361 1199 eam
383 1149 578 1211 partem
611 1152 715 1208 qua
756 1142 920 1205 patet,
945 1143 1138 1187 ventus
1172 1132 1366 1196 irruit;
1416 1138 1471 1189 et
1496 1128 1585 1183 ubi
1608 1126 1814 1195 scopuli

261 1250 354 1289 non
380 1241 516 1295 sunt,
546 1242 708 1283 naves
755 1242 814 1282 se
844 1226 1072 1280 invicem
1097 1223 1299 1279 collisae
1325 1220 1685 1291 confringunt.
1716 1217 1815 1273 Ubi

262 1338 376 1395 ergo
398 1322 675 1385 securitas,
703 1318 749 1374 si
788 1332 888 1373 nec
935 1318 985 1371 in
1012 1315 1206 1386 portu?
1233 1313 1298 1369 Et
1327 1323 1501 1368 tamen
1526 1320 1818 1380 utcumque

263 1415 509 1471 feliciores
536 1415 551 1443 ι
588 1413 640 1466 in
671 1420 830 1482 portu
873 1423 1030 1479 quam
1078 1396 1127 1461 in
1164 1406 1368 1476 pelago,
1399 1402 1667 1459 fatendum
1696 1411 1777 1456 est
1800 1441 1817 1468 ,

267 1502 640 1560 concedendum
668 1509 771 1565 est,
800 1514 985 1555 verum
1024 1506 1126 1553 est.
1171 1498 1365 1553 Ament
1390 1509 1447 1550 se
1472 1495 1492 1523 ²
1518 1533 1532 1557 ,
1562 1507 1725 1546 naves
1768 1492 1819 1544 in

268 1609 404 1671 portu
434 1598 563 1650 bene
593 1594 695 1650 sibi
741 1594 1078 1663 applicentur
1101 1633 1116 1656 ,
1165 1604 1270 1644 non
1303 1588 1401 1642 sibi
1449 1585 1771 1642 collidantur
1803 1602 1817 1637 :

268 1700 485 1746 servetur
532 1688 601 1742 ibi
634 1687 873 1758 parilitas
900 1682 1295 1755 aequabilitatis,
1323 1679 1623 1735 constantia
1649 1676 1825 1732 chari-

271 1786 409 1847 tatis;
437 1791 487 1837 et
510 1779 727 1851 quando
756 1780 892 1835 forte
921 1786 1113 1833 ventus
1141 1792 1207 1830 ex
1234 1775 1319 1828 illa
1346 1781 1497 1843 parte
1522 1787 1624 1842 qua
1652 1778 1818 1841 patet,

269 1874 459 1933 irruerit
478 1916 493 1937 ,
524 1873 591 1927 sit
623 1872 690 1927 ibi
720 1880 875 1927 cauta
892 1860 1237 1939 gubernatio.

326 1966 405 2020 il.
432 1963 561 2019 Nam
614 1961 739 2031 quid
787 1961 1028 2015 dicturus
1056 1967 1138 2012 est
1191 1956 1315 2010 mihi
1346 1954 1591 2025 quisquis
1630 1952 1825 2007 talibus

266 2057 380 2111 locis
399 2055 529 2111 forte
557 2063 791 2124 praeest,
827 2053 933 2107 imo
975 2050 1139 2104 servit
1170 2047 1450 2109 fratribus.
1502 2046 1552 2098 in
1583 2044 1668 2097 his
1707 2058 1825 2113 qua:

268 2144 566 2199 monasteria
589 2142 876 2196 dicuntur?
900 2139 1026 2209 quid
1064 2140 1307 2193 dicturus
1335 2135 1461 2191 est?
1484 2135 1686 2191 Cautus
1708 2147 1823 2198 ero,

268 2237 448 2291 nullum
500 2234 701 2288 malum
742 2232 1038 2287 admittam.
1066 2227 1344 2297 Quomodo
1388 2227 1592 2283 nullum
1629 2226 1823 2279 malum

268 2325 532 2381 admittes?
556 2323 767 2380 Nullum
788 2322 1069 2379 hominem
1101 2320 1298 2381 malum
1324 2358 1341 2386 ,
1373 2318 1575 2374 nullum
1605 2316 1826 2371 fratrem

271 2420 440 2473 malum
468 2418 755 2473 intrantem
782 2414 1114 2471 admissurus
1139 2397 1288 2475 sum;
1314 2424 1435 2465 cum
1454 2408 1641 2478 paucis
1667 2407 1828 2462 bonis

272 2511 389 2568 bene
416 2509 540 2565 mihi
570 2509 690 2565 erit.
727 2506 825 2565 Ubi
855 2506 1132 2576 cognoscis
1160 2517 1317 2572 quem
1370 2501 1508 2556 forte
1534 2501 1617 2554 vis
1642 2499 1826 2555 exclu-

276 2603 418 2659 dere?
444 2601 509 2659 Ut
558 2610 910 2673 cognoscatur
938 2598 1111 2653 malus
1130 2638 1145 2663 ,
1175 2595 1317 2651 intus
1366 2592 1670 2663 probandus
1696 2599 1781 2646 est
1812 2610 1826 2644 :

278 2694 513 2764 quomodo
535 2709 663 2766 ergo
710 2691 952 2747 excludis
980 2691 1297 2744 intraturum
1321 2727 1334 2750 ,
1361 2686 1452 2755 qui
1496 2693 1678 2754 postea
1705 2697 1830 2753 pro-

282 2789 456 2845 handus
498 2799 598 2856 est,
654 2798 705 2845 et
739 2787 953 2858 probari
988 2787 1089 2840 nisi
1146 2784 1422 2839 intraverit
1454 2799 1558 2839 non
1616 2782 1829 2851 potest?

282 2876 493 2951 Repelles
516 2897 704 2937 omnes
734 2881 939 2936 malos?
968 2870 1106 2935 Dicis
1134 2880 1274 2932 enim
1297 2919 1310 2940 ,
1338 2886 1392 2933 et
1426 2876 1567 2933 nosti
1595 2875 1829 2945 inspice-

283 2988 345 3028 re.
368 2972 551 3030 Omnes
579 2974 737 3029 nudis
762 2973 1013 3028 cordibus
1059 2971 1123 3025 ad
1154 2980 1203 3026 te
1231 2970 1491 3027 veniunt?
1515 2968 1617 3036 Qui
1664 2969 1830 3024 intra-

283 3066 365 3120 ιιπί
387 3076 519 3132 sunt,
569 3066 668 3136 ipsi
719 3080 777 3120 se
821 3081 925 3119 non
954 3070 1251 3127 noverunt;
1282 3070 1482 3131 quanto
1529 3059 1711 3116 minus
1732 3059 1829 3113 tu?

282 3153 400 3210 Multi
429 3157 563 3211 enim
610 3155 711 3210 sibi
745 3155 1103 3224 promiserunt
1151 3152 1293 3222 quod
1344 3150 1616 3219 impleturi
1648 3158 1833 3207 essent

280 3246 402 3300 illam
422 3249 576 3301 vitam
600 3256 840 3301 sanctam
867 3288 882 3310 ,
913 3246 964 3299 iu
992 3257 1278 3299 commune
1308 3242 1593 3297 habentem
1622 3241 1828 3307 omnia,

284 3337 357 3394 ubi
383 3355 529 3395 nemo
545 3340 673 3395 dicit
696 3338 891 3409 aliquid
926 3352 1085 3392 suum
1107 3378 1120 3402 ,
1174 3336 1366 3405 quibus
1407 3344 1491 3390 est
1516 3350 1618 3388 una
1649 3334 1831 3390 anima

280 3442 325 3487 et
347 3448 430 3489 cor
452 3449 607 3489 unum
636 3434 691 3487 in
723 3432 887 3485 Deum
916 3430 939 3499 (
969 3430 1081 3483 Act.
1129 3444 1200 3492 tv,
1230 3427 1320 3493 δί,
1348 3426 1453 3498 35)
1489 3444 1502 3479 :
1536 3426 1682 3481 missi
1710 3434 1834 3481 sunt

282 3524 324 3577 in
347 3524 617 3589 fornacem,
648 3532 702 3579 et
724 3532 1063 3593 crepuerunt.
1093 3520 1375 3588 Quomodo
1401 3535 1526 3589 ergo
1550 3519 1833 3590 cognoscis

282 3632 387 3670 eum
409 3617 492 3687 qui
524 3616 623 3671 sibi
651 3616 768 3685 ipse
788 3614 962 3670 adhuc
991 3615 1200 3683 ignotus
1226 3612 1345 3666 est?
1368 3610 1634 3666 Excludcs
1663 3610 1835 3666 malos

286 3707 450 3763 fratres
473 3725 501 3763 a
527 3719 789 3765 conventu
821 3707 1117 3761 bonorum?
1147 3705 1219 3759 De
1240 3703 1403 3759 corde
1432 3711 1552 3767 tuo,
1583 3701 1822 3771 quisquis

286 3800 368 3852 ista
393 3797 534 3865 dicis,
557 3814 744 3854 omnes
770 3799 937 3852 malas
965 3796 1334 3866 cogitationes,
1367 3794 1409 3846 si
1445 3802 1619 3862 potes,
1648 3791 1834 3846 exclu-

289 3887 346 3941 de
369 3906 381 3943 :
404 3904 499 3944 non
525 3891 681 3945 intret
712 3891 762 3944 in
795 3905 889 3943 cor
918 3898 1062 3941 tuum
1090 3886 1173 3941 vel
1203 3884 1473 3954 suggestio
1499 3883 1661 3937 mala.
1713 3881 1828 3936 Non

290 3982 549 4046 consentio,
568 3981 761 4051 inquis.
791 3980 894 4035 Sed
923 3979 1137 4033 intravit
1160 3987 1357 4041 tamen,
1381 3984 1439 4029 ut
1455 3982 1764 4044 suggereret
1790 3972 1827 4024 ³.

298 4067 412 4123 Nam
440 4086 603 4127 omnes
652 4074 855 4128 munita
893 4070 1053 4125 corda
1104 4067 1302 4122 habere
1328 4066 1590 4129 volumus,
1616 4073 1673 4118 ut
1702 4063 1834 4119 nihil

291 4160 431 4216 intret
455 4165 581 4233 quod
609 4165 746 4218 male
775 4169 1108 4233 suggeratur.
1132 4158 1284 4214 Unde
1302 4166 1481 4212 autem
1516 4157 1698 4222 intret,
1719 4157 1837 4225 quis

289 4254 448 4306 novit?
475 4256 532 4308 Et
580 4270 875 4325 pugnamus
906 4252 1143 4324 quotidie
1190 4251 1244 4305 in
1293 4264 1399 4304 uno
1428 4249 1591 4304 corde
1620 4257 1835 4311 nostro;

290 4358 405 4399 unus
451 4346 600 4402 homo
635 4349 686 4402 in
731 4347 892 4402 corde
921 4360 1019 4400 suo
1055 4360 1175 4400 cum
1230 4344 1384 4397 turba
1432 4344 1679 4397 luctatur.
1704 4341 1839 4411 Sug-

288 4440 403 4508 gerit
430 4444 660 4506 avaritia,
689 4441 923 4511 suggerit
947 4439 1130 4505 libido,
1148 4437 1383 4508 suggerit
1404 4436 1689 4499 voracitas,
1716 4449 1840 4503 sug-

288 4532 405 4599 gerit
431 4533 599 4587 laetitia
652 4533 753 4587 ista
805 4531 1113 4602 popularis;
1163 4529 1342 4583 omnia
1401 4535 1695 4597 suggerunt
1727 4543 1741 4577 :
1772 4527 1840 4581 ah

288 4625 508 4680 omnibus
526 4641 583 4681 se
606 4627 864 4690 continet,
903 4623 1152 4679 omnibus
1182 4620 1508 4693 respondet,
1534 4628 1593 4675 et
1620 4620 1687 4673 ab
1716 4634 1839 4674 om-

288 4715 419 4770 nibus
437 4726 737 4783 aversatur;
765 4716 981 4772 difficile
1005 4725 1089 4771 est
1116 4725 1173 4770 ut
1218 4730 1322 4769 non
1365 4712 1434 4768 ab
1480 4712 1657 4783 aliqua
1684 4710 1842 4767 feria-

287 4813 357 4860 tur
377 4807 414 4861 ⁸.
440 4808 534 4865 Ubi
560 4825 690 4881 ergo
719 4808 1010 4865 securitas?
1035 4806 1130 4861 Hic
1159 4819 1419 4875 nusquam
1443 4820 1458 4869 ;
1508 4804 1561 4857 in
1609 4804 1709 4857 ista
1732 4802 1841 4856 vita

284 4914 540 4971 nusquam,
570 4903 671 4956 nisi
700 4903 749 4955 in
779 4901 891 4956 sola
922 4914 1017 4969 spe
1050 4898 1434 4967 promissorum
1476 4895 1590 4949 Dei.
1625 4894 1696 4949 lbi
1742 4908 1842 4948 au-

282 4998 374 5047 tem
400 5036 412 5058 ,
439 5010 555 5049 cum
608 4995 735 5048 illuc
764 4992 1169 5063 pervenerimus
1193 5030 1207 5053 ,
1261 4987 1495 5057 perfecta
1543 4986 1837 5051 securitas,

279 5100 384 5140 cum
409 5087 723 5144 clauduntur
746 5093 933 5156 portae,
965 5093 1020 5138 et
1046 5082 1429 5138 conﬁrmantur
1453 5088 1635 5134 vectes
1665 5086 1844 5148 porta-

279 5190 382 5231 rum
399 5176 689 5233 Jerusalem
722 5174 905 5250 (Paul.
937 5188 1132 5239 cxsvn,
1167 5170 1257 5241 i5)
1288 5190 1299 5223 :
1332 5170 1400 5223 ibi
1425 5184 1549 5224 vere
1574 5170 1727 5239 plena
1751 5168 1840 5237 ju-

277 5264 441 5321 hilatio
467 5277 520 5323 et
545 5283 791 5337 magnum
821 5265 1094 5337 gaudium.
1128 5262 1281 5316 Modo
1306 5270 1482 5315 autem
1530 5276 1596 5314 ne
1623 5274 1845 5315 securus

279 5357 447 5415 laudes
492 5359 785 5431 quamlibet
836 5360 1033 5417 vitam;
1086 5365 1208 5411 ante
1270 5362 1493 5408 mortem
1552 5368 1619 5408 ne
1658 5352 1842 5407 laudes

274 5449 525 5508 hominem
556 5465 872 5522 quemquam
903 5449 1089 5521 (Eccli.
1124 5464 1195 5512 xv,
1220 5447 1330 5514 '50).

331 5554 345 5583 ⁸
372 5554 549 5615 ftemig.
575 5560 679 5612 Ms.,
705 5551 889 5615 felicior
912 5563 978 5615 ea.
1246 5608 1253 5615 _

329 5594 1011 5685 3..éié'iii’quﬁi'iiégljfsaalg
1021 5620 1195 5685 Taurea
1213 5608 1254 5657 si
1278 5615 1527 5685 naves'iet
1550 5615 1717 5685 postea
1735 5621 1840 5685 pro,

271 5667 566 5738 collidantur;
592 5683 667 5725 Er.
694 5683 748 5726 et
767 5677 949 5725 Gatian.
997 5681 1077 5724 Its.
1122 5672 1321 5727 habent,
1363 5667 1655 5719 colliduntur
1682 5681 1697 5717 :
1722 5667 1844 5718 alius

269 5744 362 5797 ωδ..
384 5739 688 5791 collidentur.

320 5801 340 5831 ³
359 5808 431 5849 Er.
462 5808 632 5851 venet.
660 5806 791 5859 ιον..
816 5806 1169 5863 suggerantur.
1268 5801 1324 5842 Μ.

316 5864 334 5894 δ
360 5864 569 5914 .tudoen.
597 5871 700 5913 Μς..
728 5852 790 5912 τιό
811 5852 967 5921 τιιὲὂῖιο
1004 5860 1227 5916 feriatur.
1265 5865 1400 5917 Beg.,
1428 5855 1591 5917 aliqua
1612 5853 1817 5917 feriatur

1328 368 1721 428 ENARRATIO
1760 371 1825 426 IN
1866 373 2187 435 PSALMUM
2226 378 2409 438 XCIX.

3362 384 3499 442 i278

1990 491 2075 544 12.
2111 492 2244 551 Hinc
2268 506 2443 554 autem
2470 500 2723 558 falluntur
2748 504 3013 568 homines,
3045 513 3105 558 ut
3143 502 3227 558 vel
3254 516 3362 557 non
3404 515 3501 557 su-

1917 583 2140 652 scipiant
2168 589 2441 647 meliorem
2488 595 2672 661 vitam,
2701 598 2786 651 vel
2843 606 3044 653 temere
3094 593 3502 665 aggrediantur;

1918 675 2039 743 quia
2070 687 2264 735 etcum
2291 683 2505 740 laudare
2535 690 2738 749 volunt,
2764 689 2840 744 sic
2864 688 3100 752 laudant,
3162 695 3221 741 ut
3276 701 3383 741 non
3428 684 3501 740 ibi

1919 767 2099 825 dicant
2124 774 2261 828 mala
2286 790 2403 844 quae
2434 778 2593 833 mixta
2637 789 2795 846 sunt;
2832 790 2885 836 et
2932 782 3019 851 qui
3070 782 3371 848 vituperare
3410 792 3501 829 vo-

1922 860 2054 929 lunt,
2078 872 2183 921 tam
2233 867 2416 923 invido
2458 872 2637 925 animo
2686 882 2739 927 et
2785 887 3037 941 perverso
3075 873 3397 939 vituperant,
3444 876 3508 921 (ul

1920 953 2168 1011 claudant
2196 959 2377 1015 oculos
2399 961 2655 1017 adversus
2681 966 2838 1028 bona,
2866 974 2920 1019 et
2968 965 3082 1018 sola
3111 964 3246 1018 mala
3289 976 3407 1031 quae
3432 960 3505 1012 ibi

1922 1044 2004 1100 vel
2032 1057 2156 1101 sunt
2172 1049 2255 1103 vel
2273 1060 2542 1119 putantur,
2569 1064 2910 1124 exaggerent.
2935 1053 3061 1107 inde
3080 1054 3144 1107 ﬁt
3168 1063 3223 1107 ut
3250 1065 3507 1121 unaquae-

1921 1154 2024 1208 que
2054 1141 2318 1209 professio
2342 1147 2481 1201 male
2510 1147 2740 1212 laudata,
2766 1147 2815 1201 id
2847 1158 2930 1203 est
2959 1162 3063 1200 non
3090 1153 3242 1201 caute
3267 1143 3503 1208 laudata,

1923 1244 2044 1285 cum
2070 1232 2375 1290 invitaverit
2399 1238 2645 1294 homines
2670 1238 2826 1294 laude
2851 1254 2968 1303 sua,
2993 1237 3268 1293 inveniant
3308 1235 3382 1291 illi
3414 1234 3507 1304 qui

1926 1324 2051 1380 illuc
2082 1327 2323 1392 veniunt,
2355 1330 2558 1400 aliquos
2584 1333 2769 1402 quales
2796 1332 2872 1388 ibi
2900 1348 3019 1387 esse
3043 1347 3151 1387 non
3181 1329 3505 1395 credebant;

1925 1416 2189 1474 etotl‘eusi
2217 1434 2248 1473 a
2294 1421 2470 1486 malis,
2516 1424 2757 1479 resiliant
2799 1439 2831 1478 a
2861 1424 3036 1479 bonis.
3084 1423 3321 1486 Fratres.
3348 1420 3511 1476 disci-

1926 1508 2122 1576 plinam
2148 1510 2307 1565 istam
2329 1512 2398 1567 ad
2424 1513 2583 1568 vitam
2608 1526 2840 1570 vestram
2868 1513 3126 1579 conferte,
3156 1523 3208 1568 et
3227 1513 3304 1569 sic
3331 1510 3512 1566 audito

1927 1609 1983 1655 ut
2012 1601 2219 1657 vivatis.
2263 1604 2553 1673 Laudatur,
2584 1618 2639 1661 ut
2674 1608 2991 1677 generaliter
3025 1607 3223 1670 dicam,
3272 1605 3510 1661 Ecclesia

1930 1693 2022 1748 Dei
2057 1694 2272 1764 :magni
2304 1695 2548 1752 homines
2574 1696 2882 1765 Christiani,
2919 1698 3018 1753 soli
3043 1696 3353 1760 Christiani,
3400 1710 3511 1749 ma-

1927 1800 2027 1856 gna
2058 1786 2328 1843 Catholica
2356 1790 2408 1854 ⁸;
2441 1788 2668 1859 diligunt
2693 1805 2751 1843 se
2785 1805 2996 1853 omnes,
3051 1787 3365 1857 impendunt
3411 1786 3511 1843 sibi

1929 1878 2151 1948 quisque
2180 1879 2319 1948 quod
2353 1890 2609 1950 possunt,
2636 1880 2986 1946 orationibus,
3016 1881 3255 1950 jejuniis,
3300 1878 3514 1950 hymnis

1933 1978 2147 2023 vocatur
2172 1985 2267 2039 per
2292 1980 2456 2026 totum
2486 1972 2672 2027 orbem
2706 1982 2989 2039 terrarum,
3031 1988 3133 2026 una
3161 1970 3515 2026 consensione

1930 2063 2073 2131 pacis
2102 2062 2346 2119 laudatur
2378 2066 2536 2120 Deus.
2567 2066 2729 2120 Audit
2766 2065 2902 2120 forte
2942 2066 3030 2135 qui
3079 2064 3252 2119 nescit
3296 2062 3513 2117 tacitum

1930 2170 2050 2209 esse
2077 2155 2144 2209 de
2164 2157 2468 2214 commixtis
2496 2159 2668 2225 malis,
2700 2160 2846 2215 venit
2887 2158 3042 2212 laude
3070 2158 3341 2223 invitatus,
3370 2156 3519 2211 inve-

1930 2247 2009 2301 nit
2030 2249 2347 2304 commixtos
2374 2251 2564 2315 malos,
2590 2252 2679 2321 qui
2705 2266 2808 2306 non
2840 2252 2911 2305 illi
2938 2250 3179 2321 praedicti
3206 2257 3331 2304 sunt
3355 2258 3512 2303 ante-

1930 2354 2087 2410 quam
2115 2340 2357 2406 veniret;
2386 2341 2672 2395 oll'enditur
2698 2358 2726 2395 a
2752 2342 2899 2397 falsis
2926 2342 3253 2404 christianis,
3270 2340 3469 2409 refugit
3486 2355 3517 2393 a

1930 2430 2074 2485 veris
2102 2430 2429 2486 christianis.
2464 2432 2667 2487 Rursus
2710 2433 2904 2499 odiosi,
2925 2434 3189 2497 maledici,
3218 2434 3423 2487 irruunt
3463 2432 3518 2485 in

1932 2522 2628 2593 vitupemtioneszuales
2695 2526 3018 2581 Christiani?
3066 2526 3154 2595 qui
3194 2525 3518 2580 Christiani?

1935 2617 2114 2681 Avari,
2168 2616 2518 2672 feneratores.
2571 2617 2760 2672 Nonne
2790 2618 2891 2686 ipsi
2933 2626 3055 2671 sunt
3086 2617 3177 2686 qui
3231 2616 3435 2671 theatra
3462 2624 3519 2671 et

1932 2710 2324 2778 amphitheatra
2372 2710 2596 2778 implent
2644 2725 2739 2780 per
2767 2708 2923 2763 ludos
2951 2719 3001 2763 et
3032 2724 3127 2778 per
3166 2708 3269 2764 alia
3307 2716 3518 2778 specta-

1932 2803 2071 2868 cula,
2096 2802 2187 2872 qui
2215 2802 2440 2872 implent
2464 2802 2723 2856 ecclesias
2750 2816 2847 2871 per
2890 2800 3005 2854 dies
3034 2800 3239 2854 festos?
3279 2797 3513 2864 Ebriosi,

1932 2909 2174 2961 voraces,
2204 2893 2408 2960 .invidi,
2438 2894 2791 2948 insectatores
2830 2892 3164 2946 alterutrum.
3196 2889 3336 2945 Sunt
3363 2888 3518 2954 tales,
3614 2890 3619 2965 ἶ

1934 2984 2154 3039 sed’non
2175 2984 2276 3039 soli
2302 2985 2455 3039 tales.
2480 2984 2546 3038 Et
2566 2983 2667 3038 iste
2694 2983 3021 3052 vituperatur
3045 2996 3190 3035 casco
3230 2980 3412 3035 animo
3441 2986 3522 3033 ta-
3618 2990 3624 3037 ξ

1933 3084 2020 3129 cet
2050 3075 2253 3141 bonos;
2282 3084 2336 3130 et
2360 3075 2452 3130 ille
2480 3073 2723 3128 laudator
2762 3075 2976 3127 incauto
3006 3074 3186 3126 animo
3226 3079 3365 3127 tacet
3406 3084 3524 3124 ma-
3618 3084 3625 3141 ξ

1935 3168 2035 3223 los.
2066 3168 2123 3223 Si
2165 3176 2345 3222 autem
2374 3167 2452 3222 sic
2492 3166 2739 3221 laudatur
2788 3166 2840 3219 in
2873 3166 2974 3219 hoc
3001 3175 3246 3233 tempore
3285 3162 3523 3219 Ecclesia

1934 3258 2053 3326 Dei,
2082 3258 2353 3328 quomodo
2377 3257 2595 3312 laudant
2618 3257 2906 3324 Scriptura:
2930 3255 3049 3320 Dei,
3076 3270 3207 3309 ecce
3252 3251 3520 3323 quomodo

1935 3366 2074 3406 nunc
2102 3351 2235 3418 dixi,
2279 3349 2425 3406 Sicut
2454 3348 2619 3404 lilium
2661 3349 2715 3401 in
2758 3348 2920 3402 medio
2971 3347 3259 3415 spinarum,
3289 3347 3363 3399 sic
3406 3360 3527 3414 pro-

1934 3445 2073 3499 xime
2103 3460 2213 3496 utea
2240 3443 2295 3496 in
2318 3442 2484 3496 medio
2511 3442 2733 3511 ﬁliarum
2763 3454 2782 3493 :
2808 3438 2956 3493 audit
2986 3437 3168 3503 homo,
3190 3435 3521 3503 considerat,

1937 3539 2110 3608 placet
2134 3536 2207 3590 illi
2239 3536 2430 3599 lilium,
2452 3535 2638 3596 intrat,
2668 3532 2907 3587 adhaeret
2928 3530 3061 3595 lilio,
3092 3530 3281 3583 tolerat
3306 3529 3523 3596 spinas;

1938 3629 2229 3683 merebitur
2263 3641 2384 3681 esse
2432 3626 2484 3679 in
2518 3625 2674 3678 laude
2717 3632 2772 3676 et
2818 3625 2870 3675 in
2916 3620 3154 3675 osculis"
3184 3619 3387 3688 Sponsi,
3435 3618 3526 3686 qui

1936 3718 2086 3785 dicit,
2119 3717 2267 3772 Sicut
2298 3718 2458 3770 lilium
2484 3716 2536 3768 in
2556 3715 2721 3768 medio
2745 3712 3029 3783 spinarum,
3055 3711 3127 3764 sic
3159 3710 3391 3778 proxima
3414 3724 3526 3762 utea

1937 3809 1990 3862 in
2018 3810 2179 3862 medio
2210 3807 2459 3876 ﬁliarum.
2490 3806 2563 3859 Ita
2592 3814 2645 3858 et
2666 3804 2720 3857 in
2750 3802 2980 3857 clericis.
3012 3799 3341 3853 Laudatores
3364 3797 3524 3851 cleri-

1938 3916 2120 3955 corum
2152 3898 2520 3955 intenduntibi
2549 3898 2716 3951 honos
2745 3895 3042 3959 ministros,
3077 3891 3262 3945 fideles
3301 3890 3525 3955 dispen-

1940 3999 2168 4056 satores,
2195 3991 2433 4044 omnium
2457 3988 2791 4048 toleratores,
2824 3984 3029 4037 viscera
3077 3995 3171 4035 sua
3210 3978 3526 4046 impendenc

1942 4092 2020 4137 tes
2053 4083 2133 4136 bis
2171 4096 2308 4150 quos
2332 4080 2521 4135 volunt
2567 4079 2847 4149 prolicere,
2899 4090 3005 4130 non
3056 4082 3359 4143 quaerentes
3407 4088 3528 4142 qua:

1940 4188 2036 4227 sua
2064 4181 2210 4238 sunt,
2236 4172 2329 4225 sed
2356 4186 2474 4240 quae
2503 4169 2633 4225 Jesu
2667 4167 2890 4223 Christi.
2924 4165 3165 4221 Laudant
3205 4163 3341 4229 haec,
3384 4162 3527 4217 obli-

1941 4264 2213 4317 viscuntur
2232 4262 2355 4330 quia
2379 4259 2531 4314 mixti
2580 4267 2704 4312 sunt
2743 4256 2915 4311 malis.
2973 4255 3178 4311 Rursus
3224 4253 3316 4323 qui
3348 4268 3531 4322 repre-

1943 4352 2183 4407 hendunt
2213 4351 2490 4405 avaritiam
2536 4348 2877 4413 clericorum,
2918 4344 3283 4414 improbitates
3307 4343 3533 4398 clerico-

1942 4459 2084 4510 rum,
2114 4443 2234 4497 lites
2255 4442 2594 4504 clericorum,
2615 4446 2925 4506 appetentes
2957 4450 3042 4490 res
3084 4435 3310 4500 alienas,
3350 4433 3531 4488 ebrio-

1942 4549 2053 4602 sos,
2081 4548 2321 4595 voraces,
2352 4529 2610 4600 jactant'.
2634 4530 2704 4583 Et
2735 4538 2789 4582 tu
2832 4527 3014 4581 invide
3062 4527 3354 4596 vituperas,
3387 4533 3442 4580 et
3471 4534 3528 4579 tu

1944 4626 2156 4681 incaute
2183 4622 2405 4677 laudas:
2441 4632 2495 4675 tu
2516 4620 2613 4691 qui
2643 4619 2845 4685 laudas,
2872 4619 2959 4673 dic
3015 4618 3211 4672 mixtos
3250 4615 3439 4681 malos;
3474 4624 3529 4669 tu

1942 4718 2031 4789 qui
2059 4718 2350 4787 vituperas,
2384 4714 2504 4768 vide
2530 4713 2607 4767 ibi
2632 4722 2688 4768 et
2727 4713 2918 4770 bonos.
2958 4710 3047 4765 Sic
3097 4719 3154 4764 et
3192 4711 3245 4762 in
3284 4708 3373 4762 illa
3422 4708 3525 4761 vita

1942 4810 2213 4865 communi
2262 4807 2507 4871 fratrum,
2550 4822 2675 4876 quae
2734 4815 2817 4859 est
2850 4805 2906 4859 in
2957 4802 3325 4859 monasterio:
3357 4802 3527 4872 Magni

1944 4902 2065 4963 viri.
2094 4900 2285 4965 sancti,
2337 4898 2576 4969 quotidie
2626 4897 2677 4950 iu
2722 4895 2957 4967 hymnis,
3012 4894 3062 4947 in
3089 4891 3441 4955 orationibus,
3474 4891 3526 4945 in

1945 4994 2187 5048 laudibus
2214 4992 2328 5058 Dei,
2362 4990 2485 5046 inde
2510 4990 2716 5055 vivunt,
2744 5002 2864 5041 cum
2908 4987 3135 5039 lectione
3162 4984 3266 5038 illis
3290 4996 3377 5038 res
3413 4990 3528 5048 est;

1946 5088 2193 5141 laborant
2219 5085 2462 5139 manibus
2487 5084 2620 5147 suis,
2656 5080 2777 5135 inde
2804 5094 2862 5134 se
2877 5077 3208 5146 transigunt;
3237 5091 3344 5130 non
3371 5090 3531 5132 avare

1946 5176 2145 5247 aliquid
2175 5184 2381 5245 petunt,
2415 5171 2673 5244 quidquid
2710 5171 2791 5225 eis
2823 5168 3096 5223 infertura
3121 5168 3223 5238 piis
3244 5166 3529 5234 fratribus,

1946 5287 2065 5325 cum
2096 5268 2416 5323 sufficientia
2440 5275 2494 5321 et
2514 5280 2636 5319 cum
2662 5264 2925 5318 charitate
2961 5272 3217 5328 utuntur;
3245 5277 3402 5317 nemo
3431 5261 3531 5315 sibi
3630 5298 3635 5311 .

1948 5371 2166 5433 usurpat
2189 5359 2388 5430 aliquid
2418 5356 2557 5427 quod
2580 5356 2717 5411 alter
2742 5370 2845 5410 non
2890 5354 3112 5419 habeat;
3145 5368 3333 5409 omnes
3360 5366 3419 5406 se
3453 5351 3535 5405 di-

2011 5521 2025 5552 ¹
2057 5527 2128 5567 Er.
2153 5524 2204 5565 et
2225 5523 2357 5573 Lov.,
2381 5510 2595 5563 Ecclesia
2615 5509 2869 5563 catholica.
2894 5517 3015 5569 Vox,
3054 5505 3283 5567 Ecclesia,
3306 5505 3446 5557 abest
3471 5502 3535 5551 ab

1948 5589 2129 5691 mihi?
2144 5586 2349 5705 2:13in
2367 5636 2419 5687 in
2432 5632 2600 5705 oculis.
2621 5644 2740 5705 Am.,
2762 5633 2811 5684 in
2834 5632 3006 5685 osculis
3029 5645 3045 5682 :
3064 5640 3116 5681 et
3141 5632 3208 5679 ita
3228 5634 3335 5677 Mss.
3353 5631 3533 5688 prtetcr

1948 5717 2143 5767 paucos,
2169 5702 2252 5765 qui
2270 5701 2471 5767 habent.
2489 5697 2539 5747 in
2556 5697 2734 5749 osculo.
2982 5764 2989 5767 Α
3020 5763 3033 5767 _
3181 5753 3191 5763 ι

2012 5770 2031 5799 ³
2051 5756 2246 5815 δίοἈίη.
2272 5769 2328 5812 et
2347 5761 2576 5824 plerique
2615 5768 2719 5810 Mss.
2756 5768 2805 5810 At
2833 5767 2903 5807 Fr.
2947 5764 2996 5807 et
3020 5763 3148 5816 t.ov.,
3164 5756 3417 5814 jactantcs.
3444 5756 3535 5797 nc-

1950 5832 2059 5893 gius
2083 5837 2181 5879 Ms.
2201 5827 2441 5889 jactantes
2464 5837 2532 5874 se.
