4088 6448
592 380 727 441 ιθιθ

589 499 780 571 ligunt,
806 511 993 553 omnes
1039 494 1264 551 invicem
1307 506 1365 547 se
1402 492 1685 545 sustinent.
1731 492 2000 558 Laudasti,
2046 493 2158 547 lau-

590 591 731 646 dasti
760 590 777 623 ⁸
809 606 823 645 :
851 588 940 659 qui
984 586 1154 643 nescit
1182 582 1307 654 quid
1346 582 1568 638 interius
1611 591 1818 653 agatur,
1865 584 1953 653 qui
1998 584 2165 638 nescit

587 682 855 756 quomodo
876 681 966 737 illo
993 688 1150 734 vento
1182 679 1414 732 intrante
1443 677 1602 731 etiam
1634 690 1804 731 naves
1823 691 1883 731 se
1912 677 1965 731 in
2010 686 2164 746 portu

592 775 870 841 collidunt,
902 770 1262 841 intrat‘quasi
1313 770 1653 824 securitatem
1698 784 1938 839 sperans,
1992 772 2164 825 nemi-

585 882 708 923 nem
727 880 883 937 quem
908 865 1099 920 toleret
1123 862 1436 927 habiturus;
1484 862 1684 917 invenit
1726 861 1796 916 ibi
1828 861 2019 917 fratres
2048 878 2161 916 nia-

581 960 682 1025 los,
713 958 800 1028 qui
832 957 955 1011 mali
988 956 1212 1010 inveniri
1253 970 1355 1008 non
1386 963 1621 1023 possent,
1668 954 1766 1008 nisi
1815 953 2164 1008 admitteren-

583 1061 669 1107 tur
696 1051 769 1121 (et
796 1061 1015 1103 necesse
1042 1055 1125 1102 est
1151 1056 1206 1099 ut
1236 1045 1408 1113 primo
1435 1044 1748 1105 tolerentur,
1778 1059 1846 1099 ne
1873 1042 2009 1098 forte
2038 1059 2161 1097 cor-

582 1146 859 1214 rigantur;
913 1155 1011 1195 uec
1080 1138 1289 1194 excludi
1348 1136 1503 1191 facile
1572 1146 1809 1205 possunt.
1866 1137 1964 1190 nisi
2018 1137 2162 1205 prius

580 1236 779 1292 fuerint
795 1234 1003 1290 tolerati
1024 1232 1101 1303 ’):
1125 1239 1180 1288 et
1208 1232 1265 1284 fit
1288 1231 1403 1299 ipse
1431 1228 1772 1283 intolerandae
1800 1227 2159 1296 impatientius.

582 1328 713 1396 Quis
736 1342 821 1382 me
861 1325 964 1379 huc
999 1322 1308 1394 quaerebat?
1345 1321 1458 1390 Ego
1498 1320 1741 1389 putabam
1781 1319 1902 1389 quia
1931 1317 2163 1373 cbaritas

580 1428 663 1475 est
686 1419 790 1473 hic.
816 1416 883 1471 Et
900 1429 1186 1485 paucorum
1203 1412 1472 1467 hominum
1492 1410 1731 1466 molestia
1755 1410 2013 1475 irritatus,
2034 1408 2161 1463 dum

580 1528 685 1567 non
715 1506 1135 1579 perseveraverit
1170 1506 1394 1575 implere
1438 1504 1579 1574 quod
1621 1505 1793 1567 vovit,
1824 1503 1882 1557 ﬁt
1920 1504 2162 1558 desertor

580 1610 686 1656 tam
713 1600 881 1655 sancti
931 1596 1212 1668 propositi,
1231 1606 1285 1651 et
1326 1610 1450 1650 rens
1479 1598 1585 1649 voti
1622 1610 1728 1648 non
1758 1594 1972 1649 redditi.
2012 1594 2159 1649 Jam-

578 1706 705 1746 vero
725 1706 847 1746 cum
877 1689 1001 1743 inde
1027 1688 1238 1751 exierit,
1273 1686 1331 1740 lit
1350 1695 1404 1741 et
1452 1687 1564 1755 ipse
1593 1686 1920 1754 vituperatur
1968 1695 2021 1740 et
2052 1701 2163 1739 ma-

577 1782 778 1838 ledicus
808 1798 821 1834 :
850 1791 903 1835 et
942 1779 1069 1835 dicit
1100 1794 1159 1833 ea
1214 1778 1326 1833 sola
1352 1793 1471 1847 qua:
1502 1776 1651 1847 quasi
1682 1790 1740 1830 se
1770 1778 1873 1845 pati
1914 1791 2020 1831 non
2070 1792 2162 1846 po-

579 1873 744 1928 tuisse
764 1881 1066 1935 asseverat;
1101 1880 1153 1925 et
1178 1868 1464 1938 aliquando
1503 1882 1648 1922 vera.
1681 1866 1788 1922 Sed
1833 1882 1957 1922 vera
1994 1868 2161 1923 malo-

578 1980 697 2021 rum
750 1962 1025 2018 toleranda
1068 1970 1192 2016 sunt
1254 1968 1469 2029 propter
1507 1960 1818 2013 societatem
1876 1957 2157 2014 bonorum.

577 2054 714 2111 Dicit
744 2053 815 2106 illi
845 2053 1118 2121 Scriptura
1159 2068 1172 2104 :
1219 2048 1304 2130 Ya:
1331 2050 1409 2104 Itis
1440 2049 1527 2119 qui
1560 2049 1884 2118 perdiderunt
1911 2048 2161 2102 sustinen-

579 2146 703 2198 tiam
731 2142 916 2211 (Eccli.
947 2158 1003 2209 ιι,
1036 2140 1148 2209 16).
1182 2140 1247 2195 Et
1282 2140 1421 2210 quod
1454 2148 1536 2194 est
1567 2138 1813 2209 amplius,
1871 2145 2042 2191 ructat
2080 2138 2160 2191 in-

576 2234 901 2305 dignationis
930 2234 1127 2288 malum
1153 2231 1373 2287 odorem
1401 2230 1443 2298 ³,
1476 2230 1613 2285 unde
1653 2230 1950 2283 absterreat
1991 2229 2158 2282 intra-

578 2338 758 2393 turos;
819 2327 941 2398 quia
1015 2327 1128 2395 ipse
1199 2339 1320 2379 cum
1365 2323 1633 2387 intrasset,
1710 2320 1997 2389 perdurare
2052 2334 2157 2373 non

576 2420 766 2489 potuit.
796 2418 990 2485 Quales
1027 2416 1138 2471 illi?
1179 2414 1367 2478 Invidi,
1412 2414 1719 2483 litigatores,
1747 2412 2011 2465 neminem
2038 2426 2157 2465 sus-

576 2510 841 2573 tinentes,
876 2508 1047 2573 avari;
1100 2507 1187 2561 ille
1233 2506 1304 2561 ibi
1351 2504 1479 2557 illud
1523 2503 1662 2567 fecit,
1691 2510 1744 2555 et
1791 2501 1877 2555 ille
1907 2501 1979 2554 ibi
2031 2501 2156 2556 illt.d

574 2598 717 2654 fecit.
741 2598 784 2653 Ο
812 2598 969 2663 male,
993 2612 1157 2667 quare
1199 2604 1341 2650 taces
1379 2592 1578 2648 bonos?
1615 2593 1758 2661 Quos
1799 2592 2025 2646 tolerare
2051 2606 2155 2646 non

575 2690 812 2761 potuisti,
842 2690 1049 2759 jactas:
1080 2688 1169 2757 qui
1202 2697 1253 2741 te
1282 2687 1475 2741 malum
1506 2685 1885 2746 toleraverunt,
1918 2692 2081 2737 taces.

648 2784 734 2837 l5.
767 2782 951 2836 Merito
979 2780 1127 2846 illud,
1159 2781 1351 2832 fratres
1378 2776 1695 2840 charissimi,
1736 2775 2072 2845 magniﬁcum
2101 2776 2157 2829 in

577 2872 785 2928 Domini
808 2872 1112 2941 Evangelio,
1142 2886 1206 2925 ex
1224 2884 1319 2924 ore
1343 2869 1547 2922 Domini
1575 2885 1588 2921 :
1618 2866 1732 2919 Duo
1761 2867 1813 2919 in
1840 2883 1999 2936 agro;
2028 2882 2157 2920 unus

575 2973 873 3026 assumetur,
906 2972 951 3017 et
973 2978 1101 3016 unus
1129 2950 1435 3030 relinquetur
1458 2976 1471 3013 :
1498 2960 1612 3013 dua:
1634 2959 1685 3011 in
1709 2958 2029 3025 molendino;
2054 2975 2158 3011 una

573 3066 873 3119 assumetur,
904 3064 953 3109 et
981 3071 1081 3108 una
1110 3054 1413 3122 relinquetur
1440 3067 1458 3105 :
1486 3051 1585 3103 duo
1624 3051 1674 3102 in
1702 3050 1858 3112 lecto;
1899 3065 2029 3102 unus
2075 3064 2158 3102 as-

572 3157 813 3213 sumetur,
841 3157 888 3200 et
916 3162 1046 3200 unus
1087 3145 1392 3214 relinquetur
1414 3141 1626 3211 (Matth.
1664 3156 1805 3205 xxrv,
1850 3140 1939 3204 40,
1986 3140 2078 3206 41,
2110 3148 2157 3193 et

576 3235 703 3290 Luc.
736 3254 861 3301 xvii,
889 3237 977 3301 54,
1011 3235 1122 3305 55).
1145 3234 1243 3303 Qui
1295 3243 1417 3287 sunt
1455 3233 1555 3284 duo
1575 3232 1627 3284 in
1661 3231 1823 3299 agro?
1845 3229 1998 3296 Quod
2028 3229 2157 3284 dicit

576 3329 863 3396 Apostolus
888 3346 901 3381 :
934 3328 1041 3397 Ego
1072 3327 1315 3395 plantavi,
1346 3324 1527 3391 Apollo
1557 3322 1772 3392 rigavit;
1802 3322 1889 3373 sed
1913 3319 2052 3373 Deus
2077 3322 2156 3373 in-

576 3431 881 3476 crementum
908 3418 1062 3471 dedit.
1094 3416 1185 3468 Dei
1212 3415 1520 3485 agricultura
1548 3414 1663 3465 estis
1682 3408 1722 3482 (Ι
1748 3408 1864 3465 Cor.
1896 3426 1973 3477 ιιι,
1998 3412 2049 3476 6,
2076 3409 2153 3482 9).

577 3514 633 3569 lu
666 3526 793 3582 agro
825 3510 1145 3564 laboramus.
1173 3504 1292 3558 Duo
1334 3504 1385 3556 in
1411 3520 1552 3573 agro,
1604 3501 1780 3555 clerici
1826 3509 1949 3553 sunt
1979 3516 1992 3553 :
2027 3516 2156 3552 unus

577 3611 878 3665 assuntetur,
903 3609 948 3652 et
969 3614 1097 3651 unus
1126 3597 1471 3665 relinquetur;
1507 3601 1805 3647 assuntetur
1836 3590 2025 3653 bonus,
2072 3606 2155 3644 rc-

576 3695 845 3763 linquetur
872 3689 1059 3744 malus.
1079 3686 1146 3741 1η
1164 3686 1447 3739 molendino
1468 3683 1603 3747 duce,
1631 3680 1696 3735 ad
1715 3681 1893 3749 plebes
1912 3679 2091 3734 retulit
2112 3680 2152 3732 ³.

577 3790 753 3855 Quare
782 3787 836 3839 in
860 3780 1187 3837 molendino?
1211 3778 1345 3845 Quia
1382 3775 1640 3831 devinctae
1670 3773 1887 3839 saeculo,
1933 3772 2154 3826 circuitu

578 3896 756 3935 rerum
804 3874 1194 3945 temporalium,
1239 3881 1487 3939 tanquam
1537 3866 1676 3921 mola
1717 3865 2041 3919 detinentur.
2093 3864 2157 3918 Et

576 3973 699 4028 inde
730 3988 831 4023 una
856 3976 1153 4030 assumetur,
1176 3973 1222 4018 et
1249 3980 1349 4017 una
1371 3961 1692 4030 relinquetur.
1726 3958 1855 4027 Quae
1901 3957 2024 4012 inde
2066 3973 2157 4011 as—

575 4061 854 4119 sumetur?
880 4058 1101 4113 Faeiens
1124 4071 1283 4125 opera
1308 4054 1466 4119 bona,
1508 4051 1788 4106 attendens
1814 4048 2153 4117 indigentiam

576 4166 854 4208 servorum
884 4149 998 4212 Dei,
1022 4144 1366 4215 indigentiam
1404 4156 1715 4211 pauperum,
1742 4141 1794 4194 in
1820 4138 2155 4194 confessione

581 4242 772 4305 lidelis,
801 4241 853 4293 in
881 4238 1057 4292 laetitia
1082 4237 1194 4305 spei
1226 4244 1391 4298 certa,
1417 4233 1637 4301 vigilans
1680 4230 1747 4283 ad
1798 4230 1985 4295 Deum,
2027 4229 2155 4282 nulli

582 4335 884 4403 imprecaris
909 4330 1067 4389 mala,
1096 4327 1320 4395 diligens
1347 4331 1599 4393 quantum
1631 4328 1822 4390 potest,
1848 4335 1954 4373 nou
1980 4318 2153 4372 solum

583 4427 806 4490 amicos,
839 4422 931 4477 sed
978 4422 1136 4476 etiam
1186 4418 1447 4480 inimicos,
1497 4423 1689 4484 praeter
1734 4428 1953 4467 uxorein
2005 4426 2155 4465 suam

579 4532 686 4573 non
737 4516 911 4569 sciens
991 4513 1239 4580 aliquam,
1295 4517 1485 4577 praeter
1542 4506 1789 4559 maritum
1849 4518 2001 4557 suum
2052 4516 2158 4556 non

576 4609 756 4665 sciens
779 4606 1043 4675 aliquem;
1076 4609 1374 4656 assumetur
1399 4608 1452 4652 et
1470 4598 1537 4652 de
1560 4595 1863 4651 molendino
1887 4612 1899 4647 :
1922 4609 2038 4663 qua:
2065 4609 2158 4647 au-

578 4711 687 4757 tem
739 4699 894 4753 aliter
932 4696 1115 4759 fuerit,
1166 4694 1511 4763 relinquetur.
1561 4690 1662 4743 Alii
1717 4696 1894 4742 autem
1934 4686 2154 4741 dicunt:

577 4795 821 4863 Quietem
870 4790 1135 4855 volumus,
1177 4788 1441 4841 nemiuem
1470 4783 1717 4839 volumus
1755 4781 1882 4850 pati,
1912 4795 2157 4834 remove-

578 4904 699 4944 mus
726 4902 827 4941 nos
855 4900 886 4939 a
916 4884 1121 4948 turbis;
1151 4881 1287 4936 bene
1314 4878 1415 4933 crit
1439 4876 1591 4931 nobis
1616 4876 1667 4928 in
1699 4874 1927 4943 quadam
1955 4872 2159 4927 securi-

579 4990 705 5035 tate.
735 4979 793 5035 Si
841 4977 1074 5048 quietem
1120 4972 1337 5043 qua-ris,
1390 4968 1539 5039 quasi
1597 4968 1790 5022 lectum
1838 4966 2053 5035 quaeris,
2105 4974 2162 5020 ut

577 5077 693 5133 sine
723 5075 900 5143 aliqua
922 5068 1279 5126 sollicitudine
1306 5062 1627 5134 requiescas.
1663 5058 1869 5113 Etinde
1912 5074 2042 5112 unus
2080 5075 2163 5112 as-

579 5177 825 5229 sumetur,
860 5175 907 5218 et
941 5178 1071 5216 unus
1100 5161 1425 5228 relinquetur.
1470 5152 1635 5207 Nemo
1683 5165 1779 5203 vos
1834 5149 1998 5215 fallat,
2059 5148 2163 5202 fra-

584 5266 731 5312 tres:
762 5256 807 5309 si
849 5270 955 5309 non
985 5252 1143 5306 vultis
1170 5249 1297 5312 falli,
1325 5254 1380 5302 et
1418 5245 1577 5299 vultis
1607 5257 1787 5296 amare
1818 5242 2030 5305 fratres,
2060 5240 2163 5294 sci-

578 5358 695 5404 tote
723 5362 935 5403 omnem
967 5344 1354 5415 professionem
1383 5340 1432 5393 iu
1462 5337 1702 5391 Ecclesia
1740 5335 1937 5390 habere
1986 5335 2155 5389 lictos.

645 5462 661 5491 ⁸
688 5461 761 5508 sic
785 5466 887 5507 Mss.
914 5462 968 5506 At
984 5455 1113 5517 Fdd.:
1134 5452 1314 5517 Laudat
1337 5448 1420 5514 qui
1441 5447 1608 5517 nescit,
1636 5453 1731 5497 etc.
1911 5504 1921 5517 O

648 5524 669 5553 ⁸
685 5504 786 5569 tino
807 5504 936 5577 $33.,
956 5504 1297 5577 intoleranti:
1324 5504 1375 5562 εἰ
1410 5504 1603 5577 quidam
1632 5523 1740 5577 cum
1765 5518 1886 5577 Am.,_
1903 5504 2159 5577 iittoleratt.

583 5568 850 5645 Paulopost
867 5568 1408 5645 ex'lttss._reposuimus,
1430 5568 1765 5635 impatientia);
1810 5571 1950 5633 cujus
1982 5568 2082 5617 loco
2116 5570 2162 5615 in

586 5645 695 5694 illo.
730 5639 1159 5705 ἀτιμραιίοηιὶωί
1284 5697 1328 5705 __
1403 5695 1414 5705 ,
1471 5694 1501 5705 ,,
1605 5694 1632 5705 _.

653 5692 673 5739 ί
705 5692 777 5758 sic
793 5692 1015 5766 pl'eiique
1040 5711 1145 5766 Mss.
1167 5706 1220 5766 tit
1237 5697 1368 5766 Edd.,
1396 5694 1773 5766 indignationes.
1784 5692 2029 5764 malorum
2047 5692 2161 5741 odo-

588 5781 705 5818 rem.
717 5756 755 5823 ι,
766 5756 921 5816 ιιῖᾱειιιι
936 5756 1047 5814 'atss.
1058 5800 1070 5821 ,
1095 5759 1446 5825 indignationes
1464 5756 1696 5825 titulorum
1713 5756 1945 5806 odiorum.

652 5782 705 5816 in.
730 5774 921 5823 auidum
945 5774 1070 5821 Mss,
1095 5774 1214 5813 ιηιιυ
1234 5774 1446 5809 nationes
1464 5774 1678 5806 matornn

652 5835 671 5861 ³
699 5837 789 5878 I.ov
817 5864 829 5889 ,
857 5826 1012 5879 retuli.
1040 5825 1150 5875 Edd.
1182 5774 1257 5875 iiii
1284 5830 1333 5872 et
1352 5828 1479 5883 Mss,
1505 5817 1678 5869 retulit.

1822 374 1876 435 S.
1919 380 2284 436 AUGUSTINI
2326 383 2625 439 El'lSCOl’l

3701 403 3816 460 1280

2276 494 2388 549 Νοιι
2420 496 2527 551 dixi
2559 513 2769 553 onmem
2799 498 3067 556 hominem
3113 517 3230 558 esse
3279 503 3481 568 fictum.
3514 508 3603 563 sed
3630 526 3815 570 omnem

2270 588 2647 655 professionem
2690 589 2884 645 habere
2908 592 3055 645 fictas
3083 608 3336 662 personas
3367 613 3386 651 :
3408 608 3531 651 sunt
3573 603 3817 660 christiani

2269 680 2411 745 mali,
2443 682 2537 735 sed
2566 691 2690 737 sunt
2728 692 2781 738 et
2831 684 2975 738 boni.
3019 686 3179 752 Quasi
3226 688 3409 756 plures
3458 692 3621 747 malos
3664 696 3815 766 vides,

2266 770 2387 839 quia
2414 770 2561 839 palea
2588 782 2731 838 sunt,
2760 784 2813 829 et
2862 785 2911 828 te
2940 776 3003 829 ad
3040 792 3201 845 grana
3245 781 3523 848 pervenire
3578 799 3674 836 non
3713 803 3817 854 per-

2268 860 2481 915 mittunt
2511 880 2523 914 :
2551 873 2675 918 sunt
2700 864 2772 919 ibi
2817 874 2869 919 et
2908 881 3091 936 grana,
3133 870 3349 934 accede,
3412 877 3575 935 tenta,
3635 887 3800 932 excute

2266 950 2458 1007 adhibe
2508 955 2615 1008 oris
2650 954 2927 1023 judicium.
2982 956 3189 1012 lnvenis
3229 961 3657 1018 sanctimoniales
3709 966 3820 1022 iudi-

2266 1043 2606 1111 sciplinatas;
2638 1048 2892 1117 numquid
2925 1049 3043 1103 ideo
3087 1050 3501 1106 sanctimoniam
3548 1058 3815 1125 reprehen-

2265 1132 2493 1189 dendum
2522 1138 2637 1191 est?
2664 1137 2836 1191 Mulae
2882 1156 2985 1193 non
3013 1148 3155 1195 stant
3194 1142 3246 1195 in
3291 1141 3541 1198 domibus
3582 1148 3703 1211 suis,
3729 1151 3818 1204 cir.

2263 1236 2512 1282 cumeunt
2536 1228 2723 1283 domos
2762 1231 2982 1297 alienas,
3014 1232 3222 1288 curiose
3270 1243 3515 1304 agentes,
3571 1236 3819 1306 loquentes

2264 1336 2382 1390 qua:
2419 1336 2525 1376 non
2556 1332 2786 1391 Oportet,
2840 1325 3104 1394 superbae,
3143 1325 3392 1396 “agnata:
3424 1326 3468 1397 (Ι
3498 1326 3626 1381 Tim.
3653 1345 3698 1389 ν,
3723 1331 3813 1400 15),

2264 1410 2485 1467 ebriosus
2519 1430 2531 1466 :
2561 1415 2660 1467 etsi
2708 1414 2935 1484 virgines
2995 1424 3138 1477 sunt,
3190 1416 3313 1484 quid
3363 1416 3578 1484 prodest
3628 1419 3815 1489 integra

2263 1518 2406 1569 caro,
2438 1514 2613 1558 mente
2655 1506 2940 1573 eorm-pta?
2973 1506 3157 1560 Melius
3179 1516 3261 1560 est
3288 1506 3491 1561 humile
3520 1508 3815 1578 coniugium,

2264 1611 2418 1664 quam
2444 1596 2669 1665 superba
2698 1597 3009 1667 virginitas.
3045 1598 3099 1651 Si
3139 1600 3279 1651 enim
3314 1599 3561 1663 nuberet,
3603 1616 3701 1653 non
3739 1602 3818 1653 lia-

2264 1684 2413 1739 beret
2436 1701 2627 1740 nomen
2680 1687 2817 1739 unde
2861 1688 3228 1752 extolleretur,
3264 1696 3319 1741 ct
3365 1688 3585 1743 haberet
3636 1689 3818 1744 frenum

2264 1791 2368 1844 quo
2395 1785 2687 1845 regeretur.
2724 1778 2829 1830 Sed
2871 1778 3126 1847 numquid
3152 1789 3370 1846 propter
3398 1779 3629 1848 virgines
3653 1781 3813 1846 malas,

2263 1865 2565 1920 damnaturi
2595 1883 2779 1921 sumus
2802 1878 3013 1922 sanctas
3039 1878 3091 1921 et
3116 1884 3342 1936 corpore
3363 1879 3419 1923 et
3443 1870 3626 1938 spiritu
3650 1870 3686 1935 (l
3714 1870 3813 1923 Cor.

2265 1972 2354 2021 vn,
2383 1956 2501 2025 54)?
2526 1966 2617 2011 aut
2642 1967 2856 2028 propter
2887 1960 3014 2011 istas
3043 1959 3355 2025 laudabiles,
3400 1960 3557 2013 etiam
3592 1961 3698 2015 illas
3735 1962 3816 2014 im-

2264 2047 2563 2115 probandae
2595 2048 2809 2102 laudare
2836 2049 3122 2118 cogemur?
3161 2048 3410 2119 Undique
3440 2065 3573 2104 unus
3603 2066 3814 2105 assume-

2264 2136 2366 2201 tiir,
2396 2148 2447 2191 et
2476 2153 2609 2192 unus
2633 2140 2980 2208 relinquetur.

2334 2230 2417 2283 H.
2452 2227 2599 2301 [vers.
2631 2228 2709 2302 2.]
2756 2230 2917 2299 Ergo,
2972 2230 3182 2294 fratres,
3245 2230 3493 2287 finiamus
3537 2231 3809 2297 Psalmum,

2260 2322 2380 2392 quia
2404 2322 2593 2390 planus
2609 2334 2708 2377 est.
2736 2321 2929 2377 Servite
2942 2320 3162 2376 Domino
3181 2324 3233 2376 in
3251 2322 3575 2394 jucunditate
3602 2339 3620 2378 :
3645 2338 3729 2376 vos
3749 2324 3813 2376 al-

2262 2414 2514 2483 loquitur,
2560 2416 2877 2484 qnicumque
2919 2416 2971 2469 in
3014 2416 3271 2470 cliaritate
3298 2417 3479 2469 omnia
3504 2416 3743 2481 toleratis,
3768 2426 3810 2470 et

2261 2520 2354 2574 spe
2400 2507 2658 2574 gaudetis.
2712 2505 2908 2561 Servite
2947 2505 3187 2572 Domino,
3246 2522 3354 2560 non
3404 2507 3455 2560 in
3486 2506 3811 2560 amaritudine

2261 2597 2715 2661 murmurationis,
2745 2596 2837 2650 sed
2869 2598 2921 2650 in
2942 2597 3265 2668 jucunditate
3293 2596 3613 2651 dilectionis.
3643 2594 3810 2648 Intrate

2259 2688 2311 2740 in
2335 2697 2601 2754 conspectu
2630 2690 2757 2756 ejus,
2785 2690 2836 2741 in
2861 2690 3213 2742 exsultatione.
3250 2688 3432 2743 Facile
3454 2697 3534 2743 est
3568 2686 3807 2742 exsultare

2260 2778 2425 2842 foris;
2479 2781 2534 2832 in
2558 2788 2851 2847 ccuspectu
2904 2780 2999 2833 Dei
3045 2780 3270 2833 exsulta.
3314 2780 3435 2834 Non
3488 2779 3637 2835 valde
3659 2780 3805 2847 lingua

2260 2874 2522 2939 exsultet;
2574 2874 2900 2928 conscientia
2944 2874 3193 2928 exsultet.
3233 2872 3435 2928 Intrate
3486 2874 3536 2926 in
3574 2881 3807 2940 conspectu

2259 2964 2386 3033 ejus,
2408 2964 2461 3017 in
2486 2964 2835 3018 exsultatione.

2332 3056 2417 3107 15.
2459 3052 2625 3126 [vers.
2675 3052 2769 3128 5.]
2812 3055 3002 3110 Scitote
3046 3057 3281 3124 quoniam
3319 3054 3567 3109 Dominus
3613 3055 3710 3123 ipse
3748 3060 3805 3105 est

2260 3145 2416 3199 Deus.
2441 3147 2570 3214 Quis
2595 3147 2761 3201 nescit
2784 3148 2902 3215 quia
2930 3146 3181 3201 Dominus
3209 3148 3320 3216 ipse
3347 3156 3430 3202 est
3454 3146 3624 3202 Deus?
3645 3144 3735 3200 Sed
3752 3142 3807 3198 de

2264 3236 2486 3289 Domino
2512 3234 2657 3298 dicit,
2702 3251 2861 3305 quem
2902 3250 3003 3290 non
3050 3238 3300 3305 putabant
3346 3236 3585 3290 homines
3630 3235 3805 3288 Deum:

2261 3329 2449 3385 Scitote
2476 3329 2713 3397 quoniam
2746 3326 2993 3381 Dominus
3031 3329 3138 3396 ipse
3160 3336 3234 3381 est
3259 3330 3405 3381 Deus
3428 3369 3442 3393 ,
3474 3328 3710 3381 Dominus
3736 3323 3808 3376 ille

2262 3435 2366 3474 non
2425 3419 2575 3473 vobis
2624 3418 2879 3472 vilescat:
2921 3418 3288 3483 crucilixistis,
3316 3418 3638 3486 flagellastis,
3667 3414 3808 3484 sputis

2260 3512 2509 3573 illinistis,
2528 3510 2697 3579 spinis
2715 3510 3027 3575 coronastis,
3048 3518 3192 3564 veste
3214 3510 3563 3579 ignominiosa
3588 3506 3807 3566 vestistis,

2260 3602 2310 3655 in
2354 3602 2495 3671 ligno
2523 3600 2871 3670 suspendistis
2894 3642 2909 3665 ,
2940 3600 3102 3655 clavis
3129 3601 3426 3655 confixistis
3448 3641 3463 3667 ,
3495 3601 3667 3654 lancea
3712 3610 3811 3665 per-

2258 3692 2514 3756 cussistis,
2555 3690 2804 3747 custodes
2832 3691 2899 3744 ad
2936 3692 3235 3759 sepulcrum
3285 3690 3577 3760 posuistis;
3619 3688 3718 3757 ipse
3743 3690 3810 3738 est

2260 3783 2416 3837 Deus.
2448 3782 2638 3837 Scitote
2661 3783 2899 3852 quoniam
2923 3780 3173 3835 Dominus
3198 3783 3304 3851 ipse
3332 3792 3405 3837 est
3433 3781 3587 3835 Deus.
3622 3778 3727 3847 Ipse
3749 3775 3809 3842 fe-

2260 3875 2325 3926 cit
2350 3890 2438 3926 nos
2460 3912 2471 3934 ,
2506 3882 2550 3925 et
2578 3889 2675 3925 non
2703 3889 2792 3925 nos
2820 3872 2858 3925 ¹.
2894 3870 3010 3939 Ipse
3038 3872 3154 3941 fecit
3184 3886 3310 3925 nos:
3340 3871 3521 3925 omnia
3550 3885 3637 3939 per
3660 3868 3806 3933 ipsum

2260 3963 2393 4017 facta
2426 3971 2552 4016 sunt
2573 4005 2586 4026 ,
2620 3972 2674 4016 et
2698 3963 2813 4016 sine
2845 3962 2959 4030 ipso
2986 3961 3181 4016 factum
3206 3972 3285 4015 est
3314 3961 3448 4015 nihil
3471 3959 3624 4031 (Joan
3670 3972 3718 4019 ι,
3745 3952 3805 4021 3).

2260 4054 2393 4121 Quid
2417 4062 2501 4109 est
2544 4054 2683 4123 quod
2709 4052 3021 4107 exsultatis?
3065 4052 3190 4122 quid
3217 4060 3299 4106 est
3350 4051 3491 4121 quod
3521 4039 3808 4118 superbitis?

2260 4147 2410 4200 Alius
2436 4160 2529 4199 vos
2556 4144 2714 4209 fecit;
2745 4152 2799 4197 et
2825 4143 2916 4212 qui
2946 4158 3042 4197 vos
3069 4142 3211 4206 fecit,
3246 4143 3361 4211 ipse
3386 4156 3416 4195 a
3438 4139 3586 4195 vobis
3613 4135 3799 4206 patitur.

2259 4238 2364 4294 Sed
2387 4252 2481 4291 vos
2507 4237 2583 4291 sic
2610 4251 2706 4289 vos
2734 4235 2946 4305 jactatis
2975 4242 3028 4288 et
3081 4234 3408 4304 gloriamini,
3464 4239 3517 4286 et
3563 4222 3804 4283 extollitis,

2260 4330 2411 4400 quasi
2432 4344 2463 4382 a
2492 4328 2642 4382 vobis
2671 4328 2802 4397 ipsis
2832 4326 2953 4381 facti
2984 4327 3121 4381 sitis.
3153 4325 3358 4379 Bonum
3388 4333 3471 4379 est
3492 4322 3637 4377 vobis
3666 4311 3806 4382 utqui

2262 4423 2387 4477 fecit
2437 4436 2551 4485 vos,
2600 4421 2837 4490 perliciat
2860 4422 2878 4450 ³
2913 4432 3024 4472 vos.
3076 4416 3196 4487 Ipse
3240 4417 3353 4487 fecit
3381 4432 3489 4475 nos,
3525 4424 3568 4466 et
3600 4425 3690 4464 non
3714 4418 3805 4457 nos.

2260 4514 2377 4569 Non
2406 4513 2665 4568 debemus
2694 4512 2968 4581 superbire
2998 4530 3009 4565 :
3042 4518 3207 4563 totum
3254 4510 3449 4562 bonum
3497 4502 3629 4573 quod
3670 4496 3807 4551 habe-

2264 4624 2402 4669 mus,
2434 4606 2501 4660 ab
2521 4606 2726 4660 artifice
2762 4615 2946 4659 nostro
2974 4604 3260 4666 habemus;
3294 4600 3436 4670 quod
3464 4599 3514 4651 in
3545 4593 3689 4648 nobis
3728 4597 3807 4639 nos

2265 4701 2506 4765 lccimus,
2540 4698 2664 4753 inde
2690 4698 3041 4761 damnamur;
3088 4695 3229 4765 quod
3284 4696 3334 4748 in
3365 4692 3519 4747 nobis
3566 4686 3646 4740 ille
3681 4676 3803 4739 fecit,

2265 4792 2386 4847 inde
2422 4805 2764 4847 coronamur.
2812 4788 2934 4857 Ipse
2974 4788 3089 4855 fecit
3117 4802 3226 4851 nos,
3251 4796 3296 4838 et
3334 4801 3435 4837 non
3468 4796 3576 4833 nos.
3606 4771 3706 4828 N08
3725 4781 3800 4820 al:

2266 4894 2360 4938 tem
2387 4881 2602 4955 papulas
2628 4883 2759 4953 ejus,
2800 4890 2845 4933 et
2886 4894 2998 4931 oves
3043 4892 3242 4946 pascua:
3271 4876 3398 4944 ejus.
3439 4872 3573 4927 Oves
3602 4874 3652 4919 et
3673 4858 3803 4953 ovist

2268 4977 2393 5045 ipsa:
2415 4990 2541 5029 ovcs
2586 4990 2685 5027 una
2716 4972 2849 5026 ovis.
2898 4969 2965 5023 Et
3012 4983 3169 5038 quam
3205 4965 3619 5019 amantissimum
3662 4958 3806 5045 nostri

2269 5039 2532 5137 pastorem
2562 5064 2851 5119 habemus!
2900 5061 3114 5116 Dimisit
3164 5059 3448 5128 nonaginta
3490 5061 3682 5105 novem,
3706 5037 3805 5137 ale-

2268 5158 2472 5214 scendit
2499 5172 2735 5228 qumrcre
2754 5170 2932 5218 unam,
2959 5161 3191 5222 reportat
3218 5152 3267 5205 in
3298 5147 3529 5203 humeris
3549 5138 3653 5196 suis
3674 5131 3801 5204 (LW-

2268 5269 2355 5317 xv,
2389 5253 2443 5316 4,
2470 5252 2526 5319 5)
2559 5248 2886 5318 redemptam
2914 5246 3177 5315 sanguine
3203 5258 3319 5297 suo.
3344 5242 3572 5297 Securus
3598 5231 3805 5284 morth

2268 5353 2351 5399 est
2399 5351 2577 5412 pastor
2626 5356 2721 5411 pro
2748 5355 2867 5405 ove,
2912 5338 2998 5407 qui
3055 5350 3337 5404 resurgens
3382 5327 3609 5402 possidet
3648 5324 3800 5371 ovem-

2273 5436 2382 5490 Nos
2399 5444 2569 5487 autem
2599 5432 2813 5503 populus
2835 5431 2963 5500 ejus,
2989 5438 3031 5481 et
3055 5444 3166 5481 oves
3187 5441 3385 5497 pascua:
3408 5424 3532 5492 ejus.

2343 5529 2427 5584 16.
2470 5525 2629 5599 [vcrs.
2723 5566 2737 5589 ,
2902 5521 3097 5575 Intrate
3139 5495 3194 5573 in
3219 5529 3388 5589 portas
3414 5517 3516 5584 ejus
3553 5509 3599 5561 in
3636 5495 3799 5560 rutilis“

2338 5686 2352 5715 ι
2383 5680 2512 5733 ωδ..
2532 5685 2577 5727 et
2610 5691 2701 5728 non
2738 5674 2833 5739 ipsi
2872 5685 2971 5722 nos.
3008 5680 3123 5731 Vox,
3142 5668 3253 5733 ipsi,
3278 5670 3415 5719 abest
3440 5678 3464 5713 a
3486 5653 3679 5710 meliore
3697 5648 3796 5691 ιιοικ

2272 5754 2378 5795 Mss.
2400 5752 2447 5791 et
2464 5756 2490 5790 a
2508 5749 2633 5790 LXX.

2340 5792 2541 5855 il‘lurcs
2560 5804 2719 5865 prohtc
2740 5808 2865 5849 noue
2884 5806 3005 5859 \lss.,
3036 5792 3233 5860 reﬁciat.
