4088 6426
228 367 363 423 1281

234 483 385 537 sione.
430 480 487 535 ln
522 480 684 552 portis
728 478 936 535 initium
964 485 1081 544 est;
1130 491 1161 532 a
1202 475 1536 532 confessione
1582 476 1816 546 incipite.

234 572 356 629 lude
396 573 641 627 Psalmus
678 573 730 626 in
773 570 1120 643 confessione,
1153 567 1223 623 ibi
1264 567 1484 638 jubilate
1516 569 1553 622 ³.
1581 567 1817 623 Conﬁte-

234 666 356 720 mini
382 681 482 720 vos
520 681 626 719 non
651 663 820 718 factos
849 678 878 717 a
906 662 1085 728 vobis,
1118 659 1328 715 laudate
1354 674 1474 715 eum
1501 674 1530 713 a
1565 673 1671 730 quo
1698 657 1817 714 facti

233 758 375 812 estis.
407 757 493 811 Ab
519 757 609 810 illo
637 757 706 810 sit
731 756 926 810 bonum
959 763 1103 808 tuum
1125 794 1141 818 ,
1173 767 1202 807 a
1229 766 1335 822 quo
1361 749 1620 806 recedens
1647 748 1818 804 fecisti

231 847 420 902 malum
455 855 626 901 tuum.
657 845 856 899 Intrate
884 846 934 898 in
966 851 1139 914 portas
1167 843 1274 914 ejus
1299 843 1351 896 in
1377 841 1705 911 confessione.
1729 839 1815 894 ln-

232 950 326 995 tret
351 954 483 1009 grex
517 939 571 992 in
609 945 788 1007 portas
811 977 826 1003 ,
857 950 960 990 non
992 933 1122 990 foris
1151 941 1424 989 remaneat
1453 932 1520 986 ad
1548 933 1718 1002 lupos.
1752 931 1816 985 Et

228 1031 495 1101 quomodo
525 1031 721 1086 intret?
748 1029 813 1083 In
839 1028 1167 1100 confessione.
1193 1027 1371 1092 Porta,
1402 1025 1452 1081 id
1479 1035 1556 1081 est
1583 1025 1810 1091 initium,

226 1125 490 1179 confessio
524 1124 614 1177 tibi
655 1123 744 1177 sit.
777 1121 928 1178 Unde
955 1122 1008 1174 in
1034 1121 1138 1174 alio
1169 1120 1372 1190 psalmo
1398 1117 1625 1173 dicitur:
1669 1115 1808 1169 Inci-

227 1217 324 1286 pite
352 1215 576 1268 Domino
603 1216 654 1267 in
676 1213 988 1284 confessione
1016 1210 1186 1282 (Psal.
1209 1225 1382 1275 CXLVI,
1411 1210 1490 1276 7).
1513 1207 1661 1276 Quod
1686 1207 1808 1269 illic,

226 1307 369 1374 dicit,
402 1305 670 1375 Incipite;
699 1307 799 1361 hoc
836 1305 1119 1375 appellavit
1145 1303 1263 1369 hic,
1295 1310 1501 1372 portas:
1545 1298 1738 1352 Intrate
1759 1299 1810 1352 in

227 1407 391 1464 portas
418 1399 533 1470 ejus
558 1398 608 1450 in
634 1397 962 1466 confessione.
995 1396 1058 1449 Et
1086 1395 1233 1464 quid,
1261 1409 1379 1447 cum
1400 1393 1507 1461 jam
1536 1391 1812 1444 intraveri-

228 1507 355 1557 mus,
406 1506 512 1545 non
559 1489 968 1546 confitebimur?
1012 1486 1235 1556 Semper
1280 1488 1554 1547 comitere,
1598 1496 1810 1551 semper

226 1581 382 1637 habes
410 1581 557 1652 quod
583 1561 1164 1652 contitearistﬂtLﬁgile
1192 1585 1273 1630 est
1300 1575 1350 1629 in
1377 1575 1476 1628 bac
1500 1574 1624 1638 vita,
1656 1581 1712 1626 ut
1731 1571 1808 1626 sic

231 1671 379 1728 homo
407 1679 645 1724 mutetur
666 1711 680 1732 ,
713 1679 771 1723 ut
800 1662 1256 1732 nihil—injeniatur
1281 1665 1330 1718 in
1361 1662 1592 1732 co‘quod
1622 1676 1802 1732 regre-

229 1745 481 1844 Ιιέῖῖδῖᾗπε
504 1781 517 1816 :
566 1778 701 1832 opus
728 1745 1055 1843 CW8
1082 1745 1442 1826 reprehendas
1459 1745 1693 1822 ﬁte—ille
1719 1767 1803 1805 re-

226 1853 511 1946 pL-ehendat
542 1853 632 1923 qui
662 1852 1008 1905 damnaturus
1035 1856 1134 1904 est.
1170 1846 1310 1918 Ergo
1335 1844 1388 1901 et
1415 1859 1534 1899 cum
1577 1844 1806 1897 intrave-

222 1936 328 1999 ris‘
331 1945 381 1999 in
431 1945 594 2008 atria,
639 1945 913 1998 contitere.
969 1940 1190 2009 Quando
1235 1955 1338 1993 non
1387 1938 1489 1992 erit
1538 1936 1803 1992 confessio

223 2036 594 2106 peccatorum?
627 2034 678 2087 In
711 2034 797 2088 illa
826 2032 1007 2102 requie
1029 2072 1044 2097 ,
1094 2032 1144 2084 in
1175 2031 1258 2084 illa
1294 2028 1593 2098 aequalitate
1622 2028 1800 2096 Ange-

221 2127 398 2181 lorum.
431 2126 547 2181 Sed
576 2126 749 2180 videte
773 2123 901 2194 quid
927 2122 1152 2176 dixerim
1189 2139 1200 2174 :
1243 2119 1356 2175 Non
1399 2118 1501 2173 erit
1536 2116 1809 2172 confessio

221 2227 572 2288 peccatorum.
617 2216 734 2271 Non
759 2213 886 2281 dixi,
915 2212 1031 2269 Non
1067 2213 1167 2266 erit
1191 2210 1453 2266 confessio
1482 2226 1494 2262 :
1531 2207 1632 2263 erit
1658 2207 1799 2260 enim

220 2307 466 2364 confessio
497 2307 697 2362 laudis.
729 2305 952 2375 Semper
975 2302 1332 2362 confiteberis,
1363 2300 1508 2353 illum
1533 2299 1721 2362 Deum,
1749 2308 1800 2351 te

221 2407 542 2463 creaturam;
578 2398 724 2452 illum
751 2405 1103 2467 protectorem
1125 2435 1140 2460 ,
1171 2403 1220 2448 te
1268 2400 1583 2461 protectum.
1616 2389 1670 2442 In
1711 2388 1799 2444 illo

220 2491 601 2562 quodamnmdo
649 2487 988 2546 absconditus
1038 2487 1182 2552 eris,
1237 2485 1373 2538 sicut
1422 2482 1620 2537 dictum
1675 2491 1794 2546 est,

221 2584 484 2639 Abscondes
506 2599 600 2637 eos
624 2583 678 2636 in
706 2582 999 2636 abscondito
1026 2581 1190 2634 vultus
1219 2578 1290 2630 tui
1323 2576 1491 2646 (Psal.
1525 2591 1655 2640 xxx,
1678 2573 1793 2646 2|).

221 2657 277 2729 In
304 2677 425 2730 atria
445 2676 567 2747 ejus
592 2676 644 2728 in
669 2671 1185 2745 hymnisconﬁtemini
1209 2670 1255 2724 ei
1276 2670 1319 2721 ’.
1350 2669 1407 2722 ln
1435 2666 1600 2736 portis
1625 2665 1794 2719 conﬁ-

221 2767 417 2831 temini;
456 2776 517 2822 et.
564 2767 614 2820 in
657 2765 790 2818 atria
833 2779 951 2818 cum
993 2761 1335 2824 intraveritis,
1365 2757 1689 2813 confitemini
1741 2755 1794 2810 in

223 2856 432 2928 hymnis.
464 2854 668 2928 ilymni
711 2853 894 2908 laudes
933 2861 1077 2907 sunt.
1109 2849 1332 2917 Quando
1373 2849 1537 2902 intras
1559 2887 1574 2912 ,
1609 2856 1660 2900 te
1707 2861 1793 2900 re-

223 2947 512 3016 prehendo;
558 2961 678 3001 cnim
711 2942 991 2998 intraveris
1013 2983 1028 3008 ,
1067 2943 1210 2996 illum
1244 2939 1417 2992 lauda.
1447 2937 1644 3009 Aperite
1674 2937 1795 2989 mihi

223 3049 371 3107 portas
386 3040 632 3111 justitia‘,
665 3037 794 3091 dicit
818 3036 869 3089 in
895 3035 999 3089 alio
1027 3033 1264 3104 psalmo;
1292 3030 1574 3102 ingrediens
1598 3029 1649 3082 in
1679 3029 1747 3081 eis
1773 3027 1794 3058 ³

221 3132 438 3200 confitear
479 3129 712 3184 Domino
761 3125 932 3196 (Psal.
965 3141 1139 3189 cxvtt,
1175 3123 1278 3192 19).
1324 3119 1584 3189 Numquid
1624 3119 1791 3184 dixit,

223 3233 337 3278 tum
356 3224 636 3294 ingressus
666 3220 844 3281 fuero,
868 3219 978 3288 jam
1008 3234 1111 3272 non
1141 3214 1476 3271 conﬁtebor?
1507 3213 1678 3269 Etiam
1710 3212 1792 3264 in-

220 3327 412 3383 gressus
447 3313 814 3370 contitcbitur.
845 3309 972 3378 Qua:
1013 3308 1154 3363 enim
1199 3314 1410 3378 peccata
1446 3302 1795 3357 Confitebatur

225 3405 454 3461 Dominus
474 3415 667 3460 noster
693 3403 848 3457 Jesus
871 3400 1134 3466 Christus,
1161 3397 1372 3467 quando
1396 3395 1470 3448 ait
1496 3412 1506 3445 :
1543 3393 1794 3461 Conﬁteor

223 3496 314 3564 tibi,
360 3499 540 3561 Pater,
581 3495 802 3550 Domine
853 3493 964 3547 caeli
1013 3503 1057 3546 et
1106 3503 1250 3544 terra:
1295 3487 1506 3559 (Matth.
1540 3485 1792 3557 31,25)?

225 3588 358 3645 Illum
379 3591 604 3645 laudans
626 3587 997 3650 conﬁtebatur,
1027 3599 1131 3638 non
1162 3597 1219 3638 se
1235 3595 1508 3637 accusans.

285 3674 363 3735 Π.
401 3680 638 3734 Laudate
674 3695 851 3732 nomen
882 3677 991 3747 ejus
1013 3716 1027 3739 ,
1058 3673 1176 3745 quia
1207 3672 1372 3729 suavis
1406 3681 1478 3724 est
1521 3668 1790 3723 Dominus.

225 3772 376 3827 Nolite
421 3781 610 3842 putare
658 3769 778 3839 quia
826 3768 1052 3823 delicitis
1099 3766 1148 3818 in
1202 3762 1482 3817 laudando.
1535 3761 1794 3816 Laudatio

226 3873 382 3918 vestra
407 3863 560 3933 quasi
588 3859 923 3916 manducatio
950 3858 1052 3913 erit
1075 3873 1086 3908 :
1120 3865 1369 3925 quantum
1397 3853 1643 3916 laudatis,
1680 3862 1792 3905 tan-

228 3962 329 4008 tum
355 3956 493 4010 vires
520 3951 807 4022 acquiritis,
831 3957 885 4005 et
913 3958 1113 4003 tantum
1143 3945 1398 3999 dulcescit
1429 3958 1583 4012 quem
1612 3942 1795 3996 lauda-

231 4048 309 4103 tis.
340 4047 562 4102 Laudato
589 4062 769 4100 nomen
803 4043 911 4113 ejus
935 4084 949 4107 ,
981 4041 1100 4111 quia
1127 4039 1292 4094 suavis
1323 4047 1394 4089 est
1424 4034 1689 4087 Dominus.
1728 4032 1789 4086 In

226 4149 448 4194 cternum
477 4136 822 4194 misericordia
855 4136 984 4203 ejus.
1013 4131 1129 4187 Non
1167 4131 1306 4185 enim
1344 4145 1462 4182 cum
1507 4135 1556 4180 te
1594 4126 1792 4179 libera-

228 4235 364 4301 verit,
394 4235 602 4290 desinet
629 4247 749 4287 esse
780 4229 1080 4284 misericors
1111 4245 1124 4280 :
1157 4235 1208 4278 et
1235 4233 1289 4276 ut
1319 4229 1560 4292 protegat
1584 4233 1795 4286 semper

229 4327 273 4380 in
300 4337 547 4382 attcrnam
575 4326 757 4384 vitam.
791 4313 1164 4376 misericordia:
1194 4316 1308 4385 ejus
1333 4323 1432 4369 est.
1464 4311 1530 4366 In
1557 4323 1794 4366 attentum

231 4434 339 4489 ergo
363 4417 708 4475 misericordia
734 4417 842 4485 ejus
865 4456 878 4477 ,
911 4422 956 4468 et
983 4428 1136 4480 usque
1163 4411 1213 4462 in
1240 4407 1608 4479 generationem
1637 4415 1681 4458 et
1711 4421 1796 4474 ge-

231 4510 516 4565 nerationem
572 4508 753 4562 veritas
801 4507 930 4576 ejus.
989 4504 1086 4555 Aut
1139 4514 1350 4553 omnem
1398 4495 1794 4566 generationem

232 4602 392 4671 accipe
431 4599 577 4673 quod
617 4599 816 4654 dictum
861 4605 963 4659 est,
994 4595 1045 4646 in
1090 4590 1457 4661 generationem
1506 4596 1552 4640 et
1593 4601 1800 4657 genera-

215 4686 430 4758 ‘tionent;
473 4681 567 4748 aut
595 4694 646 4746 in
681 4691 885 4746 duabus
923 4684 1373 4757 generationibus,
1428 4695 1586 4733 unam
1629 4688 1799 4732 terre-

234 4799 357 4849 nam,
387 4786 609 4840 alteram
644 4782 939 4838 caelestem.
987 4777 1082 4832 llic
1111 4788 1193 4831 est
1237 4772 1508 4844 generatio
1537 4786 1638 4824 una
1682 4785 1798 4841 quae

235 4877 354 4944 parit
380 4876 669 4938 mortales;
701 4873 866 4930 altera
887 4884 1005 4942 quse
1031 4871 1165 4937 parit
1186 4875 1433 4921 internus.
1462 4862 1666 4917 Veritas
1687 4861 1801 4929 ejus

233 4976 279 5019 et
301 4966 380 5024 hic
407 4979 484 5026 est
513 5008 527 5033 ,
557 4976 612 5022 et
636 4966 724 5019 ibi.
751 4963 868 5020 Noli
897 4969 1081 5034 putare
1108 4957 1230 5028 quia
1259 4956 1348 5015 hic
1371 4969 1474 5008 non
1506 4963 1585 5007 est
1607 4952 1802 5005 veritas

235 5055 335 5122 t-jus
361 5076 374 5112 :
400 5059 445 5114 si
472 5074 576 5112 non
606 5056 692 5110 hic
714 5062 856 5109 esset
878 5052 1071 5105 veritas
1095 5047 1232 5117 ejus,
1259 5061 1362 5099 non
1389 5044 1592 5097 diceret
1620 5043 1669 5094 in
1699 5039 1802 5092 alio

238 5148 424 5212 psalmo
451 5167 465 5202 :
507 5147 703 5202 Veritas
729 5146 790 5199 de
817 5155 948 5198 terra
976 5149 1086 5195 orta
1106 5148 1178 5193 est
1205 5136 1376 5207 (Psal.
1406 5148 1601 5187 Lxxxw
1627 5172 1641 5196 ,
1673 5129 1759 5201 l2)
1787 5147 1800 5194 ;

239 5253 324 5294 nec
345 5240 455 5311 ipsa
484 5241 691 5296 Veritas
717 5238 939 5300 diceret,
973 5233 1099 5287 Ecce
1123 5247 1211 5302 ego
1239 5228 1488 5284 vobiscum
1517 5242 1629 5279 sum
1655 5240 1806 5293 usque

236 5329 280 5381 in
312 5333 778 5388 consummationem
805 5327 976 5382 swculi
1003 5324 1212 5396 (Matth.
1245 5337 1412 5375 xxvttt
1433 5360 1447 5386 ,
1475 5317 1590 5388 20).

295 5463 310 5496 ⁸
337 5463 466 5512 add:
491 5462 608 5514 Inde
630 5459 885 5516 Psatmnm,
911 5467 1006 5510 etc.
1028 5464 1083 5507 At
1107 5463 1229 5505 uss:
1260 5451 1374 5502 Inde
1395 5451 1610 5516 Psatmus
1626 5448 1674 5516 in
1695 5461 1809 5516 con-

241 5511 468 5584 fessiones
491 5511 686 5588 supde,
710 5511 1002 5572 inscribitur.
1030 5527 1306 5586 Quanquam
1324 5515 1505 5576 ttemig.
1522 5518 1604 5561 Ms.
1631 5511 1810 5560 habeat

241 5585 329 5634 sic:
349 5587 460 5635 Inde
489 5539 725 5635 Psaimunt
746 5584 797 5633 in
820 5580 1107 5635 confessione
1131 5575 1341 5635 mbilate.
1731 5634 1734 5635 ν

241 5575 329 5634 sic:
349 5575 460 5636 Inde
489 5575 725 5638 Psalmunt
746 5584 797 5633 in
820 5575 1107 5645 confessione
1131 5575 1341 5636 iubilate.

301 5649 320 5680 '
343 5634 656 5717 sicplerique
696 5654 767 5717 et_
785 5634 999 5714 melioris
1023 5634 1156 5717 notae
1189 5643 1371 5717 mssast
1406 5645 1506 5717 tim.
1544 5634 1812 5717 little-tgna

247 5694 364 5772 Mss,
376 5694 992 5772 iinrlignuiis'confessitmum
1015 5697 1304 5766 conﬁtemini
1323 5697 1384 5749 ei.
1408 5705 1542 5758 Lov.,
1557 5697 1609 5748 in
1622 5694 1810 5759 hymnis

249 5767 570 5832 confessionem
591 5767 880 5831 confitemim
901 5768 962 5815 ei.
1081 5831 1084 5832 ν
1109 5830 1136 5832 _
1157 5824 1168 5832 _
1186 5822 1200 5832 _
1271 5821 1282 5832 ,

310 5822 419 5880 "sic
440 5841 540 5883 Mss.
562 5822 702 5895 juxta
723 5837 872 5877 Graec.
891 5833 1017 5877 LXX.
1041 5831 1093 5876 At
1108 5822 1239 5885 Edd,
1263 5822 1314 5871 in
1337 5834 1434 5872 eas.

1404 363 1796 420 ENARRATIU
1839 363 1902 418 IN
1943 363 2261 423 PSALMUM
2299 367 2356 424 C.

3375 380 3514 436 I282

1951 496 2296 515 -Ἦ

2401 562 2480 623 ΙΝ
2525 565 2908 629 PSALMUM
2954 569 3000 631 C

2488 683 2906 743 ENARRATIO.

2447 787 2616 829 SERHO
2656 792 2722 830 AD
2763 793 2987 835 Ριειιειι.

1994 858 2043 912 1.
2086 857 2254 932 [vers.
2305 863 2399 937 1.]
2440 865 2680 923 Psalmus
2710 870 2811 927 iste
2835 875 3159 932 centesimus
3184 879 3323 948 quod
3348 879 3501 936 habe.

1922 950 1972 1042 in
2018 953 2188 1022 primo
2233 970 2408 1024 versu,
2458 958 2560 1015 hoc
2601 962 2653 1015 in
2695 971 2805 1018 toto
2842 965 2959 1033 ejus
2999 983 3223 1040 corpore
3260 988 3502 1042 quaerere

1919 1040 2192 1100 debemus.
2229 1046 2626 1106 Misericordiam
2655 1064 2699 1108 et
2715 1056 2971 1125 judicium
3000 1064 3207 1116 cantabo
3232 1040 3321 1118 tibi
3343 1107 3358 1131 ,
3386 1064 3502 1120 Do-

1919 1133 2068 1188 mine.
2100 1135 2268 1192 Nemo
2293 1138 2394 1193 sibi
2417 1141 2484 1195 ad
2513 1141 2882 1213 impunitatem
2912 1149 3213 1205 blandiatur
3240 1153 3307 1209 de
3334 1157 3498 1212 mise-

1917 1223 2144 1281 ricordia
2173 1230 2262 1284 Dei
2288 1247 2301 1295 ;
2333 1233 2454 1301 quia
2477 1244 2634 1290 estet
2658 1237 2911 1304 judicium
2935 1258 2950 1294 :
2977 1250 3030 1296 et
3055 1258 3210 1298 nemo
3236 1245 3286 1298 in
3309 1248 3501 1304 melius

1915 1331 2270 1377 commutatus
2303 1325 2584 1382 exhorreat
2610 1328 2867 1398 judicium
2912 1333 3034 1398 Dei;
3083 1335 3203 1404 quia
3248 1339 3502 1406 praecedit

1914 1411 2296 1468 misericordia.
2336 1416 2590 1472 Homines
2634 1421 2775 1474 enim
2823 1423 3038 1492 quando
3075 1425 3348 1495 judicant,
3403 1430 3500 1485 ali-

1913 1503 2124 1572 quando
2149 1507 2272 1561 victi
2302 1509 2660 1566 misericordia
2692 1514 2730 1578 ί,
2765 1514 2960 1570 faciunt
2986 1529 3167 1572 contra
3191 1521 3452 1588 justitiam
3478 1542 3492 1588 ;

1911 1603 1966 1648 et
1989 1595 2197 1652 videtur
2226 1599 2276 1654 in
2315 1602 2392 1656 eis
2432 1618 2551 1659 esse
2576 1606 2959 1671 misericordia,
2987 1619 3038 1664 et
3069 1627 3170 1665 non
3199 1628 3321 1668 esse
3355 1616 3497 1682 judi-

1910 1687 2362 1762 ciumzaliquando
2376 1711 2502 1750 vero
2523 1697 2748 1767 rigidum
2767 1701 3003 1755 volentes
3022 1706 3487 1774 tenerejudieium,

1909 1779 2138 1848 perdunt
2179 1784 2618 1841 misericordiam.
2654 1789 2796 1844 Deus
2837 1801 3014 1846 autem
3045 1808 3142 1848 nec
3174 1794 3227 1849 in
3258 1796 3493 1854 bonitate

1909 1869 2287 1928 misericordiae
2329 1877 2504 1944 perdit
2522 1877 2706 1946 judicii
2737 1882 3072 1937 severitatem
3098 1924 3112 1948 ,
3148 1900 3245 1939 nec
3271 1885 3320 1939 in
3347 1887 3492 1955 judi-

1906 1960 2076 2015 cando
2100 1978 2219 2016 cum
2246 1966 2528 2022 severitate
2554 1970 2746 2024 amittit
2772 1971 3149 2028 misericordia:
3177 1974 3488 2032 bonitatem.

1907 2049 2046 2106 Ecce
2070 2053 2113 2106 si
2138 2057 2462 2124 temporibus
2490 2058 2876 2133 distinguamus
2900 2062 3011 2117 bmc
3035 2063 3158 2129 duo,
3192 2066 3492 2124 misericor-

1905 2139 2044 2195 diam
2068 2153 2121 2198 et
2141 2144 2432 2213 judicium;
2469 2149 2605 2205 forte
2631 2153 2771 2206 enim
2805 2169 2907 2207 non
2936 2156 3050 2210 sine
3077 2171 3233 2212 causa
3264 2159 3380 2229 ipso
3402 2175 3491 2215 οι·-

1904 2231 2028 2287 dine
2059 2239 2225 2302 posita
2248 2247 2404 2302 sunt,
2436 2248 2491 2293 ut
2517 2257 2621 2295 non
2644 2242 2883 2307 diceret,
2912 2245 3176 2304 iudicium
3199 2257 3254 2303 et
3280 2250 3488 2306 miseri-

1903 2326 2154 2393 cordiam,
2185 2329 2276 2382 sed
2298 2371 2312 2395 ,
2352 2331 2745 2388 misericordiam
2770 2345 2815 2388 et
2834 2337 3087 2405 judicium
3113 2354 3133 2392 :
3164 2339 3210 2394 si
3236 2357 3362 2412 ergo
3393 2358 3490 2412 per

1905 2427 2140 2487 tempora
2162 2419 2548 2492 distinguamus
2569 2424 2682 2479 ὴειξε
2703 2427 2827 2493 duo,
2850 2428 2984 2482 forte
3006 2431 3303 2487 invenimus
3325 2434 3486 2491 modo

1904 2518 2110 2579 tempus
2157 2528 2277 2568 esse
2315 2515 2730 2584 misericordias,
2781 2519 3010 2574 futurum
3053 2530 3229 2577 autem
3277 2533 3486 2595 tempus

1895 2601 2100 2668 judicii.
2147 2604 2424 2672 Quomodo
2467 2616 2549 2662 est
2586 2607 2758 2676 primo
2807 2618 3012 2680 tempus
3059 2613 3486 2670 misericordiae?

1902 2691 2078 2747 Primo
2105 2695 2156 2748 in
2189 2696 2298 2751 Deo
2333 2698 2636 2764 considera,
2668 2709 2723 2753 ut
2767 2709 2821 2754 et
2850 2709 2903 2754 tu
2944 2711 3196 2770 quantum
3235 2705 3347 2774 ipse
3391 2705 3486 2760 tibi

1900 2784 2196 2854 donaverit,
2244 2790 2465 2845 imiteris
2509 2790 2743 2846 Patrem.
2772 2792 2954 2863 Neque
2990 2796 3130 2848 enim
3174 2805 3487 2866 arroganter

1898 2877 2146 2946 dicimus,
2174 2879 2384 2935 Patrem
2412 2891 2652 2936 nostrum
2681 2899 2779 2937 nos
2814 2883 3010 2939 debere
3037 2887 3228 2940 imitari
3256 2904 3270 2951 ;
3312 2903 3482 2957 quan-

1898 2969 2180 3040 doquidem
2205 2972 2459 3026 Dominus
2496 2975 2607 3044 ipse
2635 2975 2820 3030 unicus
2853 2976 2943 3030 Dei
2973 2976 3138 3032 Filius
3164 2977 3229 3032 ad
3256 2977 3358 3034 hoc
3384 2995 3484 3034 nos

1900 3060 2139 3117 hortatur
2162 3106 2176 3129 ,
2222 3064 2448 3119 dicens:
2485 3066 2656 3120 Estote
2688 3069 2816 3121 sicut
2860 3067 3011 3120 Pater
3040 3079 3198 3122 vester
3245 3069 3479 3126 caelestis.

1899 3156 2027 3208 (Tum
2054 3155 2276 3222 diceret,
2299 3155 2509 3228 Diligite
2532 3159 2757 3214 inimicos
2784 3170 2988 3221 vestros,
3021 3171 3160 3215 orate
3185 3179 3276 3232 pro
3297 3164 3366 3216 eis
3393 3163 3481 3228 qui

1898 3262 1981 3301 vos
2010 3260 2414 3318 persequuntur:
2440 3260 2493 3303 ut
2516 3251 2642 3316 sitis,
2678 3251 2862 3321 inquit,
2895 3253 2989 3318 ﬁlii
3023 3251 3191 3305 Patris
3220 3254 3368 3307 vestri
3397 3255 3484 3322 qui

1897 3337 1948 3390 in
1973 3336 2109 3392 caelis
2134 3351 2203 3393 est
2229 3356 2248 3404 ;
2279 3341 2363 3410 qui
2391 3341 2546 3394 solem
2574 3358 2720 3394 suum
2759 3344 2878 3412 facit
2908 3344 3030 3395 oriri
3053 3359 3206 3413 super
3245 3343 3402 3397 bonos
3437 3355 3483 3398 et

1899 3431 2056 3484 malos
2076 3473 2088 3492 ,
2118 3443 2163 3484 et
2195 3433 2320 3499 pluit
2348 3449 2498 3502 super
2511 3435 2682 3504 justas
2719 3444 2764 3487 et
2788 3435 3004 3503 injustas
3035 3433 3242 3496 (Matth.
3275 3451 3307 3487 v
3328 3477 3342 3503 ,
3373 3435 3440 3490 48
3465 3478 3480 3500 .

1896 3522 1985 3586 44,
2008 3523 2120 3592 45).
2153 3523 2290 3577 Ecce
2321 3525 2702 3579 misericordia.
2733 3524 2953 3592 Quando
2976 3526 3121 3580 vides
3145 3527 3316 3596 justos
3338 3538 3392 3581 et
3413 3527 3486 3580 in-

1891 3614 2064 3682 justos
2089 3615 2332 3670 eumdem
2356 3616 2522 3672 solem
2547 3617 2758 3683 intueri,
2777 3618 3016 3672 eamdem
3034 3619 3205 3673 lucem
3228 3633 3418 3688 capere
3438 3620 3480 3683 ’,

1896 3705 2112 3759 eosdem
2145 3706 2320 3761 fontes
2348 3707 2530 3762 bibere
2550 3752 2562 3772 ,
2592 3709 2776 3763 eadem
2803 3709 2976 3778 pluvia
3005 3710 3232 3779 saginari
3255 3751 3268 3775 ,
3295 3710 3480 3764 iisdem

1900 3795 2155 3851 fructibus
2186 3806 2340 3852 terrze
2369 3799 2579 3867 repleri,
2605 3800 2850 3852 similiter
2877 3816 2919 3850 a:
2943 3817 3056 3853 rem
3083 3801 3238 3854 istum
3265 3800 3479 3864 ducere,

1900 3887 2095 3942 habere
2135 3889 2412 3956 aequaliter
2438 3889 2570 3942 bona
2588 3890 2781 3943 -mumli
2810 3907 2822 3952 ;
2857 3892 2960 3943 noli
2997 3900 3180 3958 putare
3226 3891 3478 3957 injustam

1897 3990 2016 4029 esse
2045 3977 2233 4043 Deum,
2261 3979 2348 4048 qui
2375 3979 2465 4031 dat
2495 3980 2590 4031 ista
2617 3980 2890 4047 aequaliter
2915 3989 2966 4031 et
2991 3979 3147 4046 justis
3171 3988 3224 4032 et
3250 3979 3480 4045 iniustis.

1901 4069 2271 4123 Misericordiae
2304 4079 2510 4138 tempus
2536 4079 2647 4132 est,
2683 4069 2913 4122 nondum
2943 4069 3148 4136 judicii.
3194 4069 3304 4124 Nisi
3342 4069 3483 4124 enim

1899 4163 2071 4228 primo
2096 4160 2232 4213 Deus
2255 4174 2348 4228 per
2366 4159 2782 4213 misericordiam
2805 4169 3068 4229 parceret,
3093 4175 3197 4215 non
3226 4160 3487 4214 inveniret

1901 4266 2033 4320 quos
2055 4267 2151 4322 per
2185 4251 2439 4322 judicium
2467 4259 2767 4306 eoronaret.
2814 4251 2908 4305 Est
2937 4267 3063 4321 ergo
3107 4251 3487 4307 misericordia!

1904 4354 2128 4412 tempus,
2162 4344 2372 4414 quando
2397 4345 2648 4414 patientia
2677 4344 2768 4399 Dei
2791 4343 2855 4398 ad
2881 4345 3244 4414 paenitentiam
3274 4344 3490 4399 adducit

1903 4445 2201 4505 peccantes.

1971 4529 2025 4584 2.
2065 4527 2199 4583 Audi
2242 4528 2552 4597 Apostolum
2589 4527 2997 4597 distinguentem
3042 4536 3326 4596 utrumque
3358 4535 3490 4578 tem-

1903 4621 2022 4688 pus,
2055 4628 2110 4674 et
2145 4619 2408 4688 distingue
2443 4627 2496 4671 ct
2546 4627 2596 4671 tu
2625 4635 2637 4671 :
2689 4617 2960 4670 Existimas
3003 4627 3193 4678 autem,
3240 4614 3428 4684 inquit,
3459 4630 3490 4667 ο

1905 4714 2053 4766 homo
2081 4713 2166 4780 qui
2186 4712 2392 4783 judicas
2418 4727 2502 4765 eos
2523 4711 2610 4779 qui
2630 4711 2824 4780 faciunt
2849 4727 2926 4772 ea,
2955 4718 3000 4762 et
3026 4709 3199 4762 eadem
3225 4707 3353 4777 agis,
3376 4721 3493 4774 quo-

1906 4805 2042 4856 niam
2084 4813 2135 4857 tu
2182 4801 2389 4873 effugies
2431 4802 2684 4872 judicium
2732 4800 2874 4853 Dei?
2932 4798 3212 4854 lntenditc.
3268 4795 3492 4848 Videbat

1905 4895 2046 4950 enim
2087 4910 2145 4949 se
2174 4894 2300 4963 (sed
2348 4894 2432 4947 cui
2476 4894 2577 4948 hoc
2620 4893 2764 4946 dicit.
2816 4893 2927 4944 Non
2975 4891 3116 4944 enim
3161 4887 3248 4941 uni
3291 4886 3490 4940 homini

1905 4988 2054 5050 dicit,
2086 4985 2180 5041 sed
2210 4986 2388 5056 generi
2423 4985 2695 5038 hominum
2725 4981 2888 5052 tali),
2921 4979 3133 5032 videbat
3162 4993 3220 5032 se
3249 4975 3493 5030 commit-

1909 5087 2022 5133 tere
2067 5077 2090 5109 ³
2129 5077 2290 5130 multa
2339 5076 2476 5130 mala
2503 5074 2762 5146 quotidie,
2798 5081 2851 5125 et
2894 5079 3086 5123 tamem
3127 5070 3328 5133 vivere,
3361 5067 3492 5122 nihil

1911 5171 2033 5225 mali
2065 5170 2162 5224 sibi
2203 5170 2544 5238 contingere;
2579 5175 2630 5220 ct
2658 5165 2873 5233 putabat
2909 5170 3000 5214 aut
3027 5161 3258 5214 dorm're
3286 5160 3450 5214 Deum
3476 5202 3492 5224 ,

1911 5275 1998 5317 aut
2028 5279 2114 5316 res
2141 5261 2400 5314 humanas
2431 5273 2534 5310 non
2563 5254 2836 5309 attendere
2855 5294 2868 5316 ,
2897 5261 2988 5305 aut
3011 5267 3192 5306 amare
3222 5250 3358 5305 facta
3401 5251 3492 5304 ho-

1912 5359 2110 5412 minum
2143 5356 2300 5409 mala.
2326 5352 2485 5406 'l'oilit
2515 5351 2666 5405 istam
2696 5348 3070 5418 cogitationem
3097 5347 3165 5402 de
3191 5345 3374 5409 corde,
3400 5345 3492 5399 sed

1915 5449 2048 5503 bene
2071 5443 2503 5514 intelligentibus.
2527 5441 2662 5509 Quid
2686 5455 2813 5510 ergo
2835 5439 2950 5493 ait?
2977 5437 3272 5502 Existimas,
3297 5452 3326 5490 ο
3348 5436 3497 5489 homo

1979 5563 1994 5594 ι
2023 5562 2206 5623 Aliquot
2230 5567 2351 5615 Mss,
2377 5553 2761 5605 misericordiam
2779 5551 2978 5616 facitmt.

1979 5627 2148 5678 'Mss.,
2175 5632 2392 5679 carpere.
2836 5676 2863 5679 __
2956 5674 2983 5679 __
3047 5673 3057 5679 ,
3111 5678 3114 5679 ν
3399 5666 3410 5677 .

1981 5687 2000 5718 ³
2023 5673 2156 5741 Edd,
2182 5673 2272 5732 sed
2302 5695 2332 5743 g
2352 5679 2469 5730 neri
2503 5680 2709 5743 humano
2738 5689 2754 5727 :
2779 5676 2894 5743 (alio
2932 5673 3117 5722 dicebat
3137 5684 3206 5743 ‘se
3235 5673 3498 5743 committe-

1915 5763 1987 5805 rc,
2013 5730 2429 5806 etcfiéastigziittur
2451 5742 2666 5806 subsidio
2702 5749 2803 5788 Mss.
2846 5740 2969 5786 inter
2984 5747 3114 5806 quos
3136 5734 3308 5806 Regius
3333 5730 3388 5778 ad
3416 5746 3498 5779 vo-

1918 5801 2044 5870 cem,
2063 5806 2166 5870 tati,
2189 5801 2369 5866 subdit,
2393 5805 2518 5869 quod
2543 5804 2728 5853 ridebat
2751 5814 2800 5851 se
2823 5801 3131 5855 committere,
3157 5801 3253 5850 etc.
