4088 6444
625 343 761 398 I285

622 461 708 530 qui
731 460 931 529 iudicas
954 475 1039 514 eos
1067 462 1151 528 qui
1175 458 1297 511 talia
1318 464 1505 526 agunt,
1537 462 1581 508 et
1610 453 1736 524 facis
1765 469 1823 506 ea
1843 495 1858 520 ,
1888 451 2125 523 quoniam
2150 460 2202 503 tu

578 566 585 573 '
622 553 831 624 effugies
861 552 1116 622 judicium
1145 547 1281 602 Dei?
1309 546 1376 601 Et
1397 546 1547 615 quasi
1587 544 1826 608 diceret,
1853 543 2030 609 Quare
2072 542 2205 596 facio

622 654 763 700 tanta
795 646 929 698 mala
957 641 1224 712 quotidie,
1255 649 1309 694 et
1335 639 1463 693 nihil
1494 637 1616 692 mali
1646 635 1774 690 mihi
1804 634 2097 705 contingit?
2124 648 2206 687 se~

620 745 773 789 cutus
801 732 1031 789 ostendit
1061 730 1135 784 illi
1177 740 1386 798 tempus
1428 726 1809 782 misericordia
1838 743 1850 778 :
1885 725 1965 778 An
2008 724 2206 777 divitias

621 825 956 896 benignitatis,
988 832 1032 875 et
1061 821 1346 893 patientia,
1374 829 1420 874 et
1466 817 1863 889 longanintitatis
1891 818 1998 886 ejus
2039 826 2206 869 conte-

622 916 793 969 mnis?
823 915 886 968 Et
914 928 1037 969 vere
1056 914 1175 983 quia
1202 912 1304 966 hoc
1328 911 1740 973 contemnebat;
1774 908 1865 963 sed
1907 907 2032 963 fecit
2056 907 2204 962 illum

618 1008 926 1063 sollicitum.
955 1005 1173 1079 Ignoras
1193 1048 1207 1072 ,
1240 1004 1425 1076 inquit,
1454 1003 1691 1074 quoniam
1715 1002 1991 1072 benignitas
2022 1000 2115 1054 Dei
2140 1000 2208 1054 ad

619 1101 961 1173 paenitentiam
995 1109 1042 1153 te
1069 1097 1322 1152 adducit?
1364 1095 1505 1151 Ecce
1552 1104 1760 1164 tempus
1806 1091 2203 1147 misericordia.

616 1192 697 1247 Ne
718 1202 893 1246 autem
925 1192 1024 1246 hoc
1062 1191 1148 1245 ille
1174 1204 1386 1259 semper
1410 1196 1617 1258 putaret
1640 1185 1870 1241 futurum
1890 1227 1903 1249 ,
1939 1182 2206 1253 quomodo

619 1296 836 1341 secutus
869 1300 988 1340 eum
1036 1283 1256 1339 terruit?
1294 1282 1374 1336 Tu
1402 1292 1567 1337 autem
1602 1281 1744 1351 (jam
1776 1291 1985 1349 tempus
2023 1278 2202 1348 judicii

619 1379 740 1433 audi
766 1395 779 1443 ;
811 1377 1002 1432 audisti
1032 1387 1239 1446 tempus
1277 1373 1653 1430 misericordiae
1676 1415 1691 1440 ,
1720 1380 1937 1443 pr0pter
1956 1413 1970 1437 ,
2003 1370 2205 1426 Miseri-

621 1471 846 1523 cordiant
873 1480 919 1522 et
934 1468 1189 1538 judicium
1211 1468 1421 1520 cantabo
1442 1466 1547 1531 tibi,
1574 1464 1808 1533 Domine)
1838 1482 1851 1518 :
1881 1463 1961 1518 Tu
1996 1475 2163 1518 autem
2186 1507 2201 1531 ,

619 1561 783 1631 inquit
805 1602 820 1626 ,
846 1562 1119 1615 secundum
1145 1559 1383 1612 duritiam
1403 1558 1569 1611 cordis
1596 1558 1669 1610 tui
1690 1568 1732 1610 et
1754 1574 1840 1610 cor
1867 1558 2201 1626 imptenitcns,

619 1653 926 1706 thesaurizas
948 1652 1035 1705 tibi
1057 1652 1183 1704 iram
1202 1651 1254 1704 in
1281 1651 1361 1704 die
1381 1651 1471 1704 ira:
1493 1660 1537 1704 et
1559 1650 1871 1703 reuelationis
1880 1650 2010 1717 justi
2021 1650 2205 1719 judicii

617 1743 734 1809 Dei,
775 1744 859 1814 qui
890 1743 1060 1796 reddet
1092 1744 1359 1811 unicuique
1384 1741 1657 1796 secundum
1698 1757 1851 1810 opera
1892 1757 1983 1794 sua
2028 1740 2201 1810 (Rom.

616 1853 652 1891 tt
670 1878 685 1901 ,
716 1838 784 1893 3-
808 1836 881 1906 ti).
916 1836 1073 1903 Ecce,
1100 1835 1505 1890 Misericordiam
1527 1846 1570 1889 et
1595 1834 1844 1903 judicium
1865 1833 2075 1887 cantabo
2096 1834 2201 1896 tibi,

617 1927 854 1982 Domine.
881 1927 985 1982 Sed
1029 1928 1259 1981 minatus
1290 1936 1372 1982 est
1404 1926 1473 1982 de
1507 1925 1741 1995 judicio:
1790 1925 2041 1993 numquid
2086 1925 2206 1977 ideo

614 2021 869 2092 judicium
902 2020 997 2075 Dei
1029 2020 1394 2075 tantummodo
1438 2018 1829 2073 formidandum
1860 2026 1963 2084 est,
2011 2026 2065 2071 et
2099 2034 2203 2072 non

617 2112 948 2168 amandum?
1001 2110 1413 2166 Formidandum
1470 2110 1625 2166 malis
1685 2119 1899 2179 prOpter
1952 2124 2202 2179 poenam,

617 2204 902 2260 amandum
940 2203 1094 2259 bonis
1122 2212 1337 2273 propter
1368 2216 1642 2257 coronam.
1680 2200 1811 2267 Quia
1854 2215 1981 2270 ergo
2021 2201 2207 2254 terruit

617 2296 788 2354 maios
813 2296 1101 2365 Apostolus
1145 2294 1198 2349 in
1226 2294 1328 2349 hoc
1366 2293 1669 2349 testimonio
1695 2291 1834 2362 quod
1873 2307 2205 2347 commemo-

616 2390 750 2456 ravi,
794 2388 915 2445 audi
949 2389 1039 2443 ubi
1064 2403 1212 2457 spem
1253 2386 1345 2441 dat
1389 2386 1542 2440 bouis
1583 2385 1651 2441 de
1692 2385 1905 2455 judicio.
1958 2383 2202 2455 Seipsum

615 2483 787 2553 ponit,
810 2491 859 2536 et
884 2481 1032 2547 dicit,
1055 2489 1108 2534 et
1132 2478 1365 2533 ostendit
1383 2486 1438 2532 et
1457 2478 1570 2547 ipse
1596 2478 1650 2531 in
1674 2493 1732 2532 se
1760 2488 1966 2548 tempus
1991 2476 2203 2532 miseri-

614 2571 831 2627 cordia.
862 2570 993 2638 Quia
1025 2570 1125 2624 nisi
1153 2579 1207 2624 et
1233 2568 1347 2640 ipse
1378 2568 1639 2624 inveniret
1666 2580 1871 2638 tempus
1896 2570 2202 2624 misericor-

614 2664 734 2731 dia,
765 2665 975 2734 qualem
1004 2665 1154 2719 illum
1179 2663 1439 2719 inveniret
1459 2662 1757 2732 judicium?
1787 2663 2162 2734 Blaspbemum
2185 2704 2200 2730 ,

614 2768 1030 2827 persecutorem,
1056 2758 1390 2825 injuriosum.
1412 2756 1500 2811 Sic
1518 2757 1661 2811 enim
1683 2756 1829 2823 dicit,
1853 2764 1908 2811 et
1930 2772 2201 2813 commen—

613 2848 704 2903 dat
728 2858 936 2917 tempus
962 2847 1341 2903 misericordia
1365 2888 1380 2913 ,
1410 2847 1463 2902 in
1501 2862 1607 2917 quo
1637 2847 1795 2902 modo
1826 2864 2011 2903 sumus
2039 2865 2053 2901 :
2104 2848 2202 2916 Qui

614 2942 777 3011 prius,
810 2941 1016 3010 inquit,
1058 2941 1134 3011 fui
1159 2939 1494 3009 blasphemus,
1542 2950 1587 2992 et
1632 2951 1936 3009 persecutor,
1976 2952 2023 2995 et
2066 2943 2202 3012 inju-

611 3033 809 3098 riosus;
838 3034 927 3088 sed
971 3034 1365 3087 misericordiam
1406 3044 1697 3088 consecutus
1740 3051 1872 3088 sum.
1916 3034 2022 3090 Sed
2064 3034 2201 3089 forte

610 3123 726 3193 ipse
750 3125 895 3179 solus
932 3133 1248 3181 consecutus
1287 3134 1369 3180 est
1399 3124 1852 3179 misericordiam?
1895 3126 2029 3181 Audi
2069 3142 2199 3196 quo-

610 3213 770 3270 modo
795 3229 892 3269 nos
918 3215 1085 3286 erigat
1109 3234 1123 3269 :
1150 3214 1218 3271 Ut
1245 3215 1298 3270 in
1327 3232 1406 3269 me
1422 3257 1436 3281 ,
1460 3217 1654 3287 inquit,
1675 3218 1951 3271 ostenderet
1974 3217 2199 3273 Christus

609 3304 760 3360 Iesus
788 3323 983 3360 onmem
1011 3306 1440 3378 longanimitatem
1456 3350 1471 3374 ,
1498 3309 1567 3363 ad
1595 3311 2001 3380 informationem
2023 3326 2198 3366 eorum

609 3396 697 3464 qui
722 3396 959 3450 credituri
998 3408 1115 3451 sunt
1143 3400 1219 3453 illi
1243 3400 1297 3453 in
1325 3400 1475 3453 vitam
1512 3412 1755 3456 trternam
1781 3403 1824 3473 (Ι
1858 3401 1989 3456 Tim.
2014 3419 2061 3468 ι,
2094 3405 2195 3468 i3,

612 3486 724 3557 16).
767 3486 901 3555 Quid
951 3495 1053 3552 est,
1096 3488 1147 3541 in
1177 3505 1253 3542 me
1299 3491 1574 3544 ostenderet
1618 3492 2091 3561 longanimitatem?
2129 3494 2199 3551 Ut

611 3580 973 3648 unusquisque
1000 3589 1252 3649 peccator
1280 3589 1334 3635 et
1361 3582 1650 3636 sceleratus
1678 3583 1882 3638 videret
1909 3584 2031 3653 quia
2056 3585 2194 3640 Pau-

609 3669 692 3724 lus
719 3671 924 3739 accepit
968 3670 1201 3734 veniam,
1246 3679 1300 3726 et
1350 3686 1453 3725 non
1494 3672 1564 3727 de
1591 3689 1649 3729 se
1687 3674 2016 3743 deSperaret.
2061 3675 2198 3733 Ecce

608 3761 842 3817 ostendit
865 3777 945 3828 se,
972 3762 1142 3817 erexit
1180 3772 1232 3816 et
1257 3763 1410 3818 alios.
1444 3762 1581 3818 Ubi?
1612 3763 1669 3817 lu
1707 3773 1944 3835 tempore
1992 3766 2193 3821 miseri-

608 3852 822 3908 cordia.
854 3852 988 3906 Audi
1018 3852 1071 3906 in
1105 3852 1548 3922 temporejudieii
1587 3854 1713 3924 quid
1739 3854 1881 3909 dicat
1909 3856 1975 3912 de
2002 3857 2158 3913 bonis
2178 3901 2195 3926 ,

608 3945 801 4002 iterum
828 3945 1013 4001 dicens
1036 3945 1103 4001 de
1130 3961 1189 4000 se
1215 3955 1269 4002 et
1292 3946 1361 4001 de
1386 3947 1524 4000 aliis.
1556 3947 1734 4002 Primo
1777 3949 2195 4006 misericordiam

608 4044 925 4093 Consecutus
951 4045 1052 4091 est.
1080 4036 1296 4104 Quare?
1320 4036 1450 4105 Quia
1481 4037 1579 4091 fuit
1602 4038 1976 4110 bla~phemus,
2001 4049 2054 4095 et
2081 4057 2197 4110 per-

609 4136 857 4194 secutor,
900 4137 956 4182 et
996 4128 1303 4197 injuriosus.
1356 4128 1511 4183 Venit
1557 4130 1812 4186 Dominus
1866 4141 1924 4186 ut
1972 4137 2198 4190 donaret

611 4216 775 4272 Paulo
798 4258 813 4283 ,
845 4232 950 4272 non
984 4226 1040 4271 ut
1067 4217 1332 4273 redderet.
1364 4218 1494 4274 Nam
1523 4219 1566 4274 si
1594 4220 1821 4277 reddere
1846 4224 2039 4290 vellet,
2070 4227 2196 4297 quid

611 4309 874 4367 inveniret
916 4309 1056 4378 quod
1099 4309 1348 4365 redderet
1391 4312 1679 4380 peccatori,
1730 4314 1833 4368 nisi
1882 4330 2095 4384 poenam
2144 4327 2197 4372 et

609 4402 972 4473 supplicium?
997 4401 1176 4457 Noluit
1206 4403 1429 4459 reddere
1456 4419 1689 4475 poenam,
1717 4407 1811 4461 sed
1838 4407 2055 4463 donavit
2079 4426 2196 4480 gra-

611 4494 761 4549 tiam.
807 4493 945 4548 Audi
985 4495 1107 4565 quia
1153 4496 1241 4550 ille
1284 4496 1369 4550 cui
1418 4498 1667 4564 donavit,
1722 4508 1867 4555 tenet
1916 4501 2194 4557 Dominum

610 4587 770 4643 etiam
818 4586 1132 4642 debitorem.
1187 4587 1391 4644 invenit
1435 4606 1556 4645 eum
1600 4591 1913 4649 donatorem
1960 4604 2197 4667 tempore

610 4682 989 4737 misericordia
1010 4726 1025 4749 ,
1058 4693 1203 4739 tenet
1225 4684 1517 4740 debitorem
1558 4696 1794 4757 tempore
1814 4687 2023 4757 judicii.
2054 4690 2196 4757 Quo-

611 4774 773 4829 modo
803 4775 905 4830 hoc
932 4775 1082 4843 dicit,
1114 4777 1309 4832 videte.
1343 4776 1455 4849 Ego
1477 4780 1609 4832 enim
1625 4781 1737 4849 jam
1760 4782 2013 4847 immolor,
2041 4784 2193 4849 dixit,

610 4877 656 4922 et
687 4879 881 4939 tempus
906 4871 1228 4925 resolutionis
1256 4888 1378 4925 mea:
1407 4874 1693 4942 proximum
1727 4884 1818 4927 est.
1848 4874 2047 4930 Bonum
2085 4894 2196 4931 cer-

611 4969 775 5015 tamen
800 4963 1002 5027 certavi,
1033 4979 1234 5017 cursum
1258 4966 1617 5029 consummavi,
1647 4966 1799 5033 ﬁdem
1818 4969 2028 5023 servavi.
2063 4970 2196 5040 Hoc,

610 5062 849 5124 tempore
875 5055 1255 5111 misericordia
1282 5097 1296 5123 ,
1326 5057 1446 5112 audi
1477 5057 1543 5112 de
1562 5058 1784 5128 judicio.
1809 5060 1887 5114 De
1907 5072 2087 5116 cietero
2107 5080 2196 5117 su—

614 5158 777 5217 perest
801 5150 925 5202 mihi
949 5166 1134 5203 corona
1160 5150 1393 5221 justitite,
1423 5167 1571 5220 quant
1606 5151 1781 5205 reddet
1802 5154 1925 5206 mihi
1954 5152 2196 5208 Dominus

610 5242 664 5295 in
688 5241 781 5294 illa
806 5242 885 5295 die
902 5245 1066 5310 iustus
1082 5245 1266 5313 judex.
1294 5244 1406 5299 Non
1438 5245 1609 5311 dixit,
1637 5245 1834 5309 donat;
1865 5247 1979 5312 sed,
2002 5248 2192 5302 reddet.

611 5331 837 5400 Quando
861 5332 1108 5397 donabat,
1141 5336 1442 5391 misericors
1467 5346 1611 5401 erat;
1642 5338 1855 5406 quando
1878 5338 2084 5405 reddet,
2104 5341 2193 5408 ju-

610 5423 713 5478 dex
745 5424 883 5477 erit:
914 5423 1058 5492 quia,
1082 5424 1485 5480 Misericordiam
1506 5438 1553 5483 et
1568 5430 1823 5499 judicium
1848 5434 2057 5485 cantabo
2085 5433 2193 5496 tibi,

613 5515 848 5571 Domine.
879 5514 983 5570 Sed
1027 5514 1272 5571 donando
1300 5518 1491 5573 delicta
1516 5560 1530 5584 ,
1564 5520 1688 5576 fecit
1714 5538 1771 5577 se
1800 5538 2013 5577 corona
2047 5523 2196 5578 debi-

613 5618 782 5663 torem
813 5626 827 5661 :
861 5608 930 5662 ibi
958 5608 1352 5662 misericordiam
1387 5622 1677 5667 consecutus
1720 5631 1852 5669 sum.
1898 5616 2197 5671 Misericors

606 5712 739 5767 ergo
766 5699 1021 5755 Dominus
1050 5700 1241 5771 primo,
1272 5700 1355 5755 hic
1385 5713 1562 5757 autem
1592 5706 1766 5759 reddet
1792 5707 1914 5760 mihi
1943 5722 2193 5763 coronam

603 5790 834 5861 iustitia.
881 5790 1033 5848 Unde
1075 5791 1299 5849 reddet?
1323 5792 1457 5862 Quia
1475 5797 1648 5869 justus
1678 5797 1844 5869 judea:
1883 5809 1982 5854 est.
2021 5801 2196 5869 Quare

1857 336 1915 392 S.
1953 334 2318 390 AUGUSTINI
2360 336 2665 396 EPISCOPI

3752 363 3866 420 ιω

2306 452 2482 522 justus
2517 459 2720 527 jndex?
2760 460 2893 527 Quia
2940 462 3126 518 bonum
3155 476 3404 523 certamen
3441 472 3643 541 certari,
3690 494 3866 537 cursum

2312 553 2672 618 consummavi,
2699 553 2850 620 ﬁdem
2879 558 3089 611 servari.
3114 557 3239 614 ideo
3256 560 3429 629 justus
3452 579 3557 619 non
3592 578 3757 636 potest
3778 574 3863 631 nisi

2310 655 2569 696 coronare
2596 644 2715 699 ista.
2744 643 2947 701 Invenit
2965 648 3107 704 enim
3135 650 3232 705 ista
3253 668 3373 722 qua
3391 670 3673 715 coronaret
3694 678 3708 714 :
3728 675 3862 722 antea

2311 748 2437 787 vero
2463 735 2587 805 quid
2619 740 2925 794 invenerat?
2960 740 3060 809 Qui
3087 743 3228 811 prius
3252 747 3329 816 fui
3353 747 3671 818 blasphemus
3696 765 3737 808 et
3762 775 3863 825 per-

2310 836 2524 881 secutor.
2547 826 2649 882 ista
2675 829 2909 898 donavit,
2936 832 3022 888 illa
3049 836 3325 890 coronabit
3344 853 3362 903 ;
3380 839 3600 896 donavit
3628 844 3734 900 hac
3753 857 3863 903 tem-

2311 933 2442 987 pore
2487 921 2888 990 misericordia,
2934 926 3213 983 coronabit
3256 930 3343 984 illa
3391 940 3632 1001 tempore
3665 936 3863 1004 judicii:

2310 1016 2432 1082 quia
2450 1055 2463 1080 ,
2493 1014 2894 1071 Misericorde
2917 1029 2963 1073 et
2979 1021 3234 1088 judicium
3270 1025 3482 1079 cantabo
3513 1027 3633 1091 tibi,
3659 1029 3866 1086 Domine.

2311 1107 2414 1162 Sed
2464 1110 2721 1181 numquid
2766 1111 2915 1168 solus
2958 1113 3151 1170 Paulus
3198 1115 3250 1170 id
3302 1118 3537 1173 meruit?
3589 1120 3697 1177 Hoc
3743 1125 3863 1180 enim

2309 1199 2548 1256 dixeram
2568 1243 2584 1268 ,
2617 1205 2884 1273 quomodo
2912 1206 2965 1260 in
2991 1207 3083 1261 illo
3128 1208 3436 1265 testimonio
3465 1214 3687 1277 terruit,
3713 1216 3784 1269 sic
3820 1218 3864 1273 in

2311 1293 2414 1346 isto
2439 1294 2629 1348 erexit.
2656 1294 2788 1351 Cum
2820 1297 3059 1357 dixisset.
3087 1298 3281 1354 Reddet
3312 1303 3435 1355 mihi
3455 1302 3699 1360 Dominus
3719 1308 3766 1360 in
3790 1309 3864 1362 illo

2310 1388 2390 1440 die
2409 1390 2583 1459 justus
2594 1392 2759 1461 judea:
2780 1408 2799 1444 :
2840 1409 2941 1445 non
2965 1394 3129 1447 solum
3155 1396 3300 1461 mihi,
3336 1397 3526 1465 inquit,
3552 1399 3641 1451 sed
3665 1402 3865 1457 omnibus

2310 1481 2393 1545 qui
2438 1480 2652 1550 diligunt
2688 1483 3142 1552 manifestationem
3179 1496 3224 1538 et
3252 1504 3463 1557 regnum
3508 1490 3618 1559 ejus
3662 1489 3721 1560 (ll
3750 1490 3861 1545 Tim.

2309 1587 2387 1637 tv,
2417 1573 2556 1643 6-8).

2380 1665 2432 1720 ὅ.
2463 1667 2631 1737 Ergo,
2660 1666 2880 1734 fratres,
2927 1670 3176 1739 quoniam
3209 1670 3466 1727 habemus
3495 1684 3697 1745 tempus
3725 1678 3860 1733 mise-

2310 1754 2584 1822 ricordia,
2617 1772 2723 1810 non
2778 1759 2929 1811 nobis
2979 1760 3309 1814 blandiamur
3332 1804 3347 1827 ,
3394 1779 3503 1817 non
3535 1780 3629 1819 nos
3657 1765 3865 1820 dimitta-

2311 1861 2431 1899 mus
2458 1887 2471 1909 ,
2504 1862 2607 1899 non
2639 1848 2878 1902 dicamus
2914 1867 2925 1902 :
2961 1850 3188 1920 Semper
3232 1854 3400 1920 parcit
3434 1855 3594 1910 Deus.
3628 1856 3753 1912 Ecce
3782 1857 3864 1913 feci

2311 1937 2425 1992 heri
2450 1980 2464 2003 ,
2500 1941 2736 2008 pepercit
2765 1942 2937 2007 Deus;
2967 1941 3106 1998 facio
3125 1957 3179 1998 et
3205 1945 3364 2000 hodie
3385 1988 3401 2011 ,
3434 1956 3490 2001 et
3519 1949 3684 2017 parcit
3709 1950 3827 2005 Deus
3852 1970 3862 2014 ;

2310 2028 2498 2084 faciam
2525 2041 2578 2085 et
2603 2046 2722 2085 cras
2745 2075 2758 2097 ,
2788 2034 2907 2102 quia
2940 2035 3106 2103 parcit
3139 2036 3292 2090 Deus.
3323 2038 3571 2093 Attendis
3595 2040 3658 2094 ad
3683 2041 3859 2095 miseri-

2309 2125 2545 2179 cordiam
2566 2166 2578 2188 ,
2604 2134 2657 2179 et
2687 2142 2788 2180 non
2823 2127 2976 2183 times
2991 2128 3269 2198 judicium.
3292 2131 3346 2185 Si
3372 2132 3455 2185 vis
3484 2144 3694 2187 cantare
3728 2134 3862 2188 mise-

2312 2216 2592 2270 ricordiam
2623 2226 2677 2269 et
2700 2217 2957 2283 judicium
2982 2261 2996 2281 ,
3050 2219 3286 2291 intelligo
3314 2222 3439 2292 quia
3466 2223 3588 2278 ideo
3615 2225 3796 2293 parcit,
3818 2234 3859 2279 ut

2309 2308 2613 2377 corrigaris,
2644 2325 2745 2362 non
2778 2319 2833 2365 ut
2860 2312 2910 2365 in
2943 2312 3272 2382 malignitate
3300 2331 3633 2383 permaneas.
3656 2316 3761 2372 Noli
3786 2318 3859 2372 tibi

2310 2402 2672 2458 thesaurizare
2698 2404 2830 2457 iram
2856 2404 2908 2458 in
2939 2404 3027 2461 die
3053 2405 3145 2461 ira
3165 2417 3217 2461 et
3240 2409 3581 2464 revelationis
3601 2409 3722 2479 jusd
3738 2410 3858 2479 judi-

2308 2492 2374 2546 cii
2406 2493 2518 2548 Dei.
2547 2493 2677 2561 Quia
2711 2495 2760 2548 in
2789 2506 3027 2565 tempore
3053 2496 3435 2552 misericordia
3468 2502 3519 2553 in
3544 2502 3646 2556 alio
3687 2500 3858 2569 psalmo

2308 2581 2541 2637 dicitur:
2590 2603 2609 2636 ι
2647 2584 2917 2639 Peccatori
2967 2597 3143 2642 autem
3192 2588 3327 2642 dixit
3373 2590 3559 2656 Deus,
3612 2590 3855 2661 thuidtn

2307 2688 2525 2727 euarras
2540 2674 2949 2744 justiticationes
2970 2694 3114 2733 meas
3136 2720 3148 2743 ,
3183 2690 3235 2734 et
3261 2681 3495 2734 assumis
3523 2688 3854 2735 testamentum

2307 2782 2487 2821 meum
2517 2782 2613 2836 per
2639 2783 2699 2822 os
2728 2772 2919 2824 tuum?
2948 2772 3025 2825 Tu
3074 2788 3201 2826 vero
3248 2774 3409 2827 odisti
3442 2774 3790 2844 disciplinam,
3814 2781 3856 2827 et

2305 2858 2545 2926 ahjecisti
2569 2875 2846 2917 sermones
2877 2879 3025 2919 meos
3052 2877 3167 2933 post
3201 2876 3249 2919 te
3281 2885 3293 2919 :
3326 2867 3369 2920 si
3415 2868 3633 2923 videbas
3676 2867 3849 2929 furem,

2304 2952 2661 3007 concurrebas
2685 2955 2765 3021 ei,
2796 2966 2844 3010 et
2876 2972 2995 3011 cum
3020 2958 3242 3014 nat-his
3273 2963 3571 3029 portionem
3616 2972 3747 3015 tuam
3781 2974 3853 3029 po-

2304 3046 2503 3111 nebas;
2536 3048 2727 3103 sedens
2752 3051 3008 3107 adversus
3034 3052 3248 3108 fratrem
3281 3065 3427 3109 tuum
3458 3055 3789 3117 detrahebas,
3811 3062 3851 3106 et

2302 3135 2557 3193 adversus
2585 3141 2748 3194 filium
2776 3144 2959 3197 matris
2992 3151 3094 3197 tua
3121 3146 3353 3212 ponebas
3392 3146 3714 3201 scandalum.
3753 3143 3851 3197 Haec

2301 3229 2506 3295 fecisti,
2539 3242 2593 3287 et
2623 3236 2779 3288 tacui.
2819 3256 2836 3287 ι
2870 3236 3001 3291 Vide
3049 3247 3255 3307 tempus
3306 3239 3700 3293 misericordia.
3739 3233 3848 3303 Quid

2301 3334 2381 3378 est
2402 3367 2414 3388 ,
2439 3327 2615 3379 tacui?
2644 3327 2908 3397 Numquid
2934 3371 2949 3395 ,
2982 3329 3095 3384 Non
3124 3332 3399 3401 corripui?
3429 3332 3532 3388 Sed
3555 3373 3569 3397 ,
3594 3332 3702 3387 Non
3734 3330 3848 3400 judi-

2301 3418 2437 3472 cavi.
2469 3417 2748 3485 Quomodo
2792 3426 2933 3475 enim
2978 3433 3117 3479 tacet
3170 3426 3259 3494 qui
3305 3427 3545 3494 quOtidie
3591 3426 3767 3481 clamat
3806 3424 3847 3476 in

2302 3515 2628 3585 Seripturis,
2662 3519 2714 3572 in
2773 3520 3089 3591 Evangelio,
3148 3526 3199 3577 in
3245 3526 3676 3595 praedicatoribus
3718 3519 3849 3576 suis?

2303 3610 2466 3665 Tacui
2489 3629 2515 3666 a
2536 3615 2824 3683 supplicio,
2851 3631 2953 3668 non
2987 3632 3014 3670 a
3047 3618 3232 3672 verbo.
3262 3618 3388 3674 Ila’c
3416 3621 3608 3692 fecisti,
3652 3629 3692 3672 et
3720 3613 3842 3669 tacui.

2302 3703 2369 3757 Et
2393 3705 2515 3774 quia
2541 3707 2700 3760 tacuit
2746 3707 2921 3772 Deus,
2976 3709 3027 3762 id
3074 3718 3192 3772 est,
3251 3726 3353 3765 non
3404 3711 3715 3773 vindicavit;
3744 3705 3843 3775 il“id

2300 3799 2401 3852 sibi
2432 3798 2565 3852 dixit
2610 3800 2660 3852 in
2690 3800 2852 3854 corde
2883 3803 3163 3870 peccator?
3203 3804 3379 3858 Audi:
3442 3804 3731 3874 Suspicatus
3768 3814 3841 3861 es.

2302 3891 2499 3960 inquit,
2555 3891 2898 3960 iniquitatem,
2930 3894 3067 3960 quod
3094 3911 3176 3948 ero
3206 3895 3292 3947 tibi
3331 3896 3535 3952 similis.
3567 3896 3620 3950 ld
3648 3904 3745 3956 est,
3772 3904 3843 3959 p2-

2303 3998 2419 4036 rum
2452 3992 2533 4036 est
2561 3984 2682 4052 quia
2713 3992 2765 4035 tu
2803 3983 2920 4037 talis
2946 4000 3101 4050 eras;
3135 3994 3190 4041 et
3237 4002 3322 4042 me
3349 3989 3510 4043 talem
3560 3987 3754 4057 putasti.
3793 3977 3844 4032 Et

2300 4089 2421 4129 cum
2450 4076 2771 4132 ostendisset
2803 4077 2876 4132 illi
2907 4088 3115 4149 tempus
3155 4080 3540 4137 misericordia
3561 4122 3575 4147 ,
3605 4070 3839 4133 terruitde

2301 4176 2542 4236 tempore
2568 4168 2745 4234 iudicii
2771 4187 2782 4221 :
2816 4170 3040 4241 Arguam
3061 4180 3107 4225 te
3126 4213 3140 4237 ,
3171 4181 3217 4224 et
3242 4181 3467 4226 statuam
3496 4182 3542 4225 te
3563 4179 3672 4223 ante
3694 4164 3841 4236 faciem

2302 4270 2439 4311 tuam
2462 4258 2632 4329 (Psal.
2663 4276 2785 4313 xux
2816 4303 2830 4327 ,
2882 4262 3090 4333 16-21).
3124 4263 3201 4317 Tu
3234 4273 3283 4318 te
3312 4265 3470 4333 ponis
3498 4272 3612 4333 post
3639 4268 3718 4321 te.
3763 4265 3841 4322 σεο

2303 4361 2353 4405 te
2384 4368 2574 4421 ponam
2605 4362 2729 4407 ante
2775 4362 2843 4407 te.
2876 4354 3064 4409 Omnis
3113 4357 3253 4409 enim
3286 4358 3374 4425 qui
3408 4373 3515 4411 non
3542 4354 3648 4409 vult
3694 4345 3840 4402 videre

2302 4453 2514 4512 peccata
2542 4460 2657 4508 sua,
2684 4457 2801 4514 post
2829 4445 3045 4500 dorsum
3071 4462 3130 4502 se
3158 4448 3323 4516 ponit,
3342 4459 3396 4503 et
3420 4450 3638 4503 aliorum
3660 4443 3839 4511 peccala

2301 4546 2453 4590 acute
2474 4537 2732 4603 attendit,
2764 4556 2865 4592 non
2890 4555 2986 4608 per
3012 4540 3369 4610 diligentiam,
3401 4541 3495 4597 sed
3524 4556 3614 4610 per
3638 4530 3839 4589 inviden-

2303 4628 2463 4693 tiam;
2507 4645 2609 4683 non
2653 4631 2835 4683 volens
2866 4646 3091 4697 sanare,
3137 4633 3231 4686 sed
3278 4648 3565 4689 accusare:
3599 4645 3651 4685 se
3694 4631 3835 4678 autem

2300 4721 2649 4775 obliviscitur.
2681 4722 2833 4776 Unde
2866 4724 3053 4777 talibus
3076 4724 3332 4779 Dominus
3352 4725 3480 4780 dicit
3504 4768 3517 4786 ,
3544 4718 3772 4790 Stipulam
3796 4710 3836 4761 in

2301 4816 2446 4867 oculo
2468 4815 2641 4883 fratris
2673 4817 2744 4867 tui
2763 4817 2928 4881 vides,
2954 4826 2998 4869 et
3043 4819 3229 4871 trabem
3258 4819 3309 4872 in
3337 4825 3484 4874 oculo
3512 4829 3594 4871 tuo
3618 4829 3706 4867 non
3729 4804 3837 4860 ι’ίάα

2303 4905 2511 4976 (Matth.
2562 4923 2633 4959 vn
2661 4951 2674 4971 ,
2706 4909 2782 4976 ὅ).
2814 4908 2944 4975 Quia
2976 4924 3102 4978 ergo
3130 4910 3499 4965 misericordia
3530 4918 3580 4963 et
3616 4899 3833 4974 judicium

2300 5009 2543 5053 cantatur
2572 5001 2743 5065 nobis,
2771 5010 2823 5053 et
2856 5016 2950 5055 nos
2979 5003 3232 5057 facientes
3266 5001 3671 5058 misericordiam
3691 4983 3833 5046 sccm'i

2301 5105 2673 5164 exspectemus
2713 5097 2967 5163 judicium
2999 5115 3011 5150 :
3043 5107 3097 5151 ct
3136 5099 3300 5150 simus
3331 5098 3380 5152 in
3419 5106 3632 5165 corpore
3658 5084 3831 5177 ipsius,

2302 5195 2355 5239 et
2386 5202 2479 5239 nos
2509 5196 2784 5242 cantemus
2814 5204 2895 5240 ea.
2946 5189 3135 5242 Cantat
3184 5189 3328 5243 enim
3380 5191 3479 5243 hoc
3512 5184 3731 5241 Christus
3759 5190 3770 5226 :
3797 5183 3832 5220 SI

2302 5280 2473 5332 solum
2501 5288 2659 5349 caput
2686 5289 2864 5334 cantat
2885 5322 2897 5341 ,
2931 5297 2961 5334 a
2994 5282 3219 5336 Domino
3248 5291 3327 5336 est
3353 5283 3607 5336 canticum
3633 5272 3721 5326 hoc
3744 5306 3756 5329 ι
3777 5258 3829 5314 ad

2303 5386 2401 5426 nos
2432 5387 2535 5425 non
2564 5373 2823 5442 pertinet;
2856 5373 2900 5426 si
2924 5381 3100 5428 autem
3129 5382 3267 5428 totus
3296 5372 3532 5429 Christus
3552 5413 3565 5437 ,
3586 5366 3633 5422 id
3660 5365 3731 5417 est

2301 5474 2395 5534 put
2418 5474 2471 5518 et
2500 5440 2693 5536 corpus
2719 5465 2834 5534 ejus
2860 5506 2873 5529 ,
2902 5476 3017 5520 esto
3044 5466 3095 5521 in
3114 5467 3371 5523 membris
3397 5468 3508 5537 ejus
3525 5506 3538 5529 .
3560 5440 3824 5543 adhﬂiji

2303 5529 2400 5626 per
2427 5529 2683 5619 fidem,et
2709 5529 2803 5625 per
2829 5572 2976 5626 spem
2996 5599 3011 5621 ,
3044 5568 3097 5612 et
3127 5573 3221 5627 per
3248 5529 3586 5614 charitatem;
3616 5541 3726 5603 etin
3752 5529 3824 5587 illo

2302 5658 2485 5704 cantas
2507 5689 2522 5715 ,
2546 5649 2596 5704 in
2627 5649 2719 5703 illo
2747 5650 2983 5704 exsultas
3012 5651 3028 5682 ί
3060 5668 3072 5705 :
3105 5652 3225 5720 quia
3249 5660 3301 5704 et
3329 5650 3443 5720 ipse
3473 5651 3521 5703 in
3543 5653 3590 5698 te
3618 5632 3817 5693 labam-

2374 5813 2387 5842 ι
2416 5812 2487 5860 sic
2512 5810 2736 5885 fierique
2754 5817 2861 5861 Mss.
2889 5816 2944 5860 Αι
2962 5808 3094 5870 Etld.,
3112 5815 3270 5870 canta,
3288 5808 3337 5861 in
3360 5807 3441 5860 illo
3461 5797 3647 5859 ωυιιαο
