4088 6438
247 392 369 450 «εδδ

248 512 502 565 intesitit
522 553 540 577 ,
577 509 629 564 in
664 521 716 565 te
742 507 911 564 esurit
938 517 993 564 et
1024 505 1326 562 tribulatur.
1357 504 1449 560 ille
1476 505 1528 560 in
1571 514 1624 560 te
1653 501 1830 558 adhuc

249 601 494 668 moritur,
527 613 584 658 et
628 612 684 657 tu
725 601 778 656 in
811 601 901 654 illo
946 599 1056 670 jam
1085 596 1449 653 resurrexisti.
1479 594 1612 650 Nam
1643 594 1686 650 si
1720 608 1825 648 non

238 691 305 748 in
325 701 363 748 te
377 703 694 750 moreretur
713 735 726 759 ,
757 692 924 747 nollet
958 691 1011 746 in
1037 699 1088 746 te
1108 689 1206 744 sibi
1231 689 1373 758 parci
1395 703 1426 742 a
1458 694 1826 756 persecutore,

203 800 349 847 c'LJm
379 785 599 842 diceret
627 802 640 837 :
677 783 836 839 Saule
854 825 868 850 ,
897 779 1086 845 Saule,
1117 779 1238 850 quid
1261 795 1340 832 me
1365 775 1674 848 persequeris
1691 773 1825 848 (Act.

176 895 288 944 ις
306 922 321 947 ,
351 876 410 952 4)
428 878 455 934 't
483 879 628 949 Ergo
645 919 658 942 ,
682 875 874 930 fratres
899 872 1038 939 mei,
1068 869 1310 925 Christus
1335 877 1547 933 cantat;
1579 865 1671 920 sed
1697 880 1831 934 quo-

184 971 438 1038 unedo,
495 969 707 1027 nostis:
748 964 1018 1021 Christum
1071 961 1288 1017 assidue
1341 957 1829 1014 commendavinms

197 1064 424 1131 vobis;
455 1061 651 1118 etscio
698 1060 818 1130 quia
872 1057 1022 1112 rudia
1051 1055 1200 1110 vobis
1240 1069 1345 1107 non
1395 1063 1538 1106 sunt.
1569 1049 1828 1103 Dominus

207 1157 486 1218 Christus
512 1154 747 1210 Verbum
784 1152 874 1206 Dei
905 1160 1023 1218 est,
1060 1163 1154 1219 per
1181 1145 1322 1218 quod
1375 1144 1510 1199 facta
1560 1149 1685 1196 sunt
1709 1156 1828 1195 om-

221 1253 346 1310 nia.
373 1249 494 1305 Hoc
516 1246 750 1303 Verbum
777 1254 834 1298 ut
861 1243 1150 1299 redimeret
1177 1255 1277 1294 nos
1296 1281 1314 1306 ,
1343 1251 1470 1293 caro
1492 1235 1688 1290 factum
1721 1243 1823 1298 est,

228 1355 296 1404 et
344 1342 602 1397 habitavit
643 1340 697 1394 in
751 1337 903 1392 nobis
936 1333 1115 1408 (Joan.
1147 1348 1196 1397 ι,
1251 1332 1316 1396 5,
1357 1328 1447 1400 Η)
1483 1345 1495 1381 :
1551 1325 1720 1380 factus
1745 1335 1826 1380 est

241 1439 404 1492 homo
431 1433 572 1488 Deus
595 1446 756 1500 super
782 1428 992 1492 omnia,
1044 1424 1216 1481 Filius
1249 1423 1342 1477 Dei
1388 1420 1608 1492 mqualis
1632 1419 1773 1472 Patri
1808 1434 1823 1482 ;

253 1526 318 1582 ad
346 1524 447 1580 hoc
478 1524 640 1578 homo
670 1523 839 1576 factus
883 1527 1000 1581 est,
1051 1527 1109 1571 ut
1164 1515 1305 1569 Deus
1354 1512 1516 1566 homo
1565 1509 1827 1564 mediator

257 1629 388 1677 esset
409 1619 546 1674 inter
569 1616 812 1671 homines
842 1622 896 1668 et
923 1613 1089 1667 Deum
1111 1651 1127 1674 ,
1160 1617 1214 1664 et
1241 1605 1618 1662 reconciliaret
1667 1601 1826 1671 longe

261 1713 443 1784 positos
462 1753 474 1772 ,
500 1720 553 1763 et
568 1707 917 1777 conjungeret
944 1710 1219 1774 separatos
1245 1740 1260 1763 ,
1289 1707 1344 1753 et
1391 1702 1668 1751 revocaret
1693 1693 1824 1747 alie-

263 1813 433 1865 natos,
461 1811 514 1855 et
563 1799 844 1854 reduceret
892 1793 1242 1866 peregrinos;
1275 1789 1340 1844 ad
1373 1789 1476 1842 boc
1522 1786 1691 1840 factus
1743 1793 1826 1839 est

272 1894 427 1948 homo.
451 1891 646 1946 Factus
670 1898 753 1943 est
781 1901 909 1957 ergo
939 1891 1099 1954 caput
1122 1881 1375 1937 Ecclesia:
1399 1919 1413 1942 ,
1446 1877 1602 1931 habet
1620 1885 1674 1930 et
1701 1890 1822 1929 cor-

263 2000 351 2056 pus
365 1993 413 2040 et
431 1981 686 2038 membra.
712 1980 903 2046 Quzere
928 1974 1167 2030 membra
1189 1971 1354 2042 ipsius
1373 2011 1389 2037 ,
1417 1968 1577 2023 modo
1606 1975 1825 2037 gemunt

263 2093 347 2149 per
368 2076 666 2130 universum
698 2071 880 2125 orbem
909 2077 1168 2122 terrarum
1202 2081 1216 2118 :
1249 2073 1375 2117 tunc
1424 2059 1744 2114 laetabuntur
1771 2058 1822 2111 in

261 2170 359 2225 ﬁne
379 2210 391 2234 .
422 2169 475 2223 in
501 2181 696 2222 corona
722 2161 942 2234 iustitiae
961 2201 976 2227 ,
1009 2159 1075 2214 de
1096 2173 1197 2228 qua
1223 2155 1354 2211 dicit
1383 2152 1608 2216 Paulus,
1657 2151 1822 2218 Quam

258 2264 416 2319 reddet
438 2262 558 2316 mihi
585 2259 835 2314 Dominus
863 2256 917 2309 in
953 2253 1044 2307 illo
1067 2251 1147 2305 die
1176 2251 1338 2316 iustus
1358 2246 1542 2318 judex.
1568 2243 1636 2297 Et
1662 2243 1820 2296 modo

257 2372 375 2426 ergo
392 2364 659 2410 cantemus
685 2349 740 2403 in
761 2363 877 2417 spe,
896 2358 1084 2400 omnes
1106 2343 1159 2397 in
1200 2355 1364 2394 unum
1411 2335 1639 2392 collecti.
1669 2334 1824 2389 Chri-

256 2459 392 2503 stum
411 2447 546 2502 enim
575 2441 743 2498 induti
766 2439 1011 2496 Christus
1031 2449 1214 2490 sumus
1235 2446 1356 2487 cum
1387 2429 1565 2500 capite.
1592 2435 1774 2482 nostro
1801 2443 1817 2492 ;

255 2543 370 2612 quia
400 2541 571 2609 utique
591 2534 820 2591 Abrahae
849 2545 1032 2588 semen
1055 2540 1260 2582 sumus.
1292 2523 1585 2592 Apostolus
1607 2521 1707 2574 hoc
1736 2519 1820 2573 di-

255 2609 341 2687 cit.
363 2631 486 2702 Quia
511 2628 619 2684 dixi
645 2667 660 2689 ,
692 2624 933 2680 Christus
962 2632 1166 2676 sumus.
1197 2613 1484 2686 Apostolus
1530 2612 1642 2702 ait,
1684 2609 1820 2678 Ergo

256 2700 455 2780 Abralte
475 2736 642 2778 semen
672 2718 787 2773 estis
808 2757 823 2782 ,
869 2711 1145 2769 secundum
1169 2705 1549 2780 promissionem
1575 2700 1816 2754 hwredes.

253 2816 466 2874 Abrabm
489 2827 678 2869 semen
706 2809 836 2865 estis
867 2824 880 2860 :
909 2802 1216 2865 videamus,
1272 2797 1317 2852 si
1363 2809 1547 2850 semen
1593 2789 1820 2846 Abraha:

251 2919 328 2968 est
363 2909 618 2966 Christus.
653 2923 673 2957 ‹
707 2901 768 2959 ιιι
815 2899 1018 2962 semine
1063 2905 1152 2950 tuo
1205 2889 1591 2947 benedicentur
1635 2896 1820 2938 omnes

251 3011 445 3072 gentes.
467 2997 580 3053 Non
609 2994 771 3057 dicit,
805 2990 862 3044 In
888 2984 1182 3043 seminibus
1202 3023 1217 3048 ,
1244 2989 1494 3049 tanquam
1518 2975 1571 3030 in
1599 2973 1817 3037 multis;

249 3067 334 3149 sed
365 3104 606 3161 tanquam
639 3089 691 3142 in
723 3100 828 3140 uno
848 3125 862 3149 ,
889 3082 958 3136 Et
982 3077 1172 3136 semini
1205 3084 1294 3130 tuo
1315 3115 1329 3139 ,
1353 3069 1498 3143 quod
1546 3077 1629 3125 est
1664 3067 1818 3122 Chri-

249 3197 356 3244 stus
385 3184 578 3260 (Colat.
603 3197 694 3249 ιιι,
721 3179 792 3235 29
815 3219 829 3243 ,
856 3178 920 3243 8,
947 3174 1057 3244 i6).
1095 3191 1114 3224 ι
1145 3171 1212 3226 Ει
1251 3167 1403 3260 nobis
1428 3164 1640 3260 dicitllt
1661 3161 1820 3260 .Ergo

245 3251 420 3332 semen
447 3271 680 3330 Abrahae
707 3269 858 3326 estis.
893 3284 912 3319 ι
945 3261 1280 3320 Manifestum
1315 3256 1436 3326 quia
1461 3253 1528 3308 ad
1549 3251 1818 3308 Christum

243 3371 598 3441 pertinemus;
644 3371 699 3418 et
721 3361 842 3432 quia
866 3356 1106 3412 membra
1131 3352 1247 3422 ejus
1285 3357 1340 3403 et
1364 3359 1563 3416 corpus
1584 3343 1699 3412 ejus
1724 3358 1818 3397 su-

239 3432 357 3515 ibus
377 3501 393 3526 ,
421 3472 544 3514 cum
570 3453 746 3524 capite
771 3457 956 3504 nostro
984 3459 1118 3500 unus
1173 3441 1333 3495 homo
1363 3449 1569 3491 smnus.
1618 3432 1814 3488 Cante-

238 3565 357 3604 mus
379 3524 542 3619 ergo,
571 3540 978 3600 Misericordiam
1025 3545 1070 3589 et
1120 3531 1377 3604 judicium
1430 3524 1640 3580 cantabo
1689 3524 1816 3591 tibi,

230 3641 465 3698 Domine.

301 3735 358 3790 4.
393 3732 546 3806 [υενε.
574 3725 660 3800 2.]
687 3723 916 3780 Psallam
935 3762 950 3788 ,
982 3728 1030 3773 et
1074 3713 1353 3786 intelligam
1380 3712 1433 3765 in
1467 3710 1549 3764 via
1574 3709 1820 3762 immacu-

226 3830 341 3885 lata
361 3870 376 3893 ,
395 3801 612 3898 boando
649 3820 814 3874 venies
838 3817 903 3870 ad
941 3829 1039 3867 mc.
1067 3810 1178 3866 Nisi
1207 3809 1258 3862 in
1306 3805 1393 3861 via
1439 3801 1775 3857 immaculata
1800 3841 1816 3868 ,

221 3892 535 3988 nonpotes
579 3912 844 3985 psallere,
894 3920 992 3962 nec
1041 3901 1357 3970 intelligere.
1421 3894 1480 3952 Si
1533 3893 1614 3948 vis
1663 3892 1818 3947 intel-

222 4015 442 4082 ligere.
489 4009 542 4063 in
579 4007 660 4061 via
711 3998 1047 4058 immaculata
1096 3993 1298 4064 psalle,
1328 3988 1382 4044 id
1428 3995 1544 4052 est,
1595 3997 1818 4054 Operare

226 4072 305 4158 inv
324 4099 588 4154 hilaritate
608 4097 720 4150 Deo
742 4103 852 4148 tuo.
881 4089 1010 4156 Qua:
1035 4095 1118 4142 est
1146 4083 1228 4136 via
1280 4074 1654 4134 immaculata?
1681 4072 1817 4127 Audi

224 4190 544 4263 sequentia:
575 4180 972 4242 Deambulabam
1007 4177 1059 4230 in
1091 4169 1376 4229 innocentia
1409 4167 1574 4221 cordis
1603 4164 1728 4230 mei,
1765 4163 1818 4216 in

227 4254 396 4340 medio
424 4282 604 4337 domus
624 4291 764 4331 mete.
796 4273 921 4328 Huic
945 4270 1027 4324 via
1056 4263 1392 4321 immaculata
1424 4258 1491 4312 ab
1516 4254 1818 4311 innocentia

229 4377 396 4446 «epit
417 4415 434 4440 ,
473 4373 528 4428 in
555 4371 668 4442 ipsa
693 4366 853 4423 etiam
898 4358 1226 4434 pervenitur.
1252 4351 1387 4422 Quid
1428 4348 1625 4419 quaeris
1653 4345 1817 4401 multa

235 4436 734 4526 verbailnnocens
752 4465 903 4520 esto,
961 4460 1015 4508 et
1057 4445 1325 4520 perfecisti
1375 4440 1657 4512 justitiam.
1713 4436 1816 4492 Sed

235 4559 364 4632 quid
390 4566 614 4613 estesse
641 4543 1016 4608 innocentem?
1045 4539 1261 4596 Duobus
1289 4535 1431 4591 enim
1459 4531 1632 4586 modis
1661 4537 1820 4584 nocet

237 4624 400 4708 homo
421 4691 435 4714 ,
466 4653 725 4719 quantum
753 4643 806 4696 in
834 4641 950 4710 ipso
978 4643 1096 4700 est;
1119 4641 1209 4686 aut
1250 4626 1491 4684 faciendo
1520 4624 1772 4678 miserum
1802 4664 1816 4689 ,

240 4753 328 4798 aut
353 4714 656 4797 deserendo
685 4733 938 4789 miserum
969 4747 984 4783 :
1013 4725 1134 4796 quia
1161 4735 1214 4778 et
1243 4733 1297 4776 tu
1347 4735 1452 4773 non
1503 4717 1582 4770 vis
1623 4714 1690 4768 ab
1717 4714 1821 4767 alio

241 4839 350 4894 tieri
382 4837 548 4889 miser
571 4875 586 4899 ,
614 4839 667 4885 et
695 4843 802 4882 non
825 4826 902 4878 vis
923 4819 1096 4878 deseri
1116 4818 1183 4872 ab
1207 4815 1312 4868 alio
1331 4853 1344 4878 ,
1369 4812 1412 4866 si
1442 4809 1604 4864 miser
1629 4806 1817 4861 fueris.

241 4929 366 4998 Quis
390 4935 475 4983 est
504 4897 594 4994 qui
647 4921 774 4977 facit
798 4913 1069 4973 miseros?
1095 4909 1195 4976 Qui
1243 4906 1406 4961 infert
1437 4901 1718 4956 violentias
1740 4897 1820 4952 vel

244 4990 482 5083 ihsidias,
513 4990 650 5084 rapit
685 5027 772 5068 res
811 5009 1034 5071 alienas,
1063 4998 1314 5072 opprimit
1343 5007 1606 5066 pauperes
1631 5032 1644 5055 ,
1678 4990 1818 5043 fura-

247 5121 324 5164 tur
343 5153 360 5176 ,
385 5081 632 5176 conjugia
658 5103 831 5158 aliena
857 5097 1139 5159 sollicitat,
1163 5088 1523 5147 calumniosus
1552 5093 1633 5138 est
1657 5124 1671 5146 ,
1711 5081 1824 5133 vult

245 5172 438 5256 inferre
461 5172 765 5252 hominibus
791 5205 898 5260 quo
921 5189 1168 5250 doleant,
1205 5181 1379 5235 studio
1410 5172 1820 5232 malevolentiae.

254 5360 448 5440 auxilio
474 5360 720 5452 egentem
741 5416 757 5442 ,
780 5383 835 5430 et
875 5387 998 5427 cum
1044 5368 1235 5423 habeat
1269 5360 1536 5433 quomodo
1568 5364 1783 5428 prteslet
1807 5395 1821 5419 ,

252 5447 570 5535 contemnit,
603 5468 867 5538 despicit,
896 5463 1090 5518 alienat
1113 5473 1206 5513 cor
1232 5471 1407 5511 suum.
1438 5450 1590 5518 Quod
1637 5448 1680 5501 si
1715 5447 1825 5516 jam

255 5569 468 5626 omnino
501 5565 624 5618 talis
648 5567 828 5624 esset,
879 5565 936 5611 ut
964 5569 1067 5609 non
1098 5564 1234 5622 opus
1278 5547 1498 5600 haberet
1527 5542 1699 5611 aliqua
1728 5538 1828 5593 mi-

255 5657 578 5720 sericordia;
609 5651 870 5723 superbus
897 5655 1037 5701 esset
1060 5684 1073 5704 ,
1115 5644 1158 5696 si
1213 5640 1486 5694 desereret
1526 5633 1780 5687 miserum
1809 5644 1823 5681 :

261 5755 432 5810 adhuc
461 5751 514 5805 in
539 5721 878 5803 tribulatione
902 5739 1078 5795 carnis
1101 5734 1420 5790 constitutus
1447 5731 1557 5793 est,
1584 5721 1829 5778 nesciens

260 5846 373 5920 quid
403 5841 505 5900 sibi
533 5838 701 5912 possit
728 5850 847 5892 cras
869 5830 1146 5897 accidere,
1197 5835 1252 5884 et
1301 5822 1527 5897 despicit
1568 5819 1830 5889 lacrymas

1433 385 1832 444 ENARRATIO
1871 385 1938 440 IN
1977 385 2296 442 PSALMUM
2340 387 2398 440 C.

3388 389 3526 446 £286

1941 504 2262 556 miserorum
2287 520 2302 567 ;
2326 517 2429 556 non
2450 509 2532 556 est
2553 501 2826 557 innocens.
2844 502 2951 558 Sed
2978 503 3096 574 quis
3121 511 3205 559 est
3223 505 3527 560 innocens?

1939 593 2040 662 Qui
2068 609 2189 648 cum
2220 593 2308 648 alii
2334 608 2439 648 non
2469 604 2655 661 nocet,
2710 610 2806 648 nec
2836 594 2934 649 sibi
2965 606 3141 650 nocet.
3169 594 3269 662 Qui
3296 597 3439 651 enim
3467 606 3522 652 et

1939 687 2038 742 sibi
2068 695 2256 751 nocet,
2288 703 2394 740 non
2419 697 2500 741 est
2530 686 2806 744 innocens.
2840 687 2927 742 Ait
2954 688 3147 758 aliquis
3178 706 3190 741 :
3242 688 3380 744 Ecce
3411 703 3518 742 non

1940 777 2033 832 tuli
2064 777 2220 830 alicui
2243 818 2258 842 ,
2289 791 2387 831 nec
2419 779 2584 846 pressi
2617 777 2847 847 aliquem
2877 796 2889 830 :
2921 778 2988 833 de
3014 793 3074 833 re
3105 794 3220 832 mea
3244 821 3258 844 ,
3287 778 3353 833 de
3372 779 3524 848 justo

1939 867 2120 923 labore
2143 883 2263 923 meo
2293 867 2432 924 bene
2462 867 2590 922 mihi
2621 867 2844 933 faciam,
2876 869 3173 924 convivium
3203 879 3516 939 apparatum

1938 958 2137 1015 habere
2161 958 2284 1014 volo
2305 1000 2320 1024 ,
2351 974 2572 1029 erogare
2605 960 2724 1013 volo
2748 969 3000 1029 quantum
3031 975 3117 1016 me
3145 959 3406 1027 delectat,
3436 960 3516 1016 bi-

1936 1049 2064 1104 bere
2091 1064 2212 1104 cum
2243 1049 2435 1120 quibus
2460 1050 2584 1105 volo
2622 1060 2876 1120 quantum
2907 1067 2988 1106 me
3012 1050 3278 1118 delectat;
3309 1052 3392 1107 cui
3423 1053 3518 1106 ali—

1934 1141 2059 1213 quid
2089 1142 2223 1197 tuli?
2251 1159 2408 1214 quem
2438 1143 2604 1213 pressi
2627 1145 2646 1198 ?
2676 1145 2798 1214 quis
2820 1143 2888 1200 de
2912 1159 2998 1199 me
3022 1153 3241 1214 questus
3277 1145 3403 1199 est?
3430 1143 3523 1198 lns

1935 1250 2136 1290 nocens
2167 1235 2394 1292 videtur.
2425 1235 2529 1291 Sed
2569 1236 2615 1290 si
2665 1237 2900 1306 seipsum
2951 1235 3273 1305 corrumpit,
3306 1238 3349 1290 si
3384 1245 3516 1290 tem.

1935 1325 2080 1394 plum
2113 1325 2206 1380 Dei
2237 1325 2290 1380 in
2333 1341 2390 1381 se
2439 1327 2662 1392 evertit,
2695 1326 2818 1396 quid
2844 1335 3157 1396 exspectas,
3188 1335 3244 1379 ut
3293 1327 3343 1380 in
3386 1327 3519 1381 alios

1933 1413 2092 1470 faciat
2119 1415 2538 1471 misericordiam
2560 1459 2573 1482 ,
2600 1425 2653 1471 et
2701 1425 2884 1487 parcat
2913 1417 3165 1472 miseris?
3192 1417 3290 1485 Qui
3323 1417 3376 1470 in
3427 1434 3516 1473 sc-

1933 1506 2106 1574 ipsum
2128 1507 2357 1562 crudelis
2378 1517 2487 1570 est,
2520 1522 2640 1563 esse
2686 1509 2736 1561 in
2763 1508 2924 1562 alium
2975 1508 3279 1563 misericors
3307 1511 3518 1578 potest?

1933 1594 2064 1650 Tota
2095 1612 2222 1667 ergo
2237 1596 2439 1668 justitia
2466 1597 2531 1652 ad
2557 1613 2716 1652 unum
2761 1597 2980 1652 verbum
3012 1599 3331 1653 innocentia:
3377 1599 3516 1654 redi-

1932 1687 2093 1757 gitur.
2125 1689 2224 1753 Qui
2246 1699 2411 1741 autem
2434 1689 2600 1758 diligit
2619 1689 2958 1760 iniquitatem,
2990 1689 3096 1743 odit
3118 1692 3338 1743 animam
3370 1707 3514 1744 suam

1933 1776 2104 1850 (Psal.
2133 1797 2162 1833 κ
2187 1821 2202 1845 ,
2233 1779 2311 1851 6).
2341 1779 2562 1847 Quando
2611 1780 2821 1833 amabat
2869 1781 3199 1849 iniquitatem
3223 1822 3238 1844 ,
3292 1781 3512 1850 putabat

1931 1871 2069 1940 quod
2125 1871 2243 1926 aliis
2274 1872 2519 1926 nocebat.
2567 1871 2673 1926 Sed
2704 1871 2824 1925 vide
2854 1873 2898 1925 si
2941 1872 3060 1925 aliis
3103 1872 3373 1926 nocebat:
3415 1871 3516 1938 Qui

1935 1963 2130 2033 diligit,
2177 1963 2375 2034 inquit,
2408 1964 2758 2034 iniquitatem,
2795 1964 2899 2017 odit
2938 1965 3160 2017 animam
3207 1982 3368 2018 suam.
3402 1964 3512 2020 Sibi

1931 2070 2057 2124 ergo
2086 2055 2234 2124 prius
2283 2064 2440 2110 nocet
2469 2056 2558 2125 qui
2586 2055 2698 2109 vult
2722 2055 2840 2109 aliis
2871 2071 3066 2110 nocere
3092 2072 3105 2121 ;
3135 2071 3231 2110 nec
3258 2056 3512 2111 deambu-

1931 2147 2035 2212 lat,
2064 2148 2185 2216 quia
2210 2163 2313 2200 non
2346 2155 2427 2200 est
2450 2147 2558 2200 ubi.
2608 2147 2893 2218 Angustias
2918 2148 3058 2201 enim
3113 2148 3310 2217 patitur
3341 2148 3512 2200 onmis

1929 2240 2127 2293 malitia
2159 2239 2310 2293 :sola
2337 2239 2638 2294 innocentia
2662 2240 2764 2293 lata
2795 2248 2877 2294 est
2900 2281 2915 2304 ,
2951 2239 3037 2293 ubi
3068 2239 3440 2294 deambuletnr
3469 2241 3508 2292 ί.

1930 2330 2332 2384 Deambulabam
2355 2331 2407 2384 in
2426 2331 2714 2384 innocentia
2737 2331 2904 2385 cordis
2933 2331 3060 2398 mei,
3083 2331 3134 2384 in
3154 2332 3316 2384 medio
3333 2331 3513 2383 domus

1928 2437 2072 2475 meae.
2104 2420 2332 2476 Medium
2363 2422 2553 2476 donms
2577 2436 2718 2486 sum,
2771 2431 2864 2476 aut
2901 2422 3068 2491 ipsam
3103 2422 3398 2476 Ecclesium
3431 2421 3512 2475 di-

1927 2514 2034 2580 cit;
2063 2514 2306 2570 Christus
2333 2513 2474 2568 enim
2528 2513 2580 2566 in
2613 2529 2674 2568 ea
2706 2513 3047 2568 deambulat:
3081 2523 3171 2566 aut
3193 2527 3287 2568 cor
3307 2527 3459 2566 suum
3492 2527 3507 2576 ;

1925 2605 2115 2660 domus
2144 2606 2286 2659 enim
2314 2611 2492 2658 nostra
2522 2604 2763 2669 interior,
2793 2617 2886 2658 cor
2907 2613 3142 2658 nostrum
3173 2612 3255 2657 est
3283 2619 3296 2656 :
3333 2612 3387 2656 ut
3411 2601 3512 2656 hoc

1928 2697 2235 2766 exposuerit
2259 2694 2400 2765 quod
2433 2695 2678 2764 superius
2706 2695 2871 2759 dixit,
2911 2693 2978 2750 In
3016 2695 3301 2748 innocentia
3342 2693 3511 2748 cordis

1925 2790 2041 2844 mei.
2069 2790 2201 2856 Qua:
2240 2798 2323 2844 est
2352 2788 2653 2842 innocentia
2683 2787 2860 2841 cordis
2897 2787 3016 2841 sui?
3048 2786 3276 2841 Medium
3316 2785 3510 2840 domus

1925 2895 2053 2934 suae.
2082 2880 2230 2934 Hanc
2254 2879 2470 2934 domum
2502 2878 2740 2948 quisquis
2761 2876 2922 2931 habet
2945 2878 3132 2930 malam
3156 2917 3170 2941 ,
3202 2876 3416 2945 pellitur
3442 2875 3510 2930 ab

1926 2973 2014 3029 illa
2058 2971 2220 3028 foras.
2250 2972 2499 3042 Quisquis
2545 2972 2688 3026 enim
2744 2971 2795 3024 in
2848 2970 3010 3024 corde
3057 2970 3317 3039 premitur
3371 2969 3506 3022 mala

1926 3065 2284 3131 conscientia,
2313 3063 2582 3134 quomodo
2608 3063 2831 3133 quisque
2880 3062 2946 3115 ab
2991 3061 3264 3116 stillicidio
3289 3062 3398 3115 exit
3440 3060 3509 3116 de

1925 3155 2085 3211 domo
2113 3171 2205 3210 sua
2227 3197 2241 3220 ,
2269 3164 2358 3208 aut
2386 3170 2413 3207 a
2445 3153 2592 3207 fumo
2616 3195 2630 3218 ,
2669 3168 2772 3206 non
2801 3153 2872 3206 ibi
2902 3168 2958 3206 se
2983 3152 3178 3221 patitur
3219 3151 3458 3206 habitare
3493 3168 3506 3204 :

1925 3249 2002 3303 sic
2022 3248 2112 3318 qui
2142 3262 2244 3301 non
2279 3247 2437 3302 habet
2461 3247 2694 3316 quietum
2720 3259 2813 3298 cor
2833 3285 2846 3308 ,
2873 3243 3113 3298 habitare
3136 3244 3186 3298 in
3214 3243 3375 3298 corde
3410 3257 3510 3296 suo

1926 3341 2154 3395 libenter
2183 3355 2284 3392 non
2311 3347 2503 3408 potest.
2540 3337 2697 3390 Tales
2727 3336 2868 3390 foras
2895 3345 3087 3388 exeunt
3117 3349 3144 3387 a
3177 3334 3370 3403 seipsis
3394 3334 3510 3387 ani-

1927 3432 1997 3486 mi
2027 3431 2315 3485 intentione
2343 3471 2356 3493 ,
2389 3432 2533 3483 etde
2557 3427 2638 3480 his
2662 3442 2780 3496 qum
2812 3425 2940 3478 foris
2966 3434 3091 3478 sunt
3129 3425 3268 3479 circa
3313 3439 3509 3493 corpus

1924 3525 2288 3588 delectantur;
2319 3523 2550 3593 quietem
2579 3521 2635 3575 in
2662 3521 2814 3590 nugis
2836 3562 2851 3587 ,
2881 3519 2933 3572 in
2955 3519 3277 3588 Spectaculis
3297 3559 3311 3582 ,
3341 3518 3392 3572 in
3427 3519 3508 3571 lu-

1927 3618 2128 3686 xuriis,
2158 3618 2208 3672 in
2233 3617 2481 3670 omnibus
2519 3614 2674 3669 malis
2701 3621 2970 3684 quterunt.
3019 3609 3195 3678 Quare
3235 3609 3363 3664 foris
3409 3611 3509 3665 sibi

1923 3712 2111 3765 volunt
2157 3723 2275 3764 esse
2319 3705 2498 3762 bene?
2537 3705 2669 3772 Quia
2716 3719 2818 3758 non
2868 3711 2949 3756 est
2999 3701 3103 3754 illis
3148 3701 3288 3754 intus
3333 3701 3507 3766 bene,

1924 3803 2065 3858 unde
2105 3801 2369 3872 gaudeant
2420 3798 2471 3852 in
2522 3796 2866 3851 conscientia.
2922 3793 3044 3848 Ideo
3093 3793 3345 3846 Dominus
3389 3807 3509 3846 cum

1923 3906 2163 3952 sanasset
2208 3894 2592 3965 paralyticum,
2650 3892 2721 3944 ait
2768 3909 2779 3943 :
2825 3888 2973 3942 Tolle
3019 3886 3280 3958 grabatum
3328 3896 3510 3956 tuum,

1923 4000 1970 4046 et
2008 3990 2133 4044 vade
2184 3990 2235 4042 in
2293 3989 2497 4041 domum
2549 3997 2688 4039 luam
2750 3983 2979 4053 (Matth.
3041 3997 3127 4047 ix,
3180 3979 3276 4050 6).
3333 3979 3514 4034 Faciat

1922 4079 2051 4136 illud
2101 4081 2274 4133 anima
2319 4093 2436 4148 quae
2487 4075 2636 4146 quasi
2689 4073 2915 4144 paralysi
2961 4071 3214 4127 dissoluta
3267 4079 3348 4125 est
3393 4087 3406 4123 :
3460 4071 3510 4123 in

1924 4173 2180 4229 membris
2223 4171 2377 4225 bonae
2428 4166 2751 4238 operationis
2802 4164 3231 4234 constringatur,
3279 4171 3335 4216 ut
3379 4162 3513 4217 bene

1923 4273 2193 4336 operetur,
2224 4262 2375 4317 tollat
2400 4259 2673 4330 grabatum
2701 4272 2853 4312 suum
2880 4297 2894 4321 ,
2920 4263 3067 4325 regat
3096 4269 3287 4323 corpus
3315 4269 3507 4317 suum;

1919 4359 2029 4429 jam
2082 4366 2171 4413 eat
2219 4355 2272 4410 in
2323 4351 2538 4408 domum
2583 4363 2771 4412 suam,
2829 4348 2988 4401 intret
3036 4345 3086 4400 in
3131 4344 3510 4399 conscientiam

1925 4464 2072 4504 suam
2103 4447 2241 4518 :jam
2269 4444 2427 4499 latam
2458 4441 2711 4504 inveniet,
2741 4439 2826 4492 ubi
2855 4437 3176 4496 deambulct,
3207 4444 3258 4490 et
3289 4433 3511 4504 psallat,

1923 4553 1976 4598 et
2001 4542 2274 4611 intelligat.

1996 4636 2050 4690 5.
2082 4633 2230 4707 [vers
2255 4633 2324 4696 5,
2347 4627 2426 4701 4.]
2460 4625 2582 4682 Νοη
2635 4621 2975 4695 proponebant
3009 4629 3125 4673 ante
3164 4619 3334 4672 oculos
3374 4633 3512 4672 meos

1925 4743 2030 4781 rem
2068 4706 2276 4778 malam.
2309 4719 2447 4787 Quid
2473 4726 2589 4780 est,
2633 4713 2755 4768 Non
2801 4711 3138 4783 proponebant
3180 4718 3296 4761 ante
3339 4706 3513 4760 oculos

1927 4836 2061 4873 meos
2103 4833 2208 4868 rem
2233 4811 2463 4866 malam?
2489 4809 2602 4863 Non
2647 4806 2953 4875 diligebam.
2987 4803 3135 4857 Solet
3179 4801 3319 4854 enim
3362 4799 3464 4852 dici
3495 4839 3508 4861 ,

1927 4911 2069 4983 quod
2102 4909 2269 4962 nostis
2291 4947 2304 4970 ,
2333 4903 2401 4957 de
2423 4901 2638 4956 homine
2664 4899 2751 4968 qui
2784 4897 2848 4949 ab
2876 4896 3053 4963 aliquo
3082 4892 3346 4960 diligitur,
3371 4892 3504 4943 Ante

1929 4979 2112 5058 oculos
2140 5001 2283 5054 illum
2315 4995 2511 5048 habet:
2545 5001 2597 5045 et
2622 4991 2709 5043 ille
2735 4986 2824 5056 qui
2855 4982 3243 5043 contemnitur,
3274 4981 3350 5032 sic
3376 4979 3515 5033 solet

1929 5097 2115 5168 queri,
2146 5093 2259 5147 Non
2287 5105 2371 5144 me
2402 5087 2561 5140 habet
2587 5095 2705 5136 ante
2727 5079 2929 5134 oculos.
2957 5075 3090 5142 Quid
3118 5088 3243 5144 ergo
3269 5082 3371 5138 est,
3391 5082 3515 5126 ante

1930 5166 2113 5248 oculos
2133 5185 2367 5243 habere?
2400 5183 2642 5249 Diligere.
2671 5173 2804 5242 Quid
2827 5181 2935 5236 est,
2968 5187 3068 5222 non
3102 5168 3353 5236 diligere?
3398 5166 3513 5220 Non

1933 5289 2002 5344 ibi
2026 5284 2188 5341 corde
2228 5280 2486 5335 habitare.
2533 5272 2669 5325 Dixit
2696 5282 2822 5336 ergo
2843 5308 2855 5329 ,
2885 5263 3004 5317 Non
3030 5261 3368 5332 proponebant
3393 5269 3512 5311 ante

1933 5379 2104 5436 oculos
2137 5390 2273 5428 meos
2299 5385 2403 5424 rem
2431 5364 2616 5419 malam
2641 5377 2659 5414 :
2687 5375 2790 5413 non
2819 5355 3100 5427 diligebam
3134 5369 3245 5409 rem
3294 5351 3511 5407 malam.

1933 5471 2001 5526 Et
2021 5465 2238 5538 exponit
2266 5463 2432 5532 ipsam
2455 5471 2566 5510 rem
2597 5452 2822 5506 malam:
2857 5447 3120 5502 Facientcs
3144 5443 3516 5517 praevaricatio-

1999 5699 2013 5725 ι
2042 5698 2106 5740 Ita
2128 5695 2234 5736 Mss.
2252 5683 2364 5733 add.
2383 5693 2520 5734 vero,
2535 5678 2759 5740 quianon
2783 5680 2852 5726 est
2863 5672 2946 5740 ubi
2956 5669 3197 5740 angustias
3209 5680 3300 5740 non
3315 5665 3516 5740 patitur.

1938 5726 2494 5803 ,trrtlauoiiziiisnnialithi,v
2512 5726 2613 5792 illa
2633 5726 2904 5791 innocentia
2927 5726 3042 5785 tatu"
3060 5737 3145 5783 est.
3180 5728 3265 5779 t'ln'
3293 5726 3509 5778 dcamlno

1939 5817 2002 5866 lat
2021 5815 2043 5866 Σ)
