4088 6448
637 339 771 396 1287

636 470 750 508 nem
780 455 798 484 ¹
824 451 940 506 odio
974 451 1146 505 habui.
1174 448 1463 517 Intendite,
1511 447 1703 502 fratres
1730 447 1855 502 mei.
1880 445 1935 500 Si
1967 445 2224 502 deambu-

634 547 754 602 latis
775 561 894 602 cum
922 545 1134 602 Christo
1164 546 1216 600 in
1247 543 1422 599 medio
1442 542 1632 597 domus
1662 541 1778 613 ejus
1803 583 1818 608 ,
1851 540 1903 596 id
1925 551 2006 595 est
2029 582 2042 604 ,
2072 540 2115 594 si
2137 538 2221 594 vel

635 641 686 692 in
713 638 876 693 corde
904 647 1082 692 vestro
1127 637 1263 691 bene
1294 634 1662 706 requiescitis,
1694 633 1778 688 vel
1809 632 1860 686 in
1895 633 2004 700 ipsa
2038 630 2220 686 Eccle-

633 728 711 784 sia
739 728 937 783 bonum
973 727 1073 783 iter
1095 725 1318 795 earpitis
1345 725 1397 780 in
1429 725 1510 778 via
1563 722 1936 787 immaculata;
1987 737 2093 776 non
2127 737 2220 776 eos

633 831 834 878 tantum
864 819 951 890 qui
977 817 1110 877 foris
1134 827 1260 872 sunt
1288 817 1468 872 odisse
1491 816 1698 871 debetis
1739 815 2175 885 praevaricatores
2198 855 2214 882 ,

628 912 721 966 sed
742 921 795 966 et
819 925 1184 982 quoscumque
1212 911 1351 965 intus
1382 909 1709 965 inveneritis.
1737 907 1838 978 Qui
1867 917 1991 963 sunt
2018 923 2219 980 praeva-

627 1002 925 1056 ricatores?
953 1001 1052 1069 Qui
1075 1001 1303 1056 oderunt
1325 1000 1497 1070 legem
1531 999 1618 1053 Dei
1647 1015 1659 1064 ;
1694 1001 1781 1070 qui
1809 998 2030 1054 audiunt
2051 999 2213 1067 illam,

628 1101 683 1148 et
712 1108 818 1147 non
864 1092 1101 1158 faciunt,
1155 1093 1594 1162 prmvaricatorcs
1624 1091 1891 1144 dicuntur.
1936 1088 2219 1148 Facientes

630 1184 1128 1253 praevaricationem
1159 1182 1284 1237 odio
1312 1182 1479 1248 habe,
1529 1182 1729 1251 repelle
1779 1181 1900 1235 illos
1943 1198 1970 1233 a
2016 1191 2088 1236 te.
2113 1179 2216 1237 Sed

629 1275 809 1328 odisse
849 1274 1016 1330 debes
1070 1275 1546 1344 prmvaricatores,
1591 1288 1694 1326 non
1752 1272 2016 1326 homines.
2069 1272 2218 1330 Unus
2275 1331 2278 1334 _

632 1363 797 1418 homo
824 1364 1232 1434 praevaricator,
1264 1363 1441 1417 videte
1467 1363 1588 1433 quia
1618 1362 1724 1416 duo
1762 1363 1976 1416 nomina
2007 1362 2168 1418 habet
2199 1404 2214 1429 ,

632 1453 821 1521 homo,
851 1463 905 1508 et
932 1453 1304 1524 praevaricator
1333 1471 1345 1511 :
1374 1451 1644 1509 hominem
1674 1453 1814 1508 Deus
1842 1451 1964 1508 fecit
1983 1493 1997 1516 ,
2024 1469 2216 1522 praeva-

631 1546 916 1601 ricatorem
944 1549 1055 1616 ipse
1078 1561 1136 1602 se
1169 1547 1290 1602 fecit
1315 1563 1329 1608 ;
1359 1562 1477 1600 ama
1507 1547 1557 1600 in
1584 1547 1673 1600 illo
1702 1546 1845 1617 quod
1883 1547 2023 1600 Deus
2048 1544 2175 1601 fecit
2199 1587 2215 1612 ,

627 1642 1020 1708 persequerein
1050 1637 1140 1693 illo
1167 1638 1310 1708 quod
1334 1638 1446 1708 ipse
1470 1637 1570 1692 sibi
1607 1638 1747 1692 fecit.
1778 1637 1913 1692 Cum
1935 1638 2074 1692 enim
2105 1652 2220 1706 per-

627 1739 842 1782 secutus
874 1728 1040 1784 fueris
1070 1729 1565 1798 prmvaricationem
1621 1728 1774 1796 ejus,
1826 1727 2026 1782 occidis
2075 1728 2217 1798 quod

631 1819 793 1874 homo
823 1819 980 1885 fecit,
1010 1827 1065 1874 et
1092 1819 1348 1874 liberatur
1390 1819 1531 1888 quod
1574 1818 1713 1874 Deus
1761 1817 1906 1874 fecit.
1953 1817 2218 1873 Facieutes

630 1912 1093 1981 prwvaricationem
1116 1911 1232 1964 odio
1261 1911 1434 1965 habui.

700 2005 752 2057 6.
788 2001 906 2056 Non
937 2003 1147 2056 adha'sit
1175 2003 1298 2055 mihi
1327 2018 1412 2055 cor
1437 2017 1664 2070 pravam.
1695 1999 1846 2070 Quod
1877 2009 1958 2055 est
1981 2015 2073 2056 cor
2096 2016 2214 2071 pra-

629 2092 790 2147 vum?
824 2091 932 2146 Cor
971 2100 1190 2147 tortum.
1236 2091 1387 2160 Quod
1427 2101 1508 2146 est
1553 2107 1647 2146 cor
1692 2091 1925 2145 tortum?
1969 2090 2073 2146 Cor
2111 2105 2216 2146 non

629 2198 855 2243 rectum.
882 2185 1033 2255 Quod
1063 2194 1146 2240 est
1170 2200 1264 2240 cor
1291 2201 1395 2239 non
1424 2183 1664 2239 rectum?
1693 2183 1822 2238 Vide
1847 2183 1990 2253 quod
2019 2193 2100 2239 est
2120 2199 2215 2239 cor

629 2289 857 2343 rectum,
891 2289 944 2334 et
974 2278 1045 2333 ibi
1075 2280 1282 2333 invenis
1306 2278 1445 2348 quod
1485 2287 1568 2332 est
1603 2292 1698 2332 eor
1725 2292 1828 2330 non
1860 2286 2084 2332 rectum.
2113 2276 2217 2332 Rc-

628 2381 771 2426 ctttm
802 2385 896 2426 cor
925 2369 1118 2426 dicitur
1145 2369 1403 2435 hominis,
1435 2369 1522 2439 qui
1551 2368 1727 2423 omnia
1758 2384 1875 2438 qua:
1901 2370 2013 2422 vult
2042 2369 2216 2434 Deus,

633 2479 738 2520 non
781 2465 894 2537 ipse
922 2479 1026 2519 non
1057 2463 1226 2520 vult'.
1269 2463 1550 2520 Intenditc.
1583 2462 1711 2518 Orat
1739 2462 1928 2532 aliquis
1954 2471 2012 2517 ut
2041 2463 2220 2517 nescio

630 2556 758 2626 quid
805 2571 911 2611 non
942 2555 1183 2621 eveniat;
1225 2564 1376 2620 orat,
1421 2564 1473 2609 et
1517 2569 1622 2608 non
1666 2553 1995 2623 prohibetur.
2033 2554 2218 2610 Petat'

628 2655 884 2718 quantum
915 2656 1090 2718 potest
1122 2665 1135 2702 :
1164 2646 1256 2702 sed
1287 2655 1469 2702 contra
1495 2647 1821 2701 voluntatem
1853 2645 2018 2716 ipsius
2043 2645 2221 2701 evenit

626 2738 855 2808 aliquid;
887 2738 1172 2809 subjungat
1214 2752 1271 2793 se
1299 2738 1557 2793 voluntati
1589 2737 1715 2805 Dei,
1747 2752 1852 2791 non
1892 2738 2105 2792 resistat
2129 2753 2221 2792 vo-

626 2829 812 2884 luntati
840 2845 1062 2901 magna.
1094 2829 1225 2897 Quia
1254 2838 1307 2884 et
1337 2830 1451 2901 ipse
1485 2830 1740 2884 Dominus
1781 2829 1859 2884 sic
1903 2829 2029 2883 illud
2055 2844 2221 2899 expo-

627 2921 704 2976 nit
729 2940 743 2977 :
768 2921 1056 2978 ostendens
1097 2920 1456 2976 inﬁrmitatem
1501 2930 1736 2975 nostram
1777 2920 1829 2974 in
1878 2936 1964 2986 se,
2006 2921 2219 2992 quando

627 3029 877 3084 passurus
919 3022 1060 3081 erat,
1103 3015 1204 3077 ait,
1255 3011 1432 3068 Tristis
1474 3023 1548 3068 est
1587 3014 1760 3068 anima
1803 3030 1914 3068 mea
1952 3031 2106 3082 usque
2150 3014 2220 3068 ad

625 3116 850 3160 mortem.
889 3105 1003 3162 Non
1052 3107 1192 3161 enim
1238 3121 1363 3161 vere
1411 3106 1499 3161 ille
1545 3106 1766 3162 timebat
1806 3117 2074 3172 mortem,
2126 3109 2215 3178 qui

627 3203 943 3265 potestatem
990 3195 1221 3251 habebat
1266 3195 1495 3266 ponendi
1539 3197 1769 3250 animam
1821 3213 1990 3261 suam,
2029 3207 2084 3253 et
2122 3215 2219 3274 po-

626 3297 870 3345 testatem
901 3288 1130 3344 habebat
1163 3288 1351 3346 iterum
1380 3288 1625 3344 sumendi
1652 3303 1768 3342 eam
1805 3287 1981 3356 (Joon.
2013 3307 2067 3350 ι,
2102 3291 2213 3360 18).

624 3379 693 3437 Et
712 3380 906 3435 Paulus
926 3379 1195 3450 apostolus
1216 3380 1370 3435 miles
1397 3381 1582 3451 ipsius,
1607 3395 1797 3435 servus
1819 3381 1982 3451 ipsius
2003 3383 2213 3437 clamat:

622 3472 823 3526 Bonum
861 3482 1112 3526 certamen
1150 3472 1367 3538 certavi,
1415 3489 1618 3526 cursum
1659 3474 2030 3540 consummavi,
2063 3474 2216 3542 [idem

622 3565 846 3630 servavi;
894 3565 957 3619 de
995 3573 1171 3618 uetera
1220 3564 1440 3634 reposita
1471 3573 1542 3618 est
1580 3565 1703 3617 mihi
1746 3581 1932 3618 corona
1964 3566 2212 3635 justitite',

621 3671 774 3724 quam
813 3655 988 3710 reddet
1032 3655 1157 3709 mihi
1194 3653 1442 3710 Dominus
1486 3655 1538 3709 in
1580 3655 1670 3709 illo
1707 3655 1787 3708 die
1823 3657 1994 3725 justus
2027 3657 2211 3727 judex.

626 3747 870 3804 Exsultat
896 3749 1017 3818 quia
1047 3748 1336 3802 moriturus
1373 3755 1484 3812 est;
1515 3755 1570 3802 et
1598 3745 1857 3801 Dominus
1887 3747 2000 3816 ejus
2030 3756 2082 3801 et
2113 3747 2215 3801 lm-

623 3846 838 3907 perator
876 3838 992 3909 ejus
1042 3838 1210 3893 tristis
1252 3847 1365 3904 est,
1415 3838 1536 3910 quia
1580 3837 1872 3892 moriturus
1915 3837 2029 3891 ες)ιῖ
2073 3836 2214 3908 Ergo

621 3929 812 3986 melior
849 3945 1035 3986 servus
1078 3945 1232 3998 quam
1275 3929 1570 3983 Dominus?
1615 3928 1683 3983 Et
1726 3928 1815 3982 tibi
1855 3937 1935 3983 est
1973 3929 2110 3998 quod
2142 3929 2216 3983 ait

622 4023 737 4096 ipse
776 4022 1028 4081 Dominus
1053 4043 1064 4074 :
1093 4021 1220 4097 διιῇὶ
1250 4022 1284 4074 it
1327 4037 1466 4074 serra
1493 4028 1547 4074 ut
1571 4020 1635 4074 sit
1659 4020 1787 4073 sicut
1815 4019 2046 4072 dominus
2068 4021 2213 4091 ejus;

620 4110 801 4182 sufficit
839 4112 1085 4182 discipulo
1128 4122 1179 4165 ut
1221 4113 1283 4164 sit
1327 4111 1455 4165 sicut
1501 4112 1737 4183 magister
1765 4111 1872 4180 ejus
1898 4110 2111 4178 (Matth.
2143 4126 2173 4164 x
2195 4152 2209 4175 ,

619 4201 753 4273 25)?
775 4201 913 4256 Ecce
939 4201 1090 4256 fortis
1112 4213 1192 4257 est
1216 4203 1408 4256 Paulus
1429 4212 1648 4256 ventura
1673 4214 1863 4266 morte,
1885 4212 1932 4256 et
1957 4202 2212 4256 Dominus

620 4295 787 4349 tristis
827 4294 940 4350 est?
991 4295 1270 4365 Optabam,
1325 4295 1522 4364 inquit,
1572 4295 1804 4358 dissolvi,
1853 4304 1899 4346 et
1948 4311 2054 4348 esse
2099 4311 2211 4348 crun

625 4385 823 4441 Christo
866 4385 1122 4458 (Philipp.
1153 4403 1209 4448 ι,
1239 4385 1352 4453 25).
1379 4385 1602 4443 Gaudet.
1635 4386 1753 4455 quia
1797 4384 2122 4450 dissolvitur,
2155 4396 2212 4441 ut

621 4478 690 4532 sit
723 4493 844 4532 eum
875 4476 1123 4542 Christo;
1154 4486 1210 4532 et
1235 4477 1347 4547 ipse
1373 4476 1615 4531 Christus
1643 4478 1806 4531 tristis
1829 4485 1930 4544 est,
1959 4493 2078 4532 cum
2105 4492 2211 4548 quo

621 4569 720 4625 iste
749 4568 978 4623 futurum
1007 4583 1065 4623 se
1090 4582 1210 4624 esse
1238 4567 1489 4622 lmtatur?
1532 4567 1636 4623 Sed
1665 4567 1787 4637 quid
1818 4577 1934 4622 erat
1960 4568 2046 4623 illa
2074 4582 2205 4633 vox,

620 4660 722 4716 nisi
765 4673 927 4713 sonus
964 4658 1287 4712 infirmitatis
1333 4659 1569 4712 nostrm?
1611 4657 1756 4712 Multi
1801 4657 1976 4713 adhuc
2014 4657 2208 4712 inﬁrmi

620 4752 1008 4807 contristantur
1033 4749 1206 4805 futura
1239 4758 1411 4805 morte
1436 4767 1448 4803 :
1473 4750 1564 4805 sed
1598 4749 1827 4804 habeant
1852 4759 2053 4805 rectum
2080 4765 2202 4812 cor;

618 4845 785 4900 vitent
805 4853 1054 4907 mortem,
1074 4851 1326 4913 quantum
1356 4839 1608 4911 possunt;
1633 4841 1726 4897 sed
1757 4843 1799 4897 si
1829 4857 1932 4896 non
1963 4852 2203 4912 possunt,

615 4936 798 4991 dicant
821 4935 962 5006 quod
990 4936 1102 5004 ipse
1131 4935 1387 4989 Dominus
1407 4949 1509 4986 non
1537 4943 1753 5004 propter
1770 4949 1848 4999 se,
1872 4934 1963 4989 sed
1990 4943 2207 5004 propter

618 5045 716 5084 nos
767 5028 919 5084 dixit.
966 5028 1100 5096 Quid
1149 5028 1290 5087 enim
1342 5027 1510 5080 dixit?
1562 5026 1737 5092 Pater,
1788 5028 1832 5080 si
1869 5028 1980 5096 fieri
2027 5036 2203 5096 potest,

513 5133 538 5159 ο
618 5129 842 5175 transeat
871 5137 902 5174 a
928 5137 1006 5174 me
1029 5121 1166 5178 calix
1209 5122 1316 5175 iste.
1365 5119 1502 5174 Ecce
1543 5117 1706 5173 habes
1736 5119 2069 5173 voluntatem.
2105 5120 2204 5174 htt-

615 5225 828 5265 manam
873 5226 1213 5281 expressam;
1262 5211 1381 5265 vide
1422 5209 1531 5279 jam
1580 5218 1784 5265 rectum
1821 5225 1952 5265 eor:
1989 5210 2202 5274 Verum,

605 5319 704 5356 non
734 5303 867 5372 quod
894 5319 981 5372 ego
1012 5303 1142 5368 τοῖο,
1170 5302 1257 5357 sed
1280 5303 1414 5373 quod
1445 5312 1497 5355 tu
1523 5303 1614 5362 vis,
1646 5301 1800 5355 Pater
1825 5301 2034 5372 (Matth.
2056 5317 2201 5367 xxvi,

603 5395 691 5460 38,
735 5391 849 5464 59).
879 5391 931 5447 Si
960 5408 1086 5461 ergo
1117 5401 1320 5446 rectum
1360 5407 1453 5447 cor
1482 5393 1723 5462 sequitur
1748 5393 1910 5448 Deum
1936 5435 1949 5450 .
1981 5408 2202 5462 pravum

601 5501 693 5540 cor
757 5484 958 5540 resistit
999 5483 1124 5536 Deo.
1173 5483 1386 5551 Aliquid
1431 5483 1505 5537 illi
1554 5485 1826 5555 contingat
1878 5483 2200 5551 adversum,

677 5624 690 5653 ¹
717 5627 780 5669 tta
811 5627 914 5668 Mss.
938 5625 991 5667 At
1015 5616 1149 5678 Edd.,
1177 5617 1611 5679 prwitaricationes.

672 5685 692 5744 ξ
728 5693 826 5729 Am.
872 5688 924 5730 et
968 5686 1107 5739 beru,
1149 5678 1253 5741 ipse
1289 5678 1402 5728 vult.
1432 5687 1485 5728 At
1521 5685 1594 5726 Er.
1623 5686 1674 5729 et
1695 5686 1831 5740 atss.,
1857 5693 1950 5730 non
1986 5680 2088 5744 ipse
2111 5694 2203 5731 non

612 5741 857 5862 “urbem,
883 5801 998 5866 petit
1026 5816 1044 5853 :
1067 5803 1468 5854 dissentientibus
1491 5802 1601 5850 Fdd.
1622 5801 1726 5852 aliis
1751 5811 1800 5853 et
1825 5812 1930 5854 Mss.

1877 334 1932 390 S.
1966 331 2333 388 AUGUSTINI
2369 331 2670 391 EPISCOPI

3766 350 3878 408 5238

2335 445 2530 502 clamat
2560 467 2573 502 :
2607 449 2764 517 Deus,
2815 449 2940 522 quid
2988 450 3080 507 tibi
3107 452 3246 508 feci?
3287 455 3410 526 quid
3462 459 3734 515 commisi?
3774 468 3879 534 quid

2332 539 2594 606 peccavi?
2621 539 2690 596 Se
2711 541 2918 611 justum
2945 543 3059 598 vult
3078 543 3267 613 videri,
3292 545 3456 601 Deum
3479 549 3746 618 injustum.
3766 554 3880 623 Quid

2329 635 2433 682 tam
2461 631 2718 698 pravum?
2760 631 2950 688 Parum
2981 641 3066 693 est
3103 635 3224 705 quia
3250 642 3416 691 tortus
3459 647 3579 705 est;
3625 649 3674 696 et
3715 649 3880 700 tortam

2327 721 2561 791 regulam
2595 731 2760 791 putat.
2805 723 3024 798 Corrige
3052 735 3142 794 te,
3189 737 3244 783 et
3281 729 3488 785 invenis
3519 742 3714 788 rectum
3741 749 3766 787 a
3794 753 3881 808 quo

2326 818 2380 868 te
2403 812 2726 884 depravasti.
2753 815 2845 871 ille
2871 818 3032 885 juste,
3065 826 3122 873 tu
3150 819 3379 889 injuste:
3408 829 3462 876 et
3487 821 3608 877 ideo
3633 839 3881 893 pervorsus

2325 916 2404 966 es,
2446 905 2566 974 quia
2609 906 2877 961 hominem
2917 908 3116 977 justum
3158 908 3326 977 dicis,
3357 919 3411 966 et
3440 911 3608 966 Deum
3637 913 3878 984 injusmm.

2325 993 2494 1064 Quem
2527 996 2796 1053 hominem
2815 999 3019 1070 justum
3042 1000 3210 1055 dicis?
3233 1001 3502 1072 Teipsum.
3523 1003 3736 1071 Quando
3757 1009 3878 1063 enim

2323 1086 2477 1154 dicis,
2508 1087 2643 1155 Quid
2677 1089 2766 1144 tibi
2793 1091 2926 1157 feci;
2954 1091 3154 1162 justum
3186 1101 3236 1146 te
3265 1102 3437 1161 putas.
3465 1093 3569 1149 Sed
3597 1097 3880 1165 respondeat

2324 1177 2419 1232 tibi
2469 1179 2865 1235 DeuszV'erum
2911 1181 3078 1250 dicis,
3132 1183 3262 1236 mihi
3311 1183 3438 1237 nihil
3489 1182 3687 1251 fecisti;
3727 1188 3878 1242 omnia

2323 1270 2466 1325 enim
2501 1271 2590 1326 tibi
2623 1270 2815 1328 fecisti.
2838 1273 2892 1329 Si
2914 1273 3056 1328 enim
3081 1274 3208 1329 mihi
3230 1275 3428 1344 aliquid
3452 1274 3686 1344 fecisses,
3711 1276 3876 1332 bonum

2325 1361 2561 1420 fecisses.
2602 1365 2866 1437 Quidquid
2913 1367 3056 1422 enim
3103 1369 3238 1422 bene
3283 1366 3374 1432 ﬁt,
3425 1367 3556 1423 mihi
3583 1368 3666 1434 ﬁt;
3694 1371 3802 1440 quia
3826 1387 3877 1424 ex

2327 1466 2595 1526 praecepto
2625 1472 2748 1513 meo
2778 1457 2838 1517 fit
2860 1475 2874 1511 :
2899 1457 3154 1528 quidquid
3188 1467 3363 1512 autem
3395 1459 3519 1513 mali
3552 1459 3639 1522 ﬁt,
3685 1460 3767 1514 tibi
3804 1459 3874 1524 fit,

2324 1561 2428 1601 non
2459 1547 2586 1602 mihi
2617 1547 2708 1614 ﬁt;
2740 1549 2863 1622 quia
2897 1566 3001 1606 non
3040 1549 3167 1606 facit
3208 1551 3377 1605 malus
3413 1549 3611 1621 aliquid
3650 1549 3742 1605 nisi
3769 1552 3874 1614 sibi,

2323 1639 2444 1708 quia
2490 1638 2590 1694 hoc
2640 1655 2744 1695 non
2799 1656 2897 1712 ego
2932 1641 3116 1712 iubeo.
3167 1642 3325 1696 Tales
3370 1642 3586 1713 quando
3633 1643 3872 1709 videritis,

2325 1731 2536 1795 fratres,
2566 1732 2839 1801 corripite,
2864 1733 3091 1802 arguite,
3120 1733 3369 1803 corrigite
3391 1752 3403 1786 :
3425 1743 3477 1787 et
3503 1733 3546 1786 si
3570 1748 3668 1789 non
3691 1735 3874 1803 potestis

2324 1823 2601 1892 corripere
2627 1833 2719 1878 aut
2742 1825 3039 1893 corrigere,
3070 1825 3233 1880 nolite
3254 1827 3594 1887 consentire;
3620 1834 3676 1880 ut
3694 1826 3874 1895 possitis

2324 1914 2525 1978 dicere,
2558 1914 2678 1970 Non
2705 1915 2917 1971 adhaesit
2944 1916 3066 1970 mihi
3089 1933 3176 1971 cor
3201 1933 3431 1988 pravum.

2396 2010 2448 2064 7.
2478 2007 2603 2064 Cant
2630 2009 2904 2063 declinaret
2931 2026 2963 2062 a
2993 2026 3071 2064 me
3095 2010 3376 2079 malignus,
3409 2025 3511 2062 non
3537 2008 3870 2078 cognoscebam.

2327 2099 2460 2166 Quid
2499 2109 2601 2165 est,
2636 2117 2735 2154 non
2778 2101 3180 2172 cognoscebam?
3218 2099 3334 2154 Non
3379 2099 3760 2170 approbabam,
3788 2116 3868 2153 non

2325 2192 2626 2258 laudabam,
2656 2207 2760 2246 non
2791 2191 2920 2246 mibi
2953 2192 3214 2260 placebat.
3239 2190 3578 2262 Cognoscere
3604 2191 3734 2245 enim
3757 2191 3872 2245 inve-

2324 2283 2500 2339 nimus;
2528 2283 2578 2336 in
2605 2281 2890 2360 Scripturis
2919 2282 3203 2354 aliquando
3229 2281 3331 2337 diei
3351 2325 3366 2350 ,
3402 2296 3500 2353 pro
3537 2297 3600 2337 eo
3640 2281 3764 2352 quod
3802 2290 3867 2335 cst

2324 2374 2535 2444 placere
2563 2374 2738 2429 nobis.
2772 2373 2909 2443 Quid
2941 2375 3082 2430 enim
3115 2374 3242 2430 latet
3275 2375 3466 2440 Deum,
3499 2374 3716 2429 fratres?
3742 2374 3870 2428 Num-

2321 2467 2445 2536 quid
2474 2467 2618 2522 novit
2646 2465 2817 2537 iustos
2839 2510 2852 2533 ,
2880 2475 2934 2523 et
2958 2482 3062 2521 non
3088 2469 3234 2522 novit
3257 2467 3487 2537 injustos
3509 2467 3532 2521 ?
3555 2467 3683 2534 Quid
3706 2468 3867 2537 cogitas

2323 2556 2466 2627 quod
2506 2557 2596 2612 ille
2643 2557 2878 2612 nesciat?
2918 2556 3032 2612 Non
3079 2558 3219 2623 dico,
3253 2557 3375 2628 quid
3421 2557 3584 2623 facis;
3626 2557 3731 2618 sed.
3769 2557 3865 2626 quid

2321 2650 2524 2720 cogitas
2544 2649 2684 2719 quod
2709 2649 2798 2704 ille
2819 2650 3058 2704 nesciat?
3079 2649 3191 2705 Non
3216 2649 3356 2716 dico,
3383 2650 3512 2720 quid
3537 2650 3752 2719 cogitas;
3774 2649 3859 2710 sed,

2322 2742 2448 2814 quid
2477 2743 2806 2812 cegitaturus
2828 2757 2886 2798 es
2908 2741 3045 2812 quod
3073 2742 3162 2798 ille
3191 2757 3296 2796 non
3325 2750 3454 2796 ante
3477 2739 3862 2796 viderit?0mnia

2321 2851 2448 2907 ergo
2475 2836 2622 2890 novit
2658 2835 2796 2890 Deus
2822 2854 2834 2888 :
2859 2844 2912 2890 et
2937 2843 3116 2890 tamen
3156 2835 3208 2888 in
3237 2833 3376 2901 ﬁne,
3426 2834 3476 2888 id
3518 2843 3596 2889 est
3628 2834 3676 2887 in
3705 2832 3861 2901 judicio

2322 2937 2443 2998 post
2467 2927 2891 2984 misericordiam
2916 2970 2928 2989 ,
2962 2927 3028 2982 de
3055 2927 3369 2998 quihusdam
3395 2928 3562 2982 dicit:
3590 2947 3607 2978 ι
3637 2927 3686 2980 In
3709 2927 3780 2978 illa
3796 2925 3860 2978 die

2323 3020 2472 3074 multi
2503 3021 2712 3074 venturi
2742 3027 2899 3085 sunt,
2934 3028 2988 3074 et
3012 3020 3226 3082 dicent,
3256 3019 3518 3085 Domine,
3566 3019 3787 3081 Domine,
3821 3017 3856 3068 in

2323 3113 2537 3166 nomine.
2567 3121 2656 3166 tuo
2681 3111 2944 3167 daemonia
2967 3111 3245 3181 eiecimus,
3267 3112 3317 3165 in
3343 3113 3560 3166 nomine
3582 3122 3665 3166 tuo
3683 3111 3858 3163 virtutes

2321 3203 2514 3258 multas
2537 3205 2553 3235 ί
2599 3203 2854 3269 fecimus,
2906 3204 2957 3263 in
2997 3204 3213 3259 nomine
3257 3212 3347 3258 tuo
3381 3201 3788 3258 manducavimus
3819 3205 3858 3252 et

2320 3295 2586 3356 bibimus;
2628 3303 2680 3348 et
2705 3294 2878 3348 dicam
2905 3294 3028 3361 illis,
3064 3293 3329 3350 Discedite
3355 3310 3384 3348 a
3423 3310 3527 3358 me,
3555 3291 3762 3362 operarii
3785 3290 3858 3342 ini.

2319 3387 2535 3456 quitatis
2556 3403 2569 3450 ;
2591 3402 2697 3440 non
2720 3386 2840 3441 novi
2861 3401 2956 3440 vos
2987 3405 3005 3438 ι
3033 3386 3244 3457 (Matth.
3281 3401 3372 3451 vn,
3411 3386 3480 3439 '22
3495 3384 3660 3454 et25).
3683 3382 3760 3436 Ille
3778 3394 3855 3434 non

2320 3478 2465 3544 novit
2492 3477 2757 3545 aliquem?
2785 3471 2888 3532 Sed
2917 3477 3041 3547 quid
3067 3487 3170 3542 est,
3203 3477 3320 3531 Non
3344 3479 3463 3531 novi
3489 3477 3606 3531 vos?
3635 3477 3682 3529 In
3707 3472 3852 3542 regula

2319 3585 2435 3625 mea
2465 3584 2570 3624 non
2616 3586 2713 3625 vos
2754 3585 3007 3641 agnosco.
3047 3569 3179 3625 Novi
3225 3572 3365 3624 enim
3415 3570 3644 3641 regulam
3681 3568 3856 3637 justitire

2318 3677 2453 3715 mete
2476 3677 2489 3714 :
2515 3676 2620 3716 non
2650 3661 2722 3715 illi
2750 3662 3040 3731 congruitis
3062 3703 3077 3727 ,
3106 3661 3421 3718 declinastis
3449 3663 3515 3716 ab
3541 3662 3624 3716 illa
3643 3701 3656 3725 ,
3685 3654 3852 3713 distorti

2316 3755 2465 3810 estis.
2496 3753 2620 3808 [deo
2646 3763 2700 3808 et
2733 3754 2816 3809 hic
2853 3755 3007 3822 dixit,
3040 3754 3160 3810 Non
3188 3756 3563 3826 cognoscebam.
3594 3755 3708 3810 Cum
3725 3748 3849 3804 decli-

2317 3857 2458 3902 naret
2484 3864 2515 3900 a
2543 3863 2621 3900 me
2655 3847 2925 3918 malignus,
2957 3865 3057 3902 non
3089 3849 3470 3919 cognoscebam.
3501 3847 3629 3916 Quid
3659 3853 3748 3907 est,
3773 3857 3848 3894 non

2316 3939 2710 4009 cognoscebam?
2742 3939 3007 4010 Numquid
3057 3939 3194 3996 forte
3237 3942 3360 4011 quia
3406 3943 3656 4010 malignus
3681 3933 3850 4008 quando

2315 4030 2523 4086 obviam
2553 4031 2774 4100 ﬁtjusto
2801 4031 2852 4085 in
2897 4032 3018 4084 vico
3045 4042 3269 4102 angusto
3292 4077 3307 4097 ,
3351 4032 3480 4087 dicit
3516 4032 3610 4086 sibi
3637 4026 3757 4099 quod
3788 4032 3850 4076 est

2315 4119 2568 4191 scriptum
2594 4123 2643 4176 in
2663 4120 2933 4191 Sapientia
2954 4120 3275 4188 Salomonis,
3295 4122 3476 4177 Gravis
3495 4132 3563 4177 est
3587 4120 3714 4174 nobis
3734 4115 3847 4170 etiam

2316 4215 2384 4270 ad
2405 4217 2674 4270 videndum
2701 4216 2855 4288 (Sap.
2888 4233 2946 4282 ll,
2986 4217 3106 4288 15);
3150 4226 3205 4272 et
3247 4226 3420 4272 mutat
3460 4217 3591 4271 viam
3630 4229 3689 4266 ne
3709 4208 3848 4262 videat

2315 4324 2474 4378 quem
2507 4323 2612 4362 non
2640 4308 2787 4362 vult?
2826 4307 2929 4362 Sed
2975 4323 3131 4378 quam
3163 4309 3314 4363 multi
3348 4317 3472 4364 sunt
3511 4302 3708 4373 maligni
3745 4310 3847 4368 quos

2315 4399 2576 4464 videmus,
2607 4409 2660 4454 et
2685 4400 2772 4469 qui
2796 4414 2891 4453 nos
2918 4397 3119 4463 vident,
3147 4407 3202 4454 et
3226 4416 3330 4454 non
3359 4399 3528 4455 solum
3557 4412 3653 4452 non
3679 4410 3702 4444 τι
3727 4388 3846 4444 nobis

2315 4488 2606 4554 declinant,
2635 4491 2727 4543 sed
2751 4500 2973 4544 currunt
2993 4489 3057 4544 ad
3076 4504 3195 4550 nos,
3216 4498 3270 4543 et
3285 4489 3566 4560 aliquando
3592 4482 3845 4553 iniquitates

2315 4595 2439 4634 snas
2482 4597 2577 4651 per
2625 4595 2721 4634 nos
2769 4581 2975 4652 impleri
3022 4582 3324 4650 cupiunt’?
3371 4582 3675 4646 Plerumque
3725 4567 3844 4624 nobis

2314 4674 2595 4744 contingit.
2643 4672 2922 4741 Quomodo
2969 4687 3096 4742 ergo
3136 4673 3446 4727 declinant?
3476 4669 3697 4725 Declinat
3728 4677 3752 4715 a
3777 4667 3840 4717 te.

2311 4765 2399 4834 qui
2431 4764 2704 4820 dissimilis
2733 4773 2812 4817 est
2840 4763 2955 4816 tihi.
2981 4762 3117 4829 Quid
3148 4773 3248 4828 est,
3278 4764 3505 4817 declinat
3531 4775 3557 4812 a
3586 4755 3668 4811 te?
3695 4765 3778 4806 non
3803 4755 3841 4798 lc

2311 4857 2574 4926 sequitur.
2603 4853 2741 4922 Quid
2769 4863 2879 4918 est,
2909 4870 3012 4908 non
3043 4863 3094 4908 te
3122 4854 3394 4923 sequitur?
3419 4853 3528 4906 Non
3558 4859 3603 4902 tc
3628 4843 3838 4931 imitatur:

2313 4947 2475 5018 Ergo,
2508 4944 2634 5000 Cum
2660 4945 2904 4999 delinaret
2931 4963 2962 4998 a
2991 4961 3068 4999 me
3094 4947 3367 5016 malignus,
3401 4945 3449 4999 id
3478 4951 3574 5007 est,
3606 4950 3711 4990 cum
3739 4924 3838 5018 mili!

2312 5017 2592 5093 dissimilis
2623 5047 2766 5092 esset
2790 5037 3075 5107 malignus,
3101 5047 3154 5091 et
3180 5037 3294 5096 vias
3318 5051 3460 5090 meas
3484 5033 3636 5087 nollet
3657 5017 3835 5113 imitari,

2313 5131 2478 5186 nollet
2504 5129 2581 5185 sic
2603 5129 2782 5183 vivere
2809 5129 3091 5199 malignus,
3119 5130 3387 5200 quomodo
3417 5141 3499 5182 me
3533 5122 3601 5175 illi
3628 5122 3834 5187 ρτθροειη

2376 5312 2391 5341 ι
2423 5317 2547 5364 nss.,
2569 5319 2783 5364 magnas.
3729 5354 3789 5364 .,.-
3821 5353 3830 5363 .

2376 5320 2391 5341 ι
2423 5320 2452 5353 \l
2513 5347 2523 5356 .
2622 5325 2632 5354 .’
2682 5320 2695 5353 1
2745 5341 2783 5353 ..

2372 5373 2392 5403 ί
2415 5320 2856 5448 Εῐῗδέιῖἶῖἐῗέαέιρδῐ
2884 5367 3350 5448 verbum,‘coupiunt,
3378 5367 3447 5416 sic

2372 5383 2392 5403 ³
2415 5383 2488 5419 Er.
2515 5383 2568 5420 ει
2590 5383 2699 5418 ιον.
2763 5383 2856 5417 1081.
2884 5383 3106 5426 VBI'DUID,
3135 5383 3350 5429 ευρῃληι,
3378 5383 3447 5416 διε
3478 5383 3828 5448 ριὐδρηυωιῖυ..ι-

2307 5433 2657 5509 emanasse
2668 5383 3122 5509 abiecimus!"
3142 5416 3828 5509 Ξ,ἐὲςδεξξνψίηεέξὲἔτ’ῗὲἰὲἕέιέ

2310 5446 2461 5498 pterw
2529 5446 2586 5481 ue
2607 5446 2657 5480 δε
2674 5446 2808 5480 ηουιδ
2833 5446 3122 5493 σσιψιηςικηι
3143 5446 3165 5479 .’
3190 5446 3470 5490 t'terumque
3493 5446 3827 5509 ῐιυυιεειυυωτῖιᾶ.

2310 5446 2970 5570 κθὲἓυξῗίδοὶῐιίῖἓ,¹¹³ἷὶἓ
2993 5493 3105 5570 nisi:
3135 5490 3417 5570 νέεῖῖιῖξιςζαέε
3434 5480 3826 5570 ,ςξςέὲξέίέτὲηξαὲοίὲε

2307 5539 2690 5632 initiates-9
2711 5539 2821 5632 uss.
2863 5565 2999 5624 cum.
3026 5539 3154 5626 suis.
3173 5539 3400 5632 nonnisi:
3432 5539 3826 5632 ιπιξςςςᾞξηνξοξῧξ

2306 5603 2530 5692 ῗὰᾑῶζρίὶ
2551 5630 2567 5676 ;
2589 5603 2770 5692 quibus
2788 5614 2914 5688 forte
2938 5615 3098 5692 minus
3143 5615 3405 5692 intellectis

2306 5659 2911 5753 sustinetis;mgnas
2927 5659 3411 5753 assesasses;
3431 5659 3822 5753 ρρεᾟέχξξιςξέςεὲς

2308 5710 2645 5753 δυυδξηυυηλῗλ
2663 5710 2902 5750 Ψινογιαιξι
2927 5710 3308 5756 υιιισιῗιιικιξγιυιι.
3333 5710 3411 5724 ιιιν
3431 5710 3555 5739 ,ιν-ς..
3579 5726 3588 5734 .
3645 5710 3667 5719 υ

2308 5755 2558 5804 respicere.
2579 5740 2772 5804 videtur
2796 5739 2854 5786 ad
2877 5741 3122 5804 improbos
3139 5738 3422 5800 liugawres,
3439 5744 3516 5794 qui
3532 5730 3697 5777 iniqua)
3714 5767 3716 5770 _

2314 5801 2575 5865 impetrare
2600 5803 2660 5849 ab
2684 5801 2923 5862 episcopis
2945 5801 3221 5862 cupiebant.
