4088 6438
280 373 345 430 ad
369 373 757 446 imitationem;
788 394 889 436 non
915 386 1291 455 cognoscebam.
1329 388 1467 455 Quid
1498 401 1611 460 est,
1644 411 1744 451 non
1770 414 1857 454 co-

281 469 625 538 gnoscebant?
653 470 763 528 Non
805 474 928 545 quia
967 477 1308 548 nesciebam,
1353 481 1447 538 sed
1487 485 1608 555 quia
1635 503 1742 544 non
1767 505 1862 559 ap-

278 560 592 632 probabam.

341 655 393 710 8.
424 653 582 728 [uers.
615 657 694 731 5.]
725 657 1078 716 Detrahentem
1109 666 1338 734 proximo
1364 684 1455 723 suo
1484 673 1696 742 occulte,
1726 674 1859 731 hunc

273 748 621 818 persequebar.
664 750 801 806 Ecce
851 766 1158 821 persecutor
1200 757 1403 823 bonus,
1438 777 1547 817 non
1581 765 1815 822 hominis
1839 807 1854 833 ,

272 835 360 891 sed
403 841 633 906 peccati.
674 839 903 913 Superbo
938 845 1084 900 oculo
1125 856 1170 902 et
1207 849 1485 906 insatiabili
1519 855 1699 922 corde,
1741 857 1858 914 huic

272 945 367 984 non
393 931 743 987 convescebar.
773 935 909 1004 Quid
936 947 1039 1007 est,
1069 957 1168 996 non
1196 946 1565 1002 convescebar?
1588 948 1706 1004 Non
1735 967 1855 1008 cum

269 1018 358 1074 illo
399 1023 813 1080 manducabam.
866 1029 1124 1086 Attendat
1174 1031 1416 1092 Charitas
1467 1047 1674 1108 vestra;
1730 1043 1852 1114 quia

265 1111 450 1166 mirum
491 1114 697 1185 aliquid
737 1117 970 1175 audituri
1001 1123 1149 1178 estis.
1194 1125 1250 1180 Si
1295 1143 1402 1183 non
1435 1111 1854 1192 convescebatur

262 1215 375 1257 cum
414 1204 505 1259 illo
525 1247 541 1274 ,
576 1221 685 1262 non
716 1210 1103 1281 mandueabat;
1130 1216 1277 1272 vesci
1307 1219 1486 1291 enim,
1530 1223 1852 1283 manducare

263 1301 505 1351 estzcur
555 1313 687 1370 ergo
743 1299 914 1372 ipsum
971 1306 1144 1374 primo
1195 1309 1478 1368 Dominum
1537 1315 1846 1377 invenimus

260 1386 612 1445 manducasse
663 1406 786 1447 cum
832 1397 1160 1466 superbis“?
1207 1399 1327 1457 Non
1375 1419 1499 1460 cum
1548 1409 1848 1478 publicanis

260 1476 357 1532 illis
400 1488 454 1534 et
494 1485 897 1554 peccatoribus,
950 1504 1072 1544 nam
1116 1490 1219 1562 ipsi
1270 1492 1499 1554 humiles
1538 1509 1847 1562 erantzco-

257 1572 572 1641 gnoscebant
599 1577 747 1631 enim
776 1577 1090 1649 languorem
1138 1598 1293 1640 suum
1319 1629 1334 1654 ,
1381 1597 1436 1644 et
1463 1592 1727 1650 medicum
1755 1612 1840 1654 re-

263 1665 552 1731 quirebant.
594 1668 734 1724 Cum
774 1671 904 1742 ipsis
930 1676 1177 1744 superbis
1219 1679 1507 1740 Pharisaris
1539 1685 1842 1746 invenimus

257 1754 387 1810 illum
417 1759 794 1818 manducasse.
827 1764 958 1820 Nam
984 1770 1251 1838 superbus
1279 1774 1495 1844 quidam
1523 1777 1840 1840 invitaverat

256 1845 553 1921 illumzipse
581 1862 672 1909 est
713 1857 796 1910 cui
828 1857 1096 1928 displicuit
1130 1864 1253 1934 quia
1299 1869 1495 1925 mulier
1541 1879 1833 1947 peccatrix,

254 1953 358 2008 qua:
381 1952 493 1996 erat
519 1943 570 1998 in
607 1945 828 2002 civitate
859 1947 1085 2018 famosa,
1117 1957 1343 2012 accessit
1366 1960 1432 2014 ad
1465 1963 1627 2031 pedes
1653 1966 1834 2024 Domi-

254 2030 326 2094 ni;
351 2041 401 2088 et
421 2034 493 2088 ait
522 2035 572 2089 in
609 2038 777 2094 corde
802 2044 940 2112 δυο(
970 2043 1092 2112 quia
1116 2047 1235 2103 talis
1257 2059 1374 2104 erat
1402 2030 1662 2111 munditia
1691 2058 1833 2117 Pha-

251 2122 531 2194 rismorum,
577 2139 644 2184 ut
688 2148 847 2187 nemo
904 2150 998 2190 eos
1046 2137 1260 2208 iniquus
1301 2153 1580 2215 tangeret;
1622 2150 1668 2204 si
1715 2153 1834 2222 quis

249 2210 351 2269 illos
386 2217 696 2277 immundus
737 2222 820 2278 vel
852 2226 1057 2281 modice
1097 2230 1357 2300 tetigisset
1379 2210 1418 2301 ,⁷
1441 2237 1828 2314 exhorrcbant,

253 2319 312 2360 ne
336 2309 475 2376 quasi
504 2310 817 2367 immundos
848 2329 943 2369 eos
972 2315 1167 2374 laceret
1198 2330 1366 2378 tactus
1407 2326 1728 2386 immundus.
1761 2333 1832 2389 At

246 2397 322 2452 ubi
348 2405 614 2469 peccatrix
657 2403 740 2457 illa
761 2446 776 2471 ,
809 2423 926 2476 qua:
955 2418 1070 2463 erat
1112 2410 1164 2464 in
1206 2413 1418 2471 civitate
1460 2417 1661 2475 famosa
1686 2463 1701 2488 ,
1734 2438 1827 2479 ac-

247 2489 388 2545 cessit
411 2491 536 2549 llere
567 2494 644 2549 ad
672 2495 834 2564 pedes
863 2499 1106 2569 Domini,
1149 2503 1239 2558 ille
1283 2520 1402 2561 cum
1443 2509 1646 2566 videret
1683 2528 1823 2584 eam,

246 2579 358 2635 dixit
381 2583 430 2637 in
469 2584 642 2640 corde
669 2586 789 2659 suo)
824 2606 837 2643 :
877 2588 975 2643 Hic
1011 2592 1055 2645 si
1081 2605 1206 2647 esset
1235 2598 1486 2668 prapheta
1505 2643 1518 2667 ,
1540 2603 1690 2656 sciret
1716 2622 1827 2676 quia

247 2675 410 2728 mulier
443 2675 520 2730 illi
549 2680 768 2732 accessit
794 2681 863 2734 ad
889 2681 1058 2752 pedes.
1098 2683 1250 2740 Unde
1289 2689 1489 2744 sciebat
1518 2693 1639 2762 quia
1668 2692 1822 2752 Chri-

246 2773 344 2822 stus
371 2769 630 2836 nescivit,
677 2771 778 2826 nisi
811 2773 932 2829 inde
963 2775 1261 2845 suspicatus
1290 2789 1373 2834 est
1401 2796 1522 2835 eum
1554 2787 1818 2856 nescisse,

245 2863 346 2932 quia
373 2877 470 2917 non
501 2879 530 2918 a
559 2880 627 2920 se
654 2866 883 2936 repulit?
919 2868 1050 2939 Quia
1081 2871 1124 2925 si
1158 2871 1271 2942 ipse
1301 2883 1474 2941 esset,
1527 2880 1814 2949 repelleret

246 2965 272 3007 a
296 2968 364 3012 se.
388 2956 650 3013 Dominus
674 2971 851 3015 autem
881 2975 985 3016 non
1015 2963 1187 3017 solum
1216 2965 1491 3023 mulierem
1525 2969 1667 3026 illam
1695 2988 1821 3042 pec-

245 3047 468 3103 catricem
504 3059 772 3116 noverat,
805 3051 900 3108 sed
929 3061 982 3108 et
1011 3053 1154 3109 illius
1184 3058 1397 3126 superbi
1415 3061 1434 3090 ²
1456 3061 1673 3117 vulnera
1702 3079 1816 3120 me-

243 3134 371 3193 dicus
419 3141 739 3199 insanabilia
793 3144 1027 3201 videbat.
1084 3149 1173 3203 Ait
1215 3149 1356 3204 enim
1409 3166 1530 3208 cum
1581 3156 1818 3215 audisset

242 3232 559 3303 cogitantem,
600 3243 657 3291 ut
683 3237 993 3295 ostenderet
1019 3239 1169 3295 illum
1196 3243 1484 3312 superbum
1513 3265 1524 3299 :
1557 3267 1574 3299 ι
1603 3247 1810 3318 Simon,

242 3316 391 3378 habeo
419 3325 623 3397 aliquid
665 3328 759 3383 tibi
806 3328 1031 3386 dicere:
1065 3331 1182 3388 Duo
1219 3332 1489 3392 debitores
1519 3351 1668 3395 erant
1696 3316 1815 3396 cui;

240 3412 342 3470 dam
367 3417 680 3486 feneratori;
712 3437 852 3477 unus
896 3423 943 3478 ei
981 3423 1211 3481 debebat
1245 3432 1622 3501 quinquaginta
1647 3431 1814 3492 dena-

239 3507 360 3572 rios,
387 3511 516 3568 alius
544 3515 905 3585 quingentos;
933 3531 1053 3571 cum
1095 3534 1199 3574 non
1228 3519 1485 3578 haberent
1517 3527 1655 3581 unde
1685 3528 1806 3584 red-

237 3599 418 3669 derent,
442 3603 651 3660 dimisit
680 3606 939 3662 ambobus
965 3625 978 3662 :
1001 3609 1121 3679 quis
1147 3625 1266 3666 eum
1296 3613 1413 3682 plus
1443 3613 1668 3670 dilexit?
1693 3636 1711 3669 ι
1743 3618 1809 3675 Et

237 3689 314 3747 ille
337 3704 508 3751 contra
537 3711 603 3752 se
633 3697 767 3752 dixit
795 3700 1138 3766 sententiam,
1173 3710 1520 3774 extorquente
1547 3706 1647 3761 sibi
1674 3722 1808 3764 con-

237 3781 494 3843 fessionem
526 3789 789 3845 veritate:
815 3808 833 3842 ι
858 3790 1050 3858 Credo,
1085 3793 1304 3848 Domine
1327 3836 1343 3862 ,
1375 3797 1459 3850 cui
1491 3796 1609 3867 plus
1637 3797 1807 3856 dona-

235 3875 318 3930 vit.
348 3876 411 3932 Et
434 3895 731 3936 conversus
759 3881 826 3937 ad
857 3882 1136 3938 mulierem
1156 3927 1170 3950 ,
1212 3884 1344 3940 dixit
1371 3885 1575 3942 Simoni
1605 3907 1617 3943 :
1645 3889 1806 3948 Vides

237 3964 377 4022 istam
418 3971 732 4028 mulierem?
773 3971 968 4029 lntravi
1014 3975 1066 4029 in
1112 3975 1331 4032 domum
1384 3987 1563 4047 tuam;
1609 3997 1802 4053 aquam

237 4057 356 4115 mihi
381 4060 440 4120 ad
467 4062 627 4132 pedes
655 4078 762 4119 non
789 4065 985 4120 dedisti
1016 4083 1029 4120 :
1058 4067 1154 4122 ista
1198 4077 1375 4124 autem
1406 4069 1654 4142 lacrymis
1691 4074 1803 4132 suis

231 4149 354 4208 lavit
373 4154 534 4227 pedes
562 4173 752 4214 meos»
785 4157 936 4232 (Luc.
967 4175 1041 4215 vn
1064 4203 1078 4227 ,
1108 4161 1336 4233 56-44);
1383 4171 1430 4219 et
1461 4174 1650 4221 caetera
1683 4183 1801 4238 quae

233 4243 405 4300 nostis.
428 4246 545 4303 Non
577 4264 709 4319 opus
738 4259 821 4306 est
851 4251 902 4305 in
931 4251 1048 4307 aliis
1079 4262 1298 4323 promer
1325 4271 1443 4324 qua:
1468 4256 1531 4311 ad
1556 4258 1797 4314 testimo—

231 4335 362 4393 nium
401 4341 773 4409 adhibuimus,
807 4342 1006 4400 diutius
1050 4345 1342 4402 immorari.
1374 4349 1480 4404 lste
1507 4349 1798 4421 pharisaeus

231 4415 468 4502 superbus
489 4446 626 4504 erat,
657 4439 1074 4495 convescebatur
1099 4456 1217 4495 cum
1246 4441 1336 4498 illo
1358 4442 1648 4510 Dominus;
1673 4446 1798 4516 quid

229 4533 300 4578 est
325 4541 444 4598 ergo
471 4528 615 4600 quod
640 4531 712 4586 ait
738 4573 753 4598 ,
802 4530 1035 4600 Superbo
1061 4532 1208 4587 oculo
1235 4543 1282 4587 et
1310 4535 1586 4590 insatiabili
1614 4537 1792 4605 corde,

229 4615 330 4671 huic
356 4637 452 4675 non
471 4623 996 4692 convescebar?Quid
1025 4634 1126 4689 est,
1160 4642 1259 4678 non
1291 4628 1654 4682 convescebar?
1680 4627 1792 4684 Non

230 4722 336 4766 cum
359 4713 449 4771 illo
475 4715 884 4771 manducabam.
912 4715 1192 4784 Quomodo
1221 4719 1375 4773 nobis
1406 4722 1653 4791 proponit
1678 4722 1794 4777 luec

228 4819 332 4876 qua:
357 4809 468 4881 ipse
510 4828 618 4867 non
647 4811 808 4868 fecit?
838 4811 916 4866 Ad
945 4812 1294 4868 imitationem
1324 4827 1473 4868 suam
1518 4830 1617 4870 nos
1663 4816 1790 4871 hor-

227 4903 352 4955 tatur
377 4919 391 4956 :
419 4903 663 4960 videmus
687 4919 808 4959 eum
847 4904 1186 4959 convivatum
1217 4919 1336 4960 esse
1364 4921 1484 4961 cum
1520 4907 1786 4978 superbis,

226 4993 471 5058 quomodo
500 5010 599 5051 nos
623 4995 870 5067 prohibet
895 5011 962 5052 ne
1002 4996 1346 5053 convivemur
1384 5012 1504 5053 cum
1534 4998 1649 5054 eis?
1682 4998 1790 5058 Nos

225 5082 455 5156 quidem,
497 5088 717 5156 fratres,
752 5098 970 5159 propter
1010 5089 1400 5159 correptionem
1444 5090 1676 5162 aliquam
1706 5101 1786 5148 te-

224 5187 395 5233 nemus
418 5193 516 5234 nos
540 5181 698 5236 etiam
724 5195 754 5235 a
781 5180 1033 5236 fratribus
1075 5180 1272 5235 nostris
1294 5223 1309 5248 ,
1339 5192 1392 5236 et
1421 5195 1526 5236 non
1557 5197 1678 5237 cum
1709 5184 1787 5240 eis

226 5271 564 5340 eonvivamur,
614 5283 674 5330 ut
711 5274 1066 5345 corrigantur.
1116 5272 1249 5328 Cum
1299 5274 1567 5329 extraneis
1611 5275 1784 5344 potius

278 5384 412 5454 ξω.
437 5395 510 5439 Er.
537 5397 590 5440 et
609 5397 867 5454 Lov.,cum
889 5387 1110 5454 superbis
1153 5394 1199 5440 et
1243 5401 1336 5440 non
1371 5402 1482 5439 cum
1518 5387 1785 5451 publicanis

223 5439 365 5514 illiset
387 5439 708 5507 peccatoribus
723 5439 746 5503 1⁵
760 5439 1167 5503 ᾖόὲίάυᾶῐοιοίιεῑό
1193 5439 1305 5514 Mss.
1339 5439 1651 5501 removémus
1674 5439 1784 5514 par-

432 5518 492 5573 et,
518 5523 777 5602 notamque
796 5515 1187 5602 interrogationis
1217 5513 1786 5602 colloea‘m‘usaatﬂuehgpe

277 5581 304 5602 ΙΙ
324 5582 381 5602 An
405 5586 492 5602 ιιι-ῃ
511 5589 522 5600 ι
554 5599 558 5602 ,
590 5588 648 5602 Δ..
676 5589 781 5602 και...
812 5590 874 5602 αις,
921 5589 1076 5602 unum-
1125 5588 1153 5602 Λ
1177 5589 1203 5602 ΙΙ
1264 5589 1294 5602 11

224 5573 494 5640 δεηιοιιιίωιι
511 5589 532 5640 :_
549 5583 648 5640 gon
671 5573 782 5640 c'um
812 5573 1093 5640 publica'nis,
1124 5583 1240 5638 etc.,
1264 5583 1320 5626 ut
1349 5587 1527 5626 sensus
1557 5577 1620 5627 sit
1643 5589 1655 5624 :
1681 5583 1782 5626 Non

229 5630 738 5710 “€°.€!‘B',Pub“€m§§v
757 5630 904 5710 ειδε...
952 5653 965 5663 ·
1079 5630 1090 5636 ’
1133 5698 1176 5710 ..

280 5690 470 5765 διωριτί
489 5711 658 5750 omnes
675 5690 804 5765 Mss,
831 5699 970 5765 illius
983 5698 1221 5765 superbia:
1249 5711 1267 5749 :
1291 5706 1352 5765 et
1364 5698 1508 5762 paulo
1542 5705 1651 5764 post
1672 5699 1780 5764 ple.

225 5748 370 5820 titus,
391 5755 508 5824 loco,
525 5767 576 5812 ut
587 5748 879 5825 ostenderet,
891 5748 1108 5823 Haben;
1123 5748 1167 5812 et
1179 5748 1472 5813 ostenderet.

600 5846 830 5916 Sacr.
875 5848 1158 5914 Ληουεῖ.
1197 5846 1307 5913 iV.

1457 273 1848 340 ENARRATIO
1884 282 1953 344 IN
1980 287 2306 356 PSALMUM
2341 301 2401 359 C.

3423 333 3562 394 i290

1977 410 2352 486 convivamur,
2381 432 2501 475 cum
2529 419 2790 497 Paganis,
2835 442 2994 502 quam
3025 447 3146 494 cum
3177 438 3260 500 his
3289 446 3379 515 qui
3406 450 3559 507 nobis

1972 497 2237 572 haerent‘,
2265 509 2311 563 si
2335 511 2622 574 viderimus
2643 533 2736 578 eos
2758 523 2896 581 male
2917 527 3114 595 vivere,
3138 544 3196 589 ut
3217 538 3556 609 erubescant,

1969 599 2024 645 et
2070 595 2434 670 corrigantur;
2483 607 2622 665 sicut
2659 611 2784 670 dicit
2828 617 3159 689 Apostolus:
3191 627 3256 682 Si
3300 633 3412 701 quis
3451 595 3554 692 non

1970 682 2177 741 obaudit
2213 692 2357 747 verba
2399 708 2567 754 nostra
2607 721 2696 774 per
2735 708 3029 784 epistolam,
3074 717 3207 776 hunc
3254 682 3454 792 notate,
3505 739 3553 782 et

1967 775 2123 832 nolite
2150 785 2458 842 commisceri
2501 808 2614 847 cum
2659 813 2753 863 eo;
2799 812 2848 856 et
2894 821 2994 860 non
3033 817 3085 861 ut
3135 811 3392 870 inimicum
3439 836 3554 876 eum

1965 869 2290 941 existimetis,
2332 881 2421 933 sed
2447 886 2682 958 corripite
2709 899 2764 943 ut
2792 895 2997 964 fratrem
3035 899 3100 974 (ll
3133 901 3308 961 Thess.
3339 925 3392 965 tn

1965 959 2075 1032 15).
2102 962 2348 1026 Facimus
2376 970 2478 1030 hoc
2503 959 2815 1052 plerumque
2855 959 3072 1060 propter
3095 959 3450 1070 medicinam}
3495 959 3551 1060 ei

1962 1060 2143 1112 tamen
2182 1073 2304 1117 cum
2348 1071 2618 1127 extraneis
2644 1076 2824 1133 multis
2853 1089 2907 1136 et
2934 1097 3055 1138 cum
3084 1086 3258 1158 impiis
3284 1108 3425 1165 stepe
3451 1113 3546 1154 ve-

1959 1159 2177 1206 scrmur.

2029 1237 2080 1338 9Σ
2100 1239 2339 1338 Quid-est
2364 1248 2466 1307 hoc
2493 1256 2632 1324 quod
2654 1259 2745 1325 ait,
2777 1262 3008 1334 Superbo
3033 1273 3180 1326 oculo
3201 1283 3247 1329 et
3267 1278 3542 1338 insatiabili

1957 1328 2128 1398 corde,
2159 1332 2275 1390 huic
2313 1355 2416 1394 non
2458 1350 2825 1406 convcscebar?
2870 1354 3041 1414 Habet
3083 1365 3266 1432 epulas
3301 1382 3423 1425 suas
3450 1387 3544 1428 cor

1953 1419 2118 1488 pium,
2152 1423 2313 1483 habet
2333 1434 2516 1501 epulas
2545 1452 2669 1494 suas
2699 1457 2792 1498 cor
2820 1450 3107 1517 superbum
3135 1473 3148 1509 :
3174 1472 3294 1512 nam
3327 1473 3544 1534 propter

1956 1509 2099 1534 -21.--
2122 1513 2254 1534 2---.
2399 1522 2433 1534 ··
2640 1530 2654 1534 -
2680 1532 2689 1534 -

1953 1509 2101 1568 cibos
2122 1513 2266 1585 ipsos
2286 1522 2464 1578 cordis
2479 1530 2713 1597 superbi,
2738 1534 2858 1591 ideo
2881 1537 3033 1610 dixit,
3064 1509 3342 1604 insatiabili
3365 1509 3537 1612 mide.

1951 1602 2058 1659 Cor
2077 1610 2364 1678 superbum
2388 1617 2528 1674 unde
2550 1626 2818 1691 pascitur?
2844 1629 2898 1685 Si
2923 1602 3182 1704 superbus
3204 1602 3538 1710 est,

1950 1704 2033 1752 est
2057 1716 2068 1751 :
2094 1699 2250 1758 aliter
2265 1719 2383 1762 esse
2403 1725 2508 1766 non
2525 1725 2717 1783 potest.
2737 1699 3015 1794 Superbia,
3037 1740 3208 1787 mater
3232 1699 3536 1798 invidentia:

1948 1799 2032 1846 est
2051 1809 2063 1846 :
2083 1807 2190 1850 non
2218 1807 2395 1868 potest
2419 1804 2521 1860 nisi
2549 1823 2808 1878 generare
2825 1815 2980 1886 hanc,
3003 1830 3056 1876 et
3076 1837 3195 1879 cum
3213 1826 3301 1883 illa
3323 1846 3536 1904 semper

1947 1897 2087 1940 esse.
2119 1887 2305 1949 Omnis
2345 1911 2472 1968 ergo
2501 1905 2797 1974 superbus,
2849 1910 3059 1970 invidus
3092 1928 3174 1974 est
3199 1937 3210 1972 :
3235 1921 3280 1976 si
3326 1924 3534 1984 invidus

1945 1983 2046 2056 est,
2075 1981 2230 2037 malis
2254 1984 2442 2044 alienis
2479 1995 2729 2061 pascitur.
2771 1999 2923 2058 Unde
2964 2004 3092 2063 dicit
3131 2014 3533 2082 Apostolus:Si

1943 2069 2184 2126 mordetis
2203 2083 2249 2129 et
2265 2080 2522 2138 comeditis
2551 2086 2793 2156 invicem;
2821 2093 2983 2150 videte
3003 2113 3066 2153 ne
3089 2100 3150 2154 ab
3171 2103 3376 2161 invicem
3405 2126 3530 2166 con-

1942 2162 2216 2264 sumamini
2227 2165 2420 2235 (Galat.
2436 2175 2818 2250 ν,’15.)νὶάθιίε
2831 2201 2957 2257 ergo
2972 2193 3345 2264 comedentes;
3367 2162 3529 2260 nolite

1942 2247 2026 2304 his
2051 2259 2334 2327 convesei,
2380 2261 2544 2333 fugite
2585 2269 2686 2324 tale
2725 2276 3263 2356 eonvivium;neqne
3299 2292 3440 2345 enim
3468 2309 3527 2349 se

1937 2343 2134 2400 satiant
2171 2350 2452 2418 gaudendo
2501 2357 2569 2413 de
2611 2363 2763 2419 malis
2812 2367 3020 2435 alienis,
3056 2343 3196 2445 quia
3243 2379 3524 2440 insatiabili

1936 2435 2098 2490 corde
2127 2453 2271 2497 sunt.
2315 2445 2455 2502 Cave
2485 2465 2553 2505 ne
2581 2455 2806 2522 capiaris
2837 2459 2890 2513 in
2921 2463 3091 2529 epulis
3119 2481 3304 2523 eorum
3338 2472 3524 2542 laqueo

1943 2521 2038 2542 λη.
2097 2527 2129 2542 ..
2184 2529 2292 2542 η...

1935 2521 2151 2582 diaboli.
2179 2529 2324 2588 Cihis
2355 2537 2545 2594 talibus
2571 2521 2925 2611 pascebantur
2947 2521 3137 2622 .ludac-i,
3167 2561 3380 2628 quando
3401 2521 3525 2621 cru-

1933 2617 2217 2678 cilixerunt
2259 2627 2581 2688 Dominum:
2607 2638 2701 2692 sed
2739 2641 2859 2708 quia
2889 2648 3241 2713 pascebantur
3273 2664 3518 2728 tanquam

1936 2707 1990 2728 ,Α
2210 2717 2246 2728 ἢ
2348 2721 2358 2728 ,
2405 2722 2416 2728 ,

1931 2707 1997 2763 de
2023 2726 2180 2780 poena
2209 2717 2438 2776 Domini.
2459 2724 2623 2794 (Nam
2649 2738 2703 2784 et
2727 2707 2827 2787 nos
2853 2707 2919 2790 de
2947 2751 3107 2795 cruce
3127 2741 3330 2800 Domini
3352 2707 3518 2815 pasci-

1929 2817 2071 2870 mur,
2087 2807 2207 2875 quia
2222 2824 2416 2882 corpus
2437 2815 2602 2884 ipsius
2623 2821 3023 2882 manducamus.
3040 2830 3061 2899 )
3077 2831 3325 2889 Dicebant
3347 2838 3514 2908 enim,

1931 2909 2050 2950 cum
2077 2900 2320 2958 viderent
2345 2921 2464 2961 eum
2495 2911 2814 2978 pendentem
2847 2918 2898 2971 in
2926 2935 3108 2988 cruce,
3155 2925 3473 2986 insultantes
3495 2974 3511 2999 ,

1928 2989 2049 3057 quia
2071 2988 2402 3051 insatiabiles
2424 3001 2586 3057 corde
2607 3015 2788 3072 erant;
2815 3008 3062 3068 dicebant
3081 3031 3210 3088 ergo
3231 3037 3244 3072 :
3264 3019 3326 3075 Si
3347 2988 3514 3079 Filius

1926 3075 2021 3132 Dei
2048 3091 2152 3150 est,
2203 3083 2473 3143 descendat
2500 3091 2563 3146 de
2585 3111 2764 3161 cruce;
2803 3099 2933 3155 alios
2959 3103 3190 3174 saluauit,
3231 3126 3284 3164 se
3318 3114 3514 3169 saluere

1922 3187 2022 3225 non
2057 3183 2215 3230 potest
2245 3176 2458 3245 (Matth.
2501 3199 2676 3250 xxvn,
2719 3187 2808 3253 40,
2854 3191 2965 3261 42).
2999 3194 3358 3256 Pascebantur
3387 3204 3510 3260 cibo

1921 3265 2252 3323 crudelitatis
2274 3287 2408 3340 suae,
2443 3286 2496 3330 et
2524 3277 2611 3332 ille
2643 3283 2956 3348 pascebatur
2981 3288 3100 3344 cibo
3128 3291 3509 3354 misericordia

1920 3375 2048 3414 sua}.
2086 3359 2270 3432 Pater,
2306 3366 2501 3437 inquit,
2541 3371 2741 3441 ignosce
2773 3376 2906 3442 illis,
2958 3381 3076 3449 quia
3117 3386 3345 3440 nesciunt
3385 3391 3508 3460 quid

1917 3453 2115 3524 faciunt
2133 3454 2284 3526 (Luc.
2307 3475 2455 3524 χχιιι,
2481 3461 2595 3535 54).
2621 3465 2696 3520 ΙΙΙί
2719 3484 2844 3540 ergo
2867 3471 3131 3531 habebant
3149 3478 3281 3535 alias
3297 3453 3504 3555 epulas,

1917 3543 2006 3599 ille
2032 3546 2184 3603 alias.
2216 3549 2322 3606 Sed
2347 3552 2471 3622 quid
2503 3555 2704 3613 dictum
2736 3562 2804 3616 sit
2828 3562 2895 3620 de
2919 3582 3100 3623 mensa
3126 3543 3500 3648 superborum,

1915 3635 2092 3691 audite
2117 3654 2133 3691 :
2162 3638 2282 3694 Fiat
2309 3659 2482 3698 mensa
2509 3663 2683 3703 eorum
2711 3667 2881 3707 coram
2910 3657 3034 3725 ipsis
3063 3661 3114 3714 in
3145 3666 3500 3739 muscipulam,

1917 3733 1964 3778 et
1991 3726 2045 3782 in
2074 3731 2472 3802 retributionem,
2505 3746 2552 3791 et
2578 3737 2632 3793 in
2658 3745 2954 3799 scandalum
2984 3746 3154 3819 (Psal.
3187 3726 3366 3824 vant,
3386 3726 3500 3832 95):

1915 3814 2057 3872 Pasti
2085 3829 2228 3886 sunt,
2259 3825 2396 3894 capti
2429 3837 2573 3882 sunt.
2601 3829 2880 3897 Quomodo
2903 3837 3045 3893 enim
3067 3854 3192 3897 aves
3212 3845 3277 3899 ad
3298 3854 3499 3906 musci-

1912 3906 2090 3975 pulam
2111 3951 2127 3976 ,
2155 3920 2246 3966 aut
2270 3914 2443 3982 pisces
2473 3917 2540 3971 ad
2570 3917 2786 3976 hamum
2818 3937 3126 3995 pascuntur,
3158 3932 3251 3987 sed
3281 3939 3499 4008 capiun-

1915 4006 2029 4064 tur;
2061 3999 2139 4054 sic
2164 4010 2217 4056 et
2255 4004 2378 4073 ipsi.
2414 4005 2620 4063 Habent
2647 4026 2774 4081 ergo
2819 4013 2963 4084 impii
2996 4019 3179 4087 epulas
3207 3999 3361 4094 suas;
3399 4028 3497 4082 ha-

1911 4091 2039 4147 bent
2071 4103 2126 4148 et
2166 4095 2235 4164 pii
2266 4099 2449 4167 epulas
2476 4115 2620 4156 suas.
2663 4104 2800 4160 Audi
2843 4109 3024 4178 epulas
3066 4113 3274 4184 piorum
3309 4091 3499 4177 :ﬁBeati

1907 4186 1995 4254 qui
2034 4188 2261 4244 esuriant
2291 4200 2336 4245 et
2362 4193 2539 4248 sitiunt
2570 4197 2858 4269 justitiam,
2905 4207 3144 4274 quoniam
3171 4211 3270 4282 ipsi
3293 4226 3498 4271 satura-

1907 4277 2093 4334 buntur
2122 4281 2332 4350 (Matth.
2362 4300 2424 4352 v,
2454 4288 2533 4357 6).
2561 4287 2616 4345 Si
2644 4307 2773 4363 ergo
2799 4295 2918 4364 pius
2943 4301 3175 4367 pascitur
3191 4277 3318 4360 icibo
3337 4307 3496 4378 justi-

1906 4370 2028 4437 tize,
2069 4382 2122 4430 et
2163 4375 2360 4447 impius
2389 4380 2686 4451 superbite;
2733 4401 2838 4441 non
2887 4390 3078 4446 mirum
3106 4394 3148 4448 si
3177 4395 3492 4457 insatiabilis

1906 4463 2128 4518 corde'.
2157 4464 2398 4523 Pascitur
2422 4469 2541 4525 cibo
2566 4472 2860 4543 iniquitatis
2886 4497 2899 4532 :
2929 4481 3035 4534 noli
3079 4486 3220 4552 pasci
3248 4489 3365 4544 cibo
3391 4491 3495 4546 ini-

1904 4554 2140 4624 quitatis,
2173 4567 2227 4613 et
2270 4575 2376 4615 non
2423 4561 2518 4617 tibi
2565 4567 2906 4624 convescitur
2932 4574 3195 4642 superbus
3252 4581 3406 4635 oculo
3434 4597 3468 4638 e

1904 4647 2217 4706 insatiabilis
2243 4654 2425 4711 corde.

1974 4741 2042 4797 10
2081 4741 2230 4815 [vers.
2259 4745 2338 4820 6.]
2365 4748 2432 4803 Et
2459 4750 2601 4809 unde
2631 4761 2683 4809 tu
2715 4757 3055 4826 pascebaris?
3083 4771 3137 4818 et
3163 4765 3286 4834 quid
3316 4775 3366 4822 te
3392 4767 3490 4825 de-

1900 4835 2130 4892 lectabat
2153 4880 2168 4904 ,
2202 4838 2288 4895 ubi
2316 4839 2406 4898 ille
2438 4843 2531 4899 tibi
2560 4861 2666 4902 non
2696 4853 3150 4909 convescebatur?
3181 4855 3328 4912 Oculi
3356 4861 3492 4931 mei,

1897 4925 2103 4996 inquit,
2147 4945 2301 4998 super
2338 4931 2512 5002 ﬁdeles
2553 4944 2728 5006 terra,
2765 4950 2820 4995 ut
2853 4945 3164 5000 considerent
3193 4948 3246 5001 hi
3273 4965 3490 5008 mecum.

1897 5017 2156 5075 Dominus
2192 5021 2352 5091 dicit,
2400 5025 2554 5082 Oculi
2587 5031 2685 5084 mei
2711 5049 2864 5103 super
2889 5034 3064 5103 ﬁdeles
3089 5047 3268 5106 terrm,
3293 5051 3346 5094 ut
3368 5059 3492 5098 con-

1895 5110 2112 5167 siderent
2149 5113 2203 5167 hi
2239 5131 2430 5170 mecum
2458 5133 2477 5172 :
2501 5118 2552 5173 id
2583 5130 2662 5176 est
2681 5162 2694 5186 ,
2725 5131 2780 5177 ut
2808 5139 3017 5180 mecum
3043 5128 3313 5186 sederent.
3341 5133 3490 5201 Quo-

1893 5202 2054 5258 modo
2078 5204 2368 5263 sederent?
2397 5207 2644 5264 Sedebitis
2671 5228 2826 5281 super
2854 5215 3118 5274 duodecim
3143 5221 3370 5289 thronos,
3391 5232 3487 5297 ju-

1895 5293 2117 5350 dicentes
2138 5297 2400 5354 duodecim
2422 5300 2578 5355 tribus
2603 5301 2770 5359 Israel
2796 5305 2905 5380 (Id.
2938 5326 3033 5366 XIX
3056 5356 3070 5381 ,
3097 5311 3212 5387 28).
3237 5293 3489 5376 Indicant

1893 5513 1914 5564 Ι
1958 5455 1974 5485 ί
2009 5455 2081 5504 sic
2101 5461 2208 5505 Mss.
2235 5461 2290 5504 At
2313 5461 2369 5505 Er
2413 5464 2465 5507 et
2485 5463 2614 5522 Lov.,
2640 5460 2722 5525 qui
2744 5463 2987 5518 nobiscum
3008 5476 3163 5532 erant,
3187 5478 3232 5524 et
3253 5473 3384 5526 nobis
3397 5475 3484 5528 ads

1909 5523 2095 5564 iterent.

1909 5523 2076 5566 iterent
2084 5551 2095 5563 .

1957 5579 1986 5658 ξ.
2011 5586 2109 5658 an}:
2150 5584 2221 5628 Er.
2242 5586 2302 5658 ft
2325 5583 2872 5658 lovLinterpungebant
2895 5593 2964 5658 sic
2989 5606 3002 5641 :
3029 5607 3123 5658 non
3145 5594 3320 5645 mirum
3343 5597 3386 5647 si
3407 5597 3482 5649 in-

1893 5636 2127 5711 satiabilis
2149 5639 2295 5689 corde
2316 5641 2530 5733 pascitur
2553 5636 2962 5733 cjbo’liniquitatis:
2988 5655 3139 5733 atinps
3177 5658 3334 5726 bene;
3374 5675 3484 5733 nam

1900 5709 2186 5733 Annlluhnnc
2207 5715 2432 5733 nnnnncnu
2474 5719 2560 5733 γει-Λ
2596 5721 2654 5733 ,ιη
2691 5724 2770 5733 ...ς-
2817 5720 3011 5733 ,α---.ι-..
3044 5729 3076 5733 -_
3129 5730 3154 5733 μ
3188 5731 3197 5733 _

1893 5703 2187 5784 Augustinps
2207 5703 2788 5784 proposuitprobanduui,
2808 5720 3011 5784 propter
3033 5703 3162 5769 cibos
3178 5703 3308 5782 ips—0's
3321 5703 3485 5784 cordi;

1887 5761 2101 5828 Superbi,
2125 5761 2234 5816 ideo
2251 5761 2432 5819 dictum
2453 5761 2572 5835 esse,
2595 5761 2855 5823 insatiabili
2875 5761 3039 5827 cerde.

2734 5857 3323 5958 (Quarantbunej
