4088 6490
603 339 739 402 1291

600 467 790 527 ﬁdeles
812 474 972 527 terrea
993 508 1007 533 ,
1029 459 1219 537 quibus
1238 458 1432 521 dicitur
1457 480 1470 517 :
1503 458 1722 517 Nescitis
1745 459 1863 531 quia
1888 460 2091 531 angelos
2104 460 2197 532 ju-

598 564 879 619 dicabimus
905 560 946 635 (1
974 560 1091 617 Cor.
1122 572 1177 615 vr
1200 600 1214 624 ,
1240 555 1341 631 5)?
1368 556 1515 611 Oculi
1539 555 1638 610 mei
1656 568 1806 625 super
1830 550 2005 623 ﬁdeles
2030 560 2195 618 terrae,

596 664 655 713 ut
683 653 999 710 considerent
1023 652 1075 706 Ιιὶ
1101 664 1312 705 mecum.
1343 645 1622 703 Antbulans
1651 646 1705 700 in
1733 644 1815 701 via
1837 644 2162 698 immaculata
2179 685 2193 709 ,

599 747 683 802 Itic
718 746 841 800 mihi
880 742 1213 798 ministrabat.
1257 739 1388 795 Mihi
1431 740 1537 807 ait,
1581 754 1688 796 non
1724 737 1845 795 sibi.
1877 737 2026 795 Multi
2055 738 2197 794 enim

594 838 901 894 ministrant
924 834 1269 907 Evangelium
1294 875 1309 900 ,
1337 832 1432 890 sed
1457 832 1558 888 sibi
1588 830 1926 898 ministrant;
1958 829 2080 902 quia
2103 843 2197 885 sua

596 936 877 1000 quaerunt,
923 942 1031 982 non
1082 942 1202 999 qua:
1246 925 1373 983 Jesu
1417 922 1613 982 Christi
1659 921 1917 994 (Philipp.
1959 936 2032 987 ll,
2076 920 2194 990 21).

594 1018 734 1087 Quid
780 1029 896 1085 est,
943 1015 1161 1074 Christo
1206 1013 1556 1073 ministrare?
1592 1016 1663 1071 Ea
1702 1030 1821 1087 quae
1849 1012 2046 1071 Christi
2075 1022 2196 1068 sunt

593 1125 857 1181 quterere.
887 1109 955 1164 Et
978 1108 1193 1180 quidem
1222 1107 1434 1179 quando
1464 1105 1589 1163 mali
1614 1106 1929 1163 annuntiant
1958 1106 2194 1176 Evange-

594 1205 726 1257 lium
752 1244 766 1267 ,
791 1202 878 1256 alii
906 1202 1177 1257 salvantur
1195 1241 1212 1269 ,
1234 1199 1310 1255 illi
1336 1199 1643 1270 puniuntur.
1674 1198 1881 1254 Dictum
1907 1204 1989 1253 est
2010 1195 2151 1251 enim
2178 1213 2191 1250 :

594 1298 727 1367 ρυω
754 1295 964 1361 dicunt,
998 1293 1184 1366 facite;
1211 1308 1324 1364 qtae
1348 1292 1559 1365 faciunt,
1593 1291 1758 1364 facere
1784 1288 1936 1344 nolite
1983 1285 2193 1361 (Matth.

604 1402 730 1445 nm
751 1431 764 1454 ,
788 1389 865 1458 3).
892 1387 1005 1445 Non
1030 1389 1217 1443 timeas
1238 1400 1366 1457 ergo
1385 1385 1596 1457 quando
1619 1399 1651 1440 a
1675 1382 1816 1439 malo
1844 1383 1996 1439 audis
2018 1382 2193 1437 Evan-

592 1481 809 1551 gelium.
841 1479 933 1534 Vae
964 1478 1038 1534 illi
1062 1480 1151 1549 qui
1181 1477 1283 1534 sibi
1314 1477 1616 1542 ministrat,
1650 1474 1701 1531 id
1729 1482 1813 1531 est
1835 1516 1851 1542 ,
1883 1474 1971 1545 qui
2002 1489 2095 1529 sua
2124 1472 2193 1527 ibi

594 1571 785 1642 qumrit
831 1587 844 1626 :
892 1579 966 1634 tu,
994 1569 1194 1626 Christi
1217 1570 1418 1640 accipe.
1463 1569 1741 1624 Ambulans
1766 1568 1821 1622 in
1844 1568 1925 1621 via
1951 1567 2195 1623 immacu-

593 1663 717 1727 lata,
766 1663 845 1716 hic
884 1662 1008 1716 mihi
1042 1661 1375 1716 ministrabat.

662 1755 750 1809 ii.
801 1752 951 1827 [vers.
997 1751 1076 1826 7.]
1121 1751 1243 1808 Non
1272 1752 1513 1807 habitavit
1543 1752 1561 1784 ¹
1591 1754 1643 1805 in
1672 1751 1836 1807 medio
1862 1751 2041 1805 domus
2071 1766 2195 1806 t1th

591 1849 781 1920 faciens
820 1846 1126 1917 superbiam.
1158 1843 1370 1900 Referte
1393 1846 1413 1876 ²
1443 1840 1511 1899 ad
1536 1842 1751 1899 domum
1773 1842 1921 1923 illam
1946 1884 1962 1909 ,
1992 1841 2045 1897 id
2069 1851 2150 1898 est
2167 1881 2193 1915 ,

584 1941 656 2002 ad
698 1956 810 1996 cor.
854 1940 970 1996 Non
1014 1938 1285 1994 habitabat
1322 1940 1376 1993 in
1420 1937 1584 1995 corde
1626 1952 1747 1994 meo
1779 1936 1978 1993 faciens
2007 1951 2193 2008 super-

584 2034 730 2091 biam
762 2052 775 2088 :
810 2032 988 2089 nullus
1017 2032 1135 2089 talis
1160 2030 1431 2087 habitabat
1466 2031 1517 2085 in
1546 2029 1707 2086 corde
1736 2042 1889 2095 meo;
1924 2028 2189 2084 resiliebat

587 2125 731 2181 enim
771 2123 915 2180 inde.
954 2122 1123 2179 Nemo
1159 2119 1429 2177 habitabat
1464 2121 1516 2175 in
1544 2118 1704 2175 corde
1731 2133 1882 2185 meo,
1916 2118 2017 2173 nisi
2044 2117 2189 2173 mitis

586 2226 644 2274 et
669 2217 878 2288 quietus
902 2233 916 2284 ;
939 2214 1200 2287 superbus
1226 2229 1330 2269 non
1357 2213 1462 2268 illic
1484 2211 1772 2267 habitabat.
1796 2210 1911 2266 Non
1934 2212 2072 2267 enim
2094 2210 2187 2267 ha-

584 2306 721 2363 bitat
759 2309 812 2364 in
852 2306 1013 2364 corde
1048 2306 1177 2378 justi
1218 2306 1466 2377 injustus.
1509 2305 1591 2360 Sit
1614 2318 1645 2359 a
1675 2313 1727 2359 te
1747 2304 1920 2375 justus
1949 2313 2187 2359 remotus

584 2400 769 2456 nescio
792 2408 920 2471 quot
949 2397 1183 2454 millibus
1207 2406 1261 2453 et
1276 2396 1642 2452 mansionibus
1666 2412 1680 2460 ;
1708 2395 1866 2450 simul
1896 2394 2143 2451 habitatis
2162 2436 2183 2465 ,

582 2491 631 2548 si
670 2506 829 2547 unum
880 2506 972 2545 cor
1013 2489 1239 2545 habetis.
1288 2486 1411 2543 Non
1454 2487 1692 2542 habitavit
1724 2488 1777 2541 in
1812 2487 1976 2543 medio
2004 2486 2185 2541 domus

582 2598 710 2639 metu
748 2583 938 2653 faciens
976 2581 1282 2654 superbiam.
1323 2579 1556 2651 Loquens
1592 2579 1767 2651 iniqua
1794 2596 1895 2634 non
1921 2579 2104 2636 direa‘it
2130 2580 2183 2634 in

583 2684 854 2743 conspectu
880 2672 1142 2728 oculorum
1166 2687 1410 2726 meorum.
1440 2670 1567 2726 Haec
1591 2679 1674 2727 est
1700 2669 1783 2725 via
1811 2671 2145 2726 immaculata
2164 2712 2178 2737 ,

579 2764 673 2820 ubi
700 2765 1044 2835 intelligimus
1068 2762 1282 2834 quando
1307 2762 1375 2818 ad
1405 2777 1503 2818 nos
1526 2762 1703 2817 veniat
1724 2762 2000 2819 Dominus.

654 2857 741 2912 12.
768 2856 915 2931 [vers.
940 2855 1020 2931 8.]
1045 2857 1113 2913 In
1138 2856 1397 2911 matutinis
1422 2854 1782 2926 interﬁciebam
1805 2873 1977 2912 omnes
2005 2873 2181 2929 pecca-

582 2961 717 3005 tores
746 2961 909 3005 terra.
942 2949 1054 3005 Hoc
1079 2950 1364 3007 obscurum
1396 2956 1480 3005 est
1501 2965 1515 3015 ;
1538 2948 1829 3020 dignamini
1854 2947 2132 3004 advertere
2163 2967 2176 3004 :

576 3043 686 3115 jam
720 3043 841 3099 linis
880 3042 1075 3099 Psalmi
1102 3052 1202 3099 est.
1236 3040 1303 3097 1η
1328 3042 1587 3097 matutinis
1625 3041 1985 3113 interﬁciebam
2008 3059 2179 3098 omnes

579 3145 868 3207 peccatores
896 3145 1059 3191 terrae.
1093 3135 1313 3203 Quare?
1342 3134 1411 3192 Ut
1440 3136 1731 3208 disperdam
1760 3135 1822 3190 de
1848 3136 2043 3191 civitate
2074 3136 2179 3191 Do-

576 3230 704 3283 mini
732 3244 902 3283 omnes
928 3238 1191 3300 aper-antes
1219 3228 1552 3298 iniquitatem.
1580 3227 1716 3284 Sunt
1736 3242 1863 3299 ergo
1886 3227 1937 3283 in
1965 3228 2178 3284 civitate

575 3320 788 3377 Domini
826 3329 1108 3391 operantes
1148 3321 1516 3393 iniquitatem.
1564 3332 1617 3379 et
1655 3323 1807 3395 quasi
1836 3322 2070 3394 parcitur
2097 3324 2176 3379 eis

574 3412 758 3473 modo.
785 3413 1001 3481 Quare?
1026 3412 1159 3481 Quia
1184 3414 1563 3470 misericordia
1589 3426 1797 3485 tempus
1824 3424 1907 3471 est
1929 3434 1942 3469 :
1971 3415 2062 3471 sed
2085 3430 2179 3472 ve-

574 3502 687 3558 niet
715 3511 768 3557 et
791 3502 974 3572 judicii
998 3519 1012 3568 ;
1035 3503 1157 3574 quia
1186 3505 1264 3559 sic
1291 3506 1453 3575 coepit
1477 3505 1739 3571 Psalmus,
1770 3505 2175 3561 Misericordiam

574 3605 622 3650 et
636 3596 889 3664 judicium
907 3597 1117 3652 cantabo
1139 3597 1246 3667 tibi,
1272 3597 1505 3654 Domine.
1528 3598 1644 3655 Jam
1666 3600 1996 3657 enumeravit
2011 3616 2173 3671 supe-

571 3688 686 3744 rius
728 3689 850 3759 quia
892 3704 998 3745 non
1042 3689 1117 3745 illi
1160 3690 1508 3746 adhaeserunt
1542 3692 1642 3746 nisi
1685 3692 1830 3747 boni.
1873 3694 2025 3748 Malis
2064 3708 2169 3750 non

571 3780 826 3848 adhtesit,
876 3795 977 3837 nec
1020 3780 1385 3837 delectabatur
1433 3781 1606 3853 epulis
1654 3783 1943 3854 iniquitatis
1984 3798 2169 3841 eorum

569 3872 662 3944 qui
683 3872 783 3928 sibi
804 3873 1209 3939 ministrabant,
1233 3890 1338 3929 non
1361 3874 1607 3943 Domino,
1640 3873 1693 3930 id
1720 3883 1823 3942 est,
1845 3888 1938 3930 sua
1960 3892 2169 3947 quaere-

566 3962 716 4020 bant.
764 3964 832 4020 Et
868 3966 1019 4036 quasi
1058 3966 1326 4022 diceretur
1352 3968 1461 4033 illi,
1491 3968 1560 4023 Et
1587 3968 1769 4040 utquid
1803 3970 1933 4025 tales
1960 3969 2013 4024 in
2041 3970 2169 4026 civi-

565 4067 677 4115 tate
712 4068 801 4113 tua
840 4067 988 4114 tanto
1029 4067 1269 4130 tempore
1304 4060 1584 4116 tolerasti?
1610 4058 1841 4133 Tempus
1865 4061 2170 4118 misericor-

566 4149 670 4205 diae
696 4159 780 4205 est
798 4193 813 4217 ,
844 4151 939 4205 ait.
970 4151 1107 4218 Quid
1137 4160 1220 4207 est
1243 4194 1257 4216 ,
1292 4161 1499 4222 tempus
1525 4152 1951 4210 misericordiae?
1979 4153 2166 4211 Adhuc

565 4242 805 4297 nondum
844 4244 1138 4300 revelatum
1173 4253 1257 4302 est
1278 4246 1536 4316 judicium
1568 4266 1579 4300 :
1610 4263 1714 4303 nox
1743 4258 1857 4316 est;
1887 4252 2166 4320 apparebit

565 4334 716 4400 dies,
763 4336 1037 4405 apparebit
1070 4336 1348 4407 judicium.
1393 4338 1530 4395 Audi
1573 4340 1891 4411 Apostolum
1929 4360 1942 4395 ε
1984 4341 2165 4414 Itaque

564 4426 722 4481 nolite
768 4416 883 4482 ante
920 4438 1116 4499 tempus
1157 4431 1433 4502 quidquam
1452 4433 1707 4503 judicare.
1738 4434 1875 4502 Quid
1903 4444 1984 4491 est
2003 4479 2017 4502 ,
2048 4449 2165 4493 ante

564 4527 760 4589 tempus
782 4519 808 4573 7
843 4520 982 4574 Ante
1023 4519 1183 4575 diem.
1213 4520 1351 4576 Audi
1375 4523 1497 4594 quia
1525 4533 1647 4579 ante
1673 4523 1815 4580 diem
1843 4525 1977 4582 dixit
2005 4545 2018 4580 :
2048 4527 2162 4583 Do-

560 4627 652 4668 nec
682 4614 843 4667 veniat
866 4612 1114 4670 Dominus
1130 4653 1147 4683 ,
1172 4624 1218 4669 et
1238 4614 1485 4671 illuminet
1508 4617 1799 4673 abscondita
1823 4620 2169 4711 tenebrarum,

580 4715 607 4761 ι
629 4708 967 4779 manifestabit
990 4709 1314 4779 cogitationes
1334 4709 1500 4765 cordis
1523 4727 1543 4776 ;
1570 4720 1618 4765 et
1640 4720 1759 4768 tunc
1780 4710 1894 4767 laus
1922 4715 2016 4770 erit
2042 4708 2159 4771 uni;

552 4800 735 4870 Arique
759 4817 790 4854 a
812 4799 923 4856 Deo
953 4799 995 4873 (ἰ
1021 4798 1139 4856 Cor.
1168 4817 1221 4857 tv
1240 4843 1256 4870 ,
1290 4800 1366 4873 5).
1395 4800 1528 4857 Nam
1558 4803 1738 4873 modo,
1768 4806 2019 4877 quamdiu
2048 4823 2155 4866 non

551 4894 705 4950 vides
730 4910 824 4951 cor
853 4910 1031 4951 meum
1057 4903 1111 4951 et
1138 4910 1242 4951 non
1271 4895 1429 4951 video
1453 4912 1547 4953 cor
1571 4906 1717 4954 tuum
1739 4939 1754 4966 ,
1782 4916 1886 4955 nox
1917 4908 2019 4957 est.
2051 4899 2156 4958 Ne-

549 4987 664 5043 scio
694 4986 819 5070 quid
848 4987 913 5043 ab
939 4987 1156 5045 homine
1182 4988 1362 5061 petisti
1387 5005 1401 5055 ;
1436 5004 1541 5045 non
1571 4991 1856 5062 accepisti,
1883 4995 2153 5052 contemni

548 5086 605 5132 te
650 5088 801 5148 putas
851 5098 864 5134 :
907 5088 963 5136 et
1004 5079 1139 5137 forte
1175 5095 1281 5136 non
1320 5083 1718 5150 contemneris;
1754 5098 1848 5139 cor
1871 5085 2012 5141 enim
2044 5102 2149 5142 non

547 5170 700 5225 vides
739 5188 755 5226 :
800 5182 853 5229 et
906 5174 1001 5229 3ito
1043 5174 1421 5246 blasphemas;
1465 5175 1518 5231 in
1559 5185 1716 5232 nocte
1744 5176 1917 5233 danda
1946 5179 2148 5235 esttibi

546 5262 707 5318 venia
745 5266 965 5320 erranti.
1014 5268 1189 5338 Diligit
1230 5277 1280 5324 te
1323 5267 1484 5323 homo
1526 5271 1709 5325 nescio
1738 5270 1886 5340 quis,
1914 5279 1970 5327 et
1994 5281 2145 5342 putas

544 5355 670 5426 quia
703 5354 815 5409 odit
840 5362 930 5422 te;
960 5368 1053 5411 aut
1076 5358 1189 5412 odit
1214 5368 1266 5413 te
1286 5401 1299 5424 ,
1328 5367 1381 5415 et
1408 5370 1559 5429 putas
1580 5359 1703 5430 quia
1728 5359 1898 5431 diligit
1923 5371 1975 5417 te
2005 5380 2017 5415 :
2047 5361 2142 5418 sed

542 5447 821 5519 quodlibet
866 5447 983 5517 sit,
1038 5464 1145 5504 nox
1190 5459 1289 5505 est.
1337 5451 1455 5508 Noli
1499 5453 1729 5520 timere,
1781 5468 2045 5524 praesume
2087 5455 2141 5511 in

540 5540 759 5596 Christo
782 5582 797 5608 ,
846 5538 898 5595 in
938 5540 1029 5596 illo
1072 5539 1265 5596 habeto
1306 5542 1446 5598 diem
1478 5562 1490 5598 :
1525 5560 1629 5599 non
1661 5555 1742 5601 est
1767 5545 1890 5616 quid
1920 5545 2046 5603 mali
2070 5546 2138 5606 de

538 5726 620 5838 ωε
642 5726 729 5838 Eii“;
760 5734 841 5779 Αιι
901 5731 974 5775 Er.
1002 5730 1054 5775 et
1092 5721 1322 5785 praecipui
1345 5728 1448 5773 uss.
1484 5723 1623 5786 juxta
1645 5728 1773 5774 Lxx.
1803 5730 2008 5788 AtLOL,
2044 5721 2135 5777 ha-

609 5801 637 5834 α
713 5823 723 5836 .

599 5796 727 5905 ψέιὲ
745 5857 853 5906 usu.
876 5858 939 5905 At
956 5850 1093 5911 κω..
1111 5851 1372 5903 revertere.

1830 5968 1890 5981 ..διλ-

1846 336 1903 396 8.
1933 329 2304 394 AUGUSTINI
2340 330 2649 393 EPISCOPI
3711 354 3823 418 qm

2308 454 2400 518 illo
2432 458 2630 516 sentias
2649 500 2664 527 ,
2687 458 2808 531 quia
2831 459 3005 518 securi
3042 474 3226 521 sumus
3246 506 3260 533 ,
3296 470 3350 522 et
3383 468 3507 524 certi
3537 482 3697 533 sumus
3729 479 3825 548 quia

2305 548 2417 606 falli
2462 568 2569 608 non
2605 562 2815 624 potest;
2862 563 3007 612 amat
3034 571 3149 613 nos.
3182 558 3255 615 De
3284 559 3430 616 nobis
3457 572 3618 619 autem
3642 565 3827 627 invicem

2302 643 2540 701 nondum
2572 645 2590 677 ί
2630 647 2765 702 certi
2807 661 3010 703 sumus.
3044 649 3184 706 Deus
3210 651 3351 707 enim
3380 655 3516 710 novit
3543 654 3827 720 dilectionem

2302 745 2539 792 nostram
2574 734 2630 792 in
2656 737 2881 794 invicem
2906 756 2921 796 ε
2951 754 3048 795 nos
3072 750 3248 797 autem
3271 742 3469 800 etiamsi
3497 745 3732 819 diligimus
3754 769 3831 811 nos

2300 826 2528 884 invicem
2552 870 2567 893 ,
2613 829 2729 900 quis
2770 828 2915 891 videt
2955 846 3057 902 qua
3096 831 3486 903 dispensntione
3519 852 3546 892 a
3570 839 3705 897 nobis
3729 842 3833 903 ﬁant

2300 915 2401 977 ista
2422 921 2446 977 τ
2472 918 2648 989 Quare
2673 937 2830 977 nemo
2852 922 2995 978 videt
3018 939 3113 979 cor
3133 924 3156 979 ?
3180 924 3311 994 Quia
3342 941 3442 981 nox
3467 938 3558 984 est.
3586 928 3635 985 ln
3655 931 3736 988 ista
3757 950 3834 990 no-

2298 1021 2385 1071 cte
2428 1014 2747 1070 tentationes
2789 1014 3080 1072 abundant.
3127 1016 3287 1086 Quasi
3327 1017 3395 1074 de
3436 1018 3542 1091 ipsa
3570 1032 3705 1079 nocte
3729 1026 3835 1085 dixit

2299 1104 2535 1177 psalmus
2564 1124 2577 1160 :
2601 1101 2828 1160 Posuisti
2857 1108 3082 1161 tenebras
3107 1150 3119 1173 ,
3146 1117 3189 1161 et
3209 1111 3347 1180 facta
3368 1119 3436 1164 est
3464 1127 3560 1165 nox
3579 1130 3596 1177 ;
3614 1114 3660 1167 in
3674 1130 3723 1168 ea
3745 1134 3835 1186 per-

2299 1197 2579 1252 transibunt
2623 1214 2791 1254 omnes
2840 1199 3007 1255 bestia:
3031 1200 3171 1253 silva:
3201 1218 3220 1254 :
3245 1200 3397 1255 catuli
3425 1201 3610 1257 leonunt
3632 1206 3836 1275 rugientes

2298 1298 2354 1345 ut
2386 1291 2589 1362 rapiant
2611 1332 2623 1352 .
2652 1298 2696 1346 et
2727 1300 2778 1345 ut
2802 1300 3031 1363 quaerant
3060 1308 3090 1346 a
3117 1290 3225 1347 Deo
3256 1309 3416 1347 escam
3444 1294 3533 1349 sibi
3560 1293 3710 1366 (Psal.
3734 1314 3834 1367 cm,

2296 1379 2398 1448 20,
2438 1381 2552 1455 2i).
2593 1381 2649 1437 ln
2682 1392 2839 1438 nocte
2868 1391 3116 1456 qumrunt
3144 1400 3319 1440 escam
3350 1386 3502 1442 catuli
3528 1385 3735 1443 leonum.
3759 1390 3837 1458 Qui

2297 1484 2419 1530 sunt
2458 1474 2617 1530 catuli
2662 1474 2918 1531 leonum?
2962 1475 3267 1547 Principum
3308 1484 3361 1533 et
3403 1487 3699 1547 potestatum
3726 1483 3837 1537 aeris

2297 1566 2457 1639 hujus
2476 1610 2490 1636 ,
2516 1566 2789 1623 daemones
2815 1576 2868 1623 et
2888 1569 3062 1639 angeli
3083 1568 3276 1624 diaboli
3300 1567 3509 1643 (Ephes.
3539 1586 3605 1638 ιι,
3633 1570 3701 1642 Ξ).
3727 1571 3839 1642 Quo-

2295 1658 2457 1719 modo
2486 1659 2587 1715 sibi
2617 1669 2859 1731 quzerunt
2884 1660 3103 1715 escam?
3129 1659 3355 1730 Quando
3384 1668 3598 1717 tentant.
3628 1661 3721 1719 Sed
3743 1664 3838 1735 quia

2295 1768 2400 1809 non
2428 1752 2728 1822 accedunt,
2759 1752 2859 1808 nisi
2890 1753 3032 1810 Deus
3058 1754 3138 1809 eis
3165 1753 3373 1811 dederit
3396 1763 3723 1825 potestatem;
3748 1758 3839 1814 ideo

2295 1845 2491 1903 dictum
2537 1854 2650 1914 est,
2697 1845 2988 1912 Quwrentes
3037 1863 3069 1900 a
3113 1846 3224 1902 Deo
3264 1864 3426 1902 escam
3465 1848 3571 1903 sibi.
3608 1848 3840 1907 Petiitiob

2294 1939 2627 1998 tctltandum.
2656 1937 2877 2007 Qualem
2904 1939 3127 1995 escam?
3164 1939 3478 2012 Opulentam
3512 1941 3531 1972 '
3552 1982 3567 2008 ,
3606 1941 3837 2013 pinguem,

2286 2040 2489 2127 justum
2531 2031 2659 2097 Dei,
2688 2031 2773 2086 cui
2807 2030 2919 2101 ipse
2946 2030 3086 2086 Deus
3118 2030 3477 2087 testimonium
3510 2029 3778 2102 perhibuit,
3801 2042 3840 2089 et

2291 2120 2365 2183 an
2406 2140 2419 2179 :
2463 2120 2631 2179 Homo
2661 2122 2769 2177 sine
2796 2120 3001 2193 querela
3022 2163 3037 2189 ,
3070 2138 3216 2177 verus
3244 2120 3344 2177 Dei
3373 2123 3532 2177 cultor
3556 2123 3660 2193 fuit.
3690 2122 3840 2179 Pettvit

2290 2218 2439 2293 illum
2480 2214 2792 2273 tentandum
2817 2258 2833 2284 ,
2879 2230 3126 2287 qumrens
3168 2231 3198 2269 a
3254 2215 3366 2271 Dco
3407 2230 3577 2271 escam
3607 2235 3619 2270 :
3644 2224 3693 2272 et
3724 2231 3839 2281 acce-

2288 2312 2367 2383 pit
2416 2308 2767 2376 tentandum,
2806 2306 2899 2365 sed
2957 2324 3065 2363 non
3113 2307 3681 2381 opprimendum(.lob
3726 2308 3839 2374 1,8.

2290 2392 2379 2474 12)
2406 2420 2419 2470 ;
2449 2400 2804 2473 purgandum,
2830 2415 2936 2455 non
2957 2399 3308 2455 everteudum
3336 2418 3349 2467 ;
3373 2410 3463 2456 aut
3486 2399 3614 2455 forte
3636 2414 3722 2455 nec
3740 2415 3838 2471 pur-

2286 2495 2540 2570 gandum,
2561 2494 2655 2550 sed
2682 2493 3037 2564 probandum.
3063 2492 3266 2549 Tamen
3291 2502 3347 2549 et
3371 2494 3462 2566 qui
3484 2502 3745 2560 tentantur,
3769 2492 3838 2549 ali-

2287 2586 2501 2660 quando
2536 2586 2814 2643 ttaduntur
2838 2586 3048 2641 occulto
3074 2585 3269 2641 merito
3297 2601 3399 2642 suo
3426 2586 3479 2641 in
3508 2601 3683 2641 manus
3706 2594 3838 2641 tenta-

2288 2677 2419 2736 toris
2442 2721 2455 2746 ,
2488 2678 2609 2749 quia
2650 2674 2828 2732 traditi
2856 2684 2982 2731 sunt
3010 2676 3144 2731 forte
3170 2676 3221 2730 in
3250 2676 3699 2747 concupiscentias
3722 2690 3836 2731 suas.

2284 2770 2417 2827 Nam
2457 2768 2698 2825 diabolus
2723 2767 2853 2823 nulli
2881 2779 3072 2836 nocet,
3100 2767 3205 2823 nisi
3229 2769 3499 2840 acceperit
3526 2777 3836 2839 potestatem:

2284 2862 2415 2919 Deo.
2460 2860 2565 2919 Sed
2611 2857 2866 2931 quando?
2905 2858 2963 2914 In
3007 2867 3183 2915 nocte.
3216 2858 3357 2929 Quid
3386 2870 3469 2916 est
3492 2903 3506 2927 ,
3539 2860 3587 2915 in
3614 2857 3836 2915 noctc?ln

2284 2953 2389 3009 ἱειο
2432 2962 2694 3022 tempore.
2737 2950 2871 3006 Cum
2913 2959 3094 3005 autem
3138 2951 3415 3008 transierit
3442 2967 3573 3017 nox,
3604 2961 3654 3007 et
3676 2951 3834 3007 venerit

2283 3045 2398 3104 dies
2421 3087 2436 3114 ,
2464 3046 2748 3101 mittuntur
2776 3044 2899 3099 mali
2927 3060 3049 3100 cum
3076 3042 3169 3100 illo
3191 3044 3242 3100 in
3272 3044 3448 3116 ignem
3473 3055 3712 3101 aeternum
3735 3085 3745 3109 ,
3770 3045 3836 3112 ju-

2282 3139 2349 3194 sti
2388 3152 2517 3194 vero
2555 3135 2607 3191 in
2648 3136 2807 3191 vitam
2849 3144 3104 3192 aeternam
3149 3134 3365 3210 (Matth.
3404 3153 3537 3205 xxv,
3563 3134 3665 3208 1:6).
3692 3134 3835 3191 Nullus

2282 3229 2391 3286 illic
2433 3228 2534 3286 erit
2571 3236 2804 3284 tentator
2829 3269 2844 3296 ,
2873 3229 2995 3300 quia
3023 3242 3129 3283 non
3158 3236 3281 3283 sunt
3310 3228 3418 3284 illic
3447 3228 3600 3285 catuli
3626 3229 3835 3291 leonum;

2280 3323 2403 3395 quia
2442 3329 2706 3378 transacta
2746 3331 2828 3377 est
2855 3337 2980 3377 nox.
3017 3318 3143 3379 Ideo
3182 3318 3445 3379 Dominus
3473 3319 3728 3393 discipulis
3750 3317 3836 3375 suis

2278 3415 2354 3473 ait
2386 3434 2400 3471 :
2429 3413 2545 3470 Hac
2576 3423 2718 3470 nocte
2744 3413 3012 3486 postulavit
3037 3424 3244 3470 satanas
3271 3430 3456 3471 vexare
3482 3432 3562 3470 vos
3587 3415 3702 3469 sicut
3729 3413 3837 3467 triti-

2277 3524 2432 3575 cum;
2477 3514 2523 3561 et
2559 3522 2650 3578 ego
2673 3505 2843 3576 rogavi
2872 3522 2965 3575 pro
2993 3514 3072 3574 te,
3104 3502 3257 3560 Petre
3275 3548 3289 3572 ,
3321 3524 3385 3561 ne
3416 3506 3609 3576 deﬁciat
3634 3503 3743 3575 ﬁdes
3772 3512 3836 3557 tua

2278 3596 2431 3670 (Luc.
2470 3613 2580 3652 xxn
2600 3639 2616 3665 ,
2657 3597 2720 3652 5i
2749 3637 2765 3663 ,
2799 3594 2912 3668 52).
2943 3594 3081 3662 Quid
3113 3603 3229 3664 est,
3256 3612 3441 3651 vexare
3469 3597 3594 3651 sicut
3618 3593 3834 3649 triticum!

2275 3688 2555 3761 Quomodo
2590 3687 2659 3743 ab
2696 3686 2913 3742 homine
2953 3686 3188 3741 triticum
3219 3702 3327 3742 non
3363 3685 3729 3752 manducatur,
3758 3682 3834 3737 nisi

2274 3783 2451 3856 primo
2478 3779 2716 3836 attritum
2736 3822 2750 3847 ,
2784 3788 2842 3834 ut
2870 3793 3060 3849 panem
3091 3777 3250 3834 faciat
3275 3795 3289 3845 ;
3323 3780 3403 3835 sic
3431 3778 3689 3836 neminem
3712 3791 3835 3833 man-

2274 3875 2435 3931 dueat
2470 3870 2712 3929 diabolus
2736 3914 2751 3939 ,
2792 3870 2890 3925 nisi
2921 3870 3093 3940 primo
3116 3885 3214 3943 per
3239 3869 3631 3927 tribulationem
3660 3877 3833 3925 everte-

2274 3967 2365 4023 rit.
2404 3964 2677 4030 Conterit,
2716 3970 2773 4017 ut
2809 3960 3092 4018 manducet
3124 3979 3136 4015 :
3170 3969 3225 4016 tu
3254 3970 3435 4017 autem
3467 3959 3669 4033 quando
3694 3958 3833 4015 tribu-

2271 4059 2399 4121 laris
2420 4100 2435 4125 ,
2464 4055 2511 4112 si
2538 4068 2754 4112 maneas
2781 4068 3003 4125 granum
3026 4095 3041 4121 ,
3075 4068 3181 4108 non
3210 4052 3588 4120 conturberis;
3624 4049 3740 4105 nihil
3758 4046 3831 4103 tibi

2271 4145 2878 4222 contingit.,Quomodo
2921 4142 3135 4216 quando
3178 4144 3343 4199 boves
3384 4144 3665 4210 triturant,
3704 4152 3829 4195 numv

2270 4242 2395 4316 quid
2436 4241 2490 4297 in
2515 4239 2689 4297 solum
2716 4236 2949 4292 triticum
2978 4234 3220 4291 intrant?
3247 4234 3418 4290 Simul
3445 4236 3713 4289 mittuntur
3735 4242 3829 4284 cum

2271 4334 2462 4392 tribula
2498 4333 2551 4387 in
2577 4344 2778 4386 aream.
2807 4327 2914 4384 Sed
2940 4326 3193 4399 numquid
3223 4326 3517 4383 timendum
3545 4334 3623 4382 est
3646 4318 3830 4379 tritico?

2269 4432 2441 4489 Absit.
2489 4426 2608 4482 Non
2654 4421 2952 4481 conciditur
2985 4421 3087 4475 nisi
3130 4420 3316 4491 palea;
3353 4420 3584 4477 triticum
3609 4416 3829 4489 spoliatur

2265 4499 2552 4592 superﬂuis
2590 4517 2611 4549 ³
2634 4558 2650 4585 ,
2696 4524 2753 4571 et
2790 4514 2965 4569 veniat
3000 4511 3275 4568 ventilatio
3297 4553 3314 4580 ,
3342 4521 3398 4568 et
3424 4512 3650 4567 inveniet
3674 4518 3826 4579 puram

2266 4630 2497 4674 massam
2548 4594 2567 4667 εν
2607 4625 2765 4682 quem
2814 4608 3014 4663 invenit
3051 4621 3277 4679 granum
3315 4606 3477 4661 mittit
3521 4606 3573 4661 in
3613 4604 3824 4659 horreum

2265 4725 2422 4768 suum
2448 4726 2463 4774 ;
2506 4716 2561 4762 et
2601 4719 2848 4760 acervum
2880 4700 3045 4773 palea:
3071 4699 3348 4757 comburet
3376 4700 3485 4773 igni
3514 4692 3823 4765 inexstingui-

2264 4803 2356 4861 bili
2383 4800 2593 4874 (Matth.
2626 4814 2714 4860 ut.
2744 4796 2855 4867 l2).

2335 4894 2423 4951 15.
2475 4889 2626 4947 Unde
2668 4887 2775 4943 dixi
2819 4884 2964 4941 hoc?
3002 4883 3136 4954 Quia
3177 4882 3319 4940 diem
3361 4898 3414 4940 tn
3451 4897 3547 4955 spe
3573 4880 3817 4937 habemus.

2262 4982 2385 5044 Dies
2423 4983 2576 5040 nobis
2606 4981 2659 5037 in
2686 4979 2898 5036 Christo
2924 4976 3084 5033 debet
3110 4992 3250 5034 esse.
3280 4976 3411 5032 Nam
3436 4974 3677 5049 quamdiu
3704 4972 3821 5026 inter

2258 5075 2579 5134 tentationes
2607 5085 2792 5128 sumus
2810 5111 2825 5138 ,
2859 5084 2962 5124 nox
2989 5077 3091 5125 est.
3121 5067 3175 5124 in
3209 5069 3307 5125 ista
3335 5077 3491 5124 nocte
3516 5066 3676 5138 parcit
3702 5062 3819 5116 Deus

2255 5166 2624 5242 peccatoribus
2645 5207 2661 5231 ,
2694 5172 2747 5219 ut
2776 5178 2881 5218 non
2911 5160 3032 5217 illos
3061 5161 3249 5229 tollat;
3281 5160 3512 5232 ﬂagellat
3537 5159 3649 5214 illos
3670 5158 3816 5209 tenta-

2253 5263 2522 5330 tionibus,
2555 5268 2612 5317 ut
2645 5258 3014 5329 corrigantur;
3047 5254 3237 5311 tolerat
3262 5253 3378 5312 illos
3403 5253 3455 5310 in
3484 5251 3689 5309 civitate
3710 5258 3808 5303 sua.

2314 5469 2333 5500 ι
2368 5466 2443 5516 sic
2462 5473 2563 5515 sm.
2588 5459 2837 5525 etaliquot
2859 5464 2964 5509 Mss.
2978 5462 3036 5509 At
3055 5462 3130 5508 Er.
3152 5464 3204 5508 et
3224 5462 3354 5519 Lam,
3376 5455 3585 5507 nondum
3605 5456 3694 5502 tam
3708 5440 3809 5497 certi

2248 5541 2429 5582 sumus.

2310 5568 2548 5653 iiémig.
2572 5585 2737 5650 probae
2756 5590 2888 5653 potae
2910 5587 3017 5643 ωε..
3041 5580 3282 5647 putealem
3301 5593 3320 5632 :
3344 5587 3397 5631 et
3416 5579 3527 5630 huic
3549 5568 3802 5631 faveatqui-

2245 5654 2356 5706 dam
2379 5644 2635 5711 habentes,
2654 5644 2942 5713 οραιεηῑεηιε
3042 5644 3051 5647 ”
3478 5700 3490 5712 .
3596 5710 3616 5713 _
3638 5690 3722 5713 μέ

2234 5700 2436 5767 (“res
2456 5700 2694 5764 meliores
2714 5718 2821 5758 uss.
2834 5714 2894 5758 as
2914 5712 2989 5756 Er.
3008 5714 3061 5767 et
3081 5714 3209 5759 tot:
3236 5714 3334 5759 Non
3354 5700 3616 5759 concidant

2234 5761 2340 5841 lea,
2364 5761 2574 5841 abit—iro
2586 5761 2847 5841 spoliatur,
2864 5765 3135 5841 superﬂuit,
3153 5776 3201 5841 et
3222 5767 3489 5831 reniet,etc.
3508 5772 3621 5823 am,
3635 5761 3718 5809 nisi
3728 5761 3801 5819 pa-

2246 5828 2373 5895 lea'a
2396 5838 2553 5894 tritico
2572 5828 2820 5901 spatietur,
2832 5828 3130 5897 superﬂuit,
3143 5839 3243 5885 etc.

4010 1282 4013 1417 ι
