4088 6434
283 274 414 337 i293

275 393 524 451 Putemus
567 405 778 464 semper
818 393 1100 453 tolerabit?
1141 397 1197 455 Si
1245 412 1456 471 semper
1498 401 1857 457 misericordia

277 491 386 551 est,
434 497 540 538 non
591 491 673 541 est
692 484 946 556 judicium
993 506 1006 543 :
1051 490 1094 544 si
1135 498 1345 557 autem,
1386 490 1789 547 Misericordiam
1818 502 1863 548 et

271 574 512 648 judicium
540 577 751 631 cantabo
781 578 896 645 tibi,
928 577 1182 647 Domine;
1209 581 1368 639 modo
1395 585 1595 654 parcit,
1630 594 1755 641 tunc
1777 585 1863 656 ju-

272 665 481 722 dicabit.
529 666 641 725 Sed
682 670 893 741 quando
930 671 1231 743 iudicabit?
1268 674 1401 731 Cum
1436 676 1705 732 transierit
1733 693 1858 733 nox.

269 753 390 814 Ideo
415 756 567 824 dixit,
618 759 685 814 In
711 764 967 818 matutinis
990 764 1348 835 interﬁciebam
1375 784 1547 823 omnes
1578 778 1863 839 peccatores

271 857 426 904 teme.
459 850 600 919 Quid
627 862 707 909 est
724 896 740 922 ,
770 853 839 909 In
864 857 1160 912 matutinis?
1186 858 1317 914 Cum
1345 860 1452 929 jam
1481 860 1594 915 dies
1617 864 1857 931 venerit,

270 949 419 997 nocte
450 951 739 1000 transacta.
771 944 840 999 In
870 947 1130 1004 matutinis
1155 949 1514 1021 interﬁciebam
1542 968 1714 1008 omnes
1746 970 1860 1023 pec-

270 1042 453 1089 catores
497 1043 665 1091 teme.
707 1035 882 1105 Quare
914 1039 990 1095 eis
1018 1040 1184 1109 parcit
1212 1056 1379 1113 usque
1406 1042 1473 1098 ad
1499 1044 1858 1099 matutinum?

269 1126 393 1193 Quia
423 1143 526 1182 nox
558 1138 696 1186 erat.
727 1131 863 1199 Quid
892 1142 973 1187 cst
996 1175 1011 1202 ,
1041 1150 1146 1189 nox
1170 1136 1322 1192 erat?
1349 1136 1483 1204 Quia
1512 1148 1719 1209 tempus
1746 1147 1858 1195 erat

266 1220 507 1291 parcendi
541 1239 554 1274 :
587 1223 873 1291 parcebat,
906 1240 1027 1279 cum
1055 1227 1216 1282 corda
1247 1227 1523 1284 hominum
1552 1240 1733 1286 essent
1762 1246 1855 1287 oc-

267 1311 418 1367 culta.
454 1310 617 1369 Vides
645 1314 875 1384 aliquem
900 1318 1039 1374 male
1065 1319 1243 1376 vivere
1267 1363 1282 1388 ,
1315 1322 1510 1378 toleras
1536 1324 1682 1379 illum
1713 1340 1728 1379 :
1756 1340 1854 1380 ne-

266 1406 364 1460 scis
392 1405 531 1460 enim
564 1409 739 1477 qualis
768 1410 869 1464 erit
894 1452 908 1478 ,
942 1414 1064 1481 quia
1090 1428 1197 1468 nox
1229 1422 1348 1483 est;
1378 1424 1553 1471 utrum
1584 1417 1671 1487 qui
1698 1417 1857 1474 hodie

267 1496 397 1553 male
422 1497 589 1565 vivit,
620 1515 741 1556 cras
765 1501 901 1558 bene
927 1504 1106 1572 vivat;
1135 1517 1188 1561 ct
1214 1516 1390 1563 utrum
1415 1509 1505 1579 qui
1534 1509 1689 1566 hodie
1718 1511 1856 1567 bene

267 1591 416 1657 vivit,
447 1607 569 1647 cras
595 1593 773 1650 malus
798 1598 886 1651 sit.
917 1595 1033 1653 Nox
1058 1607 1142 1655 est
1168 1601 1310 1656 enim
1330 1643 1345 1669 ,
1377 1610 1430 1658 et
1454 1618 1640 1659 omnes
1669 1606 1856 1661 tolerat

268 1679 426 1747 Deus,
469 1683 593 1753 quia
638 1684 955 1758 longanimis
979 1696 1081 1744 est.
1109 1689 1323 1745 Tolerat
1345 1734 1360 1760 ,
1390 1700 1446 1747 ut
1472 1704 1855 1751 convertantur

264 1770 326 1830 ad
364 1773 506 1831 illum
550 1784 886 1845 peccatores.
934 1778 1040 1835 Sed
1077 1781 1167 1853 qui
1208 1796 1316 1837 non
1354 1797 1413 1838 se
1437 1786 1773 1840 correxerint
1800 1785 1852 1840 in

267 1861 359 1921 isto
400 1872 648 1934 tempore
691 1868 1072 1926 misericordiae
1095 1912 1113 1939 ,
1158 1870 1560 1929 interﬁcientur.
1592 1873 1660 1930 Et
1689 1891 1854 1946 quare

264 1952 643 2012 iuterlicientur
663 1958 688 2013 ?
712 1957 780 2014 Ut
804 1959 1176 2032 dispergantur
1192 1962 1261 2018 de
1281 1964 1492 2021 civitate
1514 1966 1722 2023 Domini
1742 2011 1757 2037 ,
1785 1966 1853 2026 de

264 2050 499 2104 societate
537 2050 838 2106 Jerusalem
864 2095 878 2118 ,
918 2052 985 2109 de
1020 2056 1274 2114 societate
1297 2065 1599 2114 sanctorum
1620 2102 1634 2127 ,
1664 2060 1730 2116 de
1759 2075 1850 2117 so-

264 2136 440 2193 cietate
492 2139 773 2197 Ecclesiae.
824 2143 1049 2213 Quando
1094 2157 1271 2203 autem
1316 2150 1741 2205 interficieutur?
1783 2150 1850 2207 In

263 2234 522 2287 matutinis.
555 2233 703 2303 Quid
728 2246 809 2293 est
831 2278 845 2303 ,
873 2236 940 2293 In
964 2240 1266 2295 matutinis?
1292 2239 1423 2295 Cum
1450 2256 1554 2297 nox
1582 2250 1847 2299 transacta

263 2324 424 2381 fuerit.
464 2327 652 2396 Quare
692 2330 852 2386 modo
897 2332 1108 2403 parcit?
1135 2331 1268 2400 Quia
1296 2342 1504 2404 tempus
1532 2344 1613 2391 est
1638 2336 1848 2391 miseri-

263 2417 459 2473 cordiae.
499 2418 685 2489 Quare
727 2436 832 2477 non
869 2436 1080 2493 semper
1114 2424 1325 2496 parcit?
1353 2423 1484 2493 Quia
1509 2469 1525 2494 ,
1552 2424 1846 2482 Mireiicor-

264 2509 385 2563 diam
412 2520 453 2565 et
471 2513 737 2584 judicium
766 2514 975 2569 cantabo
1002 2514 1119 2583 tibi,
1149 2515 1381 2572 Domine.
1410 2516 1626 2573 Fratres
1648 2560 1665 2586 ,
1689 2535 1847 2576 nemo

262 2602 350 2661 sibi
372 2603 675 2662 blandiatur
698 2625 714 2663 :
742 2608 1127 2664 interﬁcientur
1145 2624 1331 2666 omnes
1350 2620 1631 2681 operantes
1652 2612 1846 2683 iniqui-

261 2701 405 2752 tatem
431 2715 445 2764 ;
476 2699 768 2755 interficiet
791 2715 884 2756 eos
910 2699 1150 2756 Christus
1174 2702 1226 2756 in
1252 2704 1542 2770 matutinis,
1566 2711 1619 2758 et
1638 2704 1844 2773 disper-

262 2785 340 2842 det
361 2803 447 2845 eos
471 2788 539 2845 de
565 2790 789 2846 civitate
817 2805 930 2847 sua.
959 2792 1065 2848 Sed
1097 2794 1255 2849 modo
1281 2808 1402 2850 cum
1433 2802 1640 2865 tempus
1673 2794 1840 2851 mise-

259 2878 482 2935 ricordiae
526 2890 656 2949 est,
703 2881 918 2938 audiant
963 2898 1105 2939 eum.
1149 2884 1356 2956 Ubique
1394 2885 1587 2941 clamat
1616 2901 1711 2956 per
1738 2886 1841 2942 Le—

260 2981 363 3040 gem
385 3013 398 3036 ,
448 2987 543 3042 per
588 2971 883 3045 Prophetas
909 3016 923 3043 ,
972 2990 1067 3045 per
1108 2976 1383 3044 Psalmos,
1417 2993 1511 3048 per
1536 2977 1800 3050 Epistolas
1822 3018 1840 3047 ,

258 3075 343 3132 per
380 3064 672 3138 Evangelia
718 3084 730 3121 :
772 3066 945 3123 videte
992 3068 1114 3140 quia
1155 3084 1260 3125 non
1293 3077 1461 3136 tacet,
1490 3070 1612 3141 quia
1639 3072 1838 3141 parcit,

260 3154 367 3224 quia
409 3166 599 3228 erogat
641 3157 1059 3214 misericordiam
1087 3178 1101 3227 ;
1142 3160 1237 3217 sed
1262 3170 1477 3229 cavete,
1507 3162 1628 3234 quia
1656 3174 1838 3220 ventu-

258 3257 361 3304 mm
386 3258 462 3304 est
484 3249 768 3319 judicium.

730 3415 810 3476 IN
854 3416 1235 3479 PSALMUM
1277 3418 1354 3480 CI

842 3517 976 3573 ENA
986 3516 1261 3575 RRATIO.

851 3623 1023 3665 SERMO
1048 3625 1065 3664 ι
1096 3610 1193 3681 (α).

702 3718 782 3775 De
809 3723 973 3791 prima
998 3734 1139 3794 parte
1164 3722 1380 3781 Psalmi.

321 3810 367 3864 i.
387 3809 529 3883 [vers.
558 3811 637 3884 5.]
662 3813 796 3870 Ecce
816 3830 949 3869 unus
970 3832 1167 3887 pauper
1187 3828 1324 3888 orat,
1348 3827 1401 3875 et
1423 3835 1526 3876 non
1546 3829 1664 3876 orat
1682 3822 1733 3877 in
1758 3823 1831 3878 si-

256 3900 425 3959 lentio.
443 3904 595 3963 Licet
614 3922 741 3978 ergo
757 3908 942 3964 audire
962 3925 1105 3977 eum,
1124 3920 1177 3967 et
1190 3912 1368 3968 videre
1386 3915 1628 3985 quisnam
1646 3917 1713 3971 sit
1729 3936 1741 3968 :
1766 3933 1833 3973 ne

257 3990 386 4049 forte
400 3996 481 4051 ille
496 3998 657 4063 sit,de
673 4014 779 4069 quo
793 3999 921 4055 dicit
939 4001 1241 4071 Apostolus,
1266 4004 1364 4069 Qui
1379 4017 1583 4075 propter
1604 4022 1687 4059 vos
1704 4024 1831 4077 pau-

256 4098 344 4149 per
359 4088 509 4154 {actus
527 4097 619 4153 est,
649 4106 761 4143 cum
782 4090 916 4145 dives
936 4100 1081 4157 esset,
1109 4103 1163 4145 ut
1179 4090 1319 4148 illius
1343 4104 1635 4165 paupertate
1652 4113 1735 4151 vos
1752 4098 1830 4151 di-

253 4166 472 4234 ‘aremini
488 4180 913 4255 (flCor.vm,9).
939 4183 995 4240 Si
1016 4200 1144 4256 ergo
1162 4186 1273 4256 ipse
1288 4196 1389 4255 est,
1406 4189 1674 4259 quomodo
1697 4206 1827 4261 pau-

251 4268 373 4337 per?
398 4269 527 4327 Nam
556 4274 821 4343 quomodo
843 4274 1011 4343 dives,
1034 4278 1151 4348 quis
1172 4293 1279 4333 non
1303 4279 1481 4335 videt?
1506 4280 1659 4336 Unde
1684 4284 1823 4339 enim

248 4356 479 4420 homines
517 4376 643 4421 sunt
681 4366 908 4423 divites?
957 4370 1091 4427 Puto
1137 4387 1286 4440 auro,
1322 4384 1560 4445 argento,
1603 4374 1822 4445 familia,

250 4454 377 4507 terra
406 4473 419 4509 ς
450 4457 547 4513 sed
580 4460 749 4513 omnia
782 4475 871 4530 per
889 4462 1055 4530 ipsum
1080 4466 1215 4533 facta
1241 4474 1377 4519 sunt.
1411 4465 1547 4534 Quid
1577 4482 1706 4539 ergo
1736 4469 1824 4526 illo

248 4539 416 4612 ditius,
455 4564 553 4618 per
591 4565 747 4619 quem
794 4550 946 4606 factae
972 4562 1096 4607 sunt
1137 4554 1351 4622 divitiae,
1383 4558 1541 4612 etiam
1572 4559 1676 4614 illa:
1706 4577 1822 4631 qua:

249 4648 344 4689 non
364 4649 483 4694 sunt
506 4656 649 4697 verae
672 4643 903 4697 divitiae?
932 4644 1034 4699 Per
1056 4646 1203 4702 illum
1224 4649 1367 4703 enim
1389 4660 1442 4705 et
1470 4651 1572 4705 illac
1598 4653 1817 4720 diVilitB,

249 4723 522 4797 ingenium,
555 4735 805 4788 memoria
830 4736 869 4801 ί,
906 4752 1100 4801 mores,
1131 4738 1258 4805 vita,
1291 4740 1451 4809 ipsius
1474 4746 1712 4814 corporis
1737 4761 1821 4802 sa-

247 4821 393 4886 nitas,
445 4838 655 4889 sensus,
697 4825 1148 4898 conformatioque
1190 4831 1545 4887 membrorum
1578 4852 1591 4887 :
1624 4837 1819 4891 etenim

244 4915 353 4962 cum
382 4911 493 4967 haec
524 4915 669 4969 salva
700 4926 841 4985 sunt,
870 4927 923 4973 et
951 4934 1210 4990 pauperes
1235 4921 1423 4978 divites
1446 4934 1588 4980 sunt.
1622 4926 1723 4981 Per
1750 4926 1816 4982 il-

242 4994 341 5052 lum
387 5014 440 5058 et
481 5005 586 5060 illa:
627 5008 855 5079 majores
897 5010 1113 5079 divitias,
1162 5012 1314 5079 fides,
1364 5015 1552 5085 pietas,
1591 5018 1814 5089 justitia,

244 5087 486 5163 charitas,
515 5100 749 5169 castitas,
780 5117 956 5160 mores
978 5104 1101 5160 boni
1132 5124 1144 5160 :
1177 5123 1334 5163 nemo
1356 5111 1496 5165 enim
1522 5122 1575 5167 et
1596 5112 1691 5168 has
1720 5114 1815 5169 ha-

242 5178 341 5249 bet,
380 5189 479 5245 nisi
516 5207 611 5261 per
642 5210 760 5249 eum
791 5197 880 5267 qui
903 5198 1157 5268 justificat
1182 5200 1400 5271 impium
1424 5202 1597 5273 (Rom.
1631 5221 1702 5272 tv,
1736 5208 1811 5279 5).

242 5271 371 5334 Ecce
397 5296 553 5352 quam
591 5285 761 5344 dives.
794 5289 924 5359 Quis
967 5292 1106 5347 enim
1138 5292 1304 5362 dives,
1346 5271 1439 5367 qui
1474 5296 1632 5355 habet
1673 5271 1813 5373 quod

300 5434 508 5515 Eget
517 5442 683 5515 plures
697 5452 800 5496 Mss.
826 5461 934 5515 non.
946 5450 1129 5503 habent
1148 5464 1334 5515 vocem,
1346 5454 1594 5507 memoria.
1611 5457 1696 5508 Alii
1708 5461 1813 5515 qui-

366 5472 437 5487 ι...
457 5472 683 5505 ιιιιιωω
698 5472 800 5496 mas.
828 5472 923 5499 uuu
948 5472 1129 5503 navent
1149 5472 1594 5515 vocem,m€m0ﬂa.
1611 5472 1696 5508 Am
1777 5472 1812 5510 t-

366 5502 804 5591 mwme-
826 5510 968 5591 Petle
986 5516 1611 5591 ,ιρξιίιι.ιῖλξίι-.εεεε.ωωςε
1634 5472 1812 5586 conir-

414 5572 797 5633 uemembronmt
822 5584 840 5622 :
875 5573 964 5623 sed
986 5572 1160 5626 melius
1180 5576 1229 5625 in
1251 5572 1542 5630 mlieﬁsium
1575 5572 1678 5644 his,
1704 5572 1812 5634 c'on-

242 5616 556 5735 [οηηαὶιζιζὶιὴ
581 5616 697 5684 etc.
822 5616 843 5708 ’-
875 5616 964 5623 ”“
986 5616 1160 5626 mm"
1180 5616 1229 5625 ””
1253 5616 1267 5625 ’
1284 5616 1542 5715 “Tum
1575 5616 1678 5644 ””’”

242 5677 385 5793 “(2.
400 5744 448 5809 2,
470 5690 711 5805 suam
737 5706 850 5747 aunt
869 5697 961 5750 403
978 5699 1124 5764 leges
1142 5700 1195 5753 in
1209 5708 1503 5767 Donatistas,
1532 5702 1597 5758 de
1633 5706 1813 5770 mulius

1423 284 1815 342 ENARRATIO
1854 286 1919 343 IN
1958 286 2276 353 PSALMUM
2312 299 2397 356 Cl.

3423 326 3562 395 l29b

1967 406 2077 461 vult
2095 408 2198 464 alio
2220 411 2461 481 faclente,
2478 433 2543 475 an
2567 420 2654 493 qui
2673 423 2797 481 facit
2816 430 2956 499 quod
2978 435 3089 491 vult
3107 446 3159 492 et
3178 439 3282 495 alio
3304 440 3558 507 habente?

1970 498 2106 606 ‘Pu'to
2123 505 2241 572 quia
2256 505 2413 564 ditior
2433 510 2523 568 ille
2540 516 2627 583 qui
2643 515 2768 574 fecit
2783 498 2921 592 quod
2946 525 3137 596 habes;
3164 534 3283 603 quia

1969 589 2148 661 habet,
2170 603 2225 650 tu
2243 613 2346 652 non
2365 600 2544 659 habes.
2562 605 2698 664 Ecce
2715 589 2869 682 quam
2887 615 3054 674 dives.
3075 619 3129 674 lu
3148 589 3251 679 h.oc
3270 589 3371 682 tain
3393 630 3556 690 divite

1969 684 2110 740 unde
2142 691 2366 759 agnituri
2387 709 2568 753 sumus
2590 699 2703 759 haec
2732 706 2889 763 verba
2918 728 2930 765 :
2965 712 3191 770 Cinerem
3221 719 3346 775 sicut
3372 741 3552 794 panem

1967 778 2286 847 manducavi,
2316 794 2362 839 et
2385 798 2554 857 potum
2575 810 2739 849 meum
2760 814 2871 853 cum
2890 803 3013 871 ﬂetu
3048 807 3351 868 miscebant?
3371 814 3550 875 Hucne

1966 864 2241 926 illzetantte
2258 872 2453 932 divitiae
2468 889 2854 949 pervenerunt?
2873 864 3090 950 Multum
3109 897 3237 955 illud
3256 907 3545 975 excelsum,

1966 959 2187 1015 multum
2213 962 2313 1020 hoc
2333 967 2616 1038 abjectum.
2641 975 2776 1044 Quid
2797 978 3082 1041 faciemus?
3102 959 3544 1061 quemadmodum

1966 1049 2065 1106 ista
2095 1053 2201 1110 ima
2232 1056 2335 1114 illis
2362 1066 2584 1121 summis
2610 1049 3164 1142 contemperabimus?
3182 1082 3350 1143 Nimis
3370 1089 3437 1148 ab
3462 1091 3544 1145 in~

1963 1144 2133 1198 vicem
2156 1145 2307 1218 longe
2328 1162 2469 1208 sunt.
2500 1155 2747 1216 Nondum
2776 1178 3007 1235 agnosco
3028 1170 3185 1230 istum
3222 1192 3541 1250 pauperem;

1962 1233 2100 1290 alius
2119 1247 2199 1293 est
2214 1240 2436 1300 fortasse
2458 1266 2469 1301 :
2489 1249 2585 1304 sed
2604 1252 2776 1311 adhuc
2786 1233 3105 1327 quaeramus.
3129 1233 3281 1325 Unde
3292 1233 3432 1329 enim
3453 1293 3545 1332 no-

1962 1324 2043 1382 bis
2058 1343 2161 1384 non
2182 1331 2388 1389 videtur
2414 1337 2548 1410 ipse,
2572 1344 2764 1400 mirum
2785 1349 2830 1402 si
2858 1349 3151 1426 interrogas
3176 1368 3229 1414 et
3250 1377 3354 1416 non
3383 1380 3543 1437 expa-

1962 1421 2132 1475 vescis
2173 1422 2413 1483 divitias:
2443 1430 2510 1484 In
2555 1434 2802 1507 principio
2841 1452 2948 1497 erat
2988 1421 3222 1517 Verbum,
3256 1463 3302 1506 et
3331 1421 3542 1512 Verbum

1960 1520 2065 1564 erat
2082 1514 2218 1583 apud
2236 1514 2421 1587 Deum,
2451 1532 2498 1575 et
2520 1521 2659 1580 Deus
2684 1539 2789 1583 erat
2817 1529 3029 1587 Verbum
3052 1553 3070 1591 :
3090 1540 3183 1594 hoc
3199 1514 3304 1597 erat
3325 1546 3377 1599 in
3393 1550 3508 1618 prin
3522 1581 3538 1588 -

1958 1602 2091 1672 cipio
2114 1608 2254 1676 apud
2280 1608 2462 1667 Deum.
2498 1615 2683 1672 Omnia
2711 1638 2801 1689 per
2819 1624 2983 1693 ipsum
3011 1630 3148 1699 facta
3176 1644 3293 1689 sunt
3311 1677 3325 1703 ,
3359 1602 3406 1692 ei
3433 1641 3540 1693 sine

1956 1692 2068 1766 ipso
2097 1700 2289 1768 factum
2330 1706 2573 1762 estnihil.
2606 1710 2703 1777 Qui
2746 1692 2847 1769 ista
2872 1692 3021 1784 dixit,
3054 1737 3172 1778 cum
3204 1692 3421 1796 diceret,
3454 1731 3535 1786 di-

1960 1801 2051 1843 ves
2082 1800 2224 1858 erat;
2272 1806 2471 1864 quanto
2500 1804 2667 1872 magis
2698 1805 2785 1861 ille
2806 1808 2884 1873 de
2909 1828 3014 1881 quo
3041 1816 3267 1887 dicebat,
3300 1819 3367 1875 In
3393 1825 3537 1893 prin-

1956 1878 2089 1947 cipio
2109 1893 2213 1936 erat
2239 1882 2455 1944 Verbum
2484 1908 2499 1944 :
2545 1902 2597 1948 et
2623 1911 2726 1951 non
2757 1878 3139 1976 qualecumque
3157 1878 3411 1981 Verbuth
3442 1917 3535 1973 sed

1964 1967 2180 2028 Verbum
2211 1975 2389 2048 Deus;
2423 1997 2473 2040 et
2514 2000 2617 2043 non
2651 1988 2988 2063 ubicumque,
3035 1998 3127 2054 sed
3167 2005 3306 2073 apud
3337 2004 3537 2078 Deum;

1955 2072 2009 2119 et
2038 2081 2140 2121 non
2170 2084 2381 2140 vacans,
2407 2077 2500 2131 sed
2532 2082 2699 2134 omnia
2722 2100 2811 2152 per
2840 2084 3005 2157 ipsum
3028 2088 3164 2160 facta
3187 2072 3347 2150 sunt?
3374 2096 3532 2154 Cinc-

1953 2168 2066 2209 rem
2115 2157 2252 2214 sicut
2300 2177 2489 2231 panem
2535 2171 2883 2242 manducavit,
2916 2186 2971 2234 et
2998 2192 3177 2251 potum
3218 2203 3373 2243 suum
3412 2208 3531 2247 cum

1951 2243 2077 2300 ﬂetu
2119 2252 2483 2311 commiscuit?
2524 2260 2865 2323 Metuendum
2912 2243 3015 2327 est-
3034 2291 3101 2331 ne
3144 2281 3302 2337 tantis
3338 2282 3533 2343 divitiis

1952 2348 2133 2434 nostra
2164 2358 2444 2415 paupertas
2470 2349 2626 2409 faciat
2652 2357 2915 2427 injuriam.
2947 2366 3136 2434 Quzere
3159 2372 3330 2430 adhuc
3356 2387 3531 2434 tamen

1951 2434 2019 2477 ne
2045 2424 2159 2493 ipse
2186 2429 2253 2483 sit
2280 2445 2477 2501 pauper
2502 2437 2632 2505 istc;
2664 2424 2910 2512 quoniam
2950 2424 3164 2508 Verbum
3194 2473 3313 2512 caro
3338 2464 3527 2531 factum

1950 2524 2043 2580 est,
2071 2526 2116 2571 et
2137 2519 2375 2577 habitavit
2394 2527 2446 2581 in
2467 2529 2606 2585 nobis
2637 2533 2812 2607 (Joan.
2846 2554 2882 2604 ι,
2918 2541 2967 2607 1,
2997 2544 3051 2612 2,
3081 2546 3133 2611 5,
3161 2550 3271 2621 14).
3304 2519 3530 2625 [ίθερίςθ

1949 2615 2003 2662 et
2034 2608 2175 2666 illam
2206 2630 2388 2672 vocem
2435 2639 2448 2673 :
2483 2619 2593 2693 Ego
2619 2642 2789 2684 servus
2816 2639 2930 2687 tuus
2957 2647 3000 2689 et
3036 2638 3174 2706 ﬁlius
3201 2608 3530 2703 ancillwrtua:

1949 2696 2120 2769 (Psal.
2150 2716 2271 2773 cxv,
2306 2708 2413 2779 16).
2446 2713 2673 2772 Attende
2714 2721 2958 2779 ancillam
3007 2696 3149 2785 illam
3198 2746 3395 2791 castam
3418 2781 3431 2803 ,
3475 2751 3529 2796 et

1945 2788 2225 2864 virginem,
2266 2808 2319 2853 et
2361 2811 2582 2860 matrem
2620 2826 2632 2864 :
2665 2810 2733 2866 ibi
2762 2814 2902 2868 enim
2931 2822 3525 2897 accepit'paupertatem

1946 2893 2205 2959 nostram,
2259 2894 2346 2950 ubi
2390 2901 2531 2955 servi
2573 2901 2742 2961 forma
2788 2908 3000 2968 indutus
3040 2924 3140 2981 est,
3182 2923 3526 2994 semetipsum

1945 2978 2293 3053 exinaniens;
2326 3004 2392 3044 ne
2419 2991 2625 3050 divitias
2653 2997 2768 3067 ejus
2790 3017 3192 3077 expavesceres,
3222 3020 3275 3066 ct
3302 3013 3367 3068 ad
3401 3032 3524 3073 eum

1944 3073 2198 3131 accedere
2236 3092 2355 3134 cum
2405 3090 2491 3139 tua
2521 3089 2861 3149 mendicitate
2899 3111 3004 3150 non
3035 3100 3278 3157 auderes.
3322 3104 3396 3159 lbi
3436 3123 3527 3164 ac-

1943 3164 2102 3233 cepit,
2133 3167 2367 3240 inquam,
2413 3173 2638 3235 formam
2678 3186 2836 3250 servi,
2880 3186 2949 3241 ibi
2990 3199 3168 3247 nostra
3199 3194 3413 3252 indutus
3442 3209 3524 3257 est

1940 3267 2286 3326 paupertate;
2330 3265 2398 3319 ibi
2445 3281 2503 3322 se
2548 3276 2889 3344 pauperavit,
2923 3279 2993 3334 ibi
3037 3297 3134 3337 nos
3160 3284 3362 3342 ditavit.
3405 3289 3519 3345 Jam

1940 3359 2066 3416 ergo
2092 3351 2511 3444 pr0pinquamus
2539 3360 2606 3417 de
2643 3363 2733 3419 illo
2776 3366 2888 3423 haec
2916 3369 3213 3444 intelligere
3254 3395 3267 3433 :
3316 3395 3522 3436 verum-

1942 3445 2115 3495 tamen
2146 3442 2317 3502 adbuc
2344 3463 2448 3504 non
2486 3460 2568 3507 est
2597 3463 2796 3514 temere
2833 3442 3301 3530 pronuntiandum.
3332 3470 3521 3531 Partus

1940 3531 2158 3602 virginis
2201 3548 2282 3593 est
2322 3539 2454 3611 lapis
2497 3544 2612 3601 sine
2666 3550 2911 3608 manibus
2953 3553 3020 3610 de
3051 3567 3231 3615 monte
3271 3564 3520 3630 praecisus

1940 3622 2099 3695 (Dan.
2129 3644 2184 3695 ιι,
2216 3629 2329 3698 54),
2359 3632 2447 3689 ubi
2474 3635 2650 3694 nullus
2678 3640 2952 3699 hominum
2974 3658 3222 3717 operatus
3244 3622 3344 3718 est,
3373 3655 3516 3711 nulla

1940 3718 2199 3775 transfusa
2246 3728 2693 3799 concupiscentia,
2737 3734 2832 3790 sed
2870 3738 2981 3792 sola
3021 3739 3152 3797 fides
3178 3756 3420 3813 accensa,
3467 3756 3518 3801 ct

1938 3807 2098 3866 Verbi
2126 3828 2250 3869 caro
2273 3829 2548 3889 concepta.
2588 3823 2790 3882 Deinde
2829 3830 3089 3898 processit
3118 3848 3183 3887 ex
3220 3846 3404 3901 utero;
3438 3839 3515 3892 lo-

1936 3904 2043 3957 cuti
2078 3914 2201 3960 sunt
2226 3910 2367 3976 caeli,
2414 3912 2602 3982 Angeli
2630 3918 2929 3984 pastoribus
2954 3922 3335 3979 nuntiaverunt
3362 3925 3510 3997 (Luc.

1934 4007 1991 4059 ιι,
2034 3994 2213 4069 7-14),
2250 4000 2402 4055 stella
2444 4003 2509 4056 ad
2550 4004 2878 4063 adorandum
2916 4026 3093 4082 regem
3135 4031 3316 4086 magos
3355 3994 3514 4077 traxit

1935 4082 2146 4157 (Matth.
2177 4105 2234 4155 ιι,
2266 4091 2316 4157 1,
2349 4091 2428 4163 2),
2477 4093 2694 4152 Simeon
2724 4099 2974 4170 impletus
3015 4082 3511 4174 Spiritu‘infantem

1932 4175 2098 4233 Deum
2130 4180 2182 4234 in
2212 4186 2399 4240 matris
2419 4188 2663 4244 manibus
2690 4195 2927 4263 agnovit.
2957 4197 3194 4253 Accessit
3222 4210 3371 4271 aetas,
3403 4219 3511 4262 non

1930 4267 2211 4337 divinitati,
2250 4275 2343 4329 sed
2379 4279 2545 4333 carni.
2588 4278 2841 4351 llorrent,
2889 4286 3253 4362 miranturque
3297 4295 3500 4364 sapienv

1930 4360 2054 4416 tiam
2084 4366 2230 4434 pueri
2260 4366 2557 4426 duodennis
2588 4371 2630 4441 ί,
2675 4374 2903 4446 imperiti
2935 4395 3092 4437 senes
3118 4360 3270 4453 (Duc.
3306 4360 3381 4452 tt,
3410 4387 3512 4444 25-

1927 4452 2038 4526 47).
2072 4455 2177 4511 Aut
2204 4457 2409 4514 etiamsi
2440 4462 2594 4531 periti
2622 4479 2810 4533 senes,
2841 4469 2965 4538 quid
2994 4452 3204 4527 illorum
3234 4477 3417 4545 peritia
3442 4479 3510 4535 ad

1927 4544 2161 4603 Verbum
2188 4549 2320 4605 Dei?
2346 4551 2470 4621 quid
2496 4553 2705 4610 illorum
2732 4560 2919 4628 peritia
2940 4562 3006 4617 ad
3026 4563 3349 4635 Sapientiam
3382 4569 3511 4627 Dei?

1925 4637 2111 4695 Nonne
2154 4650 2207 4697 et
2236 4644 2411 4712 periti,
2461 4647 2563 4702 nisi
2606 4650 2694 4704 illo
2742 4652 3113 4724 subveniente,
3152 4660 3330 4729 utique
3381 4678 3502 4731 per-

1926 4730 2085 4785 ituri?
2113 4732 2318 4788 Crescit
2339 4735 2511 4793 adhuc
2537 4749 2689 4796 aetate
2712 4747 2953 4815 corporis
2984 4766 2995 4799 :
3025 4751 3167 4802 venit
3196 4750 3260 4803 ad
3289 4730 3503 4808 fluvium

1923 4823 2304 4895 baptizandus;
2333 4830 2631 4901 baptizator
2656 4836 2822 4892 Deum
2851 4840 3111 4910 agnoscit,
3148 4842 3420 4913 indignum
3445 4861 3502 4902 se

1922 4918 2188 4975 solvendae
2234 4922 2583 4982 calceamenti
2628 4930 2868 5000 corrigiae
2915 4933 3195 4989 conﬁtetur
3235 4936 3423 5008 (Marc.
3458 4956 3497 5007 ι,

1923 5011 2101 5083 7-H).
2131 5013 2245 5069 Jam
2292 5016 2416 5073 inde
2450 5021 2578 5075 cmci
2624 5020 3008 5093 illuminantur,
3055 5028 3229 5082 surdis
3267 5032 3496 5101 aperitur

1920 5103 2149 5172 auditus,
2194 5106 2484 5179 loquuntur
2528 5114 2680 5179 muti,
2719 5116 3042 5171 mandantur
3086 5118 3305 5190 lcprosi,
3336 5124 3494 5179 strin-

1920 5204 2112 5266 guntur
2142 5200 2435 5271 paralytici,
2484 5204 2864 5261 convalescunt
2905 5208 3158 5282 languidi,
3213 5227 3495 5287 resurgunt

1919 5289 2110 5343 mortui
2144 5289 2349 5360 (Matth.
2382 5308 2455 5356 xl,
2483 5293 2562 5362 5).

1988 5379 2041 5434 2.
2083 5380 2197 5436 Jam
2222 5384 2433 5453 quidem
2468 5385 2517 5437 in
2552 5384 2709 5442 Verbi
2747 5388 2884 5445 illius
2910 5407 3003 5461 per
3032 5395 3174 5465 quod
3213 5396 3349 5453 facta
3376 5409 3493 5455 sunt

1919 5475 2093 5528 omnia
2139 5475 2561 5544 comparatione,
2603 5476 2911 5537 divitiarum
2953 5500 3183 5556 agnosco
3211 5499 3494 5557 pauperta-

1917 5571 2058 5631 tem;
2109 5564 2201 5620 scd
2251 5582 2408 5637 quam
2452 5567 2608 5640 longe
2650 5571 2823 5629 adhuc
2858 5591 2887 5629 a
2928 5576 3105 5633 cinere
3140 5586 3193 5633 et
3220 5578 3347 5635 ﬂetu
3373 5595 3493 5637 cum

1912 5765 1948 5818 ά
1974 5706 2096 5818 ἐξ
2117 5717 2209 5758 sex
2247 5712 2355 5758 Mss.
2378 5705 2465 5758 Αιίι
2496 5721 2607 5761 cum
2641 5710 2775 5773 ΕΜ..
2798 5712 3080 5777 sapientiam
3102 5714 3196 5766 ι’θί
3214 5716 3353 5778 Pueri
3375 5718 3497 5771 ανο-

1947 5780 1976 5818 e
2084 5805 2099 5817 .

1947 5780 2099 5819 εηηιε.
