4088 6446
548 267 692 330 1295

461 354 472 364 ’
543 380 712 458 potu?
738 378 927 436 Adhuc
952 375 1112 433 timeo
1137 361 1346 435 dicere,
1386 367 1506 438 Ipse
1546 371 1662 430 est;
1693 371 1747 419 et
1776 369 1954 417 tamen
1982 359 2128 415 volo.

543 475 685 534 Sunt
722 473 808 530 hic
844 471 985 527 enim
1017 484 1135 540 quae
1159 481 1245 521 me
1273 470 1464 533 cogant
1492 458 1626 514 velle
1654 499 1668 525 ,
1697 466 1751 512 et
1776 469 1961 510 rursus
1991 467 2134 524 qua:-

546 569 671 627 dam
696 581 814 638 quae
840 578 930 620 me
948 569 1137 632 cogant
1166 559 1371 612 timere.
1401 551 1520 624 Ipse
1541 558 1645 619 est,
1669 557 1722 605 et
1749 564 1854 603 non
1883 556 1967 602 est
1994 545 2128 614 ipse.

545 660 665 719 Jam
700 659 752 714 in
793 656 960 712 forma
1001 650 1139 708 servi
1177 657 1277 716 est,
1319 646 1429 717 jam
1466 642 1744 698 mortalem
1786 638 2135 710 fragilemque

546 766 764 809 carnem
793 753 989 818 portat,
1009 745 1119 815 jam
1143 741 1434 797 moriturus
1463 734 1697 802 advenit,
1715 742 1769 789 et
1794 741 1970 787 tamen
2002 744 2135 784 non-

546 844 674 901 dum
707 839 1014 908 intelligitur
1042 837 1094 890 in
1128 834 1227 888 hac
1256 838 1513 902 egestate.
1547 828 1778 882 Cinerem
1800 825 1928 878 sicut
1953 837 2134 894 panem

546 932 866 999 manducaui,
893 939 939 985 et
961 938 1132 1001 potum
1153 941 1317 980 nteant
1339 939 1452 978 cum
1479 922 1602 993 ﬂetu
1628 917 1915 973 miscebam.
1962 912 2138 970 Addat

548 1044 678 1101 ergo
707 1034 1075 1098 paupertatem
1121 1018 1442 1092 paupertati,
1493 1023 1548 1071 et
1591 1011 1931 1082 transﬁgurat
1978 1009 2031 1063 in
2077 1021 2137 1063 se

547 1138 743 1194 corpus
767 1117 1081 1176 humilitatis
1110 1120 1309 1168 nostrae
1337 1108 1593 1181 (Philipp.
1621 1121 1700 1172 ιιι,
1726 1102 1823 1176 21)
1846 1121 1858 1157 :
1884 1103 1954 1157 sit
1979 1107 2139 1170 caput

547 1222 813 1279 nostrum,
842 1211 1011 1266 simus
1037 1205 1275 1263 membra
1298 1202 1434 1272 ejus,
1469 1199 1578 1254 sint
1601 1197 1706 1253 duo
1738 1196 1793 1249 in
1819 1208 1981 1249 carne
2011 1205 2134 1246 una.

548 1307 668 1364 Jam
695 1307 839 1362 enim
872 1314 924 1359 ut
952 1301 1193 1372 primitus
1221 1310 1421 1368 pauper
1441 1300 1604 1357 esset,
1630 1290 1857 1346 formam
1891 1301 2030 1343 servi
2056 1299 2138 1341 ac-

549 1399 756 1470 cipiens
805 1395 914 1470 (1d.
947 1410 1001 1459 ιι,
1033 1393 1110 1462 7),
1163 1388 1366 1445 dimisit
1405 1387 1619 1440 Patrem
1651 1402 1664 1437 :
1692 1381 1834 1453 quod
1863 1390 2041 1436 autem
2070 1378 2139 1434 de

550 1491 758 1563 virgine
793 1498 947 1545 natus
973 1495 1074 1551 est,
1117 1483 1352 1538 dimittat
1387 1487 1440 1535 et
1479 1488 1726 1542 matrem,
1775 1485 1829 1531 et
1867 1474 2137 1529 adluereat

551 1585 706 1640 uxori
746 1597 877 1647 suae,
924 1589 979 1635 et
1013 1580 1122 1635 sint
1150 1577 1256 1631 duo
1295 1575 1347 1630 in
1387 1587 1552 1628 carne
1578 1586 1680 1626 una
1711 1569 1929 1642 (Ephes.
1964 1583 2016 1633 v,
2045 1567 2136 1634 51,

550 1674 667 1743 '52).
700 1674 776 1729 Ita
796 1673 936 1727 enim
968 1676 1127 1727 erunt
1152 1666 1259 1722 duo
1287 1674 1339 1721 et
1361 1665 1413 1720 in
1443 1678 1574 1718 voce
1597 1677 1721 1726 una,
1750 1670 1804 1715 et
1842 1660 1893 1715 in
1924 1659 2013 1714 illa
2037 1672 2138 1713 una

548 1781 683 1822 voce
721 1765 831 1836 jam
883 1778 987 1818 non
1029 1760 1342 1815 mirabimur
1382 1767 1619 1812 nostram
1650 1769 1834 1809 vocem
1868 1768 1883 1808 :
1913 1751 2141 1807 Cinerem

552 1859 683 1914 sicut
715 1873 893 1926 panem
937 1851 1255 1915 manducavi,
1287 1861 1332 1904 et
1364 1861 1535 1920 potum
1560 1863 1725 1901 meum
1750 1862 1864 1899 cum
1892 1846 2015 1916 ﬂetu
2042 1843 2141 1897 mi-

550 1948 769 2004 scebam.
824 1947 1080 2016 Dignatus
1101 1951 1183 1997 est
1206 1941 1348 1996 enim
1373 1939 1572 1995 habere
1595 1954 1694 1993 nos
1720 1936 1977 1992 membra.
2007 1935 2143 1991 Sunt

549 2048 606 2096 et
634 2040 953 2110 pmnitentes
984 2037 1035 2090 in
1067 2034 1320 2090 membris
1345 2032 1480 2103 ejus.
1521 2030 1636 2086 Non
1666 2031 1810 2086 enim
1839 2031 2062 2096 exclusi,
2089 2038 2144 2086 et

555 2131 789 2202 separati
827 2139 950 2184 sunt
978 2129 1045 2182 ab
1082 2126 1322 2182 Ecclesia
1352 2125 1467 2195 ejus
1496 2142 1509 2178 :
1548 2139 1646 2178 nec
1674 2122 1890 2177 omnino
1916 2121 2014 2176 sibi
2045 2120 2142 2176 ad-

548 2225 795 2298 iungeret
820 2223 1096 2292 cenjugem
1122 2262 1135 2286 ,
1167 2219 1266 2273 nisi
1295 2218 1381 2272 illa
1409 2232 1542 2273 voce
1563 2259 1579 2284 ,
1608 2217 1750 2288 Agite
1779 2215 2140 2286 paenitentiam,

549 2314 972 2388 appropinquavit
1012 2314 1145 2367 enim
1194 2327 1406 2382 regnum
1447 2307 1685 2362 caelorum
1712 2306 1922 2380 (Matth.
1955 2323 2030 2369 ιιι,
2059 2307 2140 2376 2).

549 2409 668 2467 Jam
694 2425 823 2480 ergo
851 2408 1128 2463 audiamus
1151 2404 1278 2475 quid
1304 2411 1420 2458 oret
1447 2411 1606 2472 caput
1630 2399 1844 2472 (Ep/tes.
1867 2415 1940 2464 tv,
1972 2399 2058 2466 15)
2090 2407 2144 2454 et

550 2516 767 2572 corpus,
800 2514 1028 2570 sponsus
1056 2496 1239 2569 (Joan.
1263 2510 1342 2560 ιιι,
1368 2493 1461 2563 ‘29)
1500 2502 1554 2548 et
1582 2506 1797 2562 Sponsa,
1820 2489 2064 2545 Christus
2091 2499 2144 2546 et

547 2593 788 2650 Ecclesia
818 2634 832 2659 ,
880 2600 1165 2660 utrumque
1205 2604 1338 2642 unus
1371 2603 1385 2638 :
1415 2584 1509 2641 sed
1543 2583 1773 2639 Verbum
1803 2591 1858 2638 et
1882 2597 2007 2638 caro
2035 2596 2141 2637 non

547 2694 834 2753 utrumque
864 2696 1060 2746 unum;
1110 2679 1266 2733 Pater
1293 2684 1349 2731 et
1372 2674 1602 2732 Verbum
1632 2683 1914 2743 utrumque
1944 2688 2139 2738 unum;

549 2773 796 2832 Christus
824 2781 880 2827 et
908 2771 1143 2827 Ecclesia
1187 2779 1470 2837 utrumque
1510 2780 1646 2820 unus
1665 2808 1680 2832 ,
1722 2780 1856 2819 unus
1885 2765 2099 2835 quidam
2123 2764 2140 2794 ⁸

548 2867 631 2922 vir
658 2865 922 2934 perfectus
947 2863 1000 2916 in
1023 2860 1190 2915 forma
1215 2858 1558 2929 plenitudinis
1585 2872 1697 2912 sua:
1723 2873 1737 2910 :
1773 2856 1940 2910 Donec
1961 2872 2141 2910 occur-

548 2973 724 3012 ramus
756 2972 927 3009 omnes
948 2953 1001 3007 in
1025 2953 1269 3006 unitatem
1295 2950 1433 3020 ﬁdei,
1465 2951 1515 3003 in
1542 2949 1846 3019 agnitione»:
1872 2946 1996 3001 Filii
2021 2947 2140 3016 Dei,

549 3049 601 3103 in
643 3048 802 3100 virum
848 3045 1144 3117 perfectum,
1194 3043 1248 3095 in
1296 3057 1581 3094 mensuram
1609 3039 1773 3094 (etatis
1814 3039 2144 3109 plenitudinis

549 3137 738 3194 Christi
770 3137 983 3210 (Ep/tes.
1017 3152 1089 3203 tv,
1136 3135 1249 3205 15).
1290 3134 1393 3189 Sed
1424 3134 1596 3189 donec
1625 3148 1966 3188 occurramus
1991 3175 2006 3200 ,
2035 3134 2146 3203 agi-

549 3240 640 3286 tur
685 3231 773 3285 hic
820 3236 1103 3299 paupertas
1131 3234 1333 3293 nostra,
1379 3227 1552 3296 agitur
1592 3225 1678 3280 hic
1704 3225 1879 3280 adhuc
1913 3226 2064 3281 labor
2088 3234 2144 3282 et

549 3322 798 3393 gemitus.
830 3321 1038 3376 Gratias
1061 3317 1440 3374 misericordia:
1468 3319 1655 3388 ipsius.
1689 3318 1842 3374 Unde
1865 3319 1938 3374 illi
1967 3319 2137 3386 labor,

549 3414 693 3468 unde
717 3412 944 3482 gemitus
982 3411 1177 3476 Verbo,
1204 3424 1300 3478 per
1326 3408 1467 3478 quod
1511 3408 1646 3465 facta
1685 3419 1809 3464 sunt
1837 3410 2055 3464 omnia?
2085 3410 2142 3467 Si

551 3502 797 3573 dignatus
817 3510 899 3555 est
924 3500 1120 3554 habere
1151 3508 1379 3554 mortem
1402 3507 1662 3566 nostram,
1689 3514 1797 3555 non
1825 3501 1979 3556 nobis
2000 3501 2147 3557 dabit

551 3597 714 3653 vitam
761 3593 952 3649 suam?
998 3592 1056 3647 In
1103 3607 1350 3661 magnam
1385 3606 1535 3661 spem
1576 3598 1764 3658 erexit,
1809 3609 1928 3648 cum
1956 3609 2146 3665 magna

552 3704 651 3760 spe
697 3685 979 3758 gemimus.
1045 3682 1287 3738 Gemitus
1356 3682 1516 3738 habet
1572 3684 1876 3750 tristitiam;
1927 3685 2022 3740 sed
2067 3694 2150 3742 est

552 3781 782 3853 gemitus
831 3777 922 3849 qui
967 3775 1128 3832 habet
1178 3784 1234 3830 et
1281 3774 1550 3846 gaudium.
1605 3776 1720 3848 Ego
1773 3786 1900 3849 puto
1963 3777 2147 3835 Saram

552 3875 791 3933 sterilem
846 3872 1022 3926 laztam
1077 3867 1346 3940 gemuisse
1374 3871 1412 3935 ',
1460 3884 1580 3924 cum
1630 3879 1838 3940 pareret
1884 3888 1898 3924 :
1943 3880 1996 3927 et
2051 3887 2150 3928 nos

553 3984 585 4023 a
627 3969 816 4024 timore
863 3973 953 4019 tuo
991 3963 1333 4032 concepimus
1374 3969 1431 4017 et
1479 3963 1855 4032 parturivimus
1905 3964 2150 4034 spiritum

555 4061 747 4117 salutis
800 4055 952 4127 (lsai.
1005 4070 1152 4118 xxvi,
1183 4052 1294 4125 18).
1356 4053 1647 4109 Audiamus
1702 4068 1829 4125 ergo
1875 4054 2151 4113 Christum

558 4163 852 4223 pauperem
882 4148 934 4201 in
967 4146 1122 4201 nobis
1146 4152 1200 4199 et
1238 4144 1536 4211 nobiscum,
1575 4154 1629 4200 et
1654 4155 1872 4216 propter
1907 4163 2024 4203 nos.
2058 4148 2152 4205 Ti-

558 4243 701 4298 tulus
727 4239 869 4296 enim
920 4239 1034 4309 ipse
1065 4239 1264 4293 indicat
1294 4253 1609 4308 pauperem.
1655 4239 1934 4296 Postremo
1975 4251 2154 4312 putate

557 4350 648 4391 me
675 4332 994 4403 suspicatum
1025 4330 1267 4400 quisnam
1314 4330 1383 4384 sit
1431 4331 1530 4384 iste
1574 4343 1806 4401 panper;
1859 4335 2154 4389 orationem

561 4427 858 4489 audiamus,
891 4431 946 4478 et
988 4437 1271 4492 personam
1299 4435 1652 4492 agnoscamus
1697 4442 1710 4477 :
1751 4425 1940 4479 necubi
1985 4441 2152 4495 erres,

563 4515 778 4589 quando
801 4513 1030 4568 audieris
1051 4511 1247 4581 aliquid
1272 4511 1413 4581 quod
1432 4499 1672 4584 coaptari
1699 4515 1859 4584 capiti
1889 4515 2030 4570 illius
2051 4531 2156 4572 non

563 4610 762 4682 possit;
811 4607 932 4662 ideo
959 4606 1280 4676 praelocutus
1308 4620 1423 4661 sum
1450 4648 1465 4674 ,
1499 4615 1557 4662 ut
1585 4606 1725 4677 quod
1772 4609 1876 4664 tale
1902 4609 2156 4679 audieris,

560 4717 629 4759 ex
673 4699 979 4756 inﬁrmitate
1019 4697 1260 4766 corporis
1305 4697 1554 4753 advertas
1602 4713 1834 4765 sonare,
1880 4710 1934 4756 et
1974 4717 2158 4758 vocem

564 4795 930 4852 membrorum
959 4807 1216 4863 agnoscas
1241 4791 1293 4846 in
1316 4791 1508 4862 capite.
1541 4791 1717 4848 Oratio
1739 4795 1924 4865 inopis,
1942 4795 2044 4852 hoc
2065 4796 2163 4852 ha-

556 4885 653 4943 bet
680 4885 859 4941 titulus
880 4927 895 4953 ,
927 4901 1040 4939 cum
1066 4892 1333 4955 angeretur
1359 4925 1372 4948 ,
1405 4894 1450 4938 et
1478 4885 1530 4938 in
1562 4897 1827 4957 conspectu
1854 4887 2060 4943 Domini
2087 4892 2163 4962 ef-

561 4980 697 5051 fudit
742 4995 937 5051 precem
980 4994 1144 5033 suam.
1185 4976 1302 5047 Ipse
1329 4977 1416 5032 ille
1446 4992 1648 5049 pauper
1674 4988 1786 5047 est,
1811 4981 1900 5051 qui
1930 4981 2054 5036 alibi
2079 4981 2162 5036 di-

566 5071 642 5126 cit
673 5088 686 5125 :
731 5071 770 5124 Α
813 5071 996 5137 ﬁnibus
1023 5079 1168 5124 terra:
1195 5068 1262 5122 ad
1292 5077 1338 5122 te
1363 5069 1576 5123 clamaui
1597 5111 1612 5136 ,
1644 5085 1759 5124 cum
1787 5083 2052 5143 angeretur
2078 5088 2166 5128 cor

565 5178 732 5216 meum
775 5159 948 5230 (Psal.
980 5176 1046 5216 ιχ
1069 5202 1085 5229 ,
1115 5161 1192 5230 ὅ).
1226 5159 1328 5215 Iste
1354 5159 1468 5230 ipse
1496 5175 1694 5231 pauper
1720 5171 1804 5218 est
1826 5205 1841 5231 ,
1869 5165 1992 5234 quia
2022 5164 2162 5221 idem

565 5255 684 5323 ipse
727 5252 972 5308 Christus
1013 5263 1131 5320 est;
1173 5254 1348 5324 quise
1373 5254 1510 5325 apud
1538 5256 1888 5327 prophetam,
1921 5267 1975 5314 et
2002 5273 2164 5330 spon-

567 5361 688 5402 sum
732 5345 898 5413 dixit,
939 5353 994 5400 et
1020 5353 1278 5416 lsponsam
1327 5366 1340 5402 :
1389 5347 1534 5402 Sicut
1570 5365 1754 5420 sponso
1783 5351 2008 5422 alligavit
2039 5353 2164 5408 mihi

567 5438 771 5492 mitram
797 5454 816 5503 ;
861 5443 908 5491 et
955 5436 1080 5490 sicut
1120 5453 1358 5508 sponsam
1384 5440 1552 5493 induit
1581 5458 1659 5496 me
1687 5454 1979 5498 ornamento
2011 5443 2162 5516 (Isai.

565 5543 658 5585 ιιι
679 5571 694 5596 ,
737 5527 852 5596 10).
883 5527 952 5584 Se
978 5526 1110 5582 dixit
1136 5542 1388 5598 sponsum
1411 5572 1426 5599 ,
1455 5546 1512 5586 se
1537 5531 1671 5589 dixit
1697 5549 1946 5604 sponsam
1976 5552 1991 5604 ;
2024 5537 2164 5594 unde

633 5665 652 5734 ξ
687 5663 760 5734 sic
781 5669 888 5734 Mss.
909 5669 963 5713 At
986 5661 1118 5724 Edd.,
1144 5661 1356 5734 quidem.

630 5724 653 5758 ³
687 5729 767 5776 ttr.
790 5733 844 5781 et
861 5731 993 5792 Lov.,
1016 5724 1252 5794 genuisse.
1274 5726 1446 5782 verius
1464 5734 1564 5780 Am.
1593 5735 1644 5784 et
1663 5734 1789 5797 Mss,
1816 5732 2068 5800 gemuisse.

1365 5874 1398 5889 εκ

1776 248 1838 306 S.
1876 239 2240 305 AUGUSTINI
2278 241 2586 302 EPISCOPI
3671 244 3788 304 i290

2245 360 2348 417 hoc
2370 401 2384 425 ,
2411 360 2511 415 nisi
2541 357 2664 430 quia
2687 369 2940 430 sponsum
2970 361 3189 428 prepter
3209 361 3365 426 caput
3384 397 3399 422 ,
3424 367 3658 426 sponsam
3680 374 3788 431 pro.

2238 463 2359 524 pter
2377 452 2609 522 corpus?
2634 450 2749 506 Vox
2771 466 2898 521 ergo
2919 464 3022 504 una
3044 489 3059 517 ,
3085 447 3207 520 quia
3227 463 3352 504 caro
3373 463 3492 502 una.
3515 448 3789 523 Audiamus,

2239 555 2294 602 et
2316 547 2491 616 potius
2514 546 2566 600 in
2590 545 2672 600 his
2693 545 2910 599 vocibus
2931 557 3030 598 nos
3049 557 3259 613 quoque
3287 556 3662 614 agnoscamus;
3685 551 3734 601 et
3752 546 3790 602 si

2239 654 2338 696 nos
2363 649 2512 696 extra
2539 653 2658 695 esse
2683 637 2972 693 viderimus
2991 677 3006 701 ,
3036 634 3109 690 ibi
3138 649 3256 690 esse
3281 633 3599 690 laboremus.

2311 732 2364 786 5.
2415 728 2563 803 [vet-3.
2605 730 2640 784 2
2670 771 2686 798 ,
2732 727 2816 803 5.]
2866 747 2885 780 ι
2939 726 3186 794 Exaudi,
3229 724 3488 793 Domine,
3535 725 3796 786 orationem

2241 837 2414 878 meam
2441 863 2456 888 ,
2501 830 2555 877 et
2593 820 2796 877 clamor
2823 833 2976 876 meus
3002 817 3071 873 ad
3102 826 3153 874 te
3181 815 3475 888 perveniat.
3512 833 3532 870 ι
3565 815 3668 873 Hoc
3691 829 3796 886 est,

2247 934 2268 968 ‹
2315 913 2562 982 Exaudi,
2609 913 2865 979 Domine,
2909 911 3204 967 orationem
3246 923 3460 976 meam;
3494 925 3514 962 ι
3543 908 3798 980 quodest,

2247 1026 2268 1060 ι
2300 1008 2505 1063 clamor
2533 1021 2682 1062 meus
2711 1005 2778 1060 ad
2809 1014 2862 1061 te
2885 1002 3159 1075 perveniat
3189 1021 3202 1057 :
3238 1019 3257 1054 ι
3288 1003 3342 1057 in
3363 1000 3702 1072 geminatione
3731 1001 3798 1057 ai-

2241 1101 2412 1158 fectus
2457 1100 2684 1172 petentis
2727 1108 2828 1155 est.
2880 1096 2964 1152 Ne
3007 1105 3202 1152 avertas
3245 1096 3428 1166 faciem
3469 1104 3602 1148 tuam
3643 1111 3673 1148 a
3712 1110 3797 1150 me.

2242 1192 2465 1262 Quando
2488 1193 2626 1248 Deus
2644 1208 2673 1246 a
2698 1191 2834 1247 Filio
2853 1191 2876 1245 ?
2898 1188 3109 1260 quando
3141 1189 3296 1244 Pater
3318 1187 3393 1258 (a)
3410 1203 3440 1242 a
3454 1185 3695 1242 Christo?
3713 1185 3800 1244 Sed

2243 1293 2461 1356 propter
2505 1282 2866 1338 membrorum
2897 1287 3260 1352 paupertatem
3284 1319 3300 1346 ,
3334 1276 3418 1332 Ne
3439 1287 3626 1333 avertas
3650 1278 3803 1350 [aciem

2244 1385 2382 1430 tuam
2419 1393 2452 1430 a
2489 1392 2586 1430 me.
2625 1373 2692 1429 In
2728 1389 3042 1447 quacumque
3065 1372 3148 1426 die
3173 1370 3386 1425 tribulor
3407 1412 3423 1438 ,
3454 1370 3635 1424 inclina
3659 1387 3802 1425 aurem

2246 1477 2384 1522 tuam
2410 1467 2476 1521 ad
2501 1484 2598 1521 me.
2628 1467 2876 1522 Tribulor
2895 1465 3038 1521 enim
3066 1463 3315 1519 deorsum
3340 1479 3355 1530 ;
3375 1470 3431 1516 tu
3451 1470 3618 1517 autem
3638 1476 3691 1518 es
3707 1476 3804 1517 sur-

2246 1576 2362 1616 sum
2397 1578 2410 1614 :
2442 1560 2487 1615 si
2517 1574 2604 1615 me
2632 1559 2831 1614 extollo
2856 1600 2868 1623 ,
2902 1558 3057 1628 longe
3087 1555 3188 1621 iis;
3217 1556 3261 1610 si
3288 1569 3376 1610 me
3400 1553 3646 1621 humilio,
3674 1553 3804 1608 incli-

2246 1667 2344 1707 nas
2373 1667 2556 1707 aurem
2594 1659 2736 1706 tuam
2764 1649 2830 1704 ad
2858 1664 2964 1706 me.
2999 1647 3104 1704 Sed
3135 1646 3260 1718 quid
3288 1656 3372 1702 est
3397 1686 3412 1712 ,
3440 1645 3507 1700 In
3533 1660 3806 1716 quacumque

2247 1744 2328 1799 die
2356 1743 2566 1798 tribulor
2586 1743 2612 1796 Ρ
2637 1742 2787 1797 Nunc
2816 1741 2955 1796 enim
2983 1755 3089 1794 non
3119 1737 3446 1794 tribulatur?
3474 1745 3563 1791 aut
3588 1735 3678 1792 ista
3705 1736 3719 1768 ¹
3742 1735 3807 1790 di-

2248 1845 2418 1901 ceret,
2441 1836 2540 1889 nisi
2567 1834 2942 1890 tribularetur?
2963 1831 3244 1888 Sufﬁceret
3273 1842 3422 1900 ergo,
3449 1827 3635 1883 lnclina
3653 1841 3806 1883 aurem

2248 1936 2394 1983 tuam
2436 1927 2501 1981 ad
2533 1943 2647 1995 me,
2675 1926 2922 1996 quoniam
2953 1923 3199 1978 tribulor.
3228 1920 3297 1975 In
3321 1936 3624 1992 quacumque
3646 1919 3718 1973 die
3737 1919 3808 1972 tri-

2250 2019 2426 2084 bulor,
2472 2019 2660 2073 inclina
2701 2033 2873 2070 aurem
2920 2026 3060 2070 tuam
3103 2014 3171 2067 ad
3213 2031 3292 2069 me
3337 2029 3355 2067 :
3399 2022 3638 2084 tanquam
3662 2011 3807 2067 unitas

2248 2110 2526 2180 corporis;
2570 2108 2615 2163 si
2650 2109 2848 2178 patitur
2880 2121 3043 2161 unum
3089 2104 3391 2161 membrum
3414 2145 3430 2169 ,
3458 2103 3808 2172 compatiuntur

2249 2203 2425 2256 omnia
2457 2199 2692 2255 membra
2726 2199 2769 2267 (l
2801 2198 2918 2252 Cor.
2950 2213 3026 2252 xu
3048 2239 3061 2263 ,
3092 2196 3208 2268 ι26).
3240 2195 3535 2251 Tribularis
3563 2203 3615 2248 tu
3641 2192 3804 2260 hodie,

2249 2310 2349 2367 ego
2383 2295 2643 2356 tribulor;
2672 2293 2952 2348 tribulatur
2981 2291 3115 2345 alius
3144 2289 3384 2344 crastino
3407 2330 3423 2354 ,
3454 2302 3551 2359 ego
3578 2284 3805 2352 tribulor;

2249 2399 2369 2459 post
2409 2391 2564 2444 istam
2601 2387 2998 2458 generationem
3038 2385 3124 2439 alii
3168 2383 3414 2454 posteri,
3441 2382 3527 2454 qui
3555 2378 3808 2437 succedunt

2252 2483 2508 2554 posteris,
2559 2481 2912 2543 tribulantur,
2959 2493 3059 2548 ego
3101 2477 3370 2543 tribulor;
3414 2489 3578 2545 usque
3601 2473 3649 2528 in
3676 2472 3808 2526 linem

2250 2574 2464 2637 saeculi,
2511 2574 2830 2644 quicumque
2879 2571 2930 2625 in
2958 2585 3080 2625 meo
3105 2583 3335 2639 corpore
3366 2567 3671 2622 tribulantur
3693 2606 3707 2632 ,
3729 2578 3806 2634 ego

2251 2666 2493 2720 tribulor.
2531 2683 2549 2715 ι
2585 2665 2643 2719 ln
2673 2677 3002 2734 quacumque
3029 2679 3048 2714 ι
3075 2676 3202 2730 ergo
3230 2678 3248 2712 ‹
3279 2659 3368 2714 die
3390 2658 3624 2724 tribulor,
3645 2655 3804 2710 inclina

2250 2777 2433 2817 aurem
2474 2770 2616 2814 tuam
2655 2758 2721 2813 ad
2760 2774 2865 2813 me.
2921 2757 2977 2812 In
3022 2769 3361 2826 quacumque
3409 2753 3494 2808 die
3532 2752 3806 2806 invocavero

2252 2864 2338 2919 te,
2375 2854 2480 2908 cito
2525 2851 2714 2906 exaudi
2761 2865 2868 2904 me.
2905 2868 2925 2900 ι
2964 2848 3078 2902 Hoc
3115 2847 3255 2901 idem
3297 2853 3401 2900 est.
3444 2844 3558 2900 Jam
3599 2855 3724 2897 nunc
3744 2839 3806 2894 in-

2250 2960 2382 3000 voco
2407 2961 2420 3008 ;
2462 2944 2553 2998 sed
2577 2984 2591 3008 ,
2641 2960 2660 2993 ι
2715 2941 2769 2995 ln
2799 2954 3132 3012 quacumque
3162 2937 3249 2992 die
3279 2938 3594 2991 invocavero
3621 2941 3697 2998 te,
3721 2931 3805 2985 cito

2250 3035 2436 3092 exaudi
2461 3050 2566 3089 me.
2598 3053 2615 3087 ι
2651 3033 2832 3088 Oravit
2859 3033 3048 3087 Petrus
3072 3071 3086 3097 ,
3113 3031 3285 3085 oravit
3306 3029 3536 3095 Paulus,
3558 3029 3805 3080 oraverunt

2250 3127 2427 3181 caeteri
2467 3125 2748 3196 Apostoli;
2787 3133 3072 3179 oravernnt
3113 3121 3301 3176 ﬁdeles
3346 3117 3660 3189 temporibus
3686 3112 3803 3179 illis,

2250 3226 2536 3274 oraverunt
2578 3216 2762 3272 ﬁdeles
2795 3213 3241 3286 consequentibus
3273 3211 3626 3282 temporibus,
3651 3219 3805 3262 orave-

2249 3322 2372 3367 runt
2415 3309 2602 3366 tidelcs
2638 3301 2933 3380 martyrum
2965 3306 3293 3376 temporibus
3314 3345 3330 3370 ,
3362 3311 3513 3358 orant
3541 3300 3708 3356 fideles
3729 3311 3806 3350 no-

2249 3405 2374 3461 stris
2413 3403 2740 3473 temporibus
2760 3441 2776 3468 ,
2805 3399 3032 3455 orabunt
3061 3397 3246 3453 fideles
3276 3405 3606 3467 posterorum
3633 3400 3806 3460 tempo-

2249 3499 2398 3554 ribus
2426 3515 2439 3552 :
2473 3495 2539 3551 In
2566 3511 2878 3568 quacumque
2896 3494 2977 3548 die
3003 3494 3293 3547 invocavero
3321 3500 3388 3556 te,
3415 3490 3511 3544 cito
3535 3485 3704 3542 exaudi
3721 3498 3801 3536 me.

2251 3591 2359 3645 Cito
2403 3590 2585 3644 exaudi
2624 3605 2644 3644 :
2682 3589 2794 3660 jam
2817 3588 2960 3643 enim
2989 3587 3088 3641 hoc
3117 3599 3247 3656 rogo
3271 3583 3418 3654 quod
3445 3582 3570 3638 dare
3598 3581 3686 3634 vis.
3713 3575 3804 3631 Non

2253 3692 2461 3739 terrena
2495 3683 2646 3754 quasi
2691 3691 2934 3737 terrenus
2958 3721 2974 3748 ,
3001 3679 3094 3734 sed
3121 3693 3186 3734 ex
3215 3678 3390 3748 prima
3414 3674 3701 3747 captivitate
3716 3669 3806 3739 jam
3835 3675 3839 3680 ‘

2251 3777 2594 3847 redemptus,
2634 3790 2857 3846 regnum
2897 3774 3154 3828 cmlorum
3192 3770 3479 3835 desidero;
3523 3767 3627 3823 Cito
3653 3757 3806 3818 exaudi

2255 3887 2333 3926 me
2356 3887 2375 3925 :
2404 3886 2508 3925 non
2530 3870 2671 3924 enim
2703 3868 2805 3922 nisi
2835 3867 2923 3922 tali
2948 3865 3212 3920 desiderio
3250 3863 3431 3918 dixisti
3455 3902 3471 3930 ,
3495 3859 3662 3914 Adhuc
3684 3865 3724 3909 te
3741 3853 3803 3907 lo-

2255 3975 2435 4036 quente
2480 3964 2678 4029 dicam,
2726 3959 2859 4014 Ecce
2898 3959 3079 4013 adsum
3117 3956 3268 4029 (Isai.
3320 3971 3484 4023 Lvnl,
3514 3952 3588 4024 9).
3617 3949 3678 4003 In
3701 3960 3804 4018 qua-

2257 4074 2468 4129 cumque
2507 4056 2588 4110 die
2630 4057 2921 4109 invocavero
2948 4063 2994 4106 te
3012 4093 3027 4119 ,
3057 4053 3154 4106 cito
3181 4051 3366 4106 exaudi
3394 4065 3490 4104 me.
3517 4044 3660 4104 Unde
3680 4043 3806 4096 invo-

2257 4150 2384 4205 cas?
2418 4150 2485 4204 de
2521 4164 2621 4220 qua
2657 4145 3039 4202 tribulatione?
3064 4144 3131 4199 de
3157 4159 3258 4214 qua
3285 4139 3557 4213 egestate?
3578 4137 3619 4192 Ο
3641 4144 3805 4206 pauper

2259 4252 2382 4298 ante
2402 4242 2616 4312 jannam
2643 4239 2821 4295 divitis
2847 4236 2972 4305 Dei,
2996 4250 3102 4306 quo
3125 4232 3392 4291 desiderio
3415 4224 3803 4293 mendicasiqua

2262 4337 2436 4407 inopia
2459 4337 2725 4407 requiris?
2746 4351 2844 4406 qua
2868 4343 3101 4405 egestate
3127 4333 3327 4404 pulsas,
3351 4340 3411 4388 ut
3427 4329 3679 4402 aperiatur
3696 4315 3806 4377 tibi?

2262 4429 2378 4495 Dic,
2403 4430 2676 4484 audiamus
2703 4430 2869 4498 ipsam
2891 4435 3212 4498 egestatem;
3241 4427 3291 4481 in
3309 4426 3397 4481 illa
3416 4434 3471 4482 et
3492 4439 3584 4480 nos
3606 4421 3732 4491 ipsos
3748 4413 3804 4467 in-

2263 4523 2558 4588 veniamus,
2574 4530 2628 4576 et
2647 4530 2818 4576 tecum
2833 4534 3100 4592 rogemus.
3118 4519 3274 4586 Audi,
3291 4529 3596 4590 etagnosce,
3611 4512 3650 4568 si
3663 4515 3802 4583 potes-

2337 4615 2390 4670 4.
2421 4612 2568 4687 [rem
2609 4611 2688 4685 4.]
2718 4611 2850 4678 Quia
2889 4612 3177 4683 defecerunt
3212 4611 3341 4665 sicut
3395 4613 3558 4683 fumus
3585 4605 3680 4659 dies
3706 4595 3799 4687 mei.

2267 4707 2310 4762 0
2339 4686 2489 4761 dies!
2523 4706 2567 4760 si
2597 4705 2714 4760 dies
2743 4723 2755 4758 :
2786 4703 2876 4759 ubi
2905 4705 3052 4760 enim
3077 4703 3193 4759 dies
3217 4702 3448 4770 auditur,
3482 4701 3565 4755 lux
3593 4686 3802 4768 intelligi-

2269 4807 2373 4854 tur.
2419 4798 2524 4854 Sed
2563 4797 2849 4870 defecerunt
2878 4797 3008 4852 sicut
3037 4796 3209 4866 furnus
3243 4794 3350 4851 dies
3386 4793 3498 4849 mei.
3542 4787 3654 4843 Dies
3692 4777 3800 4842 arei.

2269 4901 2508 4962 tempora
2541 4904 2658 4944 mea
2691 4909 2703 4943 :
2733 4887 2874 4944 unde
2903 4888 3029 4942 sicut
3055 4890 3257 4960 fumus,
3286 4885 3387 4942 nisi
3414 4890 3622 4956 propter
3645 4871 3803 4931 elatio-

2269 5000 2389 5042 nem
2434 4983 2736 5054 superbiae?
2782 4981 2937 5038 Tales
2981 4981 3096 5037 dies
3123 4981 3312 5052 dignus
3348 4979 3446 5034 fuit
3483 4974 3706 5044 accipere
3733 4977 3804 5018 su-

2267 5077 2464 5149 perbus
2498 5076 2689 5144 Adam,
2731 5073 2871 5130 unde
2916 5089 3132 5130 carnem
3169 5068 3412 5128 Christus
3455 5064 3660 5136 accepit.
3689 5055 3804 5125 Ετεο

2270 5169 2323 5224 in
2350 5168 2517 5223 Adam
2542 5167 2807 5234 Christus,
2836 5173 2890 5221 et
2910 5165 3078 5220 Adam
3102 5167 3153 5218 in
3181 5161 3411 5219 Christo.
3437 5152 3802 5218 Liberavitpro-

2271 5259 2407 5316 recto
2437 5269 2490 5316 et
2515 5276 2546 5315 a
2570 5259 2756 5316 diebus
2778 5257 2925 5326 fumi,
2953 5257 3042 5328 qui
3065 5256 3312 5326 dignatus
3339 5261 3418 5310 est
3441 5249 3628 5307 habere
3649 5247 3802 5296 vocem

2271 5353 2474 5408 dierum
2489 5353 2638 5407 fumi.
2656 5351 2788 5419 Quia
2801 5351 3086 5422 defecerunt
3099 5349 3224 5403 sicut
3237 5349 3404 5420 fumus
3421 5345 3522 5398 dies
3537 5329 3801 5394 mei.Videle

2271 5442 2470 5498 fumum
2488 5443 2748 5514 superbia:
2764 5440 3424 5510 similem,‘asccndentem,
3444 5432 3800 5492 tumescentem.

2270 5543 2646 5591 vanescentem
2681 5554 2694 5591 :
2724 5533 2918 5590 merito
2947 5549 3076 5606 ergo
3118 5532 3448 5589 deiicientem
3474 5570 3490 5597 ,
3529 5535 3625 5580 non
3651 5515 3800 5584 utili“.

2334 5675 2357 5734 ιγ
2386 5677 2536 5734 Vetus
2555 5669 2681 5734 liber
2702 5672 2838 5734 corn.
2864 5672 3057 5734 Optimae
3078 5675 3235 5723 not-ee:
3257 5674 3344 5734 Aut
3363 5665 3452 5723 ista
3472 5673 3559 5718 non
3577 5651 3750 5713 diceret.

2338 5732 2411 5800 (a)
2445 5731 2670 5800 subaudi,
2689 5733 2862 5802 [aciem
2887 5731 3070 5792 (uertit.
3333 5731 3338 5734 '
3492 5744 3523 5796 ί·
3779 5749 3812 5805 η

4001 3473 4007 3530 ξ

3997 3531 4006 3582 t

3997 3587 4005 3676 ἓ

3999 3687 4005 3744 ῗ

3999 3757 4005 3852 ἒ
