4088 6440
333 436 474 499 1997

328 557 765 626 permanentem.
802 550 939 619 Quia
977 544 1266 622 defecerunt
1302 546 1428 602 sicut
1455 549 1622 617 [itmtts
1651 544 1756 599 dies
1785 543 1919 611 mei;

328 658 383 705 et
428 664 543 705 assa
586 662 698 701 mea
738 645 868 701 sicut
911 644 968 697 in
1003 642 1221 712 [τίποήο
1259 640 1494 713 confrixa
1527 648 1665 694 sunt.
1708 638 1776 694 Et
1810 638 1924 709 ipsa

329 754 457 795 ossa
481 752 624 806 mea,
649 746 704 793 et
722 738 834 807 ipsa
856 734 1113 792 fortitudo
1136 748 1276 801 mea,
1305 748 1410 788 non
1428 733 1542 787 sine
1561 730 1922 796 tribulatione,

330 845 443 886 non
477 831 595 885 sine
624 827 856 884 ustione.
876 824 1009 884 Ossa
1029 825 1269 895 corporis
1287 823 1508 891 Christi,
1532 822 1785 878 fortitudo
1806 836 1925 878 cor-

330 921 483 992 poris
513 919 711 976 Cbristi
732 960 746 984 ,
774 918 865 975 ubi
903 919 1074 987 major
1100 932 1258 988 quam
1299 917 1351 971 in
1380 916 1578 971 sanctis
1608 914 1875 987 Apostolis
1900 912 1925 967 Ἰ

330 1014 403 1067 Et
432 1023 611 1068 tamen
640 1011 761 1067 vide
788 1025 907 1067 ossa
938 1009 1058 1081 frigi
1093 1027 1105 1062 :
1140 1010 1265 1078 Quis
1288 1009 1664 1063 scandalizatur
1684 1050 1699 1075 ,
1737 1016 1785 1061 et
1822 1023 1925 1061 non

332 1120 427 1174 ego
453 1120 577 1158 uror
604 1102 667 1174 (ll
695 1103 813 1158 Cor.
838 1118 907 1168 xi,
935 1101 1073 1173 29)?
1102 1101 1291 1157 Fortes
1320 1108 1480 1167 sunt,
1526 1098 1711 1154 fideles
1735 1140 1750 1168 ,
1797 1098 1924 1153 boni

329 1194 703 1255 intellectores
740 1202 795 1249 et
834 1192 1210 1263 praedicatores
1248 1191 1435 1256 verbi,
1467 1190 1704 1244 viventes
1746 1197 1805 1243 ut
1846 1190 1926 1243 lo-

330 1293 578 1355 quuntur
600 1325 615 1351 ,
648 1284 927 1355 loquentes
967 1291 1027 1338 ut
1064 1282 1287 1337 audiunt
1318 1300 1331 1337 :
1365 1280 1389 1334 f
1406 1290 1527 1335 vrtes
1563 1282 1717 1350 plane
1758 1288 1883 1334 sunt
1905 1320 1921 1345 ,

329 1377 430 1433 sed
460 1390 653 1433 omnes
680 1376 769 1446 qui
794 1374 1038 1431 scandala
1066 1374 1355 1445 patiuntur,
1387 1371 1663 1427 frixorium
1686 1372 1923 1441 ipsorum

330 1477 480 1526 sunt.
520 1466 618 1523 Est
656 1467 797 1523 enim
830 1467 900 1521 ibi
931 1466 1163 1521 Charitas
1184 1508 1199 1533 ,
1230 1472 1283 1519 et
1310 1464 1478 1534 magis
1504 1464 1556 1518 in
1583 1463 1810 1518 ossibus.
1840 1462 1926 1517 ln-

332 1562 535 1617 teriora
557 1569 678 1616 sunt
701 1575 823 1615 ossa
849 1558 1097 1614 omnibus
1122 1557 1391 1622 carnibus,
1420 1565 1473 1611 et
1505 1564 1713 1625 portant
1739 1568 1925 1609 omnes

329 1667 553 1710 carnes.
584 1651 785 1709 Verum
815 1652 861 1707 si
892 1651 1171 1722 quisquam
1200 1650 1429 1720 patiatur
1459 1647 1671 1718 aliquod
1702 1645 1925 1701 scanda-

330 1746 444 1802 lum
472 1785 487 1810 ,
522 1752 583 1800 et
623 1744 676 1798 in
703 1743 880 1797 anima
924 1741 1288 1813 periclitetur;
1332 1748 1535 1794 tantum
1580 1752 1641 1793 os
1678 1738 1921 1808 frigitur,

329 1828 596 1910 quantum
622 1845 786 1892 amat.
821 1836 968 1892 Desit
986 1851 1156 1900 amor,
1188 1849 1347 1890 nemo
1372 1832 1582 1905 frigitur
1609 1851 1624 1888 :
1651 1832 1789 1887 adsit
1808 1831 1927 1887 cha-

328 1930 493 1997 ritas,
521 1937 579 1984 et
607 1929 652 1983 si
682 1928 980 1983 membrum
1008 1927 1346 1997 compatitur,
1374 1927 1605 1995 patiente
1625 1940 1732 1979 uno
1758 1941 1926 1981 mem-

327 2020 432 2076 bro
461 2036 479 2085 ;
510 2020 779 2091 quomodo
820 2018 1083 2089 friguntur
1111 2020 1201 2090 qui
1234 2027 1446 2088 portant
1480 2018 1727 2073 universa
1757 2034 1925 2074 mem-

328 2112 427 2169 bra
448 2113 474 2167 ?
508 2112 640 2167 Ossa
668 2128 777 2166 mea
801 2112 928 2167 sicut
955 2112 1009 2166 in
1037 2112 1248 2183 {rixario
1274 2112 1506 2179 confricca
1534 2119 1675 2166 sunt.

400 2203 466 2258 5.
503 2200 653 2275 [να-ε.
683 2201 762 2275 5.]
792 2201 1099 2256 Percussum
1128 2211 1199 2256 est
1222 2202 1352 2256 sicut
1382 2206 1571 2273 fenum,
1608 2209 1655 2255 et
1686 2204 1816 2256 aruit
1841 2220 1929 2258 cor

330 2312 529 2351 mni.
575 2295 801 2366 Respice
845 2295 910 2349 ad
957 2295 1127 2349 Adam
1154 2335 1166 2358 ,
1215 2294 1355 2350 unde
1402 2310 1570 2364 genus
1615 2294 1923 2350 humanum.

329 2387 496 2445 Unde
535 2388 681 2444 enim
709 2387 809 2442 nisi
839 2387 906 2441 ab
931 2387 1023 2442 illo
1049 2396 1332 2458 propagata
1376 2387 1588 2441 miseria
1619 2388 1738 2443 est?
1779 2388 1929 2444 Unde

328 2480 486 2536 enim
531 2479 633 2535 nisi
667 2480 735 2535 ab
777 2479 870 2534 illo
912 2478 1244 2534 haereditaria
1287 2479 1384 2533 ista
1418 2479 1740 2548 paupertas?
1780 2460 1954 2535 Dicat.

328 2588 471 2644 ergo
494 2587 620 2627 cum
647 2586 741 2641 spe
766 2570 874 2641 jam
904 2570 956 2625 in
986 2585 1211 2640 corpore
1235 2568 1430 2624 Christi
1465 2570 1683 2639 positus,
1717 2570 1803 2624 ille
1830 2570 1927 2624 ali-

330 2664 557 2736 quando
586 2663 640 2719 in
666 2678 762 2718 suo
791 2677 1015 2733 corpore
1040 2662 1370 2731 desperatus,
1398 2660 1701 2715 Percussum
1727 2670 1799 2715 est
1828 2662 1926 2715 sic-

329 2771 384 2816 ut
453 2761 665 2831 fenum,
710 2768 757 2814 et
792 2759 926 2813 aruit
970 2774 1057 2811 cor
1099 2774 1281 2811 meum.
1330 2755 1550 2818 Merito,
1594 2755 1713 2824 quia
1754 2754 1929 2809 omnis

328 2868 470 2910 caro
515 2852 694 2907 fenum
737 2850 887 2925 (Isai.
932 2866 1004 2904 xi.
1028 2892 1041 2913 ,
1071 2849 1151 2919 6).
1186 2848 1290 2905 Sed
1323 2858 1497 2903 tamen
1528 2847 1667 2902 unde
1696 2848 1786 2901 tibi
1827 2847 1930 2903 hoc

327 2944 609 3015 contigit?
672 2943 923 3009 Quoniam
975 2942 1158 2995 oblitus
1217 2957 1331 2994 sum
1384 2940 1690 2993 manducare
1748 2956 1929 3009 panem

330 3054 528 3094 meam.
562 3037 790 3093 Dederat
814 3038 956 3092 enim
982 3036 1123 3091 Deus
1145 3051 1334 3106 panem
1367 3034 1635 3105 prtecepti.
1671 3035 1799 3088 Nam
1832 3050 1927 3105 pa-

330 3132 421 3187 nis
452 3129 648 3185 anima:
685 3128 811 3199 quid
834 3169 848 3195 ,
897 3128 1001 3183 nisi
1028 3128 1250 3182 verbum
1294 3128 1426 3182 Dei?
1455 3128 1783 3197 Suggerente
1812 3142 1928 3183 ser-

330 3229 537 3293 pente,
568 3219 953 3291 prtevaricante
985 3218 1211 3274 muliere
1238 3219 1278 3286 ί,
1313 3219 1485 3288 tetigit
1527 3219 1745 3273 vetitum
1775 3216 1926 3288 (Gen.

331 3327 417 3379 tu,
456 3312 539 3379 6),
564 3311 760 3367 oblitus
786 3319 869 3367 est
896 3320 1222 3382 prmcepturn
1248 3329 1261 3364 :
1295 3310 1488 3366 merito
1514 3325 1822 3380 percussum
1849 3318 1932 3366 est

332 3406 481 3464 sicut
512 3405 695 3463 fenum
718 3447 733 3474 ,
773 3414 828 3462 et
856 3407 996 3462 aruit
1023 3420 1117 3462 cor
1143 3406 1260 3476 ejus
1284 3447 1298 3472 ,
1326 3404 1577 3476 quoniam
1622 3404 1821 3460 oblitus
1847 3411 1932 3461 est

334 3500 672 3557 manducare
696 3514 887 3569 panem
916 3514 1091 3555 suum.
1121 3498 1332 3555 Oblitus
1360 3498 1683 3553 manducare
1714 3512 1926 3567 panem,

334 3592 476 3648 bibit
500 3607 804 3658 venenum;
831 3606 1141 3663 percussum
1167 3598 1249 3646 est
1272 3598 1367 3653 cor
1388 3590 1523 3659 ejus,
1550 3598 1605 3643 et
1632 3589 1773 3643 aruit
1794 3589 1933 3645 sicut

336 3683 551 3741 fenum.
576 3682 695 3755 Ipse
714 3692 796 3739 est
814 3684 906 3739 ille
926 3698 1213 3754 percussus
1233 3682 1287 3736 in
1317 3682 1470 3747 Isaia,
1494 3680 1561 3735 de
1588 3695 1694 3751 quo
1714 3680 1927 3748 dicitur,

338 3785 395 3833 et
418 3776 508 3831 cui
538 3774 733 3831 dicitur
763 3790 778 3828 :
812 3792 831 3827 ι
868 3774 983 3829 Νοη
1010 3774 1066 3829 in
1093 3782 1355 3830 aeternum
1383 3782 1593 3843 tempus
1617 3772 1815 3827 irascar
1839 3786 1933 3827 vo-

342 3868 430 3924 bis
459 3886 471 3921 :
502 3866 725 3937 spiritus
750 3866 891 3922 enim
929 3881 959 3920 a
1007 3879 1095 3921 me
1124 3864 1382 3936 procedit,
1426 3872 1481 3919 et
1508 3877 1719 3918 omnem
1750 3861 1931 3917 flatum

345 3974 452 4030 ego
478 3958 597 4013 feci.
622 3957 847 4027 Propter
874 3964 1149 4026 peccatum
1174 3955 1443 4011 modicum
1474 3954 1600 4025 quid
1622 3956 1931 4009 contristavi

351 4050 527 4116 illum,
567 4056 620 4105 et
659 4048 896 4119 percussi
927 4048 1075 4103 illum
1100 4087 1116 4113 ,
1146 4056 1200 4102 et
1224 4047 1392 4102 averti
1422 4047 1610 4101 faciem
1655 4060 1826 4101 meam
1866 4046 1934 4101 ab

350 4142 466 4198 illo.
505 4160 525 4195 ι
554 4142 741 4197 Merito
771 4141 877 4207 hic,
913 4158 931 4193 ι
968 4139 1045 4195 Ne
1070 4147 1278 4195 avertas
1307 4138 1495 4193 faciem
1525 4147 1667 4193 tuam
1692 4154 1720 4192 a
1749 4154 1834 4193 me
1860 4157 1873 4193 :
1908 4156 1926 4191 ι

346 4235 455 4292 hoc
480 4241 565 4291 est
585 4276 601 4301 ,
642 4250 674 4290 a
702 4247 960 4305 percusso
984 4274 999 4298 ,
1045 4231 1113 4288 de
1152 4246 1257 4302 quo
1283 4229 1500 4294 dixisti,
1535 4249 1554 4283 ι
1589 4230 1833 4285 Percussi
1865 4230 1932 4285 il-

344 4330 497 4394 lum;
536 4345 556 4380 ι
600 4326 668 4383 de
695 4341 800 4396 quo
845 4325 1063 4391 dixisti,
1111 4343 1130 4376 ι
1168 4324 1290 4380 Vias
1333 4324 1448 4394 ejus
1476 4323 1622 4389 vidi,
1662 4333 1716 4378 et
1752 4324 1934 4379 sanavi

347 4438 476 4479 eum
523 4420 676 4493 (Isai.
710 4437 835 4489 Lvn,
856 4418 1066 4492 16-18).
1094 4419 1411 4475 Percussum
1447 4426 1529 4473 est
1560 4418 1698 4473 sicut
1729 4417 1931 4485 fenum,

346 4524 404 4571 et
428 4514 571 4569 aruit
597 4528 692 4569 cor
716 4528 891 4569 meum
914 4555 929 4579 ,
966 4512 1215 4582 quoniam
1243 4511 1439 4566 oblitus
1466 4526 1583 4566 sum
1614 4509 1936 4565 manducare

348 4620 545 4676 panem
573 4620 771 4660 meum.
811 4623 829 4656 ο
864 4602 1021 4659 Modo
1047 4602 1307 4659 manduca
1335 4617 1493 4673 quem
1518 4602 1712 4657 oblitus
1738 4617 1858 4658 eras
1889 4604 1932 4657 '.

349 4690 457 4755 Sed
488 4697 636 4754 venit
661 4706 714 4752 et
738 4696 851 4767 ipse
874 4696 1048 4766 panis,
1074 4696 1127 4751 in
1150 4695 1305 4765 cujus
1324 4709 1551 4765 corpore
1578 4695 1668 4750 tibi
1697 4696 1823 4751 licet
1846 4710 1935 4751 re-

350 4791 565 4848 cordari
594 4805 782 4847 vocem
812 4789 1099 4845 oblivionis
1146 4797 1284 4856 tuac,
1332 4795 1387 4843 et
1429 4788 1658 4843 clamare
1697 4804 1767 4844 ex
1808 4804 1939 4859 pau-

352 4892 561 4954 pertate
585 4924 601 4949 ,
633 4890 690 4937 ut
726 4896 906 4937 sumas
935 4880 1164 4937 divitias.
1196 4879 1353 4936 Modo
1382 4880 1679 4946 manduca;
1723 4880 1777 4934 in
1820 4880 1939 4949 ejus

353 4974 499 5030 enim
527 4988 754 5043 corpore
775 4988 853 5040 es,
884 4972 972 5043 qui
997 4972 1075 5027 ait
1103 4989 1117 5026 :
1151 4971 1260 5043 Ego
1284 4988 1397 5026 sum
1423 4972 1567 5041 panis
1591 4972 1749 5038 vivus,
1772 4972 1855 5041 qui
1878 4972 1940 5025 de

353 5068 478 5121 cmlo
508 5066 742 5121 descendi
774 5064 949 5137 (loan.
980 5079 1063 5127 vr,
1091 5063 1207 5133 41).
1239 5061 1445 5118 Oblitus
1471 5077 1592 5118 eras
1618 5062 1943 5119 manducare

356 5172 549 5229 panem
580 5166 760 5224 tuum;
790 5157 884 5213 sed
904 5156 1013 5226 jam
1038 5155 1129 5210 illo
1149 5154 1421 5221 crucifixo,
1444 5155 1941 5211 commemorabun-

359 5260 444 5308 tur
471 5260 525 5307 et
551 5258 932 5307 convertentur
958 5248 1027 5304 ad
1055 5249 1333 5304 Dominum
1363 5249 1596 5304 universi
1622 5249 1757 5304 fines
1786 5258 1943 5307 terra

360 5348 533 5419 (Psal.
557 5365 672 5413 xxx,
701 5348 814 5417 28).
844 5347 973 5403 Post
999 5346 1319 5403 oblivionem
1344 5344 1523 5400 veniat
1551 5359 1942 5401 commemora-

361 5442 459 5510 tio,
504 5440 858 5498 manducetur
900 5439 1053 5510 panis
1092 5439 1161 5494 de
1202 5437 1338 5493 coelo
1363 5477 1378 5503 ,
1432 5445 1491 5491 ut
1543 5436 1788 5502 vivatur;
1836 5452 1941 5492 non

362 5551 580 5603 manna,
602 5535 740 5590 sicut
761 5534 835 5589 llll
856 5532 1310 5588 manducaverunt
1328 5539 1383 5585 et
1402 5530 1596 5584 mortui
1614 5538 1738 5584 sunt
1761 5528 1941 5600 (Joan.

363 5643 437 5694 vi,
462 5627 552 5698 49)
580 5645 595 5681 :
624 5625 778 5698 panis
800 5625 868 5681 de
896 5638 1003 5696 quo
1028 5623 1241 5693 dicitur,
1272 5622 1416 5677 Beati
1444 5623 1530 5689 qui
1556 5622 1779 5676 esuriant
1814 5629 1858 5677 et
1878 5623 1947 5676 si-

364 5762 672 5877 mzugrliqnot
690 5770 797 5814 uss.
816 5800 830 5825 ,
876 5760 1196 5827 prtevaricata
1238 5758 1427 5813 mulier.
1470 5758 1585 5822 Alii,
1633 5760 1951 5823 pravartcata

536 5840 581 5877 e.

536 5840 581 5877 ε.

434 5892 453 5924 ³
485 5897 609 5948 ttss.,
636 5886 763 5959 quod
781 5885 953 5942 oblitus
970 5899 1095 5939 eras.

1474 424 1870 486 ENARRATIO
1906 424 1974 484 1N
2010 426 2336 488 PSALMUM
2372 429 2458 488 Cl.

2029 544 2159 598 tiunt
2178 545 2431 617 justitiam
2458 542 2668 618 (Matth.
2695 560 2757 613 v,
2790 544 2867 616 6).

2100 638 2151 693 6.
2184 638 2332 712 (vers.
2357 638 2435 712 6.]
2464 639 2505 693 A
2526 656 2639 694 voce
2665 641 2874 709 gemitus
2904 639 3000 693 mei
3021 639 3341 695 adiuuerunt
3363 656 3477 696 ossa
3501 657 3615 697 mea

2028 734 2170 811 carni
2208 749 2348 787 mete.
2396 734 2440 787 A
2486 749 2616 789 voce
2661 750 2819 805 quam
2864 735 3132 807 intelligo,
3190 751 3220 790 a
3270 751 3401 792 voce
3449 752 3610 808 quam

2029 827 2152 881 novi
2175 827 2191 858 ¹
2224 845 2237 880 :
2266 826 2311 879 A
2336 842 2452 881 voce
2479 828 2690 897 gemitus
2715 828 2815 883 mei
2838 869 2851 893 ,
2886 843 2990 883 non
3023 843 3053 883 a
3085 844 3213 884 voce
3238 830 3466 900 gemitus
3494 828 3615 885 illo-

2030 934 2147 974 rum
2174 920 2367 991 quibus
2390 919 2703 989 compatior.
2737 918 2882 975 Multi
2910 920 3053 975 enim
3083 930 3341 991 gemunt,
3370 935 3526 991 gemo
3554 927 3612 976 et

2028 1027 2157 1083 ego;
2190 1021 2244 1067 ct
2271 1013 2371 1069 hoc
2395 1027 2571 1083 gemo,
2602 1013 2725 1082 quia
2766 1012 2905 1067 male
2931 1020 3168 1082 gemunt.
3212 1013 3407 1066 Amisit
3449 1026 3613 1067 num-

2030 1090 2173 1157 mu'm
2195 1145 2209 1169 ,
2236 1104 2433 1173 gemit;
2462 1102 2639 1157 amisit
2666 1102 2845 1169 fidem,
2877 1118 2982 1157 non
3010 1102 3172 1173 gemit
3201 1120 3212 1156 :
3242 1116 3340 1171 ego
3367 1101 3612 1172 appendo

2030 1209 2301 1248 nummum
2329 1202 2384 1249 et
2412 1194 2567 1249 fidem
2589 1236 2603 1260 ,
2634 1203 2687 1247 et
2725 1194 2938 1248 invenio
2978 1193 3234 1264 majorem
3264 1192 3514 1260 gemitum
3540 1192 3612 1249 de

2030 1288 2168 1342 male
2195 1296 2462 1358 gemente,
2492 1296 2582 1341 aut
2622 1302 2727 1342 non
2774 1296 3040 1357 gemente.
3083 1287 3234 1341 Facit
3272 1285 3532 1350 fraudem,
3559 1296 3615 1342 et

2028 1378 2242 1449 gaudet.
2288 1380 2406 1447 Quo
2449 1378 2640 1433 lucro?
2684 1394 2789 1448 quo
2834 1380 3069 1433 damno?
3114 1379 3410 1448 Acquisivit
3450 1394 3614 1449 pecu-

2030 1472 2170 1526 niam
2190 1512 2205 1535 ,
2240 1471 2469 1542 perdidit
2492 1472 2774 1542 justitiam.
2804 1471 2979 1528 Gemit
3007 1472 3131 1526 hinc
3159 1473 3245 1541 qui
3274 1488 3489 1541 gemere
3517 1486 3615 1526 no-

2030 1567 2140 1631 vit;
2172 1566 2258 1635 qui
2281 1565 2437 1635 capiti
2467 1566 2805 1636 propinquat,
2840 1566 2927 1635 qui
2951 1574 3094 1620 recte
3120 1565 3193 1635 (a)
3218 1565 3384 1618 hzcret
3403 1564 3614 1634 corpori

2031 1656 2246 1720 Christi,
2271 1658 2433 1726 gemit
2454 1657 2596 1712 inde.
2620 1658 2871 1712 Carnales
2896 1666 3071 1712 autem
3096 1675 3198 1710 non
3228 1658 3349 1711 inde
3373 1666 3614 1727 gemunt,

2032 1758 2084 1807 et
2108 1750 2397 1820 gemendus
2438 1766 2494 1805 se
2522 1750 2737 1817 faciunt,
2768 1752 2889 1821 quia
2922 1768 3025 1806 non
3058 1752 3179 1806 inde
3216 1761 3434 1822 gemunt
3467 1770 3479 1806 :
3514 1766 3617 1808 nec

2031 1855 2124 1895 eos
2155 1856 2456 1911 possumus,
2490 1843 2571 1895 vel
2605 1858 2708 1896 non
2740 1850 3034 1913 gementes,
3067 1843 3151 1896 vel
3184 1844 3319 1897 male
3344 1851 3618 1912 gementes

2033 1943 2399 1988 contemnere.
2428 1933 2686 1988 Volumus
2712 1936 2852 1989 enim
2895 1951 2988 1990 eos
3020 1937 3290 2003 corrigere
3315 1978 3327 2001 ,
3372 1936 3619 1991 volumus

2034 2024 2353 2089 emendare,
2382 2025 2625 2079 volumus
2654 2042 2905 2094 reparare
2927 2030 2947 2058 ²
2982 2047 2992 2081 :
3025 2037 3079 2081 et
3104 2027 3316 2097 quando
3346 2044 3450 2081 non
3493 2042 3616 2097 pos-

2034 2131 2237 2181 sumus,
2267 2118 2526 2187 gemimus
2551 2134 2564 2182 ;
2607 2126 2660 2171 ct
2686 2134 2804 2172 cum
2836 2119 3115 2187 gemimus,
3143 2134 3247 2172 non
3278 2119 3343 2173 ab
3370 2118 3499 2187 ipsis
3527 2133 3619 2174 se«

2033 2223 2299 2276 paramur.
2318 2207 2361 2260 Λ
2377 2224 2490 2263 voce
2511 2209 2650 2263 enim
2668 2210 2879 2280 gemitus
2896 2211 2991 2264 mei
3016 2211 3335 2265 adhaeserunt
3364 2228 3476 2265 ossa
3506 2227 3619 2264 mea

2034 2300 2177 2353 carni
2204 2316 2325 2353 mea:
2355 2317 2372 2353 :
2407 2299 2753 2355 adhzeserunt
2781 2300 2944 2354 fortes
2974 2301 3238 2365 invalidis,
3282 2301 3621 2355 adhaeserunt

2034 2392 2169 2446 firmi
2218 2393 2458 2446 infirmis.
2506 2392 2657 2448 Unde
2706 2394 3078 2448 adluvserunt?
3124 2396 3167 2448 Α
3216 2410 3346 2450 voce
3394 2395 3622 2464 gemitus

2036 2486 2114 2541 sui
2141 2528 2155 2552 ,
2194 2502 2297 2540 non
2329 2503 2357 2539 a
2384 2502 2513 2542 voce
2542 2488 2768 2557 gemitus
2801 2489 3035 2541 illorum.
3080 2488 3191 2556 Qua
3234 2489 3351 2558 lege
3379 2488 3621 2542 adhaese-

2034 2589 2175 2644 runt,
2202 2581 2299 2635 nisi
2330 2597 2427 2650 qua
2456 2581 2650 2635 diclmn
2679 2590 2759 2635 est
2790 2599 2803 2634 :
2837 2580 3083 2634 Debemus
3105 2582 3235 2634 enim
3260 2598 3349 2634 nos
3376 2581 3511 2650 ﬁrmi
3538 2580 3621 2632 in-

2035 2672 2322 2737 ﬁrmitatem
2366 2673 2681 2739 inﬁrmorum
2724 2680 2925 2742 portare
2970 2671 3147 2742 (Rom.
3177 2688 3267 2740 xv,
3302 2673 3401 2743 1)?
3436 2671 3621 2725 Adita:-

2033 2773 2201 2817 serunt
2226 2781 2338 2817 ossa
2372 2782 2481 2819 mea
2506 2766 2652 2817 carni
2681 2781 2818 2817 mea}.

2106 2856 2156 2908 7.
2184 2854 2332 2927 [υενε.
2359 2856 2410 2921 7,
2445 2855 2522 2927 8.]
2551 2855 2745 2910 Similis
2773 2859 2937 2927 factus
2966 2874 3077 2911 sum
3109 2858 3337 2928 pelicano
3363 2858 3383 2888 ³
3411 2858 3497 2929 qui
3524 2859 3622 2912 ha-

2036 2946 2158 2999 bitat
2196 2947 2248 2999 in
2286 2948 2583 3011 solitudine;
2622 2953 2783 3017 factus
2812 2966 2924 3003 sum
2951 2950 3079 3002 sicut
3120 2951 3412 3021 nyctir‘orax
3452 2951 3502 3003 in
3531 2966 3624 3021 pa-

2040 3037 2255 3090 rietinis.
2308 3036 2525 3106 Vigilavi
2545 3080 2558 3103 ,
2594 3050 2639 3091 et
2665 3043 2825 3108 [actus
2855 3057 2967 3093 sum
3000 3041 3125 3093 sicut
3153 3058 3324 3111 passer
3351 3040 3625 3111 singularis

2035 3128 2088 3182 in
2116 3139 2261 3183 tecto.
2293 3129 2428 3183 Ecce
2450 3138 2561 3185 tres
2582 3147 2727 3193 avi-s,
2756 3141 2808 3184 et
2840 3131 2939 3184 tria
2969 3132 3115 3196 loca;
3149 3131 3273 3201 quid
3298 3131 3396 3185 sibi
3430 3130 3621 3198 velint,

2036 3218 2197 3274 donet
2243 3220 2496 3275 Dominus
2544 3230 2599 3275 ut
2647 3221 2906 3283 dicamus.
2956 3233 3005 3277 et
3047 3230 3107 3276 ut
3150 3223 3379 3277 audiatis
3422 3223 3626 3277 utiliter

2036 3310 2175 3380 quod
2206 3310 2397 3365 dicitur
2423 3312 2727 3367 salubriter.
2759 3314 2897 3381 Quid
2926 3315 3023 3369 sibi
3050 3316 3228 3369 volunt
3259 3326 3366 3370 tres
3386 3331 3543 3381 aves,
3569 3324 3624 3370 et

2037 3402 2133 3455 tria
2165 3402 2323 3457 loca?
2348 3402 2475 3471 Qua:
2516 3412 2624 3459 tres
2656 3406 2815 3460 aves?
2846 3405 3129 3461 Pelicanus
3151 3450 3165 3472 ,
3196 3409 3505 3480 nycticorax
3525 3448 3539 3470 ,
3572 3414 3627 3461 et

2037 3507 2223 3561 passer
2254 3511 2265 3546 ι
2294 3503 2346 3549 et
2374 3496 2474 3548 tria
2504 3494 2640 3559 loca,
2679 3497 2910 3551 solitudo
2931 3540 2944 3564 ,
2978 3498 3251 3567 parietinae
3274 3540 3288 3563 ,
3322 3508 3374 3553 et
3402 3508 3624 3553 tectum.

2036 3585 2316 3642 Palicanus
2344 3588 2396 3641 in
2424 3588 2732 3655 solitudine,
2769 3591 3075 3661 nycticorax
3100 3592 3150 3645 in
3176 3593 3473 3662 parietinis,
3503 3606 3627 3660 pas-

2036 3692 2126 3734 ser
2155 3681 2205 3734 in
2238 3688 2395 3735 tecto.
2430 3680 2610 3736 Primo
2634 3683 2757 3752 quid
2787 3684 2852 3736 sit
2881 3684 3176 3753 pelicanus,
3207 3684 3491 3739 dicendum
3520 3691 3625 3738 est.

2038 3769 2093 3825 ln
2121 3787 2181 3828 ea
2209 3773 2403 3843 quippe
2433 3775 2650 3843 regione
2691 3776 2927 3829 nascitur
2951 3817 2965 3840 ,
3008 3786 3066 3827 ut
3095 3776 3249 3829 nobis
3290 3776 3468 3845 ignota
3511 3774 3626 3830 haec

2037 3864 2150 3918 avis
2166 3866 2251 3919 sit.
2277 3864 2584 3920 Nasciturin
2599 3866 2995 3933 solitudinibus,
3011 3867 3240 3921 maxime
3254 3868 3349 3920 Nili
3367 3867 3624 3933 ﬂuminis,

2038 3958 2091 4009 in
2106 3955 2631 4027 Egypto.Qumlihet
2658 3958 2726 4010 sit
2742 3959 2853 4010 avis
2877 3958 3007 4019 lure,
3028 3958 3166 4025 quod
3191 3958 3256 4010 de
3280 3957 3363 4011 illa
3384 3957 3627 4014 Psalmus

2038 4045 2215 4100 dicere
2239 4046 2425 4112 voluit,
2454 4046 2554 4101 hoc
2583 4047 2907 4101 intueamur.
2939 4046 3166 4113 Ilabitat,
3204 4049 3391 4117 inquit,
3426 4049 3478 4102 in
3501 4049 3624 4102 soli-

2039 4135 2228 4190 tudine.
2262 4136 2397 4204 Quid
2424 4137 2620 4207 QUtEI‘lS
2651 4138 2873 4191 formam
2922 4138 3055 4208 ejus,
3081 4140 3321 4194 membra
3349 4141 3487 4210 ejus,
3519 4156 3620 4197 vo-

2038 4241 2155 4283 cem
2184 4226 2317 4296 ejus,
2343 4243 2523 4283 mores
2550 4228 2706 4298 ejus?
2728 4229 2994 4295 Quantum
3022 4230 3114 4285 tibi
3146 4231 3388 4285 Psalmus
3412 4231 3542 4287 dicit
3566 4232 3590 4264 ⁸
3609 4274 3625 4299 ,

2038 4318 2151 4372 avis
2176 4328 2258 4373 est
2300 4318 2545 4373 habitans
2575 4320 2628 4373 in
2651 4319 2961 4375 solitudine.
3006 4319 3320 4393 Nycticorax
3347 4366 3361 4389 ,
3392 4324 3505 4378 avis
3545 4332 3631 4379 est

2040 4424 2224 4465 amans
2252 4420 2486 4465 noctem.
2524 4410 2805 4465 Parielinte
2832 4411 3083 4466 dicuntur
3104 4455 3117 4477 ,
3149 4428 3280 4483 quas
3308 4416 3464 4485 vulgo
3500 4415 3633 4471 dici-

2040 4516 2159 4555 mus
2190 4500 2392 4565 ruinas,
2424 4501 2514 4562 ubi
2546 4503 2778 4572 parietes
2804 4512 2950 4557 stant
2975 4504 3089 4559 sine
3122 4513 3283 4570 tecto,
3324 4506 3439 4560 sine
3475 4504 3629 4560 habi-

2043 4594 2278 4648 tantibus
2307 4610 2319 4647 :
2353 4593 2425 4648 ibi
2452 4594 2656 4649 habitat
2684 4595 3015 4666 nycticorax.
3048 4596 3164 4651 Jam
3194 4612 3321 4652 vero
3350 4614 3536 4666 passer
3576 4606 3631 4653 et

2044 4694 2239 4740 tectum
2267 4686 2392 4755 quid
2420 4687 2508 4751 sit,
2537 4688 2726 4741 nostis.
2752 4687 2975 4744 Invenio
3000 4704 3128 4759 ergo
3155 4690 3385 4759 aliquem
3414 4691 3481 4745 de
3508 4706 3632 4745 cor-

2043 4790 2174 4844 pore
2202 4776 2421 4842 Christi,
2452 4777 2857 4846 prardicatorem
2890 4778 3035 4833 verbi
3061 4821 3075 4843 ,
3103 4780 3517 4849 compatientem
3549 4779 3633 4833 in-

2044 4868 2231 4935 ﬁrmis,
2251 4877 2574 4938 quaerentem
2596 4870 2741 4924 lucra
2763 4869 2979 4937 Christi,
3000 4870 3424 4925 reminiscentcm
3450 4871 3633 4925 Domi-

2046 4961 2100 5015 ni
2123 4960 2202 5015 sui
2223 4962 2450 5027 venturi,
2494 4977 2561 5017 ne
2594 4962 2762 5016 dicat:
2790 4962 2944 5017 Serve
2964 4978 3175 5030 nequam
3205 4972 3252 5016 et
3290 4962 3453 5032 piger,
3486 4962 3635 5019 dares

2049 5052 2313 5121 pecuniam
2334 5068 2497 5106 meum
2518 5053 2871 5106 nummulariis
2898 5051 3109 5123 (Matth.
3135 5068 3266 5117 xxv,
3289 5053 3381 5120 26,
3404 5051 3520 5125 ‘27).
3553 5054 3630 5109 Ex

2049 5143 2206 5213 hujus
2234 5142 2615 5214 dispensatoris
2642 5142 2818 5197 officio
2847 5143 3122 5199 videamus
3147 5144 3263 5200 haec
3290 5145 3409 5203 tria.
3452 5146 3635 5202 Vene-

2048 5235 2120 5289 rit
2150 5235 2287 5289 intcr
2316 5236 2520 5305 aliquos
2545 5234 2636 5289 ubi
2673 5233 2949 5289 christiani
2995 5250 3103 5290 non
3150 5245 3307 5303 sunt;
3360 5238 3635 5308 pelicanus

2050 5334 2132 5382 est
2156 5326 2209 5381 in
2232 5326 2516 5381 solitudine
2546 5342 2557 5377 :
2592 5326 2799 5381 venerit
2822 5326 2887 5381 ad
2916 5342 3011 5382 eos
3041 5328 3131 5398 qui
3156 5327 3371 5384 fuerunt
3397 5340 3451 5385 et
3490 5331 3636 5386 (ξοεί-

2052 5416 2264 5482 derunt,
2297 5416 2599 5487 nycticorax
2637 5425 2720 5471 est
2746 5417 2798 5471 in
2831 5419 3141 5487 parietinis;
3174 5436 3279 5475 non
3308 5422 3450 5475 enim
3479 5421 3637 5477 dese-

2116 5514 2131 5542 ²
2168 5512 2250 5559 Hic
2270 5508 2379 5557 Edd.
2421 5508 2621 5569 addunt,
2654 5508 2961 5573 probabiliter
2986 5524 3003 5562 :
3024 5512 3153 5575 quod
3186 5526 3215 5563 a
3246 5514 3500 5577 praecupuis
3530 5521 3636 5565 Mss.

2050 5573 2391 5695 absstttlerique
2413 5640 2549 5697 Mss.,_
2563 5647 2808 5697 separare.

2117 5698 2148 5767 ξ.
2168 5696 2305 5767 (ῑοῲ.
2329 5701 2433 5757 Ms,
2452 5695 2660 5759 pelicani
2687 5710 2704 5747 :
2731 5705 2783 5747 et
2805 5696 2927 5759 loco,
2966 5698 3230 5763 peticamts,
3253 5711 3449 5763 semper
3470 5697 3638 5766 habet.

2053 5760 2297 5823 peticanis.

2117 5824 2138 5853 δ
2173 5830 2269 5869 Am.
2297 5826 2349 5870 et
2371 5832 2541 5870 omnes
2563 5830 2689 5882 Mss,
2722 5821 2871 5872 dedit.

2126 5883 2197 5945 (a)
2232 5890 2390 5945 Forte,
2420 5885 2598 5938 stricte.
