4088 6476
488 534 559 590 rit
581 542 635 589 et
661 529 913 589 tenebras
938 540 1124 585 eorum
1159 539 1249 597 qui
1277 520 1521 578 habitant
1546 518 1598 576 in
1636 523 1817 583 nocte,
1850 522 1905 571 et
1929 514 2077 585 ipsos

490 625 689 684 lucrari
723 624 837 681 vult
866 640 880 678 :
912 620 1117 677 venerit
1142 617 1210 672 ad
1247 630 1340 672 eos
1368 614 1455 684 qui
1499 610 1776 667 christiani
1808 615 1932 663 sunt
1961 604 2079 675 qui-

489 692 616 776 dem
654 716 953 772 habitantes
980 713 1030 767 in
1059 710 1237 775 domo,
1265 725 1369 763 non
1397 706 1547 777 quasi
1576 704 1667 775 qui
1686 717 1804 781 non
1832 698 2077 756 credide-

490 813 621 882 rint,
647 821 741 869 aut
762 809 900 883 quod
925 806 1265 863 crediderant
1291 800 1614 863 dimiserint,
1642 796 1735 854 sed
1764 796 1815 850 in
1846 808 1909 849 eo
1935 791 2075 864 quod

486 906 714 963 credunt
736 901 910 975 tepide
931 900 1265 957 ambulantes
1286 914 1300 964 ;
1325 896 1521 953 clamat
1537 892 1603 947 ad
1622 906 1714 945 eos
1740 904 1943 961 passer,
1966 901 2075 940 non

488 1000 541 1055 in
569 996 877 1061 solitudine,
911 995 1033 1066 quia
1060 990 1335 1049 christiani
1364 997 1521 1053 sunt;
1554 1000 1652 1041 nec
1676 985 1727 1039 in
1756 980 2031 1053 parietinis
2056 1020 2073 1047 ,

489 1092 610 1161 quia
643 1106 749 1145 non
789 1089 1129 1154 ceciderunt;
1176 1084 1269 1144 sed
1301 1092 1474 1140 tamen
1508 1082 1561 1136 in
1609 1087 1748 1135 tecto
1777 1085 1932 1141 sunt;
1976 1072 2079 1129 sub

402 1232 405 1235 λ
490 1192 631 1240 tecto
659 1183 854 1254 p0tius,
885 1182 1005 1253 quia
1042 1179 1141 1235 sub
1172 1193 1332 1234 carne
1356 1184 1499 1230 sunt.
1531 1172 1624 1227 Ille
1662 1184 1823 1241 super
1862 1179 2077 1221 carnem

489 1276 683 1331 clamat
708 1289 911 1346 passer,
931 1281 1191 1345 praecepta
1214 1270 1301 1324 Dei
1320 1284 1422 1322 non
1448 1272 1606 1329 tacet,
1629 1277 1729 1319 nec
1750 1261 1807 1316 ﬁt
1826 1257 2076 1324 carnalis,

492 1348 551 1423 ut
575 1368 883 1436 subjiciatur
909 1374 1067 1421 tecto.
1118 1364 1216 1432 Qui
1242 1362 1380 1417 enim
1408 1360 1460 1414 in
1483 1368 1607 1413 tecto
1630 1365 1719 1425 est,
1750 1371 1848 1408 non
1871 1353 2079 1406 descen-

496 1460 585 1515 dat
611 1462 783 1515 tollere
804 1459 994 1530 aliquid
1028 1458 1089 1510 dc
1109 1458 1256 1511 domo
1278 1453 1487 1524 (Matth.
1513 1466 1664 1515 χχιιι,
1685 1446 1803 1520 17);
1829 1454 1901 1512 et,
1934 1442 2079 1511 Quod

491 1555 545 1608 in
576 1571 698 1608 aure
725 1554 931 1618 auditis,
962 1552 1231 1622 pra’tlicate
1256 1565 1406 1618 super
1434 1556 1559 1601 tecta
1586 1543 1697 1614 (Id.
1731 1559 1785 1605 Χ,
1816 1538 1928 1612 27).
1962 1539 2081 1595 Ista:

493 1654 605 1702 tres
630 1661 755 1701 aves
782 1656 835 1700 et
882 1646 977 1699 tria
1017 1645 1168 1709 loca;
1211 1651 1262 1698 et
1304 1655 1442 1697 unus
1485 1639 1648 1693 homo
1676 1644 1856 1708 potest
1885 1634 2082 1688 habere

493 1753 778 1810 personam
807 1738 963 1792 trium
994 1738 1191 1799 avium,
1224 1744 1277 1789 et
1306 1743 1415 1789 tres
1441 1732 1691 1787 homines
1720 1736 1943 1799 possunt
1980 1727 2077 1781 ha-

496 1830 627 1887 bere
653 1845 935 1902 personam
958 1830 1117 1883 trium
1140 1828 1347 1893 avium;
1371 1835 1425 1881 et
1449 1825 1547 1880 tria
1573 1838 1771 1896 genera
1803 1822 2077 1886 locorum,

499 1924 599 1978 tria
648 1938 843 1993 genera
890 1929 1012 1976 sunt
1042 1922 1057 1952 ²
1092 1920 1369 1975 hominum
1402 1933 1416 1971 :
1452 1927 1626 1971 tamen
1673 1912 1906 1969 solitudo
1931 1953 1946 1980 ,
1990 1926 2081 1982 pa-

496 2013 721 2079 rictinze,
742 2022 796 2069 ct
817 2023 1033 2079 tectum,
1058 2011 1270 2068 nonnisi
1296 2011 1395 2065 tria
1419 2023 1613 2080 genera
1637 2006 1912 2062 hominum
1934 2011 2078 2061 sunt.

568 2103 623 2158 8.
664 2102 769 2159 Sed
808 2103 933 2175 quid
976 2103 1041 2159 de
1085 2101 1167 2158 his
1209 2100 1541 2174 plurimum?
1581 2098 1756 2169 Ipsum
1799 2096 2081 2150 Dominum

498 2198 795 2261 videamus,
828 2214 896 2253 ne
924 2196 1059 2253 forte
1088 2197 1201 2267 ipse
1228 2196 1331 2261 sit,
1364 2203 1419 2249 et
1459 2192 1647 2248 melius
1682 2192 1796 2262 ipse
1822 2204 2080 2262 agnosca-

496 2298 605 2358 tur,
634 2300 687 2346 et
718 2290 993 2362 pelicanus
1018 2290 1069 2344 in
1100 2287 1409 2355 solitudine,
1433 2296 1487 2342 et
1507 2285 1815 2358 nycticorax
1836 2284 1887 2339 in
1913 2282 2082 2352 parie-

494 2384 619 2438 tinis
639 2426 653 2449 ,
680 2394 737 2439 et
763 2398 947 2454 passer
975 2384 1258 2454 singularis
1304 2383 1361 2437 in
1392 2388 1550 2436 tecto.
1599 2379 1749 2434 Dicat
1774 2377 1930 2433 nobis
1956 2391 2085 2447 pau-

497 2487 595 2545 per
624 2473 742 2537 iste,
776 2484 934 2544 caput
964 2482 1235 2531 nostrum:
1277 2487 1481 2546 pauper
1504 2471 1803 2535 voluntate,
1835 2470 2084 2539 loquatur

496 2568 820 2640 pauperibus
862 2584 913 2622 tn
960 2568 1296 2625 necessitate.
1346 2565 1499 2632 Quod
1547 2565 1689 2620 enim
1735 2563 1970 2629 dicitur,
1999 2560 2084 2616 vel

496 2659 659 2713 etiam
686 2658 878 2730 legitur
901 2658 969 2715 de
998 2658 1099 2714 hac
1126 2673 1253 2724 ave,
1284 2656 1335 2713 id
1366 2664 1449 2712 est
1478 2656 1739 2727 pelicano,
1770 2668 1875 2708 non
1905 2661 2084 2708 tacea-

498 2763 653 2816 mus;
688 2766 792 2803 non
821 2748 1017 2818 aliquid
1053 2748 1380 2804 afﬁrmantes
1403 2756 1627 2814 temere,
1651 2745 1749 2803 sed
1774 2754 1953 2801 tamen
1976 2760 2084 2799 non

504 2848 740 2895 tacentes
775 2840 916 2910 quod
944 2842 1033 2911 qui
1063 2842 1429 2911 scripserunt,
1460 2852 1516 2897 et
1542 2840 1645 2911 legi
1684 2847 1737 2894 et
1765 2837 1869 2893 dici
1897 2838 2084 2893 volue-

502 2939 645 2985 runt.
688 2929 796 2985 Vos
822 2931 899 2986 sic
929 2930 1109 2986 audite
1131 2972 1147 2999 ,
1180 2940 1237 2986 ut
1262 2932 1309 2988 si
1339 2947 1524 2986 verum
1555 2938 1636 2987 est
1660 2972 1676 2999 ,
1708 2938 1998 3001 congruat;
2040 2930 2086 2985 si

500 3021 693 3077 falsum
725 3031 844 3091 est,
894 3038 998 3078 non
1033 3032 1228 3079 teneat.
1260 3024 1517 3079 Dicuntur
1556 3023 1639 3079 ha:
1664 3039 1791 3079 aves
1833 3033 2085 3094 tanquam

502 3116 740 3188 colaphis
770 3125 1071 3174 rostrorum
1098 3116 1342 3174 occidere
1370 3118 1620 3187 parvulos
1646 3131 1772 3172 suos
1790 3158 1805 3183 ,
1834 3115 2086 3172 eosdem-

499 3223 602 3279 que
631 3208 684 3264 in
730 3208 856 3265 nido
897 3208 1105 3265 occisos
1133 3223 1165 3264 a
1208 3223 1267 3264 se
1308 3207 1494 3279 lugere
1536 3224 1631 3278 per
1672 3206 1907 3263 triduum
1941 3226 1954 3262 :
1986 3222 2084 3278 po-
2133 3274 2139 3282 ι

500 3310 704 3355 stremo
733 3301 919 3356 dicunt
942 3309 1167 3357 matrem
1207 3301 1439 3372 seipsam
1466 3300 1701 3372 graviter
1724 3300 2007 3355 vulnerare
2033 3307 2088 3355 et

505 3390 818 3460 sanguinem
848 3407 1005 3447 suum
1026 3406 1186 3462 super
1217 3390 1354 3447 filios
1381 3388 1625 3458 fundere,
1657 3406 1764 3462 quo
1792 3389 1867 3445 illi
1893 3406 2086 3461 super-

501 3477 603 3534 iusi
646 3481 973 3537 reviviscunt
1003 3484 1044 3535 ³.
1078 3482 1330 3539 Fortasse
1357 3482 1460 3537 hoc
1484 3497 1692 3549 verum,
1718 3481 1948 3539 fortasse
1984 3482 2085 3537 fal-

504 3588 623 3628 sum
643 3574 711 3628 sit
737 3593 751 3629 :
783 3582 961 3631 tamen
990 3576 1035 3630 si
1058 3591 1245 3632 verum
1274 3575 1843 3646 est,quemadmodum
1865 3576 1939 3630 illi
1957 3590 2087 3631 cou-

502 3672 676 3735 gruat,
702 3666 793 3736 qui
820 3680 917 3722 nos
945 3666 1229 3723 viviﬁcavit
1257 3668 1512 3739 sanguine
1536 3682 1637 3724 suo
1661 3706 1677 3732 ,
1704 3666 1903 3721 videte.
1946 3665 2088 3722 Con-

503 3758 647 3830 gruit
675 3759 750 3814 illi
787 3759 927 3830 quod
971 3760 1156 3814 matris
1191 3774 1319 3815 caro
1345 3760 1581 3817 vivificat
1612 3759 1871 3830 sanguine
1896 3772 1995 3815 suo
2026 3759 2089 3813 li-

504 3852 607 3908 lios
642 3866 801 3920 suos;
847 3854 977 3911 satis
1019 3838 1281 3926 congruit.
1330 3853 1461 3909 Nam
1489 3862 1545 3910 et
1586 3854 1702 3925 ipse
1738 3852 1989 3925 gallinam
2029 3868 2089 3910 se

503 3946 633 4002 dicit
670 3963 833 4019 super
860 3948 1031 4020 pullos
1067 3964 1195 4005 suos
1226 3968 1239 4005 :
1271 3946 1575 4016 Jerusalem,
1605 3946 1893 4003 Jerusalem
1913 3988 1929 4015 ,
1957 3964 2086 4017 quo-

504 4041 595 4096 ties
623 4041 758 4096 volui
781 4058 1085 4115 congregare
1108 4043 1242 4112 ﬁlios
1267 4052 1398 4108 tuos,
1430 4051 1671 4113 tanquam
1695 4042 1891 4114 gallina
1918 4042 2087 4113 pullos

502 4147 622 4187 suos
649 4133 739 4186 sub
761 4131 872 4187 alas
896 4149 1015 4187 suas
1035 4175 1049 4200 ,
1080 4143 1125 4187 et
1164 4133 1370 4187 noluisti
1395 4132 1507 4205 (Id.
1536 4148 1667 4189 nm
1688 4174 1702 4201 ,
1743 4133 1877 4204 δην
1920 4131 2089 4188 Habet

425 4293 431 4299 ο
505 4226 649 4281 enim
692 4233 970 4297 paternam
997 4226 1401 4291 auctoritatem,
1445 4235 1749 4282 maternum
1786 4225 2034 4282 allectum
2070 4243 2084 4280 :

504 4318 644 4372 sicut
688 4326 744 4372 et
792 4317 987 4373 Paulus
1034 4326 1091 4373 et
1138 4328 1287 4387 pater
1317 4327 1479 4374 estet
1505 4327 1675 4375 mater
1718 4328 1829 4385 est;
1858 4333 1961 4373 non
1994 4334 2090 4387 per

502 4408 780 4477 seipsum,
839 4407 933 4463 sed
978 4423 1074 4478 per
1121 4408 1469 4479 Evangelium
1526 4426 1539 4463 :
1590 4417 1741 4479 pater
1788 4408 1876 4463 ubi
1921 4408 2087 4475 dicit,

509 4518 530 4551 ι
566 4498 678 4554 Etsi
701 4497 940 4555 habeatis
961 4498 1158 4554 multos
1179 4499 1498 4569 paedagogos
1521 4498 1573 4554 in
1596 4498 1829 4569 Christo,
1860 4498 1953 4554 sed
1983 4514 2087 4555 non

503 4593 702 4649 multos
731 4599 938 4665 patres;
972 4593 1026 4648 in
1051 4591 1267 4649 Christo
1294 4592 1438 4649 enim
1465 4593 1590 4648 Jesu
1616 4606 1713 4661 per
1740 4591 2087 4662 Evangelium

502 4703 603 4759 ego
644 4702 740 4743 vos
783 4686 940 4759 genui
979 4707 998 4741 ι
1048 4685 1093 4757 (1
1129 4683 1527 4759 Cor.tv,15);
1568 4692 1740 4741 mater
1780 4694 1958 4741 autem
2000 4685 2092 4741 ubi

503 4783 598 4850 alt,
632 4800 652 4834 ‹
685 4780 859 4837 Filioli
884 4780 1011 4848 mei,
1038 4795 1174 4852 quos
1215 4781 1409 4836 iterum
1452 4780 1714 4852 parturit),
1744 4780 1916 4835 donec
1934 4778 2093 4836 Chri-

501 4883 619 4930 stus
658 4876 917 4930 formetur
956 4873 1009 4928 in
1036 4873 1187 4929 vobis
1214 4891 1235 4927 ›
1263 4871 1454 4943 (Galat.
1482 4888 1535 4928 tv
1558 4872 1707 4944 ,l9).
1750 4872 1922 4929 Habet
1963 4887 2091 4945 ergo

502 4965 619 5023 haec
659 4967 778 5022 avis
805 5008 820 5033 ,
872 4967 916 5021 si
962 4982 1088 5022 vere
1129 4967 1201 5022 ita
1247 4973 1350 5031 est,
1391 4980 1641 5037 magnam
1681 4966 2091 5022 similitudinem

501 5058 682 5114 carnis
711 5057 908 5114 Christi
933 5100 949 5125 ,
976 5058 1132 5128 cujus
1155 5057 1416 5130 sanguine
1452 5056 1705 5113 viviﬁcati
1745 5073 1949 5113 sumus.
1983 5058 2091 5115 Sed

503 5148 774 5219 quomodo
798 5159 1059 5221 congruat
1086 5149 1303 5205 Christo
1325 5190 1340 5215 ,
1386 5148 1531 5220 quod
1568 5150 1682 5221 ipsa
1721 5150 1918 5205 occidit
1951 5149 2091 5207 ﬂlios

502 5239 670 5295 suos?
694 5240 777 5295 An
806 5252 859 5295 et
889 5241 963 5295 illi
990 5257 1097 5297 non
1117 5242 1361 5313 congruit
1388 5260 1401 5296 :
1426 5241 1538 5315 Ego
1562 5242 1811 5309 occidam,
1840 5253 1885 5297 et
1913 5258 2004 5313 ego
2025 5244 2092 5297 vi-

503 5330 741 5402 viﬁcabo;
752 5347 844 5404 ego
867 5335 1161 5401 percutiant,
1186 5344 1230 5388 et
1246 5349 1336 5405 ego
1355 5335 1545 5390 sanabo
1566 5332 1745 5408 (Deut.
1771 5350 1949 5401 χχιιι,
1974 5334 2091 5406 39)?

501 5425 585 5480 An
614 5438 742 5481 vero
770 5422 962 5480 Saulus
998 5433 1306 5495 persecutor
1332 5434 1634 5483 moreretur
1655 5468 1669 5491 ,
1711 5426 1813 5481 nisi
1858 5427 1925 5482 de
1954 5427 2090 5483 oculo

507 5524 873 5586 percuteretur
901 5515 1035 5587 (Act.
1061 5533 1135 5583 is,
1166 5518 1261 5587 4);
1289 5526 1382 5574 aut
1403 5520 1719 5589 prazdicator
1745 5519 2086 5590 excitaretur,

504 5607 605 5665 nisi
645 5610 786 5667 illius
825 5611 1081 5682 sanguine
1122 5610 1528 5667 viviticaretur?
1569 5611 1675 5668 Sed
1718 5612 1819 5669 hoc
1859 5613 2091 5669 viderint

502 5785 609 5896 “ut”
620 5782 807 5846 Aliquot
838 5794 942 5837 Mss.
968 5788 1198 5839 omittunt
1219 5786 1326 5837 hac
1347 5788 1517 5849 verba,
1543 5787 1770 5853 locorum,
1796 5792 1891 5844 tria
1912 5804 2089 5858 genera

566 5909 587 5941 '
620 5916 746 5971 Mss,
768 5922 860 5970 quo
883 5910 953 5959 illi
978 5911 1229 5971 superfuso
1242 5911 1540 5963 reviviscunt.

1723 402 1781 460 S.
1818 393 2182 457 AUGUSTINI
2218 392 2521 454 EPISGOPI

3660 404 3792 464 {300

2192 511 2283 582 qui
2321 514 2681 585 scripserunt;
2714 528 2821 572 non
2860 515 2917 572 in
2941 502 3145 574 incerto
3174 504 3516 576 intélleétum
3554 531 3791 582 nostrum

2193 608 2517 664 constituere
2557 623 2656 666 nos
2691 609 2968 667 debemus.
3001 611 3149 669 lianc
3176 628 3329 670 avem
3360 615 3551 685 potius
3580 617 3634 673 in
3674 621 3794 675 soli.

2192 700 2373 756 tudine
2412 716 2796 775 agnoscamus;
2844 702 2957 759 hoc.
2982 704 3124 760 enim
3164 704 3287 761 inde
3331 705 3591 763 Psalmus
3633 709 3794 771 voluit

2189 807 2408 863 ponere,
2442 792 2714 851 Pelicanus
2743 796 2797 851 in
2826 796 3119 852 solitudine.
3149 795 3283 852 Puto
3307 811 3419 867 ego
3452 797 3544 853 hic
3576 800 3793 872 intelligi

2192 885 2461 941 Christum
2490 895 2669 941 natum
2695 887 2760 943 de
2780 888 3004 960 virgine.
3027 886 3184 945 Solus
3209 891 3355 946 enim
3384 890 3490 959 sic,
3520 889 3645 946 ideo
3666 893 3791 948 soli-

2193 980 2319 1035 tudo
2354 998 2364 1033 :
2399 981 2449 1036 in
2478 980 2763 1038 solitudine
2794 991 2948 1038 natus
2972 1025 2987 1051 ,
3027 984 3149 1054 quia
3178 984 3326 1041 solus
3354 984 3432 1040 ita
3463 994 3643 1041 natus.
3672 986 3793 1043 Post

2190 1073 2519 1128 nativitatem
2552 1082 2768 1129 ventum
2799 1083 2882 1131 est
2906 1073 2974 1129 ad
3001 1075 3301 1145 passionem
3340 1094 3355 1131 :
3388 1091 3423 1131 a
3454 1077 3650 1146 quibus
3678 1092 3790 1133 cru-

2189 1167 2535 1238 ciﬁgebatur?
2562 1167 2819 1239 numquid
2844 1168 2912 1224 ab
2939 1167 3241 1224 stantibus?
3267 1169 3539 1239 numquid
3563 1184 3592 1223 a
3617 1170 3795 1240 lugen-

2192 1258 2333 1314 tibus
2359 1259 2421 1312 ‘?
2450 1259 2591 1329 Ergo
2621 1268 2870 1330 tanquam
2898 1260 2950 1315 in
2980 1268 3139 1317 nocte
3162 1261 3492 1332 ignorantiae
3518 1261 3754 1331 ipsorum
3772 1305 3786 1329 ,

2192 1360 2243 1408 at
2270 1360 2520 1422 tanquam
2549 1354 2600 1409 in
2635 1353 2910 1423 parietinis
2938 1354 3106 1411 ruina:
3145 1354 3416 1425 ipsorum.
3448 1354 3595 1411 Ecce
3624 1357 3791 1427 nycti-

2189 1458 2347 1499 corax
2382 1455 2435 1501 et
2464 1446 2515 1501 in
2544 1446 2818 1515 parietinis
2840 1487 2856 1513 ,
2892 1455 3036 1503 amat
3075 1455 3130 1503 et
3172 1455 3392 1504 noctem
3428 1448 3474 1500 ⁸.
3519 1447 3653 1503 Nam
3694 1448 3791 1505 nisi

2191 1546 2415 1604 amaret,
2445 1538 2585 1594 unde
2614 1537 2848 1607 diceret,
2881 1537 3036 1594 Pater
3060 1580 3074 1604 ,
3104 1540 3311 1610 ignosce
3347 1539 3461 1595 illis
3483 1580 3499 1606 ,
3547 1540 3667 1610 quia
3707 1555 3790 1595 ne-

2190 1632 2353 1685 sciunt
2382 1631 2504 1699 quid
2532 1632 2724 1703 faciunt
2746 1632 2894 1703 (Luc.
2934 1648 3068 1688 mu
3091 1672 3106 1696 ,
3137 1632 3271 1701 54)?
3307 1631 3523 1688 Deinde
3552 1640 3703 1687 natus
3740 1633 3787 1688 in

2191 1723 2479 1781 solitudine
2503 1766 2517 1790 ,
2563 1725 2684 1794 quia
2714 1724 2861 1781 solus
2893 1724 2962 1781 ita
2994 1732 3180 1793 natus;
3226 1739 3425 1795 passus
3461 1724 3518 1779 in
3562 1725 3788 1781 tenebris

2188 1818 2493 1877 Iudaeorum
2528 1830 2776 1893 tauquam
2803 1820 2857 1876 in
2889 1828 3069 1887 nocte,
3099 1820 3152 1875 in
3181 1820 3638 1890 praevaricatione
3676 1830 3788 1875 tau-

2189 1929 2348 1985 quam
2378 1914 2430 1969 in
2456 1913 2625 1971 ruinis
2658 1931 2672 1968 :
2701 1912 2829 1986 quid
2855 1914 3087 1984 postea?
3124 1911 3366 1985 Vigilavi.
3395 1913 3543 1985 Ergo
3562 1913 3787 1970 dormie-

2189 2022 2278 2062 ras
2304 2008 2357 2063 in
2386 2007 2691 2077 parietinis,
2719 2016 2773 2064 et
2800 2007 3013 2064 dixeras
3044 2025 3057 2060 :
3089 2006 3201 2078 Ego
3225 2006 3471 2061 dominii.
3500 2006 3643 2076 Quid
3672 2016 3749 2062 est
3770 2050 3783 2075 ,

2191 2097 2304 2171 Ego
2343 2100 2601 2157 dormivi?
2626 2102 2759 2170 Quia
2800 2101 2979 2167 volui,
3007 2099 3276 2167 dormivi;
3310 2111 3533 2157 noctem
3569 2102 3785 2158 amando

2189 2193 2417 2248 dormivi
2448 2211 2459 2247 :
2490 2193 2585 2249 sed
2612 2193 2681 2250 ibi
2710 2194 2970 2265 sequitur,
2998 2191 3070 2247 Et
3102 2193 3367 2249 ersurrexi
3395 2192 3575 2267 (Psal.
3605 2208 3681 2259 ιιι,
3713 2193 3782 2265 6).

2192 2281 2333 2354 Ergo
2362 2284 2448 2341 hic
2471 2327 2487 2353 ,
2523 2283 2759 2355 Vigilavi.
2808 2283 2915 2340 Sed
2952 2292 3301 2356 posteaquam
3343 2286 3629 2356 vigilavit,
3668 2284 3783 2356 quid

2189 2378 2334 2448 egit?
2356 2377 2610 2434 Ascendit
2630 2379 2680 2433 in
2711 2378 2928 2445 ctelum,
2961 2377 3131 2435 factus
3150 2387 3233 2434 est
3256 2379 3391 2433 sicut
3414 2395 3595 2450 passer
3614 2380 3784 2433 volan-

2191 2469 2262 2524 do
2285 2510 2298 2534 ,
2332 2469 2385 2525 id
2414 2479 2497 2527 est
2522 2469 2863 2526 ascendendo
2894 2487 2907 2524 :
2936 2471 3211 2542 singularis
3244 2471 3303 2525 in
3341 2480 3477 2525 tecto
3501 2513 3515 2537 ,
3552 2470 3603 2525 id
3632 2479 3709 2525 est
3733 2471 3780 2524 in

2192 2562 2350 2618 cmlo.
2378 2562 2516 2632 Ergo
2538 2562 2808 2632 pelicanus
2832 2563 3122 2628 nascendo,
3149 2561 3469 2634 nycticorax
3490 2561 3778 2629 moriendo,

2194 2667 2379 2724 passer
2402 2654 2733 2725 resurgendo
2765 2671 2778 2708 :
2808 2654 2880 2709 ibi
2910 2653 2963 2708 in
2988 2653 3293 2721 solitudine,
3320 2654 3477 2710 velut
3498 2654 3673 2719 solus;
3703 2652 3780 2708 hic

2194 2745 2249 2802 in
2275 2747 2571 2817 parietinis,
2602 2747 2745 2802 velut
2770 2746 2838 2801 ab
2864 2747 2943 2802 eis
2973 2747 3183 2802 occisus
3205 2789 3219 2815 ,
3262 2748 3356 2816 qui
3387 2758 3538 2803 stare
3562 2762 3666 2801 non
3696 2760 3779 2815 po-

2195 2846 2411 2893 tuerunt
2441 2838 2494 2893 in
2519 2837 2782 2904 aedilicio;
2826 2837 2914 2894 hic
2935 2853 3065 2894 vero
3087 2839 3197 2907 jam
3238 2839 3472 2909 vigilans
3514 2847 3570 2894 et
3604 2838 3778 2893 volans

2193 2929 2477 3001 singularis
2508 2930 2561 2986 in
2595 2939 2772 2995 tecto,
2821 2930 2892 2986 ibi
2932 2930 3240 3001 interpellat
3278 2945 3383 3001 pro
3425 2930 3582 2987 nobis
3614 2928 3774 3001 (Rom.

2194 3036 2310 3087 vut,
2342 3020 2456 3089 54).
2486 3019 2658 3091 Caput
2681 3022 2823 3076 enim
2866 3032 3108 3077 nostrum
3136 3035 3325 3093 passer
3354 3030 3440 3078 est
3461 3061 3475 3086 .
3504 3035 3693 3092 corpus
3717 3019 3773 3074 il-

2196 3114 2299 3169 lius
2329 3121 2522 3169 turtur.
2558 3114 2760 3171 Etenim
2791 3132 2965 3185 passer
2990 3115 3179 3169 invenit
3218 3114 3316 3169 sibi
3356 3114 3588 3169 domum.
3620 3112 3776 3179 Quam

2194 3205 2452 3263 domum?
2481 3207 2537 3262 ln
2565 3208 2703 3263 coelo
2733 3215 2834 3273 est,
2863 3207 3168 3278 interpellat
3192 3221 3291 3278 pro
3317 3206 3499 3263 nobis.
3532 3204 3599 3261 Et
3626 3212 3775 3259 turtur

2194 3301 2371 3357 nidum
2412 3300 2528 3367 sibi,
2582 3300 2824 3357 Ecclesia
2880 3300 2974 3355 Dei
3030 3299 3211 3355 nidum
3265 3299 3335 3355 de
3408 3299 3569 3371 lignis
3614 3295 3773 3352 crucis

2194 3396 2361 3465 ipsius
2385 3412 2399 3461 ;
2430 3394 2513 3449 ubi
2542 3404 2697 3465 ponat
2720 3393 2888 3465 pullos
2910 3409 3028 3449 suos
3056 3391 3220 3464 (Psal.
3263 3408 3480 3448 uxxm
3500 3433 3516 3459 ,
3545 3390 3600 3453 4)
3619 3431 3632 3455 ,
3661 3401 3772 3459 par-

2195 3487 2347 3543 vulos
2376 3500 2521 3543 suos.
2566 3484 2781 3557 Vigilavi
2797 3526 2812 3551 ,
2840 3493 2889 3541 et
2925 3488 3091 3556 factus
3116 3501 3229 3540 sum
3257 3485 3391 3539 sicut
3420 3499 3594 3555 passer
3616 3481 3773 3551 singu-

2194 3579 2318 3636 laris
2347 3581 2400 3634 in
2427 3588 2573 3633 tecto.
2759 3587 2771 3599 °
3288 3564 3291 3567 ’

2266 3671 2317 3728 9.
2348 3669 2499 3746 [vers.
2526 3669 2605 3744 9.]
2632 3668 2763 3725 Tota
2788 3669 2870 3724 die
2886 3670 3255 3741 exprobrabant
3282 3670 3414 3724 mihi
3440 3668 3631 3723 inimici
3654 3665 3766 3728 mei,

2194 3774 2243 3818 et
2267 3764 2350 3832 qui
2376 3762 2651 3818 laudabant
2680 3778 2779 3828 me,
2801 3761 3041 3817 adversus
3079 3778 3157 3816 me
3170 3760 3441 3834 jurabant.
3474 3760 3578 3816 Ore
3603 3756 3767 3812 lauda-

2194 3855 2343 3924 bant,
2376 3855 2537 3911 corde
2562 3855 2782 3911 insidias
2812 3855 3202 3927 praeparabant.
3232 3854 3374 3910 Audi
3400 3852 3608 3909 laudem
3635 3850 3765 3920 ipso~

2196 3967 2337 4007 rum.
2358 3950 2624 4023 Magister,
2657 3951 2842 4005 scimus
2879 3950 2998 4023 quia
3025 3949 3159 4004 viam
3191 3948 3286 4004 Dei
3311 3950 3365 4003 in
3390 3948 3595 4004 veritate
3613 3944 3762 4004 doces,

2195 4054 2243 4099 et
2287 4059 2557 4113 personam
2603 4058 2706 4097 non
2751 4042 2982 4111 accipis:
3009 4041 3121 4095 licet
3149 4039 3394 4094 tributum
3442 4039 3566 4094 dare
3595 4030 3767 4091 Ca'sari

2196 4136 2405 4211 (Matth.
2456 4154 2584 4203 χιιι,
2637 4137 2722 4201 16,
2771 4136 2906 4207 l7)?
2957 4136 3128 4203 Quem
3172 4134 3357 4190 laudas
3387 4177 3401 4200 ,
3456 4131 3760 4204 supplantas.

2194 4230 2371 4301 Quare
2418 4230 2519 4285 nisi
2566 4230 2687 4299 quia
2723 4230 2809 4301 qui
2835 4228 3109 4283 laudabant
3133 4245 3243 4293 me,
3272 4228 3513 4282 adversus
3540 4240 3617 4279 me
3629 4223 3764 4291 jura-

2198 4322 2357 4376 bant?
2383 4322 2535 4378 Unde
2560 4329 2739 4377 autem
2765 4320 2869 4376 hoc
2893 4320 3257 4391 opprobrium,
3288 4320 3391 4375 nisi
3416 4319 3536 4390 quia
3561 4314 3671 4370 veni
3692 4311 3760 4365 fa-

2197 4429 2319 4469 cere
2345 4413 2583 4469 membra
2613 4427 2729 4469 mea
2761 4422 3087 4483 peccatores,
3107 4421 3163 4467 ut
3182 4412 3391 4484 agendo
3419 4405 3758 4482 pmnitcntiain

2197 4507 2305 4563 sint
2330 4505 2384 4561 in
2410 4520 2635 4576 corpore
2664 4504 2823 4561 meo?
2861 4503 2988 4560 lude
3026 4513 3195 4559 totum
3240 4503 3582 4575 opprobrium
3604 4540 3617 4563 ,
3652 4493 3758 4550 inde

2198 4601 2499 4670 persecutio
2527 4618 2541 4654 :
2575 4599 2743 4665 Quare
2780 4599 3018 4672 magister
3041 4606 3201 4653 vester
3228 4614 3345 4652 cum
3374 4592 3701 4669 peccatoribus
3716 4594 3758 4642 et

2199 4692 2479 4764 publicanis
2519 4692 2828 4747 manducet?
2857 4691 2979 4746 Non
3005 4700 3077 4746 est
3102 4706 3233 4760 opus
3256 4690 3395 4746 sanis
3414 4688 3642 4748 medicus,
3679 4676 3758 4735 sed

2196 4784 2555 4856 (egrotanlibus
2592 4784 2702 4856 (Id.
2742 4800 2813 4850 ut,
2843 4785 2905 4839 ll
2928 4782 3339 4852 etiQ).Utinam
3385 4797 3479 4839 vos
3520 4783 3754 4850 aegrotare

2198 4878 2449 4942 nossetis,
2481 4885 2540 4932 ut
2565 4876 2829 4933 medicum
2856 4877 3197 4947 quaereretis;
3230 4890 3337 4931 non
3367 4870 3683 4933 occideretis,
3708 4870 3753 4917 et

2198 4986 2293 5043 per
2317 4971 2600 5041 superbam
2623 4970 2947 5027 dementiam
2977 4969 3108 5025 falsa
3137 4971 3365 5027 sanitate
3385 4963 3637 5040 periretis.

2272 5064 2359 5120 10.
2385 5063 2532 5137 [vers.
2558 5062 2672 5137 10.]
2705 5062 2838 5118 Mihi
2874 5072 3053 5118 autem
3101 5062 3244 5118 unde
3273 5070 3376 5117 tota
3399 5061 3480 5116 die
3505 5052 3751 5126 exprobra-

2199 5158 2319 5211 bant
2346 5156 2538 5212 inimici
2560 5157 2694 5212 mei?
2717 5156 2857 5212 unde
2884 5157 2971 5227 qui
2999 5155 3275 5211 laudabant
3303 5174 3410 5225 me,
3440 5153 3662 5209 adversus
3682 5156 3750 5195 me

2190 5249 2474 5323 jurabant?
2498 5249 2749 5314 Quoniam
2774 5250 2988 5305 cinerem
3009 5249 3139 5305 sicut
3157 5265 3338 5321 panem
3370 5240 3674 5305 manducavi,
3704 5239 3748 5287 el

2198 5350 2372 5411 potum
2417 5356 2583 5395 meum
2617 5356 2731 5394 cum
2766 5342 2890 5411 ﬂetu
2925 5340 3213 5396 miscebam.
3252 5341 3385 5409 Quia
3426 5342 3533 5394 haec
3572 5337 3744 5404 genera

2198 5434 2475 5490 hominum
2503 5433 2702 5491 habere
2733 5434 2788 5491 in
2816 5435 2929 5490 suis
2962 5435 3217 5492 membris
3250 5433 3481 5491 sananda
3520 5426 3667 5485 voluit
3698 5425 3745 5474 et

2196 5526 2489 5593 liberanda,
2541 5527 2665 5583 inde
2707 5528 3070 5599 opprobrium.
3120 5527 3395 5601 Hodieque
3445 5526 3741 5596 Paganorum

2196 5621 2543 5693 opprobrium
2570 5622 2727 5692 quale
2756 5622 2807 5676 in
2839 5637 2937 5678 nos
2967 5622 3088 5677 est?
3117 5622 3241 5694 quid
3288 5622 3479 5695 putatis
3498 5661 3512 5687 ,
3556 5615 3739 5669 fratres.

2195 5715 2322 5788 quid
2351 5729 2444 5770 eos
2466 5714 2662 5785 putatis
2685 5714 2863 5770 dicere
2898 5714 3090 5771 nobis?
3110 5715 3218 5773 Vos
3246 5710 3572 5784 corrumpitis
3597 5695 3736 5760 disci-

2258 5856 2275 5885 ¹
2311 5860 2439 5917 Unus
2459 5859 2562 5913 Ms,
2584 5865 2614 5902 a
2629 5851 2912 5917 ludentibus:
2939 5858 3078 5917 Forte
3101 5852 3223 5917 leg,
3248 5853 3309 5905 ab
3330 5840 3678 5914 intelligendi!“-

2259 5918 2278 5947 ²
2313 5912 2501 5970 Aliquot
2520 5911 2649 5977 Mss,
2671 5920 2718 5966 et
2738 5914 2788 5965 in
2802 5911 3049 5978 parietinis
3072 5911 3218 5976 mnia,
3242 5922 3286 5966 et
3308 5916 3357 5967 in
3378 5911 3518 5965 nocte.
