4088 6432
304 500 538 575 plinam,
560 505 844 567 moresque
858 487 1072 563 generis
1092 481 1310 541 humani
1326 476 1647 552 pervertitis.
1671 469 1805 542 Quid
1827 469 1906 524 in-

305 563 564 652 veheris?
579 589 664 647 die
674 563 1040 659 quamobrem;
1064 577 1191 652 quid
1212 572 1469 633 fecimus?
1489 568 1690 633 Dando,
1712 563 1900 636 inquit,

302 682 617 743 hominibus
640 658 965 753 poenitentia:
988 673 1182 736 locum,
1229 662 1587 740 promittendo
1617 658 1899 729 impunitav

302 790 422 837 tem
448 776 687 834 omnium
703 772 1018 829 delictorum
1050 784 1063 823 :
1095 765 1212 820 ideo
1243 761 1484 818 homines
1508 756 1646 814 mala
1674 755 1903 821 faciunt,

302 874 495 930 securi
523 867 774 941 quodeis,
821 880 940 921 cum
960 860 1202 920 conversi
1258 857 1472 925 fuerim,
1507 852 1685 909 omnia
1730 849 1906 907 dimit-

304 972 513 1021 tuntur.
544 960 680 1016 llinc
704 971 830 1029 ergo
854 951 1217 1027 opprobrium,
1238 948 1490 1017 Quoniam
1521 945 1739 1002 cinerem
1779 942 1908 998 sicut

306 1074 502 1127 panem
528 1052 851 1117 manducavi,
870 1058 915 1106 et
933 1058 1106 1122 potum
1135 1061 1303 1101 meum
1328 1057 1443 1097 cum
1464 1042 1588 1112 ﬂetu
1618 1036 1903 1093 miscebant.

305 1152 352 1209 Ο
387 1153 484 1223 qui
517 1149 773 1214 insultas,
810 1146 975 1205 invito
1002 1152 1055 1199 te
1082 1139 1149 1198 ad
1177 1140 1333 1195 istum
1358 1149 1575 1209 panem.
1615 1130 1733 1188 Non
1762 1129 1905 1187 enim

306 1245 483 1303 audes
512 1254 567 1301 te
595 1243 777 1300 dicere
806 1255 913 1298 non
944 1252 1065 1296 esse
1104 1241 1461 1307 peccatorem.
1510 1229 1725 1286 Discute
1778 1240 1906 1282 con-

308 1341 596 1396 scientiam
618 1346 780 1403 tuam,
809 1332 1036 1391 ascende
1062 1328 1293 1386 tribunal
1314 1324 1507 1383 mentis
1534 1332 1656 1389 tum,
1679 1319 1789 1378 noli
1813 1319 1907 1375 tibi

308 1446 575 1503 parcere,
607 1429 852 1485 examina
892 1434 971 1491 te,
1024 1423 1273 1494 loquatur
1304 1417 1395 1476 tibi
1424 1414 1655 1475 medulla
1685 1410 1861 1468 cordis
1889 1427 1904 1476 ;

309 1526 433 1582 vide
465 1535 651 1581 utrum
691 1521 891 1578 audeas
928 1516 1285 1575 innocentiam
1330 1511 1587 1587 profiteri.
1632 1508 1727 1564 Hic
1756 1506 1909 1578 plane

307 1618 356 1674 si
382 1632 446 1673 se
476 1616 801 1687 respexerit,
836 1610 1269 1675 conturbabitur;
1293 1606 1338 1663 si
1358 1620 1416 1663 se
1445 1619 1551 1661 non
1574 1599 1867 1672 palpaverit
1889 1638 1906 1665 ,

309 1709 681 1766 conﬁtebitur.
704 1708 773 1767 Et
795 1705 919 1778 quid
940 1705 1052 1776 agis
1076 1703 1257 1769 miser,
1284 1700 1329 1755 si
1352 1713 1458 1755 non
1483 1697 1585 1753 erit
1604 1705 1787 1767 portus
1809 1693 1907 1747 im-

310 1801 609 1873 punitatis?
639 1800 698 1857 Si
724 1800 834 1856 sola
864 1798 960 1854 fuit
984 1792 1236 1871 peccandi
1266 1791 1499 1857 licentia,
1527 1796 1581 1846 et
1608 1788 1746 1844 nulla
1778 1800 1907 1857 pec-

308 1904 564 1951 catorum
593 1900 677 1948 est
698 1887 1042 1960 indulgentia,
1073 1884 1162 1941 ubi
1188 1882 1339 1941 eris?
1368 1896 1471 1953 quo
1499 1878 1637 1935 ibis?
1668 1877 1827 1934 Certe
1857 1884 1911 1931 et

309 2001 407 2057 pro
438 1994 493 2042 te
525 1984 725 2041 factum
749 1989 849 2049 est,
867 1990 926 2037 ut
948 1986 1147 2053 pauper
1172 1977 1272 2033 iste
1297 1974 1531 2030 cinerem
1563 1972 1699 2027 sicut
1719 1983 1911 2041 panem

309 2078 687 2141 manducaret,
717 2083 771 2131 et
794 2082 976 2145 potum
1002 2085 1157 2129 suum
1181 2083 1301 2125 cum
1328 2066 1454 2122 ﬂetu
1484 2064 1752 2118 misceret.
1792 2059 1911 2115 Non

311 2180 361 2227 te
396 2170 516 2240 jam
553 2168 779 2225 delectat
824 2166 928 2222 tale
970 2159 1307 2223 convivium?
1339 2156 1443 2215 Sed
1472 2166 1670 2221 tamen,
1706 2152 1909 2223 inquit,

308 2270 510 2339 augent
564 2260 807 2316 homines
854 2264 1070 2329 peccata
1118 2268 1213 2324 spe
1263 2250 1452 2308 venite.
1505 2247 1617 2303 lmo
1658 2249 1913 2315 augerent

308 2338 540 2426 peccata
592 2352 963 2424 desperatione
1014 2348 1202 2405 venite.
1243 2344 1432 2402 Nonne
1478 2338 1709 2397 attendis
1751 2350 1911 2409 quam

309 2448 601 2505 licentiosa
630 2444 943 2503 crudelitate
980 2442 1159 2501 vivant
1197 2434 1553 2512 gladiatores?
1592 2430 1747 2490 Unde
1784 2430 1909 2496 hoc,

309 2540 408 2598 nisi
458 2541 586 2612 jam
640 2546 888 2609 tanquam
950 2534 1016 2591 ad
1054 2534 1252 2591 ferrum
1310 2539 1364 2586 et
1418 2526 1689 2583 victimam
1750 2520 1914 2577 desti-

311 2636 439 2703 nati,
473 2632 708 2704 eXplere
749 2632 936 2687 volunt
977 2627 1250 2686 libidinem
1278 2666 1293 2692 ,
1349 2631 1635 2693 antequam
1691 2615 1913 2673 fundant

310 2727 680 2800 sanguinem?
710 2725 897 2781 Nonne
923 2732 978 2779 et
1020 2732 1076 2778 tu
1107 2722 1208 2779 hoc
1238 2717 1332 2776 tibi
1361 2716 1568 2773 diceres
1598 2731 1611 2767 :
1639 2712 1756 2768 Jam
1789 2723 1914 2780 pec-

312 2831 464 2879 cator
485 2835 637 2886 sum,
650 2820 764 2890 jam
794 2818 1026 2890 iniquus,
1055 2814 1165 2885 jam
1191 2808 1545 2876 damnandus,
1573 2804 1717 2862 nulla
1741 2799 1915 2858 veniae

312 2930 434 2987 spes
455 2921 582 2980 est;
612 2927 708 2968 cur
732 2911 838 2983 jam
866 2924 972 2968 non
1001 2907 1191 2963 faciam
1215 2900 1469 2976 quidquid
1495 2899 1645 2965 libet,
1678 2897 1778 2954 etsi
1809 2910 1915 2953 non

312 3008 468 3067 licet?
508 3005 620 3063 Cur
645 3020 751 3059 non
792 3002 1063 3075 impleam,
1090 3006 1347 3070 quantum
1377 3008 1616 3067 possum,
1638 3006 1914 3063 quacum-

314 3116 415 3170 que
441 3094 751 3163 desideria,
785 3096 830 3153 si
868 3102 992 3166 post
1021 3095 1135 3148 haec
1163 3106 1267 3147 non
1305 3094 1508 3146 restant
1537 3085 1639 3142 nisi
1667 3084 1779 3143 sola
1806 3091 1918 3140 tor-

316 3191 543 3250 menta?
566 3190 755 3246 Nonne
786 3187 887 3244 hoc
918 3186 1011 3242 tibi
1046 3184 1278 3247 diceres,
1315 3189 1369 3237 et
1401 3177 1773 3251 desperatione
1803 3175 1917 3245 ipsa

318 3286 467 3357 pejor
492 3282 695 3341 ﬁeres?
720 3280 903 3338 Potius
943 3291 1071 3349 ergo
1101 3285 1152 3333 te
1178 3271 1396 3345 corrigit
1415 3271 1507 3342 qui
1536 3266 1917 3339 indulgentiam

320 3356 616 3450 promittit,
647 3384 701 3430 et
721 3372 851 3429 dicit
878 3389 891 3425 :
922 3370 1104 3426 Redite
1137 3365 1548 3440 pratvaricatores
1573 3359 1640 3413 ad
1662 3356 1916 3429 cor(lsai.

322 3487 464 3537 XLVI,
500 3468 582 3540 8).
615 3467 753 3522 Nola
782 3472 990 3520 mortem
1016 3462 1194 3531 impii;
1229 3465 1475 3525 quantum
1496 3455 1511 3486 ³
1535 3461 1593 3509 ut
1617 3458 1918 3517 revertatur,

324 3577 371 3623 et
401 3567 541 3623 vivat
567 3561 779 3635 (Ezech.
830 3574 1017 3623 xxxru,
1060 3556 1175 3627 ll).
1207 3552 1320 3608 Hoc
1352 3546 1539 3622 procul
1578 3545 1738 3602 dubio
1765 3548 1922 3614 portu

326 3658 632 3730 proposito,
661 3652 886 3725 deponis
913 3651 1028 3707 vela
1060 3644 1379 3719 iniquitatis,
1396 3639 1661 3698 convertis
1680 3649 1920 3709 proram,

328 3725 572 3808 velificas
603 3746 670 3801 ad
692 3743 974 3817 justitiam,
1004 3749 1058 3797 et
1083 3734 1514 3815 speransvitam,
1552 3745 1661 3786 non
1696 3725 1922 3799 negligis

332 3814 812 3899 medicinam.Nec
836 3835 891 3891 in
916 3832 1019 3890 hoc
1047 3828 1142 3887 tibi
1164 3814 1444 3900 displiceat
1478 3822 1635 3887 Deus,
1670 3828 1922 3889 tanquam

337 3954 435 4009 per.
466 3938 626 3992 istam
671 3929 1013 4003 indulgentia:
1041 3922 1449 3999 promissionem
1495 3929 1712 3974 securos
1742 3910 1927 3967 fecerit

341 4000 669 4101 peccatores.
714 4000 928 4081 Etenim
972 4034 1041 4077 ne
1078 4011 1450 4090 desperatione
1494 4005 1739 4067 homines
1776 4000 1926 4073 pejus

340 4127 586 4182 viverent
611 4160 627 4189 ,
686 4118 928 4192 promisit
972 4110 1312 4183 indulgentiae
1341 4111 1553 4179 portum
1572 4142 1588 4169 ,
1624 4112 1831 4163 rursus,
1859 4107 1928 4150 ne

335 4234 430 4290 spe
454 4216 632 4274 venite
652 4212 802 4285 pejus
822 4211 1082 4274 viverent,
1098 4203 1223 4261 fecit
1241 4200 1381 4258 diem
1412 4193 1600 4255 mortis
1630 4192 1925 4247 incertum:

338 4286 812 4382 providentissime
839 4311 1121 4369 utrumque
1145 4292 1496 4357 constituens,
1520 4293 1574 4343 et
1601 4286 1931 4340 revertentes

338 4378 443 4475 quo
488 4398 817 4469 recipiantur
847 4436 862 4462 ,
916 4401 971 4449 et
1025 4388 1330 4446 differentes
1402 4380 1544 4439 unde
1610 4378 1929 4433 terreantur.

339 4496 605 4556 Manduca
633 4493 867 4548 cinerem
893 4484 1037 4542 velut
1072 4494 1261 4552 panem
1282 4519 1297 4547 ,
1330 4486 1383 4536 et
1410 4477 1593 4532 fletum
1623 4478 1769 4524 tuum
1810 4477 1932 4518 cum

343 4604 470 4667 potu
502 4592 703 4655 misce;
745 4603 838 4659 per
877 4585 981 4641 hoc
1023 4579 1322 4639 convivium
1368 4570 1554 4628 venies
1592 4564 1657 4620 ad
1692 4572 1933 4617 mensam

349 4650 460 4747 Dei.
495 4685 620 4745 Noli
650 4650 965 4753 desperare;
1011 4674 1275 4749 promissa
1318 4675 1401 4726 est
1448 4657 1768 4731 indulgentia
1818 4650 1933 4753 tibi.

351 4782 460 4838 Deo
483 4778 709 4851 gratias,
733 4744 921 4846 inquit,
949 4744 1073 4841 quia
1100 4764 1359 4838 promissa
1383 4766 1495 4824 est;
1524 4764 1681 4811 teneo
1706 4744 1935 4821 promis-

353 4890 469 4934 sum
486 4840 636 4928 'Dei.
677 4840 825 4940 Ergo
857 4866 967 4936 jam
1014 4862 1154 4918 bene
1195 4857 1334 4913 vive.
1381 4854 1533 4915 Cras,
1578 4843 1769 4915 inquit,
1792 4840 1939 4940 bene

356 4968 551 5023 vivam.
584 4932 967 5031 lndulgbntiam
997 4953 1091 5010 tibi
1139 4952 1280 5009 Deus
1315 4941 1593 5017 promisit;
1647 4932 1938 4992 crastinum

351 5061 497 5117 diem
529 5056 623 5113 tibi
649 5024 808 5111 nemo
835 5047 1099 5123 promisit.
1129 5042 1187 5101 Si
1226 5040 1366 5098 male
1402 5034 1613 5098 vixisti,
1644 5029 1782 5086 bene
1822 5024 1943 5080 vive

353 5154 463 5223 iam
490 5150 671 5206 hodie.
702 5146 869 5203 Stulte
888 5183 905 5211 ,
936 5143 1030 5197 hac
1056 5146 1201 5195 nocte
1220 5136 1481 5206 auferetur
1508 5146 1539 5183 a
1565 5136 1612 5182 te
1636 5124 1805 5180 anima
1836 5130 1941 5172 tua.

357 5209 475 5303 Non
503 5244 649 5308 dico,
682 5241 811 5308 Quas
835 5209 1154 5309 prwparasti,
1181 5228 1326 5298 cuius
1354 5232 1497 5281 erunt
1518 5220 1667 5292 (Luc.
1696 5231 1793 5281 xu,
1814 5209 1946 5283 20)?

359 5337 480 5403 sed,
511 5332 818 5391 Secundum
842 5327 984 5400 quod
1023 5323 1236 5389 vixisti,
1278 5318 1367 5374 ubi
1409 5312 1549 5372 eris?
1573 5309 1791 5403 Corrige
1820 5316 1950 5376 ergo

363 5440 438 5497 te,
465 5401 523 5484 ut
549 5426 722 5499 possis
746 5425 801 5480 in
830 5434 1052 5491 corpore
1074 5414 1273 5473 Christi
1304 5409 1504 5466 habere
1533 5418 1717 5460 vocem
1746 5401 1899 5455 istam
1930 5434 1951 5464 ,

364 5539 549 5596 quam,
598 5520 699 5576 nisi
744 5517 929 5582 fallor,
960 5513 1185 5568 libenter
1214 5502 1458 5576 agnoscis
1491 5516 1504 5569 ς
1538 5495 1791 5566 Quoniam
1818 5491 1956 5544 cinae

366 5634 479 5672 rem
505 5616 632 5669 sicut
662 5625 841 5683 panem
866 5603 1187 5663 manducavi,
1217 5607 1261 5653 et
1299 5604 1471 5667 potum
1500 5606 1665 5646 meum
1689 5601 1806 5643 eum
1830 5584 1955 5654 ﬂetu

372 5708 658 5764 ntiscebam.

442 5893 463 5925 ³
497 5892 565 5941 sic
587 5896 692 5938 Mss.
720 5892 773 5934 At
798 5884 927 5943 tulit,
952 5885 1146 5931 tmttum.

1446 351 1841 418 ENARRATIO
1878 347 1945 404 IN
1982 346 2311 408 PSALMUM
2348 349 2436 409 Cl.

3457 342 3599 403 ΠιοἏ

2088 468 2176 521 il.
2219 464 2367 540 [rem
2412 464 2524 539 ιι]
2564 465 2609 519 Α
2649 465 2781 540 facie
2831 466 2924 522 ira
2962 471 3062 522 tua
3098 464 3115 497 ¹
3148 471 3194 519 et
3232 462 3597 536 indignationil

2014 574 2133 626 tute,
2160 562 2398 635 quoniam
2427 560 2630 627 levasti,
2654 560 2832 616 elisisti
2859 576 2956 616 mc.
2980 558 3095 632 lpsa
3124 568 3208 616 est
3238 557 3329 613 illa
3359 558 3437 614 ira
3465 565 3553 613 tua
3576 597 3594 622 ,

2015 656 2257 721 Domine,
2298 655 2351 710 in
2394 654 2598 723 Adam;
2633 654 2709 711 ira
2736 669 2858 709 cum
2884 669 2986 727 qua
3012 668 3199 710 omnes
3226 652 3336 709 nati
3366 666 3552 708 sumus
3576 692 3591 716 ,

2013 752 2097 808 cui
2124 748 2393 807 nascendo
2409 747 2766 815 cohresimus;
2786 749 2862 804 ira
2885 748 2951 806 de
2968 746 3256 821 propagine
3281 745 3595 815 iniquitatis,

2012 844 2091 899 ira
2116 841 2183 898 de
2211 855 2384 896 massa
2413 840 2612 912 peccati
2643 859 2656 892 :
2687 838 2975 895 secundum
3007 854 3165 911 quam
3194 837 3322 893 dicit
3359 837 3594 907 Aposto-

2013 935 2113 1000 lus,
2145 933 2364 989 Fuimus
2389 940 2434 988 et
2462 949 2553 988 nos
2582 931 2853 1004 aliquando
2878 940 3063 985 natura
3086 931 3180 1000 ﬁlii
3206 930 3297 984 ἱνα»
3321 968 3336 995 ,
3377 928 3505 981 sicut
3546 932 3596 980 et

2012 1029 2216 1095 sceleri;
2243 1037 2298 1084 et
2326 1026 2464 1083 unde
2492 1024 2620 1082 dicit
2656 1024 2912 1081 Dominus
2935 1064 2951 1088 ,
2995 1022 3089 1078 Ira
3119 1020 3214 1077 Dei
3241 1030 3408 1076 manet
3444 1033 3600 1090 super

2011 1140 2146 1189 eum,
2172 1123 2291 1195 quia
2316 1138 2418 1177 non
2445 1119 2656 1177 credidit
2682 1119 2737 1173 in
2757 1117 3073 1190 unigenitum
3088 1108 3281 1170 Filium
3299 1113 3395 1168 Dei
3416 1113 3595 1189 (Joan.

2012 1233 2089 1284 ιιι,
2121 1216 2234 1287 ⁵56).
2265 1214 2382 1272 Non
2412 1214 2557 1271 enim
2600 1204 2707 1279 ait,
2749 1209 2829 1267 Ira
2879 1210 2972 1268 Dei
3010 1209 3189 1265 veniet
3223 1224 3383 1280 super
3429 1223 3596 1274 eum;

2012 1308 2128 1379 sed,
2155 1316 2323 1364 manet
2348 1324 2500 1380 super
2524 1323 2637 1361 eum
2667 1322 2685 1360 :
2708 1305 2831 1377 quia
2857 1319 2965 1360 non
2996 1303 3199 1359 tollitur
3236 1303 3289 1357 in
3312 1315 3421 1385 qua
3444 1308 3599 1356 natus

2012 1410 2113 1458 est.
2144 1400 2320 1467 Quare
2366 1413 2516 1469 ergo,
2545 1395 2743 1467 etquid
2772 1396 2870 1451 sibi
2902 1396 3014 1450 vult
3038 1411 3137 1449 vox
3169 1394 3265 1448 ista
3345 1392 3599 1460 Quoniam

2014 1493 2205 1557 levasti,
2228 1492 2403 1546 elisisti
2434 1506 2546 1544 nte:
2572 1482 2687 1544 Non
2725 1488 2864 1543 enim
2892 1488 2982 1551 ait,
3005 1487 3263 1555 Quoniam
3292 1485 3474 1539 levasti
3503 1527 3516 1550 ,
3548 1491 3601 1539 et

2013 1587 2198 1643 elisisti
2223 1602 2339 1652 me;
2366 1583 2481 1651 sed,
2505 1583 2757 1651 Quoniam
2774 1579 2966 1646 levasti,
2987 1579 3161 1633 elisisti
3183 1594 3279 1630 me.
3310 1576 3433 1630 Ideo
3451 1575 3599 1630 elisi-

2013 1681 2100 1747 sti,
2144 1679 2264 1751 quia
2292 1675 2499 1732 levasti.
2542 1671 2697 1731 Unde
2740 1671 2879 1727 hoc?
2920 1669 3092 1725 Homo
3120 1669 3171 1723 in
3209 1668 3413 1723 honore
3451 1664 3599 1736 posis

2016 1782 2098 1828 tus
2124 1814 2137 1837 ,
2182 1770 2347 1826 factus
2390 1775 2472 1824 est
2507 1766 2573 1823 ad
2608 1764 2893 1837 imaginem
2937 1763 3031 1819 Dei
3081 1781 3094 1817 :
3134 1762 3337 1818 levatus
3367 1760 3417 1814 in
3459 1758 3601 1813 hunc

2016 1864 2295 1927 honorem,
2329 1868 2537 1917 erectus
2558 1873 2587 1913 a
2636 1868 2874 1930 pulvere,
2903 1863 3109 1912 erectus
3137 1870 3165 1908 a
3192 1863 3354 1918 terra,
3397 1852 3599 1923 accepit

2016 1958 2245 2013 animam
2261 1953 2593 2019 rationalem,
2614 1949 2929 2023 praepositus
2944 1956 3026 2004 est
3041 1947 3259 2003 rationis
3276 1944 3442 2016 ipsius
3458 1944 3601 1998 viva-

2016 2050 2174 2105 citate
2196 2046 2440 2103 omnibus
2460 2044 2664 2110 bestiis,
2690 2040 2993 2113 pecoribus,
3017 2037 3338 2104 volatilibus,
3368 2035 3601 2108 piscibus

2017 2142 2168 2216 (Gen.
2193 2157 2230 2211 ι,
2248 2140 2358 2211 ‘26).
2383 2136 2519 2210 Quid
2546 2136 2689 2195 enim
2715 2134 2905 2190 horum
2943 2132 3101 2187 habet
3129 2130 3486 2201 intelligentia:
3515 2139 3602 2184 ι’]-

2017 2231 2248 2291 tionem?
2281 2231 2413 2300 Quia
2440 2228 2641 2285 nullum
2670 2226 2861 2282 horum
2893 2222 3089 2280 factum
3121 2230 3201 2278 est
3230 2221 3294 2276 ad
3320 2221 3601 2291 imaginem

2020 2326 2132 2383 Dei.
2163 2318 2439 2393 Quomodo
2483 2319 2686 2375 nullum
2721 2319 2909 2373 horum
2955 2313 3111 2371 habet
3141 2313 3283 2370 hunc
3307 2312 3600 2376 honorem,

2018 2419 2095 2475 sic
2135 2417 2337 2472 nullum
2376 2414 2567 2471 horum
2606 2410 2769 2469 habet
2806 2410 2947 2466 hanc
2974 2404 3433 2474 miseriam.Quod
3459 2404 3603 2460 enim

2016 2524 2177 2583 pecus
2189 2506 2467 2581 plangitde
2476 2504 2855 2578 peccatoiquse
2870 2501 2984 2557 avis
2999 2498 3454 2570 timetgehennam
3469 2496 3604 2565 ignis

2018 2603 2201 2659 aeterni
2218 2601 2241 2653 ?
2261 2600 2394 2669 Quia
2418 2596 2560 2653 nulla
2584 2595 2631 2651 ei
2655 2591 2989 2667 participatio
3006 2592 3176 2647 beatae
3192 2589 3334 2655 vitae,
3360 2585 3486 2642 nulli
3509 2585 3605 2640 sti-

2018 2694 2148 2750 muli
2169 2692 2525 2749 miseriarum.
2547 2686 2717 2743 Homo
2739 2692 2935 2749 autem,
2979 2686 3099 2754 quia
3122 2681 3288 2736 factus
3314 2689 3397 2735 est
3420 2678 3508 2750 qui
3535 2677 3607 2733 sit

2019 2788 2071 2844 in
2096 2787 2251 2843 beata
2275 2784 2400 2848 vita,
2433 2782 2477 2838 si
2496 2783 2632 2838 bene
2646 2778 2867 2843 vixerit;
2900 2775 3020 2832 ideo
3051 2775 3154 2830 erit
3179 2773 3232 2828 in
3254 2772 3446 2828 misera
3472 2771 3602 2835 vita,

2019 2880 2143 2953 quia
2172 2878 2311 2934 male
2338 2875 2486 2932 vixit.
2521 2873 2662 2946 Ergo
2683 2914 2696 2939 ,
2736 2872 2867 2939 Quia
2893 2867 3090 2935 levasti,
3118 2867 3293 2921 elisisti
3322 2880 3400 2918 me
3429 2880 3446 2918 :
3476 2863 3597 2919 ideo

2020 2972 2259 3043 sequitur
2298 2983 2383 3024 me
2427 2980 2616 3040 poena,
2662 2963 2781 3035 quia
2811 2960 3002 3017 dedisti
3033 2958 3161 3014 mihi
3188 2957 3413 3013 liberum
3461 2954 3603 3010 arbi-

2022 3068 2201 3124 trium.
2228 3063 2285 3121 Si
2313 3062 2454 3120 enim
2488 3058 2616 3115 mihi
2644 3073 2747 3113 non
2776 3054 3018 3111 dedisses
3047 3052 3270 3107 liberum
3298 3048 3597 3113 arbitrium,

2022 3168 2078 3216 et
2102 3174 2197 3230 per
2220 3156 2359 3212 hanc
2380 3153 2640 3211 rationem
2674 3146 2957 3222 pecoribus
2996 3160 3081 3199 me
3112 3158 3217 3198 non
3250 3140 3456 3196 faceres
3485 3154 3599 3194 me-

2024 3252 2244 3317 liorem,
2291 3262 2395 3302 non
2430 3259 2517 3301 me
2546 3251 2861 3314 sequeretur
2888 3236 3158 3293 damnatio
3198 3234 3339 3306 justa
3382 3245 3607 3301 peccan-

2023 3352 2151 3399 tem.
2185 3340 2325 3412 Ergo
2352 3353 2445 3410 per
2473 3334 2750 3390 arbitrium
2779 3330 3005 3387 liberum
3036 3326 3220 3383 levasti
3262 3340 3368 3392 me,
3413 3332 3466 3378 et
3512 3337 3609 3391 per

2020 3433 2239 3507 iustitia:
2262 3430 2519 3502 judicium
2545 3424 2731 3481 elisisti
2761 3437 2868 3477 me.

2098 3528 2185 3585 12.
2232 3524 2383 3599 [vers.
2410 3519 2524 3594 l2.]
2554 3518 2673 3573 Dies
2716 3516 2812 3572 mei
2847 3516 2974 3570 sicut
3006 3512 3184 3567 umbra
3210 3509 3608 3564 declinaverunt.

2026 3597 2320 3677 Potuerunt
2345 3616 2487 3672 enim
2514 3626 2633 3668 esse
2662 3608 2777 3665 dies
2806 3605 2880 3662 tui
2917 3619 3022 3661 non
3052 3601 3378 3659 declinantes
3397 3640 3411 3665 ,
3434 3597 3479 3653 si
3501 3604 3555 3651 tu
3581 3610 3613 3651 a

2026 3715 2115 3773 die
2139 3725 2269 3768 vero
2297 3723 2404 3766 non
2430 3704 2755 3762 declinasses
2782 3718 2795 3754 :
2820 3696 3122 3763 declinasti,
3147 3701 3201 3748 et
3224 3689 3475 3761 accepisti
3498 3688 3613 3742 dies

2029 3805 2379 3863 declinantes.
2408 3797 2546 3868 de
2570 3795 2764 3849 mirum
2788 3791 2830 3847 si
2853 3790 2968 3845 dies
3001 3786 3075 3842 tui
3106 3784 3226 3841 facti
3256 3789 3380 3838 sunt
3408 3778 3614 3834 similes

2032 3899 2145 3957 tui?
2174 3894 2278 3968 Ipsi
2312 3899 2437 3950 sunt
2464 3890 2605 3946 enim
2646 3886 2760 3942 dies
2799 3881 3147 3943 declinantes,
3197 3875 3317 3945 quia
3353 3869 3612 3935 deviasti,

2030 3989 2120 4062 qui
2145 3961 2269 4043 sunt
2292 3983 2407 4040 dies
2431 3978 2581 4045 fumi,
2614 3976 2736 4046 quia
2766 3969 3020 4026 tumuisti.
3070 3966 3238 4036 Supra
3286 3962 3426 4018 enim
3468 3961 3616 4014 dixe-

2031 4050 2149 4149 rat,
2195 4077 2502 4147 Defecerunt
2531 4068 2659 4124 sicut
2700 4069 2870 4137 fumus
2902 4059 3007 4113 dies
3040 4056 3175 4121 mei;
3208 4063 3262 4110 et
3298 4066 3436 4108 nunc
3462 4050 3611 4115 dicit,

2033 4172 2156 4228 Dies
2186 4142 2284 4223 mei
2327 4166 2457 4220 sicut
2501 4158 2681 4214 untbra
2723 4152 3118 4209 declinaverunt.
3178 4147 3232 4201 ln
3281 4144 3380 4199 hac
3429 4142 3617 4196 umbra

2034 4257 2402 4337 agnoscendus
2430 4260 2515 4310 est
2535 4250 2671 4316 dies,
2702 4247 2753 4301 in
2777 4244 2878 4299 hac
2903 4241 3092 4297 umbra
3123 4235 3347 4293 videnda
3381 4241 3463 4289 est
3491 4233 3578 4287 lux
3603 4249 3617 4298 ;

2036 4326 2104 4415 ne
2150 4360 2332 4427 postea
2376 4361 2494 4426 sera
2537 4349 2591 4401 et
2637 4339 2967 4396 infructuosa
3014 4328 3326 4403 poenitentia
3368 4326 3621 4382 dicatur:

2041 4414 2176 4517 Quid
2216 4422 2380 4500 nobis.
2404 4436 2594 4513 profuit
2635 4426 2921 4502 superbia?
2967 4432 3014 4479 et
3056 4422 3344 4477 divitiarum
3380 4414 3625 4484 iactantia

2039 4503 2160 4615 quid
2186 4503 2604 4594 contulit-nobis?
2629 4523 2961 4581 Transierunt
2985 4516 3153 4572 omnia
3180 4503 3419 4582 tanquam
3452 4506 3627 4561 umbra

2042 4605 2198 4710 (Sep.
2222 4649 2274 4697 v,
2301 4630 2355 4695 8,
2387 4624 2468 4699 9).
2492 4619 2646 4677 Modo
2668 4616 2772 4683 dic,
2800 4609 3127 4669 Transibunt
3156 4605 3334 4659 omnia
3377 4610 3627 4670 tanquam

2044 4688 2252 4794 umbra,
2282 4730 2336 4780 et
2363 4688 2555 4775 tu'non
2585 4722 2825 4769 transeas
2853 4713 3106 4773 tanquam
3145 4697 3352 4752 umbra.
3382 4691 3504 4745 Dies
3532 4688 3628 4742 mei

2043 4823 2172 4878 sicut
2198 4778 2377 4871 umbra
2397 4807 2804 4865 declinaverunt;
2825 4806 2872 4852 et
2889 4811 2980 4866 ego
3000 4790 3133 4847 velut
3147 4793 3317 4861 fenztm
3336 4782 3468 4837 arui.
3496 4778 3631 4848 Quia

2046 4925 2099 4971 et
2126 4925 2287 4982 supra
2317 4905 2542 4966 dixerat,
2592 4897 2895 4951 Percussum
2922 4894 2996 4941 est
3021 4884 3151 4938 sicut
3186 4879 3356 4948 fenum
3380 4915 3394 4939 ,
3426 4881 3471 4925 et
3497 4871 3633 4924 aruit

2046 5022 2133 5061 cor
2158 4963 2341 5057 nicum.
2375 4992 2483 5051 Sed
2513 4989 2804 5046 revirescet
2842 4979 3022 5035 fenum
3065 4972 3336 5041 irrigatum
3376 4963 3635 5033 sanguine

2046 5060 2359 5155 Salvatorts.
2410 5084 2520 5158 Ego
2570 5081 2700 5137 sicut
2732 5078 2903 5146 fenum
2949 5064 3061 5120 arui
3106 5079 3124 5117 :
3168 5076 3268 5131 ego
3309 5060 3638 5124 homo,post

2234 5149 2757 5259 praevaricationem;
2802 5165 2906 5220 hoc
2944 5174 3044 5231 ego
3077 5156 3224 5228 justo
3266 5149 3467 5224 judicio
3497 5157 3588 5202 tuo
3618 5164 3631 5201 :

2056 5296 2110 5343 tu
2142 5290 2318 5338 autem
2345 5271 2509 5347 quid?

2132 5377 2217 5432 l3.
2251 5342 2399 5445 [vers
2434 5358 2547 5433 15.]
2574 5357 2653 5413 Tu
2675 5367 2810 5419 vero,
2837 5345 3069 5411 Domine,
3098 5342 3152 5396 in
3181 5348 3426 5395 internum
3449 5348 3640 5388 manes.

2060 5470 2163 5528 Mei
2189 5433 2302 5522 dies
2326 5461 2461 5516 sicut
2489 5451 2676 5509 umbra
2698 5444 3120 5502 declinaverunt,
3141 5441 3196 5491 et
3218 5441 3271 5487 tu
3307 5433 3358 5485 in
3385 5436 3643 5483 aeternum

2064 5574 2249 5623 manes
2280 5546 2671 5622 :temporalem
2711 5540 2879 5596 salvet
2915 5540 3167 5591 aeternus.
3195 5526 3311 5582 Non
3342 5523 3484 5579 enim
3522 5519 3647 5591 quia

2066 5673 2165 5729 ego
2195 5646 2382 5715 cecidi,
2411 5614 2466 5701 et
2498 5652 2552 5697 tu
2580 5633 2801 5695 scnuisti
2830 5650 2843 5685 :
2876 5643 3001 5685 nam
3026 5626 3174 5694 viges
3210 5618 3276 5674 ad
3305 5630 3391 5672 me
3420 5614 3650 5669 liberan-

2140 5841 2153 5871 ⁸
2193 5835 2303 5884 Edd.
2338 5828 2580 5881 ormttunt,
2604 5824 2699 5868 tua?
2730 5826 2745 5863 :
2781 5807 2909 5873 quod
3062 5800 3261 5859 habent,
3283 5796 3419 5859 juxta
3452 5798 3576 5840 LXX.
