4088 6502
523 404 662 463 1303

518 524 668 592 dum,
706 524 794 595 qui
826 520 1036 595 viguisti
1073 520 1139 576 ad
1168 534 1254 575 me
1283 517 1685 575 humiliandum.
1718 517 1799 572 Tu
1820 534 1964 586 vero,
1988 516 2095 572 Do-

516 620 670 685 mine,
703 619 754 672 in
781 627 1020 673 aeternum
1049 631 1218 669 manes
1236 630 1256 679 ;
1292 623 1338 669 et
1369 613 1656 669 memoriale
1687 622 1827 667 tuum
1864 613 1916 665 in
1944 628 2095 683 gene-

514 714 760 767 rationem
802 720 849 764 et
886 709 1274 783 generationem.
1326 706 1623 763 Memoriale
1648 716 1805 771 tuum,
1841 707 1960 776 quia
1990 721 2095 761 non

514 802 881 867 Oblivisceris;
912 804 963 856 in
986 802 1381 874 generationem,
1420 815 1527 855 non
1557 814 1737 865 unam,
1767 798 1859 853 sed
1888 814 2097 869 genera-

513 899 695 953 tionem
712 908 756 953 et
772 897 1139 969 generationem
1159 895 1599 966 :promissionem
1623 896 1817 966 quippe
1838 894 2095 949 habemus

511 992 633 1046 vita:
659 992 934 1062 prtesentis
963 999 1017 1045 et
1042 991 1230 1045 futura:
1259 989 1317 1062 (l
1345 987 1475 1042 Tim.
1506 992 1576 1054 iv,
1601 987 1676 1058 8).

582 1083 669 1139 14.
712 1081 862 1156 [vers.
896 1080 1009 1153 14.]
1042 1080 1119 1135 Tu
1144 1097 1414 1153 exsurgens
1445 1080 1748 1134 misereberis
1780 1079 1928 1146 Sion,
1973 1096 2097 1145 quo-

509 1178 647 1231 niam
674 1186 869 1243 tempus
908 1185 965 1231 ut
1010 1176 1293 1229 miserearis
1320 1176 1447 1248 ejus.
1477 1174 1627 1243 Quod
1673 1173 1921 1243 tempus?
1969 1169 2095 1227 Cant

510 1279 675 1324 autem
704 1267 1100 1339 venitplenitudo
1128 1268 1381 1339 temporis,
1413 1268 1545 1321 misit
1561 1265 1699 1321 Deus
1722 1264 1770 1319 F
1770 1266 1913 1320 ilium
1926 1282 2088 1332 suum,

509 1364 700 1430 factum
731 1361 1037 1427 wmuliere,
1069 1364 1259 1431 factum
1297 1358 1385 1414 sub
1429 1358 1579 1431 Lege.
1612 1358 1681 1412 Et
1707 1358 1791 1412 ubi
1814 1357 1975 1413 Sion?
2025 1357 2093 1411 Ut

507 1470 592 1508 eos
620 1454 705 1520 qui
731 1452 820 1507 sub
842 1452 973 1523 Lege
992 1462 1132 1507 erant
1160 1452 1420 1507 redimeret
1444 1450 1725 1525 (Galat.tv,
1742 1453 1795 1517 xl,
1813 1450 1886 1521 5).
1904 1448 2094 1505 Primi«

509 1554 596 1600 tus
622 1561 748 1615 ergo
792 1544 960 1600 ,Ιυάτεί
994 1562 1007 1597 :
1039 1545 1163 1601 inde
1210 1546 1351 1603 enim
1399 1544 1662 1616 Apostoli,
1696 1544 1818 1599 inde
1857 1542 1930 1597 illi
1975 1544 2093 1611 plus

508 1654 665 1708 quam
696 1637 968 1708 quingenti
996 1637 1186 1693 fratres
1215 1637 1257 1709 (l
1286 1637 1402 1692 Cor.
1430 1653 1514 1702 xv,
1551 1636 1630 1706 6),
1662 1635 1784 1690 inde
1824 1635 1912 1690 illa
1942 1634 2093 1689 dein-

507 1744 637 1799 ceps
680 1729 984 1794 multitudo,
1041 1731 1126 1784 cui
1172 1740 1285 1785 erat
1309 1729 1485 1783 anima
1512 1744 1616 1783 una
1639 1738 1690 1783 et
1710 1742 1803 1783 cor
1834 1744 1993 1782 unum
2036 1727 2088 1782 in

506 1820 673 1875 Deum
706 1820 839 1891 (Act.
878 1836 956 1888 tv,
999 1820 1113 1892 '52).
1160 1822 1318 1891 Ergo,
1366 1820 1441 1873 Tu
1473 1836 1743 1889 exsurgens
1783 1819 2091 1875 misereberis

505 1912 654 1980 Sion,
679 1914 915 1983 quoniam
941 1924 1135 1982 tempus
1164 1922 1220 1967 ut
1246 1912 1525 1967 miserearis
1552 1912 1679 1981 ejus,
1699 1911 1933 1979 quoniam
1959 1920 2091 1966 venit

508 2019 723 2081 tempus.
756 2008 907 2078 Quod
936 2006 1182 2077 tempus?
1226 2006 1356 2061 Ecce
1382 2022 1513 2059 nunc
1542 2014 1737 2074 tempus
1766 2005 2085 2076 acceptabile,

505 2119 618 2157 ecce
652 2119 786 2156 nunc
827 2102 932 2156 dies
959 2101 1135 2155 salutis
1168 2097 1234 2173 (ll
1273 2097 1390 2154 Cor.
1420 2114 1492 2163 τι,
1532 2098 1611 2170 2).
1645 2098 1771 2167 Quis
1800 2098 1901 2153 hoc
1927 2098 2088 2153 dicit?

502 2194 696 2250 Servus
720 2195 809 2249 Dei
826 2194 1133 2261 aedificator,
1153 2194 1242 2265 qui
1267 2192 1497 2257 dicebat,
1516 2190 1613 2246 Dei
1634 2192 1907 2259 cedi/icium
1935 2191 2088 2257 estis;

502 2290 588 2359 qni
613 2289 842 2359 dicebat,
874 2289 1017 2344 Sicut
1044 2289 1246 2359 sapiens
1272 2289 1570 2342 architectus
1596 2286 1973 2358 fundamentum
1992 2301 2087 2356 po-

502 2382 618 2443 sui;
645 2390 716 2444 et,
750 2381 1161 2437 Fundamentum
1187 2380 1328 2435 aliud
1357 2397 1500 2435 nemo
1533 2387 1693 2451 potest
1721 2396 1921 2449 ponere,
1956 2392 2089 2446 pra:-

502 2484 727 2543 terquam
770 2473 905 2544 quod
950 2473 1166 2542 positum
1205 2480 1297 2539 est,
1344 2471 1478 2541 quod
1523 2479 1593 2526 est
1645 2469 1873 2527 Christus
1914 2468 2083 2523 Jesus.

504 2565 547 2637 (l
573 2565 687 2621 Cor.
716 2582 793 2633 ιιι,
823 2565 1000 2637 9—H).

572 2660 659 2715 14.
701 2652 850 2732 [vers
882 2657 993 2731 15.]
1027 2660 1164 2730 Ergo
1188 2666 1242 2714 et
1268 2657 1353 2714 hic
1381 2657 1505 2729 quid
1533 2657 1660 2713 dicit
1680 2656 1703 2709 ?
1723 2656 1974 2722 Quoniam
2000 2654 2085 2709 be-

502 2754 808 2823 neplacitum
831 2752 1109 2807 habuerunt
1135 2752 1264 2807 servi
1292 2753 1363 2805 tui
1390 2753 1441 2806 in
1470 2752 1663 2820 lapides
1691 2752 1818 2822 ejus.
1851 2750 1904 2804 ln
1954 2750 2088 2819 lapi-

502 2846 595 2900 des
622 2845 803 2915 Cujus?
828 2846 881 2899 In
900 2845 1101 2915 lapides
1122 2844 1270 2900 Sion.
1300 2844 1405 2899 Sed
1430 2852 1551 2897 sunt
1574 2844 1641 2897 ibi
1666 2852 1715 2897 et
1740 2858 1841 2897 non
1860 2842 2082 2911 lapides.

500 2939 664 3009 Cujus
692 2954 794 2991 non
820 2937 1058 3006 lapides?
1098 2936 1242 3007 Ergo
1270 2935 1394 3006 quid
1435 2934 1714 3006 sequitur?
1763 2934 1829 2987 Et
1867 2933 2085 3005 pulveris

500 3034 609 3103 ejus
653 3028 1033 3084 miserebantur.
1088 3027 1494 3099 Agnoscamus‘
1556 3026 1759 3097 lapides
1809 3026 1862 3079 in
1915 3026 2082 3092 Sion,

498 3136 848 3194 agnoscamus
878 3122 1151 3195 pulverem
1182 3121 1234 3174 in
1259 3118 1407 3175 Sion.
1440 3118 1554 3173 Non
1586 3120 1725 3173 enim
1748 3118 1895 3184 dicit,
1923 3116 2084 3187 Lapi-

498 3216 623 3271 dum
647 3216 762 3286 ejus
785 3213 1217 3279 miserebuntur;
1250 3212 1342 3268 sed
1362 3210 1488 3284 quid
1515 3212 1620 3265 ait?
1654 3210 1905 3279 Quoniam
1933 3211 2083 3265 bene-

498 3309 737 3379 placitum
766 3307 1045 3361 habuerunt
1070 3304 1199 3360 servi
1228 3304 1299 3358 tui
1323 3305 1376 3358 in
1417 3304 1610 3376 lapides
1632 3304 1761 3375 ejus,
1792 3310 1839 3357 et
1866 3302 2084 3373 pulveris

498 3402 608 3471 ejus
632 3400 1016 3454 miserebantur.
1046 3396 1437 3466 Beneplacitum
1465 3395 1764 3450 habuerunt
1802 3396 1852 3450 in
1882 3394 2084 3463 lapides

501 3490 657 3559 ejus;
687 3490 920 3560 pulveris
941 3498 1121 3544 autem
1149 3487 1563 3542 miserebuntur.
1595 3485 1834 3557 Intelligo
1881 3485 2083 3556 lapides

496 3580 645 3643 Sion,
694 3597 878 3637 omnes
906 3581 1200 3652 Prophetas
1231 3599 1243 3634 :
1277 3579 1346 3635 ibi
1372 3580 1647 3650 praemissa
1696 3589 1777 3635 est
1805 3594 1908 3634 vox
1941 3593 2082 3649 pra:—

497 3674 799 3742 dicationis,
836 3674 959 3730 inde
1011 3683 1342 3744 assumptum
1388 3672 1773 3744 Evangelicum
1822 3671 2077 3739 officium,

496 3783 593 3838 per
620 3766 747 3821 illud
796 3765 1121 3837 prmconium
1172 3765 1415 3836 cognitus
1454 3764 1720 3819 Christus.
1752 3764 1896 3834 Ergo
1941 3764 2082 3819 servi

498 3859 570 3915 tui
604 3859 997 3929 beneplacitum
1028 3857 1327 3914 habuerunt
1365 3858 1416 3912 in
1448 3858 1649 3928 lapides
1678 3855 1829 3914 Sion.
1872 3856 1974 3912 Sed
2006 3856 2082 3911 illi

494 3952 954 4022 praevaricatores,
981 3952 1291 4007 recedentes
1316 3966 1346 4006 a
1377 3951 1621 4015 Domino,
1648 3950 1906 4020 malisque
1928 3948 2082 4005 factis

493 4045 604 4099 suis
655 4034 987 4101 ofl‘endemes
1016 4043 1349 4111 Creatorem,
1380 4043 1431 4097 in
1477 4050 1669 4097 terram
1709 4043 1850 4098 unde
1880 4041 2081 4113 sumpti

496 4148 637 4199 sunt.
693 4137 983 4193 redierunt.
1024 4135 1203 4191 Pulvis
1232 4134 1356 4190 facti
1384 4144 1527 4202 sunt,
1554 4135 1700 4205 impii
1743 4135 1867 4190 facti
1914 4142 2078 4190 sunt:
2169 4188 2179 4197 _

493 4228 563 4283 de
622 4228 812 4297 quibus
861 4228 1085 4293 dicitur,
1144 4226 1265 4280 Non
1313 4228 1384 4281 sic
1434 4226 1616 4296 impii,
1675 4244 1773 4281 non
1826 4228 1934 4293 sic;
1992 4226 2082 4282 sed

495 4330 734 4391 tanquam
776 4321 938 4390 pulvis
984 4336 1131 4391 quem
1185 4320 1386 4390 projicit
1445 4328 1622 4373 ventus
1672 4335 1703 4371 α
1752 4319 1883 4387 [acie
1935 4328 2083 4374 terra?

494 4413 664 4487 (Psal.
718 4430 757 4481 ι,
810 4415 888 4485 4).
935 4413 1039 4469 Sed
1079 4422 1357 4482 exspecta,
1404 4412 1659 4475 Domine;
1691 4412 1925 4476 sustine,
1978 4411 2083 4466 Do-

492 4506 670 4570 mine;
710 4506 918 4574 patiens
957 4512 1105 4569 esto,
1148 4503 1368 4559 Domine
1414 4522 1426 4557 :
1472 4518 1576 4557 non
1632 4502 1799 4556 irruat
1855 4511 2076 4570 ventus,

493 4606 549 4653 et
587 4596 791 4653 auferat
834 4595 975 4651 hunc
1022 4596 1293 4666 pulverem
1332 4611 1364 4649 a
1410 4594 1546 4649 facie
1595 4604 1770 4649 terrae.
1815 4592 2076 4661 Veniant,

491 4690 709 4747 veniant
753 4689 895 4745 servi
945 4690 1054 4756 tui,
1102 4697 1396 4760 agnoscant
1441 4689 1494 4743 in
1546 4687 1810 4756 lapidibus
1867 4687 2078 4758 eloquia

490 4791 617 4849 tua,
660 4782 1013 4837 misereantur
1048 4780 1277 4852 pulveris
1304 4781 1451 4844 Sion,
1497 4780 1754 4835 formetur
1797 4781 1956 4836 homo
2012 4781 2080 4837 ad

489 4877 774 4947 imaginem
840 4885 984 4930 tuam
1020 4893 1032 4929 :
1068 4873 1210 4929 dicat
1256 4874 1425 4944 pulvis
1469 4888 1537 4928 ne
1567 4882 1782 4943 pereat,
1826 4871 2079 4929 Memento

487 4968 607 5037 quia
631 4967 796 5036 pulvis
816 4982 990 5020 sumus
1018 4964 1188 5035 (Psal.
1217 4979 1307 5029 cu,
1342 4962 1453 5036 14).
1488 4962 1556 5017 Et
1598 4963 1816 5033 pulveris
1844 4966 1952 5035 ejus
1978 4965 2077 5018 nti-

491 5059 805 5115 serebantur.
837 5058 951 5115 Hoc
996 5058 1062 5113 de
1095 5057 1246 5113 Sion.
1276 5056 1543 5127 Numquid
1572 5071 1677 5112 non
1723 5066 1837 5112 erat
1879 5057 2074 5126 pulvis,

488 5152 579 5222 qui
620 5151 903 5205 Dominum
933 5149 1241 5205 crucifixit?
1270 5148 1420 5216 Quod
1450 5148 1601 5219 pejus
1636 5156 1735 5214 est,
1781 5148 1958 5220 pulvis
2011 5147 2079 5203 de

493 5242 771 5316 parietinis
795 5242 1090 5296 ruinarum.
1124 5241 1309 5297 Pulvis
1347 5250 1465 5297 erat
1508 5256 1767 5312 prorsus:
1810 5249 2077 5297 verumta-

485 5352 610 5392 men
624 5348 731 5389 non
751 5332 944 5388 frustra
969 5334 1035 5388 de
1056 5334 1273 5405 pulvere
1299 5333 1495 5389 dictum
1519 5343 1652 5402 erat,
1678 5333 1853 5401 Pater,
1877 5335 2079 5405 ignosce

483 5429 611 5497 illis,
658 5428 779 5500 quia
822 5428 1048 5483 nesciunt
1090 5428 1212 5499 quid
1237 5427 1429 5497 faciunt
1472 5426 1621 5502 (Luc.
1656 5445 1781 5483 χχιιι
1813 5470 1828 5495 ,
1856 5427 1967 5498 54).
2000 5429 2076 5484 De

483 5520 602 5591 ipso
633 5519 852 5591 pulvere
880 5518 1027 5574 venit
1068 5520 1242 5590 paries
1270 5527 1347 5577 tot
1383 5521 1607 5577 millium
1637 5521 1991 5588 credentium,
2020 5529 2076 5576 et

483 5615 654 5683 pretia
686 5628 865 5670 rerum
911 5627 1126 5670 suarum
1153 5614 1221 5672 ad
1264 5612 1428 5685 pedes
1458 5614 1832 5685 Apostolorum
1865 5629 2072 5685 ponen-

489 5703 640 5760 tium.
675 5706 816 5776 Ergo
841 5705 1046 5762 exstitit
1068 5705 1135 5763 de
1160 5706 1253 5762 illo
1293 5706 1510 5777 pulvere
1551 5707 1851 5761 humanitas
1881 5716 1933 5762 et
1958 5705 2070 5763 for-

484 5842 571 5959 m;
601 5844 683 5892 nic
708 5847 841 5906 Lov.,
870 5843 1170 5909 agnoscimus
1211 5855 1229 5895 :
1267 5841 1674 5897 dissentientilms
1713 5839 1827 5894 ωδ.
1872 5840 1980 5896 aliis
2022 5850 2075 5898 et

1757 392 1816 453 S.
1857 395 2222 454 AUGUSTINI
2263 398 2559 458 EPlSCOl’l

3662 416 3785 476 1303

2204 528 2344 575 mata
2368 532 2421 577 et
2469 521 2724 581 formosa.
2747 525 2877 596 Quis
2908 528 3049 585 enim
3077 530 3145 587 de
3178 531 3442 591 Gentibus
3463 533 3586 591 sic?
3624 534 3785 604 Quam

2203 628 2400 681 paucos
2440 616 2698 673 miramur
2728 619 2831 675 hoc
2876 621 3068 678 fecisse
3120 624 3185 680 ad
3224 626 3442 682 illorum
3475 635 3556 683 tot
3582 628 3787 684 millia?

2200 706 2385 763 Subito
2418 711 2588 780 primo
2618 712 2739 779 tria,
2769 720 2954 785 pestea
2981 718 3216 787 quinque
3265 718 3433 775 millia
3459 734 3477 784 ;
3524 733 3712 776 omnes
3736 720 3785 777 in

2200 803 2401 859 unitate
2446 806 2705 875 viventes,
2749 825 2935 864 omnes
2964 810 3295 868 venditarum
3328 828 3524 869 rerum
3578 828 3784 871 suarum

2198 896 2366 964 pretia
2397 896 2461 951 ad
2493 900 2655 968 pedes
2674 900 3051 972 Apostolorum
3080 913 3359 974 ponentes,
3389 914 3454 960 ut
3500 903 3784 961 distribue-

2197 997 2346 1044 retur
2392 993 2672 1065 unicuique
2724 996 2860 1051 sicut
2902 998 3094 1069 cuique
3131 1013 3264 1069 opus
3300 1008 3443 1065 erat,
3469 998 3661 1070 quibus
3680 1007 3785 1056 erat

2197 1079 2372 1136 anima
2405 1100 2504 1138 una
2528 1094 2580 1139 et
2604 1102 2699 1141 cor
2720 1104 2881 1143 unum
2906 1089 2958 1143 in
2993 1091 3156 1145 Deum
3187 1091 3327 1162 (Act.
3362 1108 3428 1159 ιι,
3460 1092 3553 1159 41,
3578 1102 3623 1146 et
3642 1108 3710 1160 tv,
3733 1094 3781 1159 4,

2196 1172 2285 1238 52,
2309 1174 2449 1248 ete.).
2476 1177 2604 1246 Quis
2627 1179 2727 1236 hoc
2744 1181 2868 1237 fecit
2892 1182 3051 1238 etiam
3073 1182 3141 1238 de
3165 1184 3268 1239 isto
3296 1184 3548 1255 pulvere,
3577 1186 3675 1240 nisi
3703 1186 3783 1256 qui

2196 1273 2250 1319 et
2290 1266 2460 1336 ipsum
2489 1270 2658 1325 Adam
2699 1270 2821 1328 fecit
2854 1289 2921 1329 ex
2950 1274 3208 1345 pulvere?
3245 1275 3360 1332 Hoc
3386 1291 3523 1347 ergo
3553 1276 3620 1333 de
3638 1276 3777 1346 Sion,

2198 1356 2292 1411 sed
2325 1374 2429 1415 non
2460 1369 2664 1416 tantum
2693 1364 2747 1418 in
2772 1362 2926 1421 Sion.

2267 1452 2353 1508 16.
2396 1453 2545 1527 [vers.
2596 1456 2709 1531 16.]
2749 1459 2889 1527 Quid
2933 1460 3094 1531 igitur
3121 1460 3409 1532 sequitur?
3445 1460 3514 1515 Et
3556 1461 3783 1516 timebunt

2196 1545 2375 1602 Gentes
2400 1565 2579 1603 nomen
2608 1559 2767 1619 tuum,
2802 1551 3037 1623 Domine,
3071 1564 3116 1609 et
3137 1571 3309 1609 onmes
3336 1572 3485 1627 reges
3516 1568 3661 1609 terra:
3680 1556 3783 1626 glo-

2193 1641 2323 1695 riam
2352 1651 2508 1697 tuam.
2538 1643 2654 1699 Jam
2684 1647 2933 1716 quoniam
2961 1649 3214 1704 misertus
3245 1664 3303 1703 cs
3331 1649 3489 1711 Sion,
3518 1648 3628 1718 jam
3656 1663 3779 1720 quo-

2195 1734 2336 1788 niam
2363 1735 2503 1790 servi
2528 1736 2600 1791 lui
2623 1736 3007 1808 beneplacitum
3032 1740 3331 1794 habuerunt
3353 1741 3407 1794 in
3429 1740 3630 1811 lapides
3652 1742 3777 1810 ejus,

2191 1828 2565 1898 cognoscendo
2591 1828 2994 1887 fundamentum
3017 1833 3401 1904 Apostolorum
3425 1842 3481 1888 et
3506 1833 3780 1903 Propheta-

2193 1934 2348 1983 rum;
2383 1918 2493 1988 jam
2542 1921 2793 1990 quoniam
2838 1921 3042 1977 miserti
3092 1931 3216 1977 sunt
3260 1923 3510 1995 pulveris
3552 1924 3683 1994 ejus,
3726 1932 3778 1981 ut

2190 2010 2530 2078 formaretur,
2578 2012 2662 2068 vel
2710 2014 2886 2082 potius
2920 2012 3305 2069 reformaretur
3346 2015 3515 2069 homo
3548 2015 3692 2070 vivus
3716 2030 3775 2072 ex

2192 2102 2442 2172 pulvere;
2468 2101 2589 2159 hinc
2618 2104 2925 2173 praedicatio
2955 2106 3127 2161 crevit
3154 2106 3205 2160 in
3233 2105 3501 2162 Gentibus
3526 2124 3539 2161 :
3570 2107 3773 2163 timeant

2191 2209 2385 2249 nomen
2417 2205 2562 2250 tuum
2602 2194 2819 2264 Gentes,
2868 2206 2922 2253 et
2950 2213 3136 2253 omnes
3181 2214 3337 2270 reges
3385 2209 3543 2254 terra:
3568 2199 3772 2270 gloriam

2193 2293 2369 2351 tuam;
2406 2288 2583 2340 veniat
2611 2296 2663 2343 et
2693 2288 2828 2343 alius
2853 2289 3026 2359 paries
3056 2289 3122 2344 de
3148 2288 3438 2355 Gentibus,
3467 2301 3771 2361 agnoscatur

2192 2376 2325 2447 lapis
2353 2378 2622 2448 angularis
2653 2379 2866 2452 (Ep/tes.
2899 2397 2957 2445 ιι,
2987 2380 3103 2452 ΞΟ),
3131 2382 3201 2436 ibi
3227 2381 3476 2437 haereant
3494 2382 3599 2439 duo
3623 2383 3686 2437 de
3702 2383 3772 2437 di-

2191 2485 2347 2525 verso
2371 2470 2667 2539 venientes,
2698 2472 2793 2527 sed
2815 2472 2924 2543 jam
2954 2488 3058 2527 non
3088 2472 3311 2528 adversa
3344 2474 3661 2529 sentientes.

2262 2562 2347 2616 17.
2392 2560 2541 2634 [vers.
2574 2560 2687 2635 17.]
2718 2563 2969 2631 Quoniam
2994 2563 3263 2633 cedi/icabit
3290 2564 3307 2595 ¹
3342 2563 3599 2619 Dominus
3637 2564 3768 2620 Sion.

2191 2654 2304 2709 Hoc
2336 2654 2508 2727 agitur
2533 2670 2693 2710 nunc.
2725 2655 2816 2710 Eia
2845 2656 3045 2726 lapides
3065 2655 3171 2711 vivi
3203 2658 3255 2710 in
3297 2664 3623 2711 structuram
3650 2674 3762 2713 cur-

2189 2747 2311 2810 rite,
2338 2764 2443 2802 non
2469 2749 2519 2802 in
2542 2749 2769 2803 ruinam.
2806 2749 3122 2804 [Edificatnr
3149 2749 3276 2805 Sion
3304 2766 3322 2814 ;
3355 2761 3541 2807 cavete
3566 2750 3762 2821 parieti-

2191 2855 2287 2895 uas
2317 2858 2329 2893 :
2359 2840 2649 2896 aedificatur
2696 2843 2891 2909 turris,
2942 2844 3234 2899 :cdiﬁcalur
3284 2860 3448 2910 arca;
3502 2845 3761 2901 observate

2190 2934 2463 2989 diluvium.
2491 2935 2602 2991 lloc
2627 2937 2801 3006 agitur
2830 2952 2991 3003 nunc,
3024 2936 3277 3005 Quoniam
3297 2938 3569 3008 mdiﬁcabit
3595 2936 3761 2991 Domi-

2190 3043 2284 3080 nus
2308 3026 2454 3080 Sion.
2489 3025 2593 3081 Sed
2616 3026 2875 3082 mdificata
2917 3027 3043 3083 Sion
3069 3070 3084 3095 ,
3108 3028 3233 3099 quid
3266 3029 3393 3084 fiet?
3439 3029 3505 3083 Et
3533 3027 3756 3084 videbitur

2188 3120 2239 3173 in
2264 3120 2424 3188 gloria
2442 3136 2553 3173 sua.
2572 3119 2641 3176 Ut
2664 3119 2947 3175 aedificaret
2968 3120 3119 3188 Sion,
3136 3129 3195 3175 ut
3214 3131 3360 3177 esset
3382 3122 3758 3177 fundamentum

2189 3214 2241 3267 in
2269 3212 2418 3280 Sion,
2454 3213 2597 3267 visus
2626 3221 2709 3269 est
2733 3228 2763 3267 a
2793 3213 2944 3278 Sion,
2976 3215 3069 3270 sed
3092 3230 3198 3270 non
3224 3216 3275 3269 in
3311 3216 3482 3286 gloria
3509 3231 3632 3271 sua:
3673 3214 3751 3268 Vi-

2188 3305 2353 3360 dimus
2400 3321 2530 3370 eum,
2579 3315 2624 3358 et
2676 3322 2777 3360 non
2821 3305 3032 3361 habebat
3078 3308 3294 3377 speciem
3340 3324 3498 3380 neque
3546 3307 3756 3361 decorem

2189 3398 2340 3469 (Isai.
2369 3416 2479 3466 Lm,
2508 3400 2589 3471 2).
2618 3400 2685 3455 At
2708 3416 2837 3455 vero
2862 3415 2982 3455 cum
3012 3401 3214 3456 venerit
3237 3401 3483 3471 judicare
3515 3416 3629 3456 cum
3656 3400 3752 3455 An-

2186 3491 2319 3562 gelis
2344 3492 2475 3558 suis,
2530 3491 2744 3562 quando
2770 3492 3230 3563 congregabuntur
3257 3501 3386 3546 ante
3430 3508 3551 3548 eum
3586 3503 3754 3546 omnes

2187 3591 2394 3654 gentes,
2426 3582 2639 3653 quando
2664 3599 2792 3638 oves
2821 3584 2888 3638 ad
2914 3584 3207 3651 dexteram,
3241 3584 3383 3640 haedi
3412 3584 3480 3640 ad
3508 3584 3753 3639 sinistram

2187 3674 2576 3745 separabantur
2605 3674 2820 3745 (Matth.
2849 3691 2975 3742 xxv,
3004 3677 3216 3745 31-55),
3241 3691 3425 3732 nonne
3465 3687 3588 3731 tunc
3628 3674 3755 3729 vide.

2187 3768 2318 3824 bunt
2342 3768 2393 3822 in
2415 3782 2572 3838 quem
2602 3778 2937 3839 pupugerunt
2960 3767 3141 3837 (Zach.
3173 3785 3266 3831 xu,
3297 3769 3524 3840 10)?‘Et
3548 3765 3754 3843 confun-

2187 3860 2382 3915 dentur
2402 3874 2543 3925 sero,
2574 3860 2661 3930 qui
2690 3861 2855 3930 prima
2882 3861 3192 3929 poenitentia
3215 3870 3267 3915 et
3295 3861 3497 3916 salubri
3522 3855 3752 3915 confundi

2186 3950 2489 4006 noluerunt.
2519 3949 2820 4021 JEdiﬁcabit
2849 3949 3099 4006 Dominus
3139 3950 3287 4018 Sion,
3339 3960 3388 4006 et
3430 3951 3667 4006 videbitur
3705 3949 3750 4002 in

2186 4042 2348 4114 gloria
2364 4060 2457 4097 sua
2474 4058 2493 4097 :
2512 4045 2601 4113 qui
2626 4045 2676 4097 in
2696 4043 2783 4097 illa
2804 4045 2973 4113 primo
2994 4044 3138 4101 visus
3153 4052 3235 4099 est
3256 4045 3307 4099 in
3330 4044 3632 4099 infirmitate
3649 4054 3749 4096 sua.

2260 4134 2349 4190 18.
2392 4131 2541 4206 [vers.
2575 4133 2687 4207 18.]
2722 4135 2956 4206 Respexit
2988 4136 3043 4189 in
3088 4137 3369 4191 orationem
3413 4136 3681 4200 humilium,
3708 4140 3749 4187 et

2198 4241 2300 4279 non
2322 4226 2549 4295 despexit
2593 4242 2788 4297 precem
2811 4242 3001 4281 eorum.
3051 4228 3106 4281 lu
3137 4228 3489 4283 aedificatione
3515 4228 3635 4284 Sion
3664 4226 3750 4279 hoc

2186 4318 2360 4389 agitur
2372 4318 2558 4383 modo;
2578 4318 2901 4375 aedificantes
2921 4320 3047 4376 Sion
3066 4330 3239 4387 orant,
3262 4331 3509 4391 gemunt:
3526 4321 3611 4375 ille
3631 4330 3748 4371 unus

2189 4423 2415 4479 pauper,
2443 4408 2584 4479 quod
2608 4424 2869 4478 pauperes
2899 4410 3084 4474 multi;
3115 4412 3236 4481 quia
3262 4412 3428 4469 millia
3452 4410 3503 4464 in
3535 4418 3607 4463 tot
3630 4422 3745 4479 gen-

2186 4499 2327 4554 tibus
2347 4514 2503 4568 unus,
2522 4501 2642 4571 quia
2665 4501 2841 4556 unitas
2862 4503 3005 4571 pacis
3028 4502 3300 4558 Ecclesiae.
3334 4505 3451 4574 Ipse
3474 4515 3623 4565 unus,
3649 4499 3745 4568 ipso

2186 4592 2338 4647 multi
2370 4610 2383 4646 :
2414 4608 2571 4658 unus,
2601 4600 2821 4663 propter
2844 4594 3157 4649 charitatem
3183 4611 3199 4655 ;
3229 4595 3402 4662 multi,
3446 4603 3651 4665 prepter
3676 4588 3745 4642 la-

2185 4682 2485 4739 titudinem.
2516 4684 2659 4755 Ergo
2684 4701 2825 4740 nunc
2846 4695 3047 4749 oratur,
3072 4700 3213 4742 nunc
3232 4688 3503 4752 curritur;
3530 4695 3677 4747 nunc,
3701 4677 3740 4733 si

2185 4775 2305 4845 quis
2319 4775 2475 4831 aliter
2498 4786 2633 4846 erat,
2667 4786 2721 4833 et
2740 4777 2895 4833 aliter
2931 4792 2989 4834 se
3026 4778 3278 4847 habebat,
3308 4777 3589 4835 manducet
3611 4775 3741 4828 cine-

2184 4882 2299 4922 rem
2325 4867 2461 4925 sicut
2505 4883 2717 4939 panem,
2764 4878 2820 4924 et
2848 4878 3031 4939 potum
3059 4886 3211 4926 suum
3238 4886 3359 4927 cum
3389 4872 3512 4927 fletu
3538 4862 3738 4924 commi-

2185 4968 2353 5015 sceat.
2397 4959 2551 5015 Nunc
2578 4968 2787 5031 tempus
2824 4970 2925 5029 est,
2953 4977 3076 5018 cum
3099 4962 3395 5019 aedificatur
3432 4962 3586 5026 Sion;
3616 4967 3737 5012 nunc

2185 5053 2384 5108 intrant
2404 5052 2608 5124 lapides
2624 5053 2678 5108 in
2697 5063 3019 5110 structuram
3049 5074 3062 5109 :
3093 5054 3332 5126 perfecto
3353 5052 3570 5111 aedilicio
3592 5058 3641 5105 et
3656 5046 3735 5101 de-

2184 5144 2356 5200 dicata
2388 5145 2569 5215 domo,
2612 5145 2737 5217 quid
2767 5146 2962 5212 curris,
3009 5162 3133 5203 sero
3160 5148 3494 5219 quaesiturus,
3533 5138 3732 5197 inaniter

2184 5238 2468 5309 petiturus,
2512 5238 2709 5295 frustra
2746 5240 3069 5311 pulsaturus,
3112 5241 3240 5297 foris
3268 5249 3600 5297 remansuros
3624 5241 3729 5287 cum

2183 5330 2417 5401 quinque
2438 5330 2728 5401 virginibus
2757 5330 2916 5386 fatuis
2949 5329 3161 5402 (Matth.
3190 5347 3313 5399 xxv,
3343 5328 3470 5403 ην
3495 5326 3634 5383 Nunc
3654 5332 3727 5376 er-

2179 5438 2249 5492 go
2274 5438 2428 5478 curre
2459 5422 2735 5495 :Respeaat
2755 5426 2895 5481 enim
2920 5425 2973 5481 in
2988 5426 3263 5487 orationem
3285 5424 3555 5490 humilium,
3581 5428 3624 5472 et
3638 5427 3726 5469 non

2183 5515 2408 5587 despexit
2436 5533 2632 5587 precem
2658 5534 2848 5573 eorum.

2252 5611 2343 5666 19.
2383 5607 2533 5683 [vers.
2566 5610 2654 5677 19,
2680 5608 2797 5683 20.]
2842 5611 3145 5668 Scribuntur
3171 5612 3279 5669 Iuec
3304 5612 3357 5667 in
3390 5600 3722 5684 generationem

2181 5703 2412 5757 alteram.
2445 5702 2670 5772 Quando
2690 5704 3059 5761 scribebantur
3080 5706 3215 5774 haec,
3251 5721 3352 5763 non
3373 5706 3439 5760 ita
3467 5695 3717 5773 proderant

2182 5799 2259 5855 eis
2303 5796 2441 5852 inter
2467 5812 2600 5869 quos
2630 5797 3048 5857 scribebantur:
3087 5801 3445 5860 scribebantur
3489 5790 3616 5850 enim
3656 5778 3713 5841 ad

2252 5913 2268 5945 ³
2303 5920 2407 5964 uss.
2428 5910 2680 5980 plerique,
2704 5909 2978 5979 ludiﬁcem.
