4088 6440
244 545 677 619 prophetandum
701 533 912 606 Novum
939 548 1367 616 Testamentum,
1414 549 1554 606 inter
1597 550 1840 608 homines

242 638 330 709 qui
379 638 643 697 vivebant
682 656 747 697 ex
796 641 991 698 Vetere
1041 641 1406 698 Testamento.
1456 640 1559 698 Sed
1610 652 1665 697 et
1714 642 1842 698 illud

243 731 407 788 Vetus
451 731 860 790 Testamentum
903 735 1045 789 Deus
1090 733 1329 801 dederat,
1374 740 1430 789 et
1468 734 1521 789 in
1572 735 1659 789 illa
1700 744 1840 791 terra

239 825 629 897 promissionis
654 828 904 899 populum
933 841 1089 883 suum
1141 827 1521 884 collocaverat.
1567 827 1673 883 Sed
1709 844 1841 900 quo-

238 919 377 973 niam
402 919 707 974 memoriate
734 928 874 974 tuum
901 920 953 973 in
972 919 1341 991 generationem
1369 929 1416 973 et
1442 920 1835 991 generationem,

235 1024 340 1065 non
368 1009 685 1081 iniquorum
713 1022 817 1079 est,
842 1012 935 1068 sed
962 1012 1224 1083 iustorum
1250 1030 1263 1066 :
1292 1011 1345 1067 in
1377 1028 1475 1067 una
1498 1015 1839 1085 generatione

235 1100 470 1172 pertinet
495 1101 568 1156 ad
600 1102 766 1159 Vetus
787 1104 1186 1160 Testamentum
1212 1121 1227 1170 ;
1260 1104 1313 1159 in
1344 1104 1446 1159 alia
1472 1116 1645 1161 autem
1674 1122 1839 1177 gene-

232 1194 440 1249 ratione
480 1195 726 1265 pertinet
772 1195 838 1250 ad
885 1195 1093 1252 Novum
1117 1196 1542 1253 Testamentum.
1602 1199 1668 1253 Et
1711 1198 1835 1270 quia

198 1270 331 1341 'hoc
378 1285 528 1356 quod
584 1286 959 1359 prophetatum
1006 1297 1117 1358 est,
1172 1288 1381 1345 Novum
1427 1290 1833 1348 Testamentum

231 1380 605 1450 praenuntiat;
633 1380 935 1437 Scribuntur
955 1382 1061 1437 [nec
1100 1384 1152 1437 in
1187 1384 1556 1455 generationem
1580 1386 1790 1439 alteram
1813 1401 1831 1441 :

229 1480 275 1527 et
292 1473 517 1546 populus
556 1474 645 1544 qui
670 1474 941 1543 creabitur,
981 1474 1206 1529 laudabit
1236 1474 1531 1531 Dominum.
1572 1476 1687 1532 Non
1738 1492 1832 1548 po-

228 1566 377 1638 polus
404 1566 499 1637 qui
536 1576 755 1623 creatus
784 1576 885 1630 est.
916 1567 1009 1625 sed
1032 1568 1251 1640 populus
1278 1569 1367 1640 qui
1391 1568 1660 1624 creabitur.
1692 1570 1829 1638 Quid

229 1657 557 1725 evidentius,
582 1658 778 1715 fratres
809 1658 953 1715 mei?
983 1658 1083 1715 Hie
1108 1659 1359 1729 praedicta
1382 1661 1563 1715 estilla
1585 1670 1828 1718 creatura

227 1751 291 1806 de
316 1766 417 1821 qua
455 1749 604 1806 dicit
636 1752 924 1823 Apostolus
952 1770 965 1808 :
996 1752 1059 1808 Si
1082 1769 1184 1823 qua
1208 1754 1366 1825 igitur
1386 1754 1441 1807 in
1477 1752 1675 1809 Christo
1701 1770 1829 1811 nova

228 1848 469 1909 creatura,
502 1851 679 1898 vetera
700 1843 1025 1910 transierunt,
1052 1860 1163 1898 ecce
1187 1847 1324 1915 facta
1341 1854 1459 1899 sunt
1479 1848 1646 1900 omnia
1667 1862 1794 1900 nova
1804 1862 1826 1913 ;

226 1932 384 1986 omnia
399 1942 580 1985 autem
604 1949 669 1988 ea:
690 1931 798 1988 Deo
822 1932 889 2006 (Il
908 1931 1026 1989 Cor.
1050 1951 1103 2002 ν,
1130 1936 1372 2005 l7et18).
1387 1936 1523 2007 Quid
1539 1940 1826 2002 esu-omnia

229 2033 389 2079 autem
442 2041 515 2081 ea:
560 2025 674 2081 Deo
694 2027 722 2081 Ρ
765 2027 831 2082 Et
861 2036 1041 2083 vetera
1070 2036 1125 2083 et
1168 2044 1303 2083 nova
1326 2072 1339 2094 ,
1368 2031 1491 2100 quia
1516 2032 1825 2089 memoriale

228 2123 372 2171 tuum
402 2116 456 2171 in
501 2119 919 2187 generationem
961 2128 1016 2175 et
1041 2121 1438 2191 generationem
1468 2140 1483 2176 :
1516 2122 1583 2176 Et
1608 2125 1824 2195 populus

226 2207 303 2277 qui
340 2208 624 2275 creabitur,
676 2209 906 2264 laudabit
926 2210 1225 2267 Dominum.
1269 2214 1522 2282 Quoniam
1566 2218 1824 2287 prospexit

224 2317 281 2356 et:
313 2301 417 2357 atto
460 2314 647 2358 sancto
679 2320 793 2359 suo.
836 2305 1117 2376 Prospexit
1160 2322 1223 2361 ex
1258 2308 1387 2373 alto,
1431 2317 1489 2364 ut
1528 2309 1731 2364 veniret
1756 2310 1823 2366 ad

227 2391 440 2449 humiles
469 2411 484 2449 :
513 2409 587 2450 ex
623 2395 734 2451 alto
754 2394 924 2451 factus
954 2406 1037 2453 est
1067 2397 1304 2465 humilis,
1337 2408 1396 2454 ut
1426 2399 1654 2456 humiles
1679 2402 1824 2458 exal-

188 2526 191 2529 μ
227 2492 368 2543 taret.

891 2594 1065 2636 SERMO
1102 2598 1159 2636 ιι.

649 2693 731 2748 De
754 2695 976 2749 secunda
1006 2704 1147 2766 parte
1173 2693 1391 2751 Psalmi.

286 2834 334 2887 l.
375 2832 649 2890 Hesterno
680 2834 768 2889 die
809 2835 1105 2891 audivimus
1145 2836 1418 2907 cujusdam
1451 2838 1699 2908 pauperis
1722 2854 1821 2909 ge-

224 2924 395 2980 mitum
440 2925 493 2981 in
552 2927 836 2994 oratione;
884 2943 1111 2999 eumque
1158 2944 1279 2985 esse
1318 2934 1684 2999 engnuvunus,
1730 2931 1818 2998 qui

222 3028 427 3088 propter
446 3033 553 3074 nos
583 3034 789 3089 pauper
817 3019 987 3076 faetus
1003 3030 1101 3085 est,
1125 3036 1246 3075 cum
1273 3020 1425 3076 dives
1443 3031 1585 3077 esset
1608 3021 1672 3093 (ll
1693 3022 1812 3077 Cor.

222 3123 318 3175 vni,
346 3111 427 3179 9),
458 3114 625 3183 eique
651 3113 891 3170 membra
917 3114 1239 3171 cohterentia
1265 3125 1321 3172 et
1347 3132 1441 3186 per
1466 3131 1619 3171 suum
1661 3124 1821 3187 caput

223 3201 481 3274 loquentia
510 3206 550 3258 ¹.
582 3203 826 3260 Vidimus
854 3206 995 3262 enim
1025 3207 1097 3262 ibi
1137 3217 1191 3262 et
1216 3222 1314 3262 nos
1348 3208 1525 3277 ipsos;
1569 3208 1614 3263 si
1643 3216 1818 3264 tamen

225 3308 311 3363 per
347 3295 462 3367 ejus
512 3297 735 3367 gratiam
777 3298 973 3370 aliquid
1023 3308 1079 3355 et
1112 3314 1232 3355 nos.
1276 3299 1448 3356 Finita
1494 3311 1668 3357 autem
1705 3302 1818 3372 jam

226 3397 365 3444 erant
393 3389 569 3445 verba
590 3391 903 3460 gemituum,
948 3401 1003 3449 et
1029 3402 1305 3463 creperant
1350 3395 1815 3461 consolationum;

225 3481 311 3537 sed
335 3496 395 3538 ea
422 3481 578 3538 ﬁniri
618 3483 872 3541 hesterno
907 3484 994 3540 die
1040 3485 1315 3541 tractando
1364 3487 1583 3541 minimc
1632 3495 1820 3559 potue-

222 3584 337 3632 runt
366 3593 379 3630 :
412 3577 470 3632 in
515 3576 582 3631 iis
606 3592 726 3647 qua:
755 3586 978 3646 restant,
1026 3578 1303 3634 audiamus
1348 3580 1507 3636 hodie
1554 3594 1659 3634 non
1704 3580 1817 3649 jam

223 3679 519 3739 gementem
537 3687 846 3742 pauperem,
866 3671 959 3729 sed
974 3672 1317 3744 gaudentem;
1338 3673 1457 3729 ideo
1468 3674 1813 3745 gaudentem,

222 3761 336 3831 quia
354 3772 698 3833 sperantem;
727 3763 849 3820 ideo
878 3776 1207 3835 sperantem,
1236 3766 1359 3836 quia
1378 3780 1483 3821 non
1513 3765 1580 3822 de
1610 3780 1667 3821 se
1689 3780 1821 3836 prae-

222 3865 539 3912 sumentem.
558 3857 938 3912 Praenuntiavit
954 3856 1259 3913 felicitatem
1274 3874 1450 3913 rerum
1466 3858 1818 3913 humanarum

223 3944 272 3999 in
295 3945 523 4018 Scriptis
547 3947 664 4012 Dei,
697 3956 752 4004 et
778 3948 977 4016 adjecit
1000 3965 1014 4003 :
1045 3949 1345 4004 Scribuntur
1371 3949 1479 4004 hcet:
1517 3950 1570 4002 in
1601 3964 1816 4020 genera-

224 4036 403 4092 tionem
418 4040 634 4094 alteram
653 4056 672 4094 :
692 4049 736 4094 et
758 4040 975 4112 populus
995 4042 1080 4111 qui
1094 4041 1367 4107 creabitur,
1387 4040 1612 4094 laudabit
1630 4038 1816 4094 Domi-

224 4145 359 4185 num.
394 4132 648 4201 Quoniam
672 4134 927 4205 prospexit
958 4151 1019 4190 ea:
1044 4134 1147 4188 alto
1167 4144 1341 4188 sancto
1366 4151 1476 4188 suo.
1510 4134 1624 4189 Huc
1651 4149 1818 4205 usque

225 4235 394 4278 sermo
410 4224 698 4280 hesternas
715 4227 998 4293 perductus
1014 4236 1096 4281 est
1119 4243 1133 4293 ;
1163 4227 1337 4282 videte
1358 4243 1476 4298 qua:
1506 4235 1815 4298 sequantur.

289 4313 349 4379 2,
383 4314 542 4390 [vers.
568 4316 780 4391 20.22.]
814 4317 1061 4373 Dominus
1081 4319 1146 4373 de
1169 4319 1292 4373 caelo
1314 4319 1365 4372 in
1393 4328 1576 4373 terram
1607 4334 1817 4389 prospe-

226 4406 314 4473 xit,
341 4419 396 4464 ut
423 4409 629 4464 audiret
666 4412 902 4482 gemitum
942 4412 1358 4482 compeditorum,
1388 4421 1441 4465 ut
1486 4412 1647 4466 solvat
1685 4411 1821 4479 ﬁlios

227 4502 665 4573 morti/icatorum.
718 4504 1022 4564 Invenimus
1071 4505 1125 4559 in
1167 4506 1272 4559 alio
1327 4505 1531 4574 psalmo
1587 4504 1816 4571 dictum,

229 4589 379 4648 Intret
406 4596 465 4649 in
495 4604 817 4666 conspectum
843 4605 982 4650 tuum
997 4596 1210 4668 gemitus
1226 4596 1622 4665 compeditorum
1642 4594 1815 4664 (Psol.

230 4699 443 4757 Lxxvut,
469 4688 598 4758 li);
627 4698 679 4745 et
709 4689 760 4744 in
789 4704 856 4746 eo
877 4689 996 4745 loco
1018 4688 1241 4754 dictum,
1277 4689 1363 4743 ubi
1402 4704 1504 4743 vox
1526 4697 1818 4760 martyrum

232 4777 622 4853 intelligebatur
641 4782 682 4836 ί.
701 4780 857 4839 Unde
880 4791 1145 4854 martyres
1164 4780 1496 4854 compediti?
1516 4780 1703 4837 Nonne
1724 4794 1820 4835 ea-

234 4873 388 4929 tenati
429 4873 773 4946 potiusquam
815 4874 1145 4945 compediti?
1189 4874 1384 4931 Ductos
1415 4875 1558 4930 enim
1605 4880 1820 4929 sanctos

234 4962 320 5019 Dei
346 4974 611 5037 martyres
635 4975 755 5036 post
773 4967 1003 5038 iudices,
1034 4982 1132 5039 per
1160 4967 1459 5038 provincias
1486 4966 1821 5023 circumeun-

237 5061 332 5123 tes,
354 5057 409 5113 in
439 5067 661 5115 catenas
678 5058 699 5092 ³
720 5059 972 5116 novimus
988 5060 1216 5125 missos;
1247 5061 1300 5114 in
1326 5057 1615 5129 compedes
1641 5068 1819 5113 autem

236 5163 341 5208 non
386 5154 657 5210 novimus.
702 5154 1078 5226 Agnoscuntur
1102 5162 1158 5209 et
1198 5152 1486 5226 compedes
1523 5151 1820 5223 disciplinae

239 5241 326 5299 Dei
349 5252 405 5302 et
431 5245 636 5302 timoris
660 5247 797 5316 ejus,
826 5246 893 5303 de
940 5261 1047 5317 quo
1088 5246 1287 5303 dictum
1318 5255 1436 5302 est:
1476 5243 1690 5301 Initium
1732 5261 1819 5300 sa-

238 5336 436 5404 pientia
472 5339 620 5394 timor
665 5339 873 5395 Domini
911 5339 1102 5412 (Eccli.
1131 5354 1173 5407 ι,
1211 5338 1321 5411 16).
1355 5339 1458 5395 Per
1488 5338 1631 5394 hunc
1678 5338 1820 5395 enim

244 5424 481 5487 timorem
512 5444 620 5486 non
649 5429 947 5487 timuerunt
973 5431 1113 5488 servi
1146 5430 1239 5487 Dei
1262 5445 1359 5487 eos
1379 5428 1469 5501 qui
1498 5444 1693 5501 corpus
1718 5444 1816 5487 oc-

299 5582 315 5614 ¹
350 5586 422 5637 Er.
450 5593 569 5636 Ven.
598 5592 650 5637 et
690 5592 803 5637 Iov.
822 5587 893 5637 sic
925 5586 1164 5637 exhibent
1183 5585 1313 5635 hunc
1334 5584 1494 5636 locum
1517 5598 1530 5634 :
1557 5597 1669 5635 cum
1692 5583 1824 5636 diues

240 5651 373 5712 ἔδων
397 5651 447 5712 ﬁ!
467 5644 599 5699 illius
615 5651 895 5712 paupertate
914 5660 1000 5699 nos
1016 5647 1302 5712 ditaremur,
1321 5646 1703 5712 eiquernembra
1733 5660 1822 5712 co-

242 5702 467 5759 namina
507 5716 555 5761 et
605 5702 694 5774 per
714 5702 881 5762 ἐαωπ
925 5715 1067 5775 caput
1123 5702 1364 5774 loquentia
1386 5702 1631 5761 nam.
1684 5707 1823 5761 Vidi-

239 5779 359 5829 mus,
385 5778 476 5821 etc.
540 5778 599 5823 Il.

300 5832 1037 5910 iliﬁsilii-zitwuigam'a.
1085 5894 1116 5910 ,.
1256 5897 1269 5910 .

244 5891 575 6015 "agatque
600 5891 733 5961 uss,
772 5891 860 5964 fier
901 5894 1200 5964 provinciam
1222 5897 1570 5955 circumimus
1606 5896 1658 5953 in
1694 5902 1826 5952 cate-

1410 426 1805 489 ENARRATIO
1843 429 1912 490 ΙΝ
1947 430 2270 495 PSALMUM
2308 437 2394 495 Cl.

3395 451 3534 511 1506

1948 552 2151 623 cidunt,
2180 557 2410 613 animam
2442 564 2617 615 autem
2662 574 2770 618 non
2816 571 3039 635 possunt
3082 564 3365 635 occidere;
3406 573 3531 641 quia

1946 660 2067 701 eum
2097 647 2350 703 timebant
2373 652 2462 723 qui
2496 653 2651 709 habet
2680 664 2997 727 potestatem
3025 668 3078 714 et
3104 674 3298 731 corpus
3332 672 3385 718 et
3413 663 3533 720 ani-

1946 755 2084 794 mam
2113 743 2357 799 occidere
2384 746 2433 799 in
2462 749 2755 817 gehennam
2782 751 2915 822 ignis
2934 751 3143 823 (Matth.
3175 771 3227 821 π,
3258 754 3373 829 28).
3417 757 3530 815 Nisi

1945 835 2086 889 enim
2112 838 2456 906 compedibus
2498 841 2705 899 timoris
2743 844 2900 915 hujus
2941 847 3087 918 ligati
3120 860 3296 905 essent
3327 862 3528 926 marty-

1944 940 2031 982 res
2049 969 2064 993 ,
2095 929 2307 999 quando
2334 930 2419 986 illa
2443 934 2620 988 omnia
2648 934 2783 990 dura
2809 946 2863 992 et
2888 939 3112 995 molesta
3135 942 3465 999 sustinerent
3494 960 3525 1001 a

1943 1024 2371 1090 persecutoribus
2419 1028 2547 1093 suis,
2602 1043 2723 1083 cum
2779 1031 2857 1085 eis
2901 1032 3123 1087 liberum
3171 1034 3326 1091 fuerit
3352 1036 3527 1094 facere

1942 1115 2085 1185 quod
2112 1118 2456 1188 cogebantur,
2487 1132 2539 1177 et
2566 1123 2792 1179 evadere
2821 1125 2960 1195 quod
2990 1127 3365 1197 patiebantur?
3410 1130 3519 1185 Sed

1938 1208 2245 1280 alligaverat
2270 1227 2364 1267 eos
2403 1213 2543 1268 Deus
2573 1215 2686 1269 istis
2716 1217 3084 1285 compedibus,
3128 1218 3273 1273 duris
3302 1219 3516 1290 quidem

1938 1309 1994 1357 et
2023 1304 2263 1359 molestis
2312 1304 2377 1359 ad
2409 1314 2638 1376 tempus,
2686 1307 2781 1363 sed
2831 1308 3121 1363 tolerandis
3148 1319 3366 1380 propter
3397 1326 3522 1381 pro-

1936 1397 2098 1451 missa
2124 1398 2259 1467 ejus.
2284 1399 2367 1453 cui
2386 1399 2576 1453 dicitur
2597 1418 2609 1454 :
2628 1399 2847 1471 Propter
2862 1400 3008 1455 verba
3029 1401 3277 1456 labiorum
3298 1412 3518 1471 tuorum,

1936 1504 2024 1560 ego
2049 1490 2291 1545 custodiri
2319 1491 2422 1543 vias
2443 1489 2596 1546 duras
2621 1490 2792 1560 (Psal.
2817 1508 2924 1559 xvr,
2947 1490 3023 1564 4).
3049 1491 3378 1549 Gentendum
3406 1495 3525 1565 quia

1933 1578 2054 1635 dem
2084 1589 2166 1636 est
2196 1582 2247 1635 in
2280 1580 2361 1635 his
2388 1582 2736 1652 compedibus
2779 1583 2846 1638 ad
2891 1584 3279 1655 impetrandam
3308 1586 3521 1642 miseri-

1933 1672 2168 1729 cordiam
2199 1674 2327 1740 Dei;
2362 1673 2501 1729 unde
2527 1689 2628 1729 vox
2655 1683 2951 1747 martyrum
2977 1684 3059 1731 est
3080 1676 3130 1730 in
3158 1676 3265 1731 alio
3291 1677 3518 1747 psalmo,

1932 1766 2096 1821 Intret
2123 1767 2175 1820 in
2201 1778 2524 1837 conspectum
2544 1777 2686 1822 tuum
2714 1769 2927 1840 gemitus
2950 1771 3342 1841 compeditorum
3366 1787 3383 1825 :
3411 1787 3518 1829 non

1937 1868 2111 1915 tamen
2154 1859 2415 1914 evitanda:
2458 1867 2584 1914 sunt
2613 1860 2747 1915 tales
2775 1861 3081 1931 compedes,
3132 1870 3189 1917 ut
3226 1872 3509 1933 appetatur

1932 1952 2232 2027 perniciosa
2264 1954 2500 2019 libertas,
2524 1962 2577 2009 et
2602 1956 2908 2025 temporalis
2932 1956 3052 2010 vita:
3082 1956 3366 2027 brevisque
3393 1958 3517 2012 dul-

1930 2044 2083 2109 cedo,
2137 2061 2293 2116 quam
2339 2060 2591 2117 sequatur
2628 2047 2928 2102 amaritudo
2965 2059 3240 2119 perpetua.
3289 2049 3520 2107 Proinde

1929 2134 2223 2206 Scriptura,
2272 2152 2336 2191 ne
2389 2153 2698 2193 recusemus
2733 2155 2852 2194 esse
2882 2141 3165 2208 compediti
3216 2140 3516 2210 sapientiae,

1927 2229 2005 2284 sic
2032 2245 2128 2284 nos
2155 2229 2441 2300 alloquitur
2472 2249 2485 2285 :
2529 2249 2548 2284 ι
2584 2232 2741 2298 Audi,
2768 2232 2862 2297 ﬁli,
2905 2243 2957 2288 et
2986 2234 3173 2303 excipe
3198 2236 3518 2291 sententiam

1927 2336 2123 2385 meam,
2148 2330 2199 2375 et
2220 2338 2287 2377 ne
2310 2324 2528 2393 abjicias
2549 2324 2829 2380 consilium
2858 2341 3072 2391 meum;
3100 2338 3153 2383 et
3174 2326 3311 2382 infer
3325 2329 3519 2398 pedem

1930 2424 2075 2470 tuum
2108 2415 2159 2470 in
2208 2417 2494 2487 compedes
2533 2418 2691 2483 illius,
2724 2426 2779 2472 et
2827 2419 2879 2472 in
2911 2428 3150 2489 torquem
3180 2420 3294 2489 ejus
3323 2420 3517 2476 collum

1928 2516 2073 2563 tuum
2101 2508 2335 2577 :subjice
2380 2508 2659 2564 humerum
2692 2521 2838 2564 tuum
2886 2519 2940 2565 et
2971 2518 3123 2579 porta
3150 2510 3320 2577 illam,
3364 2518 3416 2565 et
3447 2524 3518 2566 ne

1927 2600 2106 2655 oderis
2146 2600 2351 2654 vincula
2404 2601 2565 2655 illius.
2614 2601 2668 2655 ln
2713 2600 2859 2656 omni
2897 2602 3072 2656 anima
3105 2610 3191 2656 tua
3222 2602 3418 2658 accede
3447 2601 3517 2658 ad

1926 2692 2092 2760 illam,
2124 2703 2177 2748 et
2202 2694 2255 2748 in
2282 2694 2426 2749 omni
2448 2696 2643 2750 virtute
2672 2704 2760 2750 tua
2790 2711 2943 2750 serva
2970 2696 3083 2750 vias
3105 2696 3223 2767 ejus
3252 2714 3265 2750 :
3300 2693 3516 2751 investi-

1924 2801 1988 2857 ga
2014 2796 2067 2842 et
2089 2803 2289 2855 quaere,
2318 2788 2689 2843 ctiunotescet
2712 2788 2836 2855 tibi;
2860 2798 2914 2842 et
2940 2788 3219 2843 continens
3241 2788 3428 2852 factus,
3448 2802 3519 2844 ne

1924 2879 2262 2951 derelinquas
2285 2898 2423 2937 eam.
2450 2883 2506 2937 ln
2535 2885 2836 2939 novissimis
2849 2885 2990 2939 enim
3017 2883 3254 2938 invenies
3277 2884 3517 2953 requiem

1925 2974 2061 3043 ejus,
2114 2984 2166 3030 et
2212 2985 2555 3031 convertetur
2606 2976 2700 3031 tibi
2747 2976 2799 3031 in
2844 2975 3104 3044 lzetitiam,
3144 2984 3197 3030 et
3239 2984 3394 3030 erunt
3424 2973 3539 3030 tibi~

1925 3068 2213 3137 compedes
2238 3069 2356 3138 ejus
2387 3070 2439 3124 in
2468 3070 2860 3140 protectionem
2902 3068 3254 3134 fortitudinis,
3304 3075 3358 3123 et
3409 3076 3520 3122 tore

1925 3174 2057 3229 ques
2084 3159 2228 3215 illius
2258 3160 2309 3214 in
2338 3162 2529 3215 stolam
2558 3160 2764 3232 gloriae.
2798 3160 2971 3216 Decus
3012 3160 3157 3216 enim
3185 3174 3404 3215 aureum
3435 3164 3519 3213 est

1925 3251 1979 3306 in
2011 3252 2121 3318 illa,
2155 3261 2208 3306 et
2227 3253 2439 3308 vincula
2471 3254 2612 3308 illius
2642 3253 2728 3308 ﬁla
2757 3253 3100 3326 hyacinthina
3135 3270 3147 3307 :
3182 3253 3373 3307 stolam
3402 3252 3517 3322 glo—

1924 3344 2019 3400 ria:
2047 3344 2235 3399 inducs
2264 3361 2400 3409 eam,
2432 3356 2485 3401 et
2514 3361 2769 3401 coronam
2792 3346 3165 3401 exsultationis
3184 3358 3516 3415 superpones

1924 3437 2049 3493 tibi»
2100 3437 2284 3509 (Eccli.
2340 3453 2415 3504 vt,
2446 3437 2664 3509 2i-52).
2711 3438 2958 3493 Clament
2996 3454 3127 3509 ergo
3184 3436 3514 3507 compediti,

1923 3528 2178 3600 quamdiu
2207 3539 2329 3585 sunt
2356 3530 2408 3584 in
2435 3529 2661 3585 vinculis
2681 3529 2976 3599 disciplinae
3008 3530 3127 3593 Dei,
3176 3531 3228 3583 in
3256 3543 3360 3599 qua
3387 3537 3512 3582 sunt

1924 3622 2199 3678 exercitati
2244 3631 2553 3695 martyres:
2586 3623 2862 3679 solventur
2906 3622 3226 3694 compedes,
3275 3630 3331 3677 et
3366 3620 3515 3677 vola-

1923 3716 2077 3783 bunt,
2109 3725 2162 3772 et
2183 3716 2383 3771 eaedem
2414 3717 2542 3786 ipsa:
2574 3716 2625 3770 in
2654 3724 3023 3771 ornamentum
3062 3723 3243 3784 postea
3287 3727 3515 3768 conver-

1925 3815 2123 3863 tentur.
2170 3806 2392 3863 Factttm
2442 3816 2525 3863 est
2567 3807 2669 3863 hoc
2694 3807 2761 3862 de
2803 3806 3151 3878 martyribus.
3200 3805 3336 3872 Quid
3367 3804 3512 3859 enim

1925 3912 2304 3975 persecutores
2345 3900 2639 3957 occidendo
2687 3900 2947 3965 fecerunt,
2995 3900 3097 3954 nisi
3143 3906 3201 3953 ut
3230 3896 3515 3967 compedes

1923 3996 2279 4061 solverentur,
2306 4003 2361 4049 et
2386 3996 2437 4049 in
2459 4009 2682 4050 coronas
2708 4001 3167 4049 converterentur.
3241 3995 3264 4012 ‘

1996 4091 2048 4146 5.
2091 4089 2169 4143 De
2187 4088 2310 4143 ctelo
2336 4103 2463 4159 ergo
2487 4088 2703 4156 respexit
2735 4086 3013 4151 Dominus,
3046 4094 3100 4138 ut
3135 4083 3332 4137 audiret
3356 4082 3515 4155 gemi-

1926 4193 2034 4238 tum
2082 4182 2478 4251 compeditorum
2510 4220 2526 4246 ,
2564 4188 2617 4232 ut
2667 4179 2827 4232 solvat
2883 4178 3016 4246 ﬁlios
3075 4176 3513 4245 mortiﬁcatorum.

1924 4275 2223 4332 Mortiﬁcati
2270 4274 2375 4338 illi;
2411 4272 2502 4327 ﬁlii
2549 4281 2723 4326 autem
2769 4269 3206 4325 mortiﬁcatorum
3235 4268 3364 4338 qui,
3412 4266 3516 4323 nisi

1927 4385 2024 4424 nos
2039 4370 2062 4420 ’ἰ
2092 4366 2368 4435 Quomodo
2396 4375 2574 4420 autem
2604 4364 2860 4419 solvimur
2878 4377 2995 4428 nos,
3025 4362 3123 4416 nisi
3141 4376 3261 4417 cmn
3291 4360 3518 4415 dicimus

1926 4462 1975 4518 ei
2028 4479 2041 4515 :
2086 4460 2364 4533 Disrupisti
2394 4458 2593 4513 vincula
2641 4471 2791 4521 mea;
2832 4456 2920 4511 tibi
2958 4454 3254 4525 sacriﬁcabo
3302 4454 3520 4509 hostium

1927 4556 2091 4610 laudis
2114 4553 2283 4621 (I’sal.
2311 4567 2431 4616 cxv,
2459 4550 2524 4607 16
2546 4560 2592 4604 et
2626 4550 2709 4621 l7)
2733 4549 2757 4602 ἵ
2803 4548 3038 4604 Solvitur
3061 4548 3202 4603 enim
3231 4544 3518 4616 unusquis-

1926 4664 2031 4721 que
2059 4664 2089 4703 a
2116 4647 2342 4702 vinculis
2361 4645 2708 4716 cupiditatum
2736 4643 3016 4709 malarum,
3047 4642 3128 4697 vel
3158 4656 3187 4695 a
3217 4639 3370 4695 nodis
3392 4653 3519 4710 pec-

1925 4751 2165 4798 catorum
2191 4755 2426 4795 suorum.
2462 4737 2727 4793 Remissio
2760 4744 3095 4807 peccatorum
3125 4774 3143 4801 ,
3186 4732 3381 4788 solutio
3409 4739 3515 4787 est.

1926 4835 2064 4904 Quid
2090 4838 2235 4890 enim
2264 4832 2541 4903 prodesset
2564 4831 2789 4896 Lazaro,
2812 4830 2932 4899 quia
2954 4827 3215 4899 processit
3234 4825 3300 4880 de
3328 4839 3518 4878 monu.

1926 4936 2109 4985 mento
2133 4969 2149 4995 ,
2202 4926 2303 4981 nisi
2357 4925 2625 4981 diceretur
2656 4943 2670 4979 :
2706 4923 2898 4979 Solvite
2945 4938 3058 4976 eum
3085 4961 3101 4987 ,
3138 4929 3184 4974 et
3208 4920 3353 4973 sinite
3380 4916 3521 4973 abire

1928 5019 2125 5091 (Joan.
2154 5034 2229 5085 χι,
2257 5018 2322 5073 44
2344 5016 2402 5089 )?
2433 5018 2550 5087 Ipse
2592 5015 2805 5087 quidem
2831 5029 2960 5069 voce
2984 5012 3050 5067 de
3080 5010 3323 5081 sepulcro
3352 5011 3522 5066 susci-

1929 5113 2078 5181 tavit,
2107 5113 2221 5183 ipse
2246 5111 2525 5167 clamando
2550 5110 2780 5165 animam
2826 5106 3075 5173 reddidit,
3109 5106 3221 5176 ipse
3251 5114 3520 5161 terrenam

1926 5208 2122 5264 molem
2141 5208 2349 5277 sepulto
2366 5206 2663 5276 impositam
2682 5203 2894 5268 vicit,et
2908 5200 3169 5273 processit
3183 5200 3272 5255 ille
3288 5200 3519 5255 vinetus:

1926 5316 2034 5358 non
2058 5316 2184 5373 ergo
2212 5299 2436 5370 pedibus
2461 5297 2709 5368 propriis,
2728 5294 2823 5351 sed
2845 5294 3038 5349 virtute
3057 5293 3422 5364 producentis.
3438 5293 3524 5349 Fit

1930 5392 2098 5448 hocin
2111 5392 2270 5447 corde
2288 5388 2590 5461 paenitentis
2616 5405 2630 5441 :
2652 5402 2773 5443 cum
2791 5386 2942 5441 audis
2971 5385 3240 5442 hominem
3262 5386 3523 5457 pmnitere

1929 5493 2269 5557 peccatorum
2283 5496 2523 5548 suorum,
2551 5479 2661 5551 jam
2685 5480 2896 5546 revixit;
2924 5494 3044 5534 cum
3071 5478 3221 5534 audis
3250 5477 3521 5531 hominem

1929 5576 2234 5636 conﬁtendo
2280 5574 2517 5645 proferre
2562 5573 2941 5631 conscientiam
2966 5615 2982 5642 ,
3032 5573 3141 5643 jam
3184 5572 3251 5628 de
3280 5570 3519 5640 sepulcro

1929 5669 2154 5727 eductus
2178 5676 2281 5737 est,
2297 5666 2390 5723 sed
2407 5667 2642 5723 nondum
2659 5667 2864 5724 solutus
2885 5676 2984 5723 est.
3010 5666 3235 5733 Quando
3260 5663 3527 5721 solvitur?

1932 5779 1962 5819 a
1988 5762 2181 5834 quibus
2218 5760 2475 5816 solvitur?
2519 5760 2647 5829 Qua:
2688 5760 2965 5825 solveritis,
3008 5759 3205 5829 inquit,
3258 5758 3311 5811 in
3352 5767 3527 5827 terra,

1933 5864 2079 5911 erunt
2107 5854 2275 5910 soluta
2313 5862 2358 5909 et
2382 5854 2435 5909 in
2465 5853 2588 5909 coelo
2628 5850 2650 5927 (
2678 5850 2867 5907 Matth.
2898 5866 2990 5906 xvr
3010 5893 3025 5920 ,
3059 5850 3185 5923 19).
3214 5849 3401 5907 Merito
3430 5865 3527 5921 per

1935 5950 2226 6013 Ecclesiam
2276 5948 2394 6009 dari
2439 5947 2633 6008 solutio
2662 5955 3006 6020 peccatorum
3036 5954 3216 6021 potest
3244 5965 3257 6005 :
3285 5945 3515 6005 suscitar
