4088 6456
632 393 771 455 130³1

638 521 819 569 autem
848 510 961 582 ipse
1016 514 1257 565 mortuus
1281 496 1491 560 nonnisi
1527 498 1669 558 intus
1692 498 1954 560 clamante
1996 491 2222 550 Domino

642 615 852 682 potest;
910 606 1024 659 haec
1055 601 1197 661 enim
1240 601 1381 655 Deus
1404 595 1631 655 interius
1656 594 1779 666 agit.
1811 592 2103 662 Loquimur
2144 583 2214 682 ad

633 678 794 756 aures
820 708 1057 763 vestras;
1090 694 1231 751 unde
1279 693 1477 748 scimus
1525 687 1652 763 quid
1697 693 1882 759 agatur
1934 682 1989 737 in
2037 678 2214 739 cordi-

633 790 734 847 bus
777 790 1007 845 vestris?
1028 786 1182 857 Quod
1224 794 1401 841 autem
1432 784 1573 838 intus
1611 781 1801 852 agitur,
1829 792 1935 834 non
1958 792 1989 832 a
2020 775 2173 832 nobis
2196 817 2212 843 ,

633 882 729 941 sed
758 882 824 938 ab
852 882 939 936 illo
964 882 1157 953 agitur.

700 973 755 1029 4.
797 970 1051 1043 Respexit
1108 984 1234 1041 ergo
1280 977 1335 1024 ut
1382 967 1542 1022 solvat
1597 963 1730 1035 filios
1777 961 2213 1033 mortificatorum.

631 1065 869 1135 Quorum
900 1061 1335 1119 mortiﬁcatorum
1362 1058 1584 1114 audistis
1603 1100 1616 1123 ,
1652 1071 1785 1128 quos
1816 1053 1952 1109 ﬁlios
1975 1051 2213 1107 audistis.

630 1155 766 1224 Quid
794 1155 936 1211 enim
960 1154 1117 1210 inde?
1138 1153 1204 1209 Ut
1229 1152 1551 1206 annuntietur
1574 1149 1625 1203 in
1650 1148 1775 1203 Sion
1791 1162 1970 1201 nomen
1988 1142 2214 1199 Domini.

634 1251 815 1307 Primo
844 1251 985 1306 enim
1016 1248 1350 1320 premebatur
1381 1243 1617 1301 Ecclesia
1638 1284 1653 1309 ,
1681 1240 1892 1314 quando
1926 1238 2214 1295 mortiﬁca—

634 1344 828 1400 bantur
847 1340 1131 1412 compediti
1160 1358 1173 1393 :
1202 1348 1324 1411 post
1353 1338 1470 1392 illas
1500 1350 1773 1406 pressuras
1798 1332 2138 1388 annuntiatur
2160 1329 2214 1386 in

630 1432 758 1490 Sion
787 1449 977 1489 nomen
1000 1431 1243 1497 Domini,
1288 1444 1407 1485 cum
1456 1443 1641 1499 magna
1690 1426 1969 1491 libertate,
2007 1424 2059 1478 in
2102 1424 2215 1495 ipsa

630 1523 889 1579 Ecclesia.
926 1524 1040 1596 Ipsa
1069 1524 1208 1578 enim
1234 1522 1361 1577 Sion
1394 1539 1406 1574 :
1436 1536 1539 1575 non
1586 1519 1672 1573 ille
1708 1532 1845 1573 unus
1870 1516 2017 1571 locus
2043 1516 2216 1587 primo

630 1616 889 1686 superbus
912 1656 928 1683 ,
962 1625 1141 1687 postea
1185 1614 1510 1685 captivatus;
1552 1610 1645 1667 scd
1687 1610 1813 1665 Sion
1852 1609 2003 1680 cujus
2030 1605 2213 1662 umbra

628 1718 742 1764 erat
773 1708 858 1763 illa
888 1708 1037 1777 Sion,
1057 1723 1175 1779 qua}
1211 1708 1584 1777 interpretatur
1615 1702 1950 1774 Speculatio;
1974 1708 2217 1772 propter-

629 1814 692 1855 ea
740 1798 863 1869 quia
911 1799 964 1854 in
1007 1814 1166 1854 carne
1214 1798 1368 1869 positi
1407 1796 1649 1851 videmus
1684 1796 1737 1849 in
1782 1794 1993 1864 priora,
2025 1800 2213 1847 esten.

634 1892 825 1947 dentes
857 1907 953 1947 nos
994 1907 1099 1947 non
1128 1891 1194 1947 ad
1232 1904 1464 1963 prmsens
1494 1886 1633 1960 quod
1660 1896 1759 1951 est,
1784 1885 1877 1941 sed
1898 1883 1964 1940 ad
1994 1883 2046 1939 id
2072 1881 2213 1954 quod

636 1981 869 2038 futurum
909 1990 1011 2038 est.
1039 1981 1162 2037 ideo
1187 1980 1497 2052 speculatio.
1520 1978 1704 2034 Omnis
1744 1979 1885 2033 enim
1914 1975 2215 2047 speculator

632 2076 785 2146 longe
799 2075 1069 2147 prospicit.
1087 2074 1311 2145 Specula
1327 2073 1533 2140 dicitur,
1558 2072 1648 2128 ubi
1666 2079 1930 2140 ponuntur
1941 2069 2209 2126 custodes:

631 2168 762 2222 ﬁunt
789 2168 903 2222 ista:
930 2166 1158 2239 specula:
1184 2166 1239 2220 in
1267 2164 1495 2229 saxis,in
1526 2162 1815 2229 montibus,
1834 2163 1887 2217 in
1909 2161 2212 2231 arboribus,

632 2258 697 2313 ad
730 2259 830 2314 hoc
858 2268 915 2314 ut
952 2258 1020 2314 de
1043 2259 1159 2313 loco
1201 2257 1550 2313 eminentiore
1580 2256 1734 2327 longe
1777 2254 2038 2311 videatur.
2082 2254 2211 2311 Sion

628 2367 754 2423 ergo
782 2349 1353 2422 speculatio,-Ecclesia
1381 2348 1688 2421 speculatio.
1708 2347 1858 2404 Unde
1884 2346 2214 2418 speculatio?

631 2446 810 2517 Longe
830 2443 1042 2511 videre,
1076 2443 1177 2500 hoc
1200 2453 1283 2501 est
1307 2445 1616 2515 speculatio.
1646 2442 1813 2497 Labor
1834 2451 1902 2498 est
1925 2443 2066 2498 enim
2096 2451 2213 2497 ante

626 2554 730 2603 me,
763 2536 920 2591 donec
950 2537 1193 2591 introeant
1216 2536 1271 2590 in
1305 2534 1649 2589 sanctuarium
1692 2532 1786 2588 Dei
1808 2576 1823 2601 ,
1855 2542 1903 2588 et
1932 2534 2211 2605 intelligant

628 2628 679 2682 in
712 2629 979 2683 novissima
1008 2627 1026 2700 (
1048 2622 1187 2681 Psal.
1210 2642 1373 2692 Lxxn,
1399 2626 1665 2696 16et17).
1691 2624 1872 2691 Qualis
1895 2624 2206 2695 speculatio.

627 2720 924 2790 intelligere
956 2720 1007 2774 in
1040 2719 1322 2774 novissima
1342 2718 1364 2771 ?
1382 2717 1633 2773 Transire
1659 2731 1805 2771 mare
1830 2714 2077 2780 videndo,
2103 2729 2211 2770 non

627 2810 960 2882 navigando,
1010 2818 1064 2865 et
1114 2809 1355 2865 habitare
1402 2809 1454 2864 in
1482 2818 1717 2864 exterma
1749 2808 1765 2839 ί
1796 2806 1958 2861 maris
1997 2806 2016 2879 (
2060 2805 2206 2862 Psal.

626 2920 879 2968 cxxxvm,
912 2902 1020 2975 9);
1050 2902 1103 2959 id
1128 2911 1226 2969 est,
1262 2903 1333 2957 ibi
1356 2917 1551 2973 ponere
1580 2916 1748 2971 Spem,
1774 2901 1825 2955 in
1847 2915 1912 2955 eo
1939 2900 2079 2971 quod
2109 2900 2212 2955 erit

629 2996 777 3051 linito
806 2995 1023 3051 saeculo.
1049 2995 1188 3065 Ergo
1209 2994 1254 3049 si
1276 2993 1510 3049 Ecclesia
1537 2991 1846 3063 speculatio.
1872 2989 1940 3045 ibi
1960 2991 2069 3061 jam
2113 3004 2210 3044 an-

625 3088 896 3143 nuntiatur
922 3102 1117 3144 nomen
1158 3086 1389 3143 Domini.
1431 3085 1545 3141 Non
1574 3085 1743 3140 solum
1770 3099 1967 3140 nomen
1996 3082 2208 3139 Domini

624 3179 677 3234 in
708 3178 807 3235 hac
833 3179 958 3236 Sion
1003 3176 1375 3246 annuntiatur,
1406 3175 1496 3233 sed
1526 3184 1572 3231 et
1597 3176 1706 3231 laus
1736 3176 1845 3249 ejus
1869 3216 1883 3242 ,
1919 3174 2124 3246 inquit,
2155 3175 2209 3229 in

622 3269 923 3326 Jerusalem.

698 3365 751 3419 5.
784 3361 954 3436 [vers.
1000 3365 1090 3421 2'5.
1115 3362 1137 3437 ]
1172 3364 1241 3419 Et
1279 3361 1547 3434 quomodo
1577 3362 1962 3417 annuntiatur?
1990 3360 2058 3416 In
2085 3376 2209 3416 con-

622 3450 862 3510 veniendo
888 3456 1101 3528 populos
1114 3457 1169 3510 in
1187 3471 1363 3523 unum,
1386 3465 1430 3508 et
1450 3471 1625 3526 regna,
1653 3465 1705 3508 ut
1724 3455 1941 3509 serviant
1962 3451 2203 3509 Domino.

624 3544 777 3601 Unde
805 3547 906 3602 hoc
926 3545 1143 3613 factum,
1166 3547 1267 3601 nisi
1291 3547 1545 3616 sanguine
1563 3547 1998 3602 mortilicatorum
2020 3547 2043 3600 2
2064 3545 2205 3601 unde

622 3637 726 3695 hoc
753 3638 978 3707 factum,
1007 3639 1107 3695 nisi
1146 3638 1429 3710 gemitibus
1465 3638 1929 3710 compcditorum?
1960 3639 2207 3695 Exauditi

622 3746 749 3803 ergo
780 3738 905 3786 sunt
931 3731 1019 3802 qui
1041 3737 1193 3786 erant
1214 3730 1263 3785 in
1288 3744 1531 3800 pressura
1554 3738 1606 3785 et
1636 3730 1958 3798 humilitate;
1984 3740 2043 3786 ut
2063 3738 2208 3787 esset

622 3824 818 3880 nostris
845 3823 1175 3896 temporibus
1204 3822 1442 3878 Ecclesia
1470 3824 1521 3877 in
1544 3830 1686 3878 tanta
1712 3824 1901 3895 gloria,
1932 3838 2090 3896 quam
2128 3823 2208 3878 vi-

620 3916 808 3973 demus
828 3958 843 3983 ,
878 3925 938 3973 ut
969 3916 1080 3987 jam
1109 3930 1271 3987 regna
1301 3930 1419 3987 quas
1451 3914 1923 3987 persequebantur,
1947 3915 2059 3985 ipsa
2086 3929 2202 3970 ser-

619 4012 766 4067 viant
782 4012 1028 4067 Domino.

691 4102 743 4158 6.
785 4100 953 4175 [vers.
983 4101 1076 4157 24.
1105 4099 1128 4175 ]
1174 4100 1452 4174 Respondit
1481 4101 1524 4156 ei
1549 4102 1603 4155 in
1628 4100 1707 4155 via
1733 4099 2049 4173 fortitudinis
2073 4115 2201 4156 sum.

619 4194 716 4251 Cui
745 4194 1019 4265 respondit
1044 4236 1057 4258 ,
1088 4194 1188 4249 nisi
1217 4193 1484 4249 Domino?
1528 4193 1654 4261 Quis
1698 4192 2010 4263 respondit,
2043 4207 2204 4263 supra

624 4288 893 4343 videamus
923 4305 936 4340 :
964 4287 1029 4342 Et
1052 4287 1164 4342 laus
1185 4288 1309 4358 ejus,
1335 4285 1523 4357 inquit,
1550 4285 1603 4339 in
1616 4281 1932 4351 Jerusalem;
1952 4285 2005 4339 in
2025 4300 2205 4340 conve-

621 4379 803 4435 niendo
832 4380 1045 4451 populos
1066 4380 1117 4432 in
1146 4395 1320 4445 unum,
1346 4389 1391 4432 et
1420 4395 1595 4449 regna,
1629 4384 1684 4429 ut
1713 4378 1931 4431 serviant
1958 4376 2199 4432 Domino.

619 4469 899 4541 Respondit
924 4471 969 4524 ei
992 4469 1046 4524 in
1067 4470 1148 4524 via
1167 4469 1476 4542 fortitudinis
1504 4484 1628 4523 sum.
1651 4469 1783 4541 Quae
1808 4468 1881 4523 illi
1905 4469 2202 4541 respondit,

621 4570 714 4617 aut
739 4562 857 4632 quis
887 4562 961 4617 illi
991 4560 1293 4631 respondit,
1328 4561 1378 4614 in
1406 4560 1487 4613 via
1515 4558 1837 4615 fortitudinis
1864 4558 2011 4614 suae?
2038 4559 2200 4628 Qum-

618 4669 798 4709 ramus
829 4669 958 4725 ergo
998 4653 1170 4724 primo
1213 4651 1329 4722 quis
1374 4649 1648 4720 respondit
1672 4691 1685 4716 _.
1718 4660 1770 4705 et
1796 4651 1872 4705 sic
1899 4665 2201 4721 quaeremus

612 4760 735 4818 qum
762 4747 829 4801 sit
859 4747 941 4801 via
970 4744 1291 4800 fortitudinis
1316 4744 1448 4813 ejus.
1472 4741 1757 4813 Superiora
1783 4743 1939 4798 verba
1965 4743 2201 4801 indicant

620 4837 958 4909 respondisse
984 4838 1055 4904 ei,
1084 4846 1174 4891 aut
1197 4835 1406 4890 laudem
1438 4834 1572 4906 ejus,
1606 4842 1697 4889 aut
1738 4833 2034 4891 Jerusalem
2068 4855 2079 4890 :
2108 4852 2201 4893 su-

618 4944 711 5002 pra
740 4931 881 4986 enim
906 4930 1132 4997 dixerat,
1165 4930 1229 4984 Et
1250 4930 1362 4983 laus
1383 4929 1492 4997 eius
1512 4929 1564 4981 in
1593 4926 1911 4994 Jerusalem;
1940 4931 1990 4984 in
2020 4946 2201 4987 conve-

620 5023 799 5079 niendo
826 5022 1039 5094 papulas
1067 5023 1119 5075 in
1148 5038 1304 5075 unum
1328 5063 1342 5089 ,
1368 5029 1413 5075 et
1437 5036 1608 5093 regna,
1632 5029 1685 5075 ut
1708 5023 1923 5076 serviant
1953 5022 2196 5080 Domino.

620 5115 898 5185 Respondit
927 5116 1001 5183 ei,
1052 5130 1156 5169 non
1200 5128 1486 5184 possumus
1534 5113 1711 5169 dicere
1742 5155 1755 5179 ,
1788 5114 2001 5184 Regna;
2032 5116 2153 5185 quia
2178 5157 2194 5183 ,

618 5207 1030 5277 Responderunt
1074 5207 1315 5263 dixisset.
1349 5207 1632 5280 Respondit
1673 5208 1750 5273 ei,
1778 5223 1881 5262 non
1914 5223 2197 5279 possumus

615 5299 825 5363 dicere,
871 5298 1093 5368 Populi;
1124 5299 1246 5369 quia
1275 5306 1330 5355 et
1353 5298 1475 5365 hic,
1505 5298 1915 5369 Responderunt
1954 5300 2195 5357 dixisset.

614 5389 749 5459 Quia
791 5403 918 5459 ergo
946 5390 1202 5459 respondit
1230 5390 1278 5444 ei
1296 5430 1310 5456 ,
1342 5390 1660 5461 singularem
1689 5406 1967 5446 numerum
1997 5394 2199 5463 quaeri-

615 5500 735 5539 mus
795 5483 1060 5553 superius,
1088 5491 1141 5538 et
1192 5498 1297 5538 non
1337 5485 1635 5541 invenimus
1660 5528 1673 5553 ,
1716 5486 1815 5541 nisi
1843 5496 1933 5542 aut
1983 5487 2195 5543 laudem

612 5576 748 5645 ejus,
772 5584 861 5630 aut
881 5574 1197 5631 Jerusalem.
1217 5576 1281 5631 Et
1302 5577 1422 5647 quia
1449 5576 1549 5632 hoc
1569 5578 1870 5648 ambiguum
1891 5588 1992 5647 est,
2016 5589 2195 5636 utrum

1865 379 1921 437 S.
1963 369 2328 433 AUGUSTINI
2367 370 2677 436 EPISCOPI

2331 495 2556 544 ctemus.
2585 490 2865 559 Quomodo
2893 503 2941 553 et
2981 498 3258 569 respondit
3279 498 3393 561 laus
3418 505 3568 575 ejus!
3588 508 3781 580 Quando
3805 523 3845 579 ei

2324 581 2519 652 gratias
2545 591 2710 655 agunt
2734 588 2903 642 vocati
2933 588 3001 645 ab
3027 588 3138 646 illo.
3172 589 3266 649 llle
3293 596 3433 652 enim
3460 611 3641 671 vocat,
3670 620 3755 662 nos
3782 626 3844 668 re-

2323 672 2685 743 spondemus;
2714 693 2822 734 non
2848 694 3001 750 voce,
3025 681 3118 738 sed
3142 682 3275 751 ﬁde;
3305 701 3409 743 non
3434 688 3620 762 lingua,
3640 697 3723 752 sed
3744 702 3845 759 vita.

2323 764 2379 821 Si
2407 767 2549 823 enim
2576 777 2730 826 vocat
2762 780 2812 828 te
2839 770 2976 829 Deus
3001 816 3016 842 ,
3044 783 3097 831 ct
3123 777 3362 851 praecipit
3387 789 3443 836 ut
3469 782 3601 840 bene
3624 788 3784 859 vivas,
3810 805 3852 855 et

2324 867 2378 954 tu
2424 861 2564 918 male
2615 864 2751 921 vivis
2781 907 2797 935 ,
2843 869 3108 926 vocationi
3144 872 3259 941 ejus
3296 889 3401 930 non
3440 879 3748 954 respondes,
3776 904 3852 945 nec

2321 952 2439 1012 laus
2465 954 2581 1028 ejus
2602 958 2890 1030 reSpondet
2915 962 2964 1017 ei
2991 960 3059 1018 de
3084 971 3132 1018 te
3153 978 3168 1029 ;
3195 964 3317 1036 quia
3339 966 3417 1023 sic
3436 969 3586 1039 vivis,
3610 982 3660 1027 ut
3678 952 3755 1032 ille
3770 994 3854 1035 non

2322 1044 2588 1117 laudetur,
2617 1048 2712 1105 sed
2758 1051 2933 1124 potius
2982 1052 3380 1127 blaSphemetur
3409 1074 3503 1129 per
3535 1070 3585 1117 te
3612 1080 3624 1117 :
3654 1079 3759 1122 cum
3785 1084 3855 1126 au-

2321 1148 2428 1197 tem
2460 1141 2537 1199 sic
2565 1142 2818 1213 vivimus,
2842 1154 2902 1201 ut
2930 1162 3024 1218 per
3050 1163 3146 1204 nos
3168 1148 3415 1207 laudetur
3436 1152 3593 1224 Deus,
3623 1162 3856 1230 respondit

2319 1231 2369 1286 ei
2391 1232 2505 1288 laus
2531 1233 2666 1305 ejus.
2698 1234 2772 1291 De
2797 1237 2998 1294 vocatis
3018 1246 3072 1295 et
3100 1242 3298 1296 sanctis
3342 1243 3492 1315 ejus,
3523 1249 3772 1320 respondit
3815 1265 3856 1309 et

2319 1322 2633 1416 Jerusalem.
2657 1324 2853 1383 Vocata
2879 1334 2964 1384 est
2989 1329 3129 1387 enim
3159 1340 3213 1388 et
3263 1331 3585 1409 Jerusalem,
3632 1350 3681 1397 et
3718 1344 3855 1416 prima

2318 1415 2613 1474 Jerusalem
2645 1418 3034 1493 noluitaudire,
3053 1434 3107 1481 et
3130 1424 3329 1483 dictum
3362 1438 3444 1485 est
3469 1432 3515 1487 ei
3546 1426 3702 1491 :Eece
3716 1437 3854 1495 diruit.

2320 1520 2450 1567 tetur
2475 1515 2611 1570 vobis
2640 1516 2820 1574 domus
2845 1528 3007 1574 vestra
3036 1520 3250 1577 deserta.
3279 1523 3595 1595 Jerusalem,
3617 1530 3854 1589 Jerusalem

2324 1604 2576 1703 (clamat,
2599 1616 2655 1663 ct
2674 1625 2778 1665 non
2805 1612 3201 1688 respondetur),
3223 1621 3418 1688 quoties
3445 1620 3578 1676 volui
3598 1640 3855 1703 congregare

2319 1697 2454 1768 filios
2476 1708 2586 1754 tuos
2611 1742 2626 1768 ,
2656 1711 2896 1773 tanquam
2929 1707 3123 1776 gallina
3152 1708 3319 1778 pullos
3344 1728 3463 1768 suos
3497 1715 3585 1769 sub
3613 1718 3711 1772 alas
3733 1697 3852 1789 suas,

2319 1801 2366 1846 et
2395 1793 2600 1848 noluisti
2627 1795 2647 1866 (
2679 1795 2865 1853 Matth.
2894 1812 3045 1869 χχιιι,
3075 1801 3162 1870 58,
3196 1803 3300 1875 57)
3330 1804 3343 1859 !
3372 1805 3486 1862 Non
3507 1810 3853 1880 respondetur:

2319 1884 2523 1973 pluitur
2549 1888 2802 1961 desuper,
2832 1902 2886 1948 et
2912 1909 3008 1965 pro
3041 1894 3212 1952 fructu
3242 1898 3414 1969 spinae
3456 1901 3784 1973 proteruntur.
3804 1908 3855 1964 At

2318 1974 2448 2034 vero
2466 1956 2559 2035 illa
2589 1956 2995 2052 Jerusalem-de
3022 2001 3124 2058 qua
3154 1956 3358 2045 dictum
3388 1956 3501 2059 esl,

2316 2071 2447 2141 ritis,
2475 2090 2587 2146 qua:
2613 2092 2713 2130 non
2744 2079 2918 2149 paris;
2943 2096 3149 2151 erumpe
3180 2090 3226 2136 et
3252 2083 3500 2150 exclama,
3527 2102 3634 2156 quae
3658 2104 3747 2142 non
3764 2106 3853 2159 perv

2318 2164 2465 2234 turis,
2490 2168 2729 2238 quoniam
2758 2171 2905 2227 multi
2927 2172 3023 2240 lilii
3048 2171 3277 2243 deserta,
3310 2176 3473 2248 magis
3492 2193 3635 2247 quam
3662 2180 3852 2255 ejusque

2315 2256 2463 2312 habet
2494 2258 2653 2314 virum
2673 2258 2837 2331 (Isai.
2862 2278 2972 2332 LIV,
2995 2263 3022 2319 1
3050 2280 3065 2331 ;
3099 2262 3268 2321 Galat.
3302 2265 3465 2335 M327
3485 2266 3539 2342 ),°
3562 2273 3787 2343 respondit
3802 2271 3849 2328 ei.

2315 2346 2452 2418 Quid
2505 2358 2627 2418 est,
2676 2354 2936 2424 respondit
2967 2355 3057 2410 ei?
3083 2355 3196 2411 Non
3238 2361 3563 2433 contempsit
3601 2371 3849 2419 vocantem.

2315 2439 2453 2509 Quid
2477 2451 2559 2498 est
2579 2485 2593 2510 ,
2640 2445 2900 2514 respondit
2925 2448 2970 2501 ei
2993 2447 3019 2500 ?
3043 2447 3135 2504 llle
3168 2449 3338 2519 pluit,
3372 2451 3456 2506 illa
3482 2452 3692 2508 fructum
3721 2453 3849 2513 dedit.

2387 2533 2440 2587 7.
2465 2532 2744 2603 Respondit
2760 2537 2823 2603 ei,
2843 2536 2935 2593 sed
2956 2538 3070 2593 ubi?
3087 2538 3155 2593 In
3168 2540 3246 2595 via
3262 2543 3572 2613 fortitudinis
3594 2560 3702 2600 suaz.
3719 2543 3848 2601 Num-

2314 2624 2440 2695 quid
2469 2625 2520 2680 in
2536 2626 2633 2681 se?
2651 2626 2783 2682 Nam
2812 2630 2939 2700 quid
2960 2641 3103 2686 esset
3124 2632 3173 2686 in
3205 2648 3283 2701 se,
3304 2643 3400 2689 aut
3421 2651 3575 2707 quam
3590 2652 3751 2694 vocem
3775 2640 3847 2693 ba-

2316 2716 2468 2774 beret
2490 2719 2543 2774 in
2564 2734 2643 2787 se,
2684 2720 2751 2776 de
2779 2736 2857 2787 se,
2891 2723 2991 2779 nisi
3017 2726 3187 2781 solam
3214 2742 3401 2783 vocem
3445 2732 3674 2799 peccati,
3704 2748 3845 2788 vocem

2313 2808 2602 2879 iniquitatis
2627 2813 2873 2870 ‘IEscute
2896 2830 3081 2873 vocem
3104 2817 3289 2888 ipsius,
3316 2822 3444 2892 quid
3485 2824 3679 2881 invenis
3698 2825 3780 2881 nisi
3807 2835 3847 2881 ut

2313 2902 2537 2959 multum
2556 2906 2596 2971 ³,
2612 2904 2722 2977 Ego
2735 2908 2863 2977 dixi,
2882 2908 3113 2980 Domine,
3130 2914 3368 2972 miserere
3387 2918 3484 2972 mei
3499 2936 3518 2984 ;
3531 2935 3650 2974 sana
3667 2920 3845 2974 animant

2313 3011 2504 3064 meam,
2534 3000 2653 3067 quia
2675 3003 2873 3071 peccavi
2892 3003 3163 3076 tibi(Psal.
3181 3023 3271 3073 ιι..
3296 3008 3355 3081 5)
3375 3009 3400 3064 ἲ
3424 3011 3607 3081 Porro,
3633 3013 3674 3069 si
3691 3012 3846 3084 justiﬁ-

2312 3098 2429 3146 cata
2445 3098 2542 3159 est,
2558 3094 2814 3165 respondit
2831 3095 2896 3164 ei,
2916 3112 3020 3153 non
3047 3114 3114 3155 es
3138 3100 3346 3161 meritis
3363 3104 3494 3173 suis,
3514 3105 3603 3161 sed
3621 3121 3678 3161 es
3703 3105 3843 3161 Inani-

2312 3181 2412 3239 bus
2441 3184 2462 3215 ³
2489 3184 2672 3256 ipsius.
2704 3186 2885 3244 Ubi?!
2892 3207 2922 3244 η
2948 3190 3028 3247 via
3052 3192 3366 3262 fortitudinis
3386 3212 3510 3253 sure.
3528 3197 3747 3255 Christus
3767 3207 3843 3264 est,

2312 3273 2428 3345 ipse
2452 3284 2534 3332 est
2571 3294 2584 3331 :
2622 3272 2736 3349 Ego
2763 3296 2898 3349 sum,
2930 3281 3129 3353 inquit,
3156 3286 3257 3354 via,
3285 3289 3500 3357 veritas,
3526 3300 3571 3345 et
3598 3290 3689 3344 vita
3704 3288 3845 3363 (Jour.

2313 3382 2421 3437 xlv,
2454 3367 2548 3440 6).
2578 3367 2686 3425 Sed
2717 3380 2841 3427 ante
2884 3377 3332 3435 resurrectionem
3373 3396 3479 3437 non
3517 3381 3849 3454 agnoscebatur

2311 3474 2344 3515 a
2387 3460 2583 3532 populo
2627 3477 2756 3528 suo;
2784 3471 2838 3519 et
2891 3467 3124 3523 maxime
3176 3471 3468 3530 cruciﬁxus
3494 3488 3561 3530 ex
3591 3472 3848 3531 inﬁmitate

2316 3548 2400 3623 (ll
2420 3547 2539 3606 Cor.
2572 3567 2689 3617 xm,
2716 3552 2788 3625 4)
2821 3555 2975 3612 latuit
2997 3558 3116 3628 quis
3142 3569 3317 3629 esset,
3347 3562 3518 3621 donec
3545 3563 3686 3620 fortis
3706 3579 3848 3620 resur-

2311 3642 2486 3713 gendo
2532 3654 2835 3715 appareret.
2883 3646 2998 3704 Non
3027 3649 3077 3704 ei
3121 3665 3251 3724 ergo
3276 3656 3552 3726 respondit
3575 3655 3847 3713 Ecelesiaiu

2310 3734 2395 3791 via
2425 3734 2752 3793 inﬁrmitatis
2775 3780 2790 3805 ,
2816 3739 2911 3795 sed
2942 3741 2996 3797 in
3021 3742 3102 3798 via
3128 3744 3445 3814 fortitudinis
3472 3766 3607 3817 suae;
3626 3750 3732 3821 quia
3756 3755 3847 3818 pett

2310 3829 2762 3888 resurrectionem
2793 3835 3005 3890 vocavit
3033 3836 3327 3895 Ecclesiam
3360 3840 3427 3898 de
3472 3851 3579 3898 toto
3621 3841 3739 3899 orbe
3761 3849 3846 3896 ter-

2308 3936 2507 3990 rarum,
2534 3923 2645 3994 jam
2669 3939 2775 3980 non
2805 3924 3047 3984 inﬁrmus
3069 3929 3121 3985 in
3147 3944 3330 4001 cruce,
3363 3933 3457 3990 sed
3485 3934 3630 3992 fortis
3656 3936 3702 3990 in
3721 3932 3843 3989 caelo.

2308 4012 2425 4070 Non
2454 4016 2597 4073 enim
2622 4016 2739 4076 laus
2770 4019 2894 4077 ﬁdei
2924 4019 3353 4083 Christianorum
3383 4036 3494 4095 est,
3522 4030 3636 4101 quia
3663 4026 3847 4083 credunt

2307 4116 2577 4165 mortuum
2617 4110 3043 4180 Christum;sed
3097 4117 3219 4187 quia
3269 4119 3496 4177 credunt
3538 4118 3846 4177 resurresisse

2308 4198 2597 4259 Christum.
2626 4201 2760 4259 Nam
2800 4215 3066 4262 mortuum
3094 4218 3148 4263 et
3184 4224 3421 4281 paganus
3449 4212 3647 4278 credit;
3683 4219 3732 4267 et
3768 4210 3844 4263 hoc

2309 4290 2406 4348 tibi
2427 4308 2524 4365 pro
2558 4295 2784 4352 crimine
2812 4297 3017 4368 objicit,
3051 4301 3173 4371 quia
3202 4302 3255 4357 in
3281 4311 3552 4363 mortuum
3596 4298 3841 4359 credidisti.

2309 4384 2439 4455 Quae
2466 4386 2626 4458 igitur
2648 4388 2764 4445 laus
2785 4390 2910 4445 tua?
2934 4391 3169 4449 Credere
3195 4397 3553 4453 resurrexisse
3582 4394 3842 4457 Christum.

2307 4486 2361 4533 et
2389 4494 2607 4549 sperare
2638 4490 2689 4537 te
2716 4490 3140 4539 resurrecturum
3170 4501 3289 4543 esse
3319 4504 3418 4560 per
3446 4488 3731 4545 Christum:
3754 4483 3843 4539 hac

2308 4578 2390 4625 est
2410 4570 2525 4626 laus
2546 4571 2690 4628 ﬁdei.
2722 4572 2783 4629 Si
2809 4576 2942 4629 enim
2975 4577 3249 4635 credideris
3277 4579 3331 4634 in
3357 4580 3510 4644 corde
3535 4590 3614 4635 tuo
3637 4578 3740 4650 quia
3758 4573 3841 4627 Do-

2306 4663 2475 4716 minus
2501 4671 2572 4717 est
2603 4662 2756 4719 Iesus
2778 4706 2796 4734 ,
2835 4674 2881 4720 et
2918 4667 3175 4737 confessus
3206 4670 3362 4740 fueris
3402 4687 3487 4726 ore
3527 4680 3608 4725 tua
3631 4667 3736 4739 quia
3755 4676 3843 4719 eum

2308 4754 2447 4811 Deus
2475 4757 2731 4812 suscitavit
2754 4760 3035 4828 umortuis,
3064 4763 3233 4819 salvus
3264 4764 3380 4819 eris.
3410 4764 3525 4821 Non
3551 4764 3620 4821 ait
3639 4803 3652 4828 ,
3677 4761 3725 4817 Si
3743 4772 3843 4813 cons

2304 4848 2480 4905 lessus
2507 4848 2673 4907 fueris
2705 4852 2826 4922 quia
2872 4852 3011 4909 Deus
3062 4868 3184 4911 eum
3236 4856 3453 4913 tradidit
3499 4851 3839 4913 occidendum;

2306 4941 2401 4997 sed
2424 4983 2441 5009 ,
2486 4942 2606 5013 quia
2634 4959 2749 4997 eum
2794 4943 2932 4999 Deus
2972 4948 3230 5003 suscitavit
3258 4964 3291 5003 a
3316 4949 3525 5005 mortuis
3551 4948 3593 5003 si
3626 4946 3840 5015 confesti!

2305 5034 2484 5105 fueris,
2520 5046 2644 5093 tunc
2665 5038 2834 5093 salvus
2862 5039 2981 5096 eris.
3031 5039 3197 5097 Corde
3236 5042 3366 5098 enim
3393 5042 3607 5098 creditur
3630 5037 3692 5093 ad
3713 5031 3839 5108 justi-

2307 5130 2466 5197 tiam;
2509 5147 2597 5186 ore
2641 5140 2809 5186 autem
2855 5134 3105 5205 confessio
3142 5136 3203 5204 fit
3237 5134 3306 5190 ad
3346 5135 3556 5193 salutem
3584 5133 3603 5205 (
3628 5132 3758 5187 Rom.
3785 5140 3837 5189 ιο

2306 5222 2359 5290 9,
2388 5222 2514 5295 10).
2561 5223 2739 5293 Quare
2789 5234 2965 5282 autem
3019 5226 3287 5283 credimus
3313 5234 3367 5283 et
3421 5216 3837 5286 mortuumiQuia

2305 5317 2525 5374 credere
2555 5333 2676 5375 eum
2718 5321 3081 5378 resurrexisse
3119 5336 3225 5377 non
3264 5334 3577 5393 possumus,
3600 5316 3696 5373 nisi
3720 5310 3838 5383 llrius

2304 5420 2573 5469 mortuum
2619 5412 2784 5471 fuisse
2810 5414 3111 5473 credamus.
3143 5414 3273 5483 Quis
3317 5416 3459 5473 enim
3484 5409 3698 5481 resurgit
3716 5447 3730 5472 ,
3757 5397 3836 5458 niSi

2305 5516 2548 5564 mortuus
2590 5508 2752 5565 fuerit
2779 5510 2802 5564 ?
2828 5510 2946 5581 quis
2994 5510 3413 5582 expergiscitur,
3443 5508 3537 5565 nisi
3568 5504 3701 5578 prius
3736 5496 3833 5552 dor-

2305 5600 2524 5656 mierit?
2549 5599 2655 5658 Sed
2699 5602 2941 5673 numquid
2974 5603 3058 5676 qui
3085 5602 3309 5669 dormit,
3340 5618 3440 5657 non
3473 5597 3661 5671 adjicit!
3693 5600 3740 5644 ⁸⁸
3772 5600 3835 5676 ’τ’

614 5666 730 5723 laus
775 5667 923 5738 ejus,
954 5682 1021 5722 an
1068 5666 1367 5724 Jerusalem
1390 5708 1405 5736 ,
1436 5669 1725 5725 secundum
1763 5678 2046 5743 utrumque
2090 5682 2196 5729 tra-

2312 5704 2479 5767 turgat
2506 5694 2525 5767 (
2554 5693 2699 5750 Psal.
2728 5666 2926 5767 xta-9)?
2950 5666 3073 5753 Haec
3094 5696 3225 5754 ﬁdes
3251 5666 3333 5753 est
3361 5666 3765 5749 Christianorum.
3786 5675 3833 5731 ll

612 5822 862 5936 pélrfgé,
885 5823 937 5877 in
957 5823 1201 5877 extremis.
1230 5832 1283 5877 At
1320 5828 1511 5889 Ms.,in
1531 5833 1750 5881 extrema
1773 5842 1789 5879 :
1814 5838 1865 5880 et
1902 5833 1973 5882 sic
1993 5830 2117 5884 infra
2148 5833 2198 5884 in

2372 5833 2385 5862 ί
2423 5834 2496 5882 Sic
2518 5831 2749 5882 meliores
2770 5839 2877 5894 Mss.
2906 5832 3017 5884 Edd.
3037 5845 3173 5894 vero,
3199 5830 3296 5884 nisi
3308 5826 3570 5884 “anulum.

2373 5898 2393 5927 θ
2428 5901 2586 5956 Forte,
2605 5893 2899 5945 muneribus.
