4088 6444
305 449 428 509 1509

307 571 398 628 bac
422 584 548 642 ergo
574 567 699 635 ﬁde,
727 580 830 639 qua
861 570 1177 636 congregata
1214 568 1298 618 est
1325 559 1561 617 Ecclesia
1586 600 1602 628 ,
1629 561 1775 615 multi
1801 559 1878 614 illi

298 667 386 739 ﬁlii
423 667 650 729 desertae,
674 662 836 732 magis
873 676 1025 731 quam
1068 659 1177 729 ejus
1234 672 1347 727 quin
1391 655 1536 711 habet
1574 658 1768 720 virum;
1799 672 1879 710 re-

296 757 487 826 spondit
515 757 560 809 ei
578 796 593 824 ,
624 754 756 809 dixit
790 753 839 807 ei
869 751 1076 807 laudem
1102 748 1391 805 secundum
1424 748 1541 819 ejus
1573 756 1834 818 praecepta
1862 764 1876 813 ;

290 850 339 904 in
370 850 447 903 via
488 847 801 921 fortitudinis
826 848 935 917 ejus
959 887 974 913 ,
1020 859 1127 900 non
1168 843 1224 899 in
1265 844 1347 899 via
1384 842 1710 897 inﬁrmitatis
1739 841 1874 912 ejus.

357 942 408 999 8.
450 941 733 1011 Quomodo
779 940 829 995 ei
882 937 1255 1009 responderit,
1281 937 1391 1008 jam
1435 950 1596 1007 supra
1625 934 1872 990 audistis:

291 1036 351 1090 In
383 1035 726 1090 conveniendo
757 1032 974 1103 populos
998 1032 1049 1087 in
1072 1046 1229 1085 unum
1258 1072 1273 1097 ,
1302 1038 1348 1085 et
1375 1044 1556 1101 regna,
1583 1035 1638 1082 nt
1661 1027 1879 1082 serviant

292 1129 529 1185 Domino.
563 1128 621 1183 In
652 1128 754 1184 hoc
796 1128 845 1183 ei
884 1141 1013 1196 ergo
1040 1123 1360 1196 respondit,
1410 1124 1465 1178 in
1515 1124 1715 1178 unitate
1748 1122 1877 1192 :qui

286 1231 462 1277 autem
494 1236 600 1277 non
622 1231 707 1279 est
733 1220 785 1275 in
814 1219 1033 1283 unitate,
1066 1233 1172 1272 non
1202 1217 1254 1272 ei
1279 1215 1588 1287 respondet.
1621 1215 1713 1271 Ille
1732 1215 1877 1271 enim

289 1328 422 1368 unus
452 1321 537 1368 est
564 1354 580 1381 ,
610 1312 846 1368 Ecclesia
890 1310 1066 1366 unitas
1098 1327 1113 1365 :
1157 1323 1264 1365 non
1291 1306 1583 1379 respondet
1608 1307 1698 1363 uni
1727 1349 1742 1374 ,
1768 1306 1875 1362 nisi

287 1404 483 1460 unitas.
511 1403 617 1461 Sed
644 1403 880 1460 existunt
899 1402 987 1474 qui
1007 1402 1207 1457 dicant.
1248 1399 1365 1457 Jam
1394 1401 1495 1455 hoc
1519 1398 1719 1454 factum
1750 1406 1832 1455 est
1859 1416 1875 1465 ;

286 1493 565 1567 re5pondit
592 1491 660 1549 'ei
691 1495 741 1551 in
780 1493 1028 1549 omnibus
1054 1492 1305 1563 gentibus
1343 1491 1581 1546 Ecclesia
1608 1533 1622 1554 ,
1664 1490 1878 1561 pariens

288 1586 426 1641 ﬁlios
452 1586 636 1656 plures
661 1600 817 1656 quam
849 1584 940 1640 illa
967 1600 1088 1654 quae
1115 1581 1346 1639 habebat
1374 1584 1548 1637 virum
1579 1623 1593 1649 ,
1620 1581 1879 1653 respondit

285 1676 337 1731 in
373 1676 453 1730 sia
485 1676 797 1747 fortitudinis
818 1676 960 1747 ejus;
981 1674 1210 1731 credidit
1233 1674 1375 1731 enim
1404 1673 1672 1729 Christum
1700 1687 1879 1727 resur-

284 1768 492 1821 rexisse
516 1807 531 1832 ,
563 1766 904 1822 crediderunt
932 1766 987 1825 in
1025 1782 1146 1822 eum
1184 1779 1373 1820 omnes
1395 1772 1582 1835 gentes
1624 1781 1637 1816 :
1670 1762 1763 1819 sed
1788 1760 1877 1817 illa

285 1858 525 1914 Ecclesia
554 1874 675 1929 quae
700 1858 797 1913 fuit
826 1858 1064 1914 omnium
1084 1858 1343 1928 gentium,
1363 1857 1472 1927 jam
1495 1870 1599 1912 non
1622 1864 1736 1922 est;
1757 1870 1880 1927 per-

283 1947 362 2005 iit.
400 1949 513 2004 [loc
567 1949 751 2005 dicunt
777 1953 864 2022 qui
891 1949 944 2005 in
976 1950 1065 2005 illa
1110 1964 1215 2005 non
1244 1958 1390 2007 sunt.
1431 1950 1476 2004 0
1514 1949 1876 2018 impudentem

281 2042 504 2097 vocem!
540 2042 628 2099 Illa
656 2052 766 2100 non
791 2052 892 2110 est,
923 2044 1046 2114 quia
1076 2052 1129 2097 tu
1159 2044 1213 2099 in
1242 2044 1328 2099 illa
1357 2057 1463 2099 non
1494 2044 1618 2099 est?
1646 2043 1781 2099 Vide
1808 2058 1879 2100 ne

280 2146 337 2193 tu
370 2138 493 2194 ideo
520 2153 629 2193 non
660 2138 766 2206 sis;
794 2153 914 2193 nam
941 2136 1029 2193 illa
1066 2137 1188 2203 erit,
1240 2137 1341 2193 etsi
1387 2144 1443 2192 tu
1469 2152 1574 2192 non
1604 2137 1699 2191 sis.
1731 2136 1879 2193 Hanc

280 2244 469 2284 vocem
499 2228 931 2294 abominabilem,
949 2228 1344 2294 detestabilem,
1378 2228 1811 2299 praesumptionis
1825 2239 1880 2284 et

279 2320 531 2380 falsitatis
562 2323 797 2395 plenam,
846 2324 991 2379 nulla
1030 2324 1257 2380 veritate
1278 2322 1548 2380 suﬁ‘ultam
1571 2365 1585 2390 ,
1621 2324 1765 2379 nulla
1795 2338 1881 2380 sa-

279 2415 486 2487 pientia
520 2417 871 2473 illuminatam
893 2458 907 2483 ,
952 2416 1101 2472 nullo
1150 2416 1261 2472 sale
1304 2415 1574 2472 conditam
1598 2458 1613 2481 ,
1638 2431 1827 2471 vanam
1860 2459 1875 2484 ,

279 2510 654 2581 temerariam,
686 2510 1036 2581 praecipitem,
1067 2510 1421 2581 perniciosam
1442 2548 1459 2575 ,
1490 2508 1736 2580 praevidit
1756 2509 1878 2581 Spi-

277 2601 423 2657 ritus
455 2602 555 2657 Dei
586 2644 599 2670 ,
650 2611 703 2658 et
734 2612 983 2675 tanquam
1009 2613 1195 2659 contra
1228 2603 1348 2659 illos
1385 2617 1509 2659 cum
1536 2604 1880 2659 annuutiaret

276 2695 546 2751 unitatem
578 2714 591 2749 :
623 2695 694 2750 In
748 2698 1091 2754 conveniendo
1154 2697 1371 2769 populos
1407 2697 1462 2751 in
1487 2714 1643 2752 unum
1663 2738 1679 2765 ,
1712 2707 1759 2752 et
1797 2713 1879 2753 re-

274 2803 419 2857 gna,
450 2797 506 2841 ut
541 2789 761 2844 serviant
802 2788 1042 2844 Domino.
1089 2789 1330 2861 Cumque
1377 2788 1741 2858 subdidisset,
1776 2790 1879 2845 Re-

276 2880 493 2951 spondit
516 2882 589 2949 ei,
623 2883 805 2954 utique
836 2882 951 2939 laus
976 2883 1125 2954 ejus,
1162 2884 1344 2955 utique
1382 2882 1677 2940 Jerusalem
1706 2894 1879 2942 mater

273 2984 469 3029 nostra
530 2974 597 3031 de
654 2977 1081 3048 peregrinatione
1134 2977 1477 3045 revocanda,
1527 2978 1694 3034 fetosa
1754 2993 1875 3035 cum

275 3066 470 3122 multis
500 3066 660 3134 ﬁliis,
702 3068 872 3139 magis
914 3083 1076 3141 quam
1122 3084 1185 3124 ea
1232 3084 1351 3139 qua:
1382 3068 1615 3124 habebat
1663 3070 1874 3137 virum;

272 3160 541 3230 quoniam
573 3160 789 3231 quidam
833 3161 1025 3217 dicturi
1054 3170 1209 3219 erant
1240 3170 1423 3218 contra
1451 3204 1465 3228 ,
1497 3162 1657 3230 Fuit,
1687 3170 1743 3217 et
1769 3178 1876 3217 non

272 3258 373 3306 est
404 3266 418 3304 :
452 3250 793 3323 Ean'guitatem
814 3294 831 3320 ,
862 3251 1069 3324 inquit,
1106 3254 1307 3308 dierum
1352 3270 1577 3308 meorum
1630 3255 1877 3309 annuntia

274 3342 433 3397 mihi.
462 3343 600 3414 Quid
625 3356 708 3402 est
737 3386 754 3413 ,
784 3345 925 3419 quod
970 3345 1151 3401 nescio
1179 3346 1271 3417 qui
1310 3345 1623 3402 recedentes
1667 3360 1699 3401 a
1748 3360 1835 3403 me
1857 3389 1875 3415 ,

272 3448 620 3495 murmurant
643 3448 829 3495 contra
854 3439 978 3495 me?
998 3438 1123 3511 quid
1144 3448 1246 3507 est,
1260 3439 1401 3509 quod
1422 3439 1611 3509 perditi
1638 3454 1723 3494 me
1748 3454 1867 3509 per-

274 3528 399 3585 isse
422 3530 797 3586 contendunt?
825 3529 982 3587 Certe
1007 3531 1149 3587 enim
1172 3530 1274 3586 hoc
1294 3531 1497 3599 dicunt,
1526 3532 1649 3602 quia
1678 3530 1750 3586 fui
1780 3572 1796 3597 ,
1822 3540 1879 3587 et

275 3636 398 3676 non
424 3636 541 3677 sum
572 3640 585 3675 :
610 3620 872 3676 Annuntia
899 3624 1025 3676 mihi
1059 3624 1384 3694 exiguitatem
1409 3625 1605 3679 dierum
1630 3638 1874 3678 meorum.

275 3714 407 3771 Non
431 3731 462 3770 a
488 3724 538 3771 te
563 3731 747 3787 quaero
776 3716 897 3771 illos
920 3715 1037 3771 dies
1060 3725 1327 3772 aeternos:
1354 3716 1429 3771 illi
1453 3716 1574 3771 sine
1603 3716 1707 3772 ﬁne
1729 3724 1874 3785 sunt,

276 3808 384 3865 ubi
411 3823 536 3877 ero;
563 3824 669 3865 non
698 3809 844 3881 ipsos
869 3821 1052 3878 quaero
1080 3823 1093 3861 :
1126 3807 1448 3880 temporales
1477 3822 1659 3878 quaero
1687 3849 1701 3873 ,
1744 3815 1879 3863 tem-

276 3903 504 3976 porales
554 3902 670 3959 dies
724 3902 858 3959 mihi
912 3900 1164 3957 annuntia
1215 3918 1230 3956 :
1282 3899 1627 3971 Earignitatem
1683 3899 1880 3954 dierum

276 4010 520 4051 meorum
540 4036 554 4061 ,
583 4009 688 4050 non
714 3992 1071 4051 aeternitatem
1101 3991 1309 4049 dierum
1336 4006 1601 4057 meorum,
1630 3991 1880 4047 annuntia

280 4085 444 4141 mihi.
478 4085 735 4155 Quamdiu
772 4101 867 4142 ero
906 4086 958 4143 in
999 4086 1103 4141 isto
1142 4085 1380 4153 sxculo,
1420 4084 1675 4139 annuntia
1723 4083 1875 4139 mihi.

278 4185 512 4252 propter
534 4178 656 4234 illos
676 4178 765 4249 qui
790 4177 997 4244 dicunt,
1019 4176 1162 4244 Fuit,
1188 4183 1243 4232 et
1256 4175 1365 4246 jam
1389 4189 1494 4231 non
1521 4182 1639 4231 est:
1664 4182 1881 4247 propter

282 4269 413 4325 illos
440 4270 526 4342 qui
575 4270 775 4337 dicunt,
804 4268 1041 4340 lmpleta:
1060 4268 1518 4349 suntScripturae,
1540 4267 1883 4323 crediderunt

280 4378 481 4420 omnes
506 4372 693 4435 gentes
717 4406 733 4431 ,
774 4363 869 4420 sed
915 4362 1236 4434 apostatavit
1264 4371 1319 4418 et
1357 4362 1514 4433 periit
1553 4361 1788 4418 Ecclesia
1814 4361 1882 4418 de

283 4454 543 4511 omnibus
571 4455 837 4528 gentibus.
860 4455 1000 4522 Quid
1030 4464 1113 4511 est
1140 4456 1242 4510 hoc
1268 4498 1282 4522 ,
1320 4455 1659 4527 Exiguitatem
1687 4456 1883 4509 dierum

280 4562 519 4605 meorum
542 4548 790 4603 annuntia
818 4549 941 4603 mihi
961 4548 987 4603 .9
1007 4548 1074 4604 Et
1096 4549 1431 4605 annuntiavit
1453 4591 1467 4614 ,
1496 4564 1596 4605 nec
1633 4550 1839 4603 vacavit
1864 4549 1882 4582 ¹

286 4641 396 4697 ista
435 4654 554 4695 vox.
585 4639 715 4709 Quis
742 4639 1075 4696 annuntiavit
1114 4638 1242 4694 mihi
1268 4682 1283 4708 ,
1308 4640 1408 4695 nisi
1438 4639 1553 4710 ipsa
1581 4640 1661 4695 via
1685 4640 1708 4693 ?
1737 4639 1882 4708 Quo-

284 4732 457 4788 modo
494 4732 832 4789 annuntiavit
858 4731 882 4786 ?
912 4731 1046 4787 Ecce
1086 4748 1177 4804 ego
1216 4731 1467 4787 vobiscum
1492 4748 1605 4786 sum
1639 4747 1794 4797 usque
1833 4733 1887 4786 in

284 4827 777 4882 consummationem
800 4824 975 4881 circuli
1000 4823 1223 4897 (Matth.
1256 4838 1443 4891 xxvm,
1473 4824 1543 4879 20
1558 4822 1599 4897 ).

369 4921 424 4977 9.
456 4921 560 4977 Sed
605 4920 693 4977 hic
733 4923 1007 4990 existunt,
1055 4931 1109 4977 et
1145 4919 1329 4976 dicunt
1363 4939 1375 4975 :
1425 4918 1695 4974 Vobiscum
1743 4935 1876 4985 sum,

290 5014 511 5086 inquit,
554 5031 711 5083 usque
752 5015 807 5068 in
848 5012 1332 5069 consummationem
1368 5012 1583 5075 seculi;
1624 5010 1745 5081 quia
1790 5024 1889 5064 nos

287 5106 645 5179 pmvidebat,
690 5106 812 5178 quia
844 5121 969 5178 pars
1003 5106 1197 5165 Donati
1219 5104 1321 5161 erit
1342 5104 1396 5159 in
1428 5114 1589 5160 terra.
1621 5101 1889 5173 Numquid

289 5202 411 5274 ipsa
444 5212 673 5273 estquae
699 5201 868 5269 dixit,
914 5199 1258 5273 Exiguitatem
1296 5200 1493 5255 dierum
1529 5214 1755 5253 meorum
1791 5215 1887 5252 an-

291 5298 476 5351 nuntia
516 5297 641 5352 mihi
657 5314 676 5364 ;
714 5311 779 5354 ac
813 5312 920 5353 non
962 5296 1049 5352 illa
1080 5296 1256 5368 potius
1284 5310 1405 5367 qua:
1430 5295 1676 5367 superius
1700 5296 1888 5366 loque-

292 5389 488 5457 batur,
532 5389 597 5444 In
620 5388 959 5444 conveniando
988 5392 1203 5460 populos
1226 5388 1281 5441 in
1309 5403 1470 5442 unum
1489 5428 1503 5453 ,
1540 5395 1590 5442 at
1616 5402 1771 5457 regna
1792 5427 1806 5452 ,
1839 5396 1892 5440 ut

288 5479 512 5534 serviant
558 5479 821 5535 Domino?
870 5479 1019 5537 Unde
1056 5480 1212 5536 vobis
1242 5481 1263 5513 ³
1291 5493 1387 5535 cor
1426 5478 1609 5534 dolet?
1662 5478 1795 5545 Quia
1839 5488 1893 5534 et

292 5571 654 5641 imperatores
702 5580 890 5627 contra
930 5570 1215 5628 haereticos
1260 5572 1403 5642 leges
1438 5578 1784 5641 proponunt:
1820 5569 1893 5625 ibi

294 5662 574 5734 impletum
601 5675 701 5731 est,
733 5664 807 5719 Et
821 5680 998 5736 regna,
1026 5674 1081 5718 ut
1096 5664 1316 5721 serviant
1337 5663 1574 5718 Domino.
1606 5662 1722 5719 Non
1750 5662 1891 5718 enim

364 5818 381 5886 ξ
415 5817 548 5886 add"
569 5832 724 5886 vacua
744 5818 854 5886 fuit.
875 5826 978 5870 Duo
1000 5828 1127 5881 Mss,
1341 5818 1548 5886 neliqui,
1575 5820 1777 5886 vacavit.

363 5881 383 5911 ’
417 5881 548 5941 Edd.,
572 5880 729 5945 nobis.
746 5880 921 5931 'Melius
936 5887 1065 5942 Uss,
1090 5880 1214 5945 vobis
1245 5895 1262 5933 :
1286 5880 1479 5934 scilicet
1488 5883 1763 5945 Donatistis,
1784 5894 1896 5933 oon-

296 5946 374 5992 tra
396 5957 516 6001 quos
541 5945 685 6007 leges
706 5944 831 5995 data:
858 5953 972 5995 sunt
992 5956 1072 5994 an.
1098 5944 1207 5996 ωδ.

1441 439 1843 499 ENARRATIO
1878 438 1947 499 IN
1984 439 2315 501 PSALMUM
2350 439 2440 501 Cl.

3438 444 3581 506 1510

1993 578 2091 619 vos
2120 562 2212 619 ﬁlii
2236 562 2367 619 estis
2407 559 2619 618 illorum
2665 557 3105 618 mortiﬁcatorum
3129 602 3145 629 ,
3198 574 3427 634 quorum
3466 578 3578 621 vox

1988 656 2411 725 compeditorum
2454 654 2701 711 exaudita
2751 661 2833 711 est
2871 670 2901 709 a
2941 655 3187 712 Domino.
3242 656 3434 712 Absit:
3466 672 3574 713 non

1990 748 2090 803 hoc
2134 747 2371 803 indicant
2412 748 2546 802 facta
2585 757 2760 803 vestra
2786 791 2801 815 ,
2830 762 2937 803 non
2975 747 3079 803 hoc
3104 746 3303 804 indicat
3328 748 3579 819 superbia

1988 850 2184 909 vestra,
2213 856 2317 897 non
2344 840 2443 897 hoc
2463 841 2659 897 indicat
2681 842 2885 897 vanitas
2912 850 3086 899 vestra
3118 859 3130 897 :
3160 856 3265 897 non
3292 842 3497 911 sapitis,
3524 851 3580 899 et

1986 933 2116 990 foris
2142 935 2299 999 estis;
2346 934 2422 990 sal
2456 934 2767 990 inl’atuatum
2800 935 2928 990 estis
2952 976 2967 1003 ,
3012 934 3133 995 ideo
3160 943 3214 990 et
3250 935 3318 990 ab
3344 934 3580 989 homini-

1984 1025 2085 1083 bus
2133 1027 2518 1083 conculcamini
2559 1026 2772 1099 (Matth.
2803 1043 2855 1093 v,
2891 1022 3001 1099 15).
3032 1025 3363 1099 Auditequid
3389 1025 3528 1081 dicat
3559 1041 3575 1083 :

1986 1135 2105 1190 qua:
2151 1119 2430 1180 Ecclesia?
2478 1120 2607 1190 Quae
2656 1120 3001 1192 congregavit
3044 1118 3261 1193 populos
3295 1120 3349 1174 in
3392 1136 3571 1174 unum.

1984 1212 2113 1280 Quae
2140 1212 2417 1269 Ecclesia?
2466 1213 2596 1283 Qua:
2635 1214 2981 1286 congregavit
3021 1231 3212 1286 regna,
3263 1222 3315 1267 ut
3358 1214 3576 1268 serviant

1989 1300 2228 1358 Domino.
2283 1303 2421 1359 Mota
2450 1302 2672 1360 vocibus
2717 1306 2909 1361 vestris
2945 1313 2999 1361 et
3050 1304 3196 1360 falsis
3237 1304 3575 1375 opinionibus

1984 1395 2211 1462 vestris,
2252 1395 2444 1465 quaerit
2469 1411 2498 1450 a
2528 1395 2639 1451 Deo
2667 1405 2723 1450 ut
2748 1396 3089 1467 exiguitatem
3119 1396 3325 1451 dierum
3354 1411 3575 1451 suorum

1984 1489 2262 1543 attnuntiet
2304 1489 2405 1544 sibi
2431 1533 2444 1557 ,
2493 1501 2545 1545 et
2593 1491 2801 1548 invenit
2834 1492 3115 1546 Dominum
3165 1491 3363 1546 dixisse
3394 1510 3406 1545 :
3443 1491 3576 1547 Ecce

1984 1599 2075 1653 ego
2098 1581 2350 1637 vobiscum
2370 1599 2483 1637 sum
2502 1599 2660 1655 usque
2677 1584 2728 1638 in
2751 1584 3232 1639 consummationem
3251 1584 3445 1639 steculi.
3475 1583 3574 1641 Hic

1984 1691 2079 1730 vos
2114 1673 2289 1730 dicitis
2316 1693 2327 1728 :
2359 1675 2430 1731 De
2476 1664 2630 1731 nobis
2655 1676 2826 1743 dixit;
2867 1692 2964 1732 nos
2994 1691 3177 1732 sumus
3199 1718 3212 1741 ,
3243 1693 3342 1732 nos
3369 1678 3572 1732 erimus

1986 1782 2152 1839 usque
2183 1769 2235 1823 in
2271 1770 2785 1825 consummationem
2814 1769 3016 1825 saeculi.
3071 1768 3432 1840 lntcrrogetur
3459 1769 3574 1839 ipse

1985 1859 2250 1928 Christus,
2282 1861 2366 1917 cui
2392 1862 2590 1916 dictum
2619 1872 2718 1927 est,
2750 1880 2769 1913 ι
2809 1861 3168 1933 Exiguitatem
3192 1862 3398 1915 dierum
3425 1875 3571 1915 meo-

1986 1967 2102 2007 rum
2136 1954 2389 2008 annuntia
2417 1953 2568 2008 mihi.
2602 1953 2670 2009 Et
2696 1952 3090 2025 prmdicabitur,
3131 1972 3149 2006 ι
3185 1953 3374 2025 inquit,
3413 1971 3432 2003 ι
3472 1953 3575 2008 hoc

1985 2044 2332 2115 Evangelium
2360 2046 2413 2101 in
2445 2047 2695 2102 universo
2719 2047 2883 2116 orbe,
2920 2047 2971 2101 in
3007 2048 3366 2102 testimonium
3400 2046 3574 2103 omni-

1985 2137 2084 2192 bus
2108 2139 2389 2207 gentibus;
2436 2149 2491 2196 et
2533 2148 2662 2195 tunc
2704 2140 2880 2197 veniet
2913 2141 3032 2197 ﬁnis
3071 2162 3089 2193 ι
3124 2139 3233 2213 (Id.
3269 2157 3429 2206 xxiv,
3460 2139 3570 2212 Η).

1984 2227 2122 2296 Quid
2149 2238 2230 2283 est
2259 2228 2401 2300 quod
2427 2228 2644 2287 dicebas
2681 2249 2694 2286 :
2724 2232 2836 2287 Hoc
2862 2242 3007 2287 certe
3038 2230 3134 2286 fuit
3160 2244 3213 2287 et
3243 2231 3433 2303 periit?
3464 2232 3571 2287 Do-

1986 2321 2190 2375 minum
2218 2321 2340 2376 audi
2370 2324 2774 2379 annuntiantem
2802 2324 3149 2393 exiguitatem
3183 2322 3386 2378 dierum
3419 2337 3571 2377 meo-

1985 2427 2123 2467 rum.
2156 2412 2528 2469 Prwdicabitnr
2548 2457 2562 2480 ,
2595 2414 2793 2485 inquit,
2827 2414 2921 2469 hoc
2948 2410 3301 2486 Evangelium.
3333 2412 3473 2468 Ubi?
3502 2410 3575 2469 In

1985 2513 2087 2560 toto
2112 2506 2231 2562 orbe
2256 2517 2526 2563 terrarum.
2571 2507 2811 2575 Quibus?
2857 2504 2925 2560 In
2964 2507 3300 2561 testimonium
3336 2505 3567 2559 omnibus

1982 2599 2228 2669 gentibus.
2258 2599 2394 2668 Quid
2424 2599 2647 2670 postea?
2681 2597 2749 2653 Et
2784 2608 2900 2653 tunc
2923 2599 3080 2653 veniet
3109 2598 3248 2670 finis.
3279 2598 3391 2653 Non
3416 2598 3567 2654 vides

1983 2687 2157 2745 adhuc
2183 2706 2303 2746 esse
2324 2700 2510 2763 gentes
2542 2692 2593 2746 in
2626 2690 2817 2762 quibus
2849 2690 3083 2747 nondum
3114 2698 3196 2745 est
3222 2690 3570 2761 praedicatum

1984 2781 2373 2852 Evangelium?
2402 2780 2535 2837 Cum
2562 2797 2690 2853 ergo
2716 2797 2938 2838 necesse
2965 2782 3033 2836 sit
3066 2781 3271 2852 impleri
3294 2781 3437 2853 quod
3468 2782 3574 2836 Do-

1982 2874 2159 2929 minus
2185 2873 2340 2939 dixit,
2374 2875 2717 2945 exiguitatem
2747 2873 2953 2929 dierum
2978 2888 3223 2929 meorum
3249 2873 3571 2928 annuntians

1983 2968 2259 3035 Ecclesire,
2290 2977 2347 3025 ut
2377 2969 2701 3042 prmdicetur
2728 2968 2829 3025 hoc
2852 2969 3205 3042 Evangelium
3238 2968 3289 3025 in
3320 2969 3572 3026 omnibus

1980 3060 2249 3130 gentibus,
2277 3068 2333 3115 et
2361 3070 2486 3116 tunc
2508 3061 2688 3115 veniat
2711 3060 2861 3124 ﬁnis;
2893 3060 3018 3133 quid
3047 3070 3128 3116 est
3148 3060 3287 3133 quod
3314 3060 3445 3115 dicis
3456 3061 3570 3133 jam

1982 3151 2188 3223 perisse
2226 3151 2522 3207 Ecclesium
2546 3151 2615 3208 de
2652 3151 2901 3208 omnibus
2929 3152 3175 3223 gentibus
3200 3194 3214 3218 ,
3258 3152 3470 3225 quando
3500 3152 3569 3208 ad

1983 3242 2085 3299 hoc
2118 3242 2440 3313 praedicatur
2467 3244 2813 3315 Evangelium
2837 3287 2851 3311 ,
2881 3253 2939 3300 ut
2963 3246 3133 3316 possit
3162 3260 3279 3301 esse
3312 3245 3362 3299 in
3395 3244 3571 3302 omni-

1982 3333 2081 3389 bus
2104 3333 2390 3405 gentibus?
2418 3334 2559 3407 Ergo
2586 3351 2755 3407 usque
2780 3336 2831 3391 in
2858 3333 3019 3393 ﬁnem
3042 3335 3223 3394 surculi
3248 3334 3487 3393 Ecclesia
3514 3337 3568 3393 in

1980 3425 2230 3481 omnibus
2259 3426 2504 3497 gentibus
2528 3443 2542 3493 ;
2577 3436 2631 3483 et
2657 3427 2771 3498 ipsa
2798 3437 2881 3483 est
2900 3428 3161 3499 exiguitas
3189 3429 3414 3496 dierum,
3441 3429 3567 3501 quia

1980 3518 2229 3589 exiguum
2266 3526 2348 3573 est
2374 3532 2535 3575 omne
2570 3517 2712 3590 quod
2740 3519 2948 3584 ﬁnitur;
2997 3530 3053 3574 ut
3078 3518 3187 3591 jam
3215 3518 3268 3576 in
3298 3519 3569 3576 reternita-

1980 3616 2090 3663 tem
2116 3608 2184 3663 ab
2210 3608 2308 3663 ista
2335 3608 2623 3681 exiguitate
2653 3618 2978 3667 transeatur.
3035 3611 3265 3668 Pereant
3306 3612 3565 3679 lizcrctic‘,

1982 3708 2202 3773 pereant
2230 3699 2372 3772 quod
2412 3711 2571 3773 sunt,
2617 3712 2671 3758 et
2700 3704 3040 3758 inveniantur
3070 3712 3126 3760 ut
3156 3704 3264 3757 sint
3288 3702 3427 3772 quod
3461 3718 3568 3758 non

1981 3802 2125 3849 sunt.
2159 3794 2434 3866 Exiguitas
2462 3794 2670 3849 dierum
2702 3811 2869 3867 usque
2914 3796 2963 3849 in
3007 3794 3165 3850 ﬁnem
3205 3795 3386 3850 szeculi
3431 3796 3566 3851 crit:

1982 3884 2243 3955 exiguitas
2269 3884 2388 3940 ideo
2408 3927 2422 3953 ,
2454 3886 2577 3955 quia
2609 3895 2777 3941 totum
2809 3886 2909 3941 hoc
2942 3895 3182 3957 tempus,
3217 3901 3321 3940 non
3355 3885 3474 3939 dico
3502 3886 3570 3941 ab

1983 3975 2245 4032 hodierno
2271 3977 2357 4032 die
2397 3992 2567 4048 usque
2609 3977 2664 4031 in
2701 3976 2859 4033 ﬁnem
2906 3976 3083 4031 saeculi
3118 4018 3130 4043 ,
3180 3975 3274 4033 sed
3305 3976 3372 4031 ab
3396 3976 3568 4031 Adam

1984 4083 2153 4139 usque
2190 4068 2246 4124 in
2289 4068 2450 4124 ﬁnem
2480 4068 2663 4124 smculi
2690 4112 2705 4135 ,
2750 4070 2943 4142 exigua
2968 4077 3117 4141 gutta
3147 4078 3230 4125 est
3258 4077 3571 4143 comparata

1984 4161 2286 4217 aeternitati.

2060 4255 2148 4311 10.
2177 4254 2328 4329 [vers.
2356 4252 2474 4329 25.]
2500 4253 2615 4311 Non
2638 4269 2765 4327 ergo
2792 4254 3134 4313 blandiantur
3158 4256 3259 4314 sibi
3280 4267 3467 4314 contra
3489 4272 3577 4319 mo

1988 4346 2249 4414 haeretici,
2278 4347 2399 4418 quia
2418 4346 2550 4416 dixi,
2574 4344 2916 4421 Eaiguitatem
2942 4349 3137 4403 dierum
3155 4368 3401 4420 meorum,
3425 4352 3577 4421 quasi

1989 4456 2096 4497 non
2129 4455 2532 4511 permansuram
2560 4457 2728 4513 usque
2754 4442 2809 4497 in
2836 4442 2994 4499 ﬁnem
3024 4445 3225 4499 saeculi.
3259 4444 3394 4511 Quid
3428 4444 3573 4500 enim

1989 4532 2232 4589 addidit?
2263 4531 2347 4588 Ne
2382 4550 2579 4589 revoces
2616 4551 2696 4589 me
2728 4536 2781 4589 in
2819 4536 3087 4591 dimidium
3116 4536 3311 4591 dierum
3334 4553 3576 4592 meorum.

1989 4626 2129 4694 Noli,
2162 4626 2430 4698 quomodo
2452 4626 2691 4684 haeretici
2723 4630 3029 4701 loquuntur,
3058 4630 3137 4686 sic
3165 4646 3373 4687 mecum
3398 4645 3576 4702 agere.

1994 4717 2171 4790 Usque
2205 4719 2257 4773 in
2286 4718 2444 4773 ﬁnem
2477 4718 2659 4775 saeculi
2698 4736 2785 4776 me
2813 4720 3046 4791 perduc,
3080 4738 3185 4777 non
3219 4723 3270 4776 in
3302 4721 3577 4777 dimidium

1992 4812 2199 4868 dierum
2248 4826 2524 4879 meorum;
2575 4824 2630 4868 et
2673 4815 2869 4884 perﬁce
2912 4814 3041 4869 milu
3082 4814 3199 4870 dies
3241 4814 3490 4884 exiguos,
3522 4822 3580 4868 ut

1993 4904 2161 4960 dones
2188 4904 2317 4959 mihi
2350 4915 2534 4974 postea
2562 4905 2675 4963 dies
2714 4915 2968 4963 aeternos.
3012 4906 3189 4975 Quare
3218 4919 3346 4975 ergo
3370 4904 3438 4960 de
3464 4905 3580 4959 exi-

1993 4997 2193 5067 guitate
2238 4996 2443 5052 dierum
2487 4999 2796 5069 requisisti?
2839 4999 3058 5067 Quare?
3107 4999 3197 5053 Vis
3242 4998 3469 5052 audire?
3514 4997 3582 5073 In

1995 5089 2312 5160 generatione
2342 5090 2722 5162 generationum
2741 5091 2863 5144 anni
2890 5090 2981 5144 tui.
3016 5089 3141 5145 Ideo
3170 5104 3269 5161 ego
3299 5089 3366 5145 de
3395 5089 3583 5146 diebus

1996 5181 2199 5253 exiguis
2224 5182 2471 5253 quaesivi,
2503 5183 2625 5254 quia
2654 5184 2778 5238 licet
2812 5197 2977 5254 usque
3006 5181 3059 5237 in
3090 5182 3248 5238 ﬁnem
3277 5185 3457 5239 sa‘culi
3485 5184 3585 5239 du-

1998 5284 2119 5330 rent
2167 5291 2377 5331 mecum
2416 5277 2503 5331 isti
2532 5274 2683 5339 dies,
2734 5275 2909 5346 exigui
2940 5283 3065 5330 sunt
3095 5276 3150 5330 in
3187 5277 3587 5348 comparatione

1997 5368 2207 5424 dierum
2239 5379 2449 5425 tuorum
2477 5387 2489 5423 :
2521 5368 2655 5423 Anni
2675 5367 2817 5424 enim
2848 5368 2919 5421 tui
2944 5368 2997 5422 in
3028 5369 3350 5439 generatione
3373 5386 3586 5441 genera-

1999 5465 2211 5520 tionum.
2242 5464 2418 5531 Quare
2439 5478 2543 5518 non
2561 5463 2653 5528 ait,
2677 5462 2911 5519 Annitui
2943 5462 2997 5518 in
3018 5464 3211 5520 saecula
3238 5463 3585 5526 saeculorum;

2000 5559 2079 5614 sic
2114 5558 2255 5613 enim
2290 5558 2457 5629 magis
2487 5557 2624 5612 solet
2653 5557 2922 5613 aeternitas
2969 5556 3257 5628 signiﬁcari
3302 5556 3352 5610 in
3393 5553 3591 5610 sanctis

2001 5648 2290 5720 Scripturis
2320 5667 2333 5703 :
2363 5649 2457 5705 sed
2484 5649 2584 5713 ait,
2613 5648 2683 5704 In
2715 5650 3034 5721 generatione
3062 5648 3439 5721 generationum
3469 5646 3588 5704 anni

2003 5746 2118 5800 tui?
2156 5744 2253 5801 sed
2285 5746 2374 5815 qui
2405 5745 2527 5799 anni
2569 5744 2687 5799 tui?
2730 5743 2863 5813 Qui,
2905 5744 3007 5799 nisi
3034 5743 3125 5813 qui
3152 5757 3255 5797 non
3288 5740 3508 5796 veniunt
3536 5749 3589 5796 et

2004 5841 2317 5897 transeunt?
2343 5842 2455 5911 qui,
2481 5841 2583 5897 nisi
2602 5841 2690 5909 qui
2712 5854 2818 5894 non
2840 5839 2962 5894 ideo
2981 5838 3222 5904 veniunt,
3242 5842 3299 5891 ut
3325 5850 3429 5890 nou
3449 5835 3591 5891 sint?

2005 5932 2192 5989 Omnis
2218 5934 2362 5989 enim
2390 5934 2507 5989 dies
2539 5934 2591 5988 in
2624 5933 2727 5987 hoc
2753 5942 2995 6003 tempore
3024 5930 3145 5988 ideo
3184 5929 3333 5988 venit
3357 5970 3373 5996 ,
3402 5936 3461 5984 ut
3486 5944 3591 5986 non
