4088 6510
528 504 533 511 η
559 458 694 519 ιειι

559 576 661 642 sit;
691 567 867 630 omnis
892 566 1020 624 hora
1044 604 1062 634 ,
1089 559 1264 619 omnis
1282 556 1484 615 mensis
1504 595 1520 625 ,
1551 553 1726 612 omnis
1750 566 1922 608 annus
1957 569 1971 606 :
2002 549 2137 606 nihil

560 668 752 725 horum
782 670 924 727 stat;
971 664 1252 727 antequam
1278 651 1452 708 veniat
1479 691 1494 717 ,
1526 649 1629 705 erit
1658 648 1711 714 ¹;
1756 661 1877 702 eum
1902 643 2130 712 venerit,

561 774 670 817 non
708 756 827 813 erit.
878 751 960 807 llli
990 763 1117 820 ergo
1147 748 1271 803 anni
1298 744 1372 801 tui
1399 741 1618 810 aeterni,
1663 739 1788 796 anni
1817 740 1892 795 tui
1920 739 2009 809 qui
2034 751 2139 793 non

563 854 852 913 mutantur,
884 843 936 898 in
956 840 1278 913 generatione
1292 835 1673 910 generationum
1696 841 1871 889 erunt.
1893 830 1990 887 Est
2009 844 2147 901 quas-

564 941 687 998 dam
725 936 1001 1011 generatio
1039 931 1475 1007 generationum;
1507 929 1559 985 in
1587 928 1674 984 illa
1706 934 1862 984 erunt
1889 924 2015 981 anni
2048 924 2142 979 tui.

563 1035 693 1104 Quae
719 1040 803 1089 est
843 1029 981 1087 ista?
1028 1027 1125 1084 Est
1149 1025 1422 1098 quaedam,
1452 1030 1507 1079 et
1534 1021 1578 1077 si
1606 1020 1745 1077 bene
1778 1030 2146 1090 agnoscamus,

564 1129 616 1184 in
646 1127 737 1184 illa
765 1125 985 1192 erimus,
1013 1130 1068 1180 et
1091 1122 1218 1177 anni
1252 1120 1347 1177 Dei
1378 1120 1431 1175 in
1462 1115 1618 1173 nobis
1650 1122 1830 1172 erunt.
1869 1109 2149 1179 Quomodo

564 1221 617 1277 in
655 1219 810 1276 nobis
850 1215 1050 1274 erunt?
1096 1211 1374 1283 Quomodo
1415 1210 1528 1281 ipse
1558 1209 1700 1264 Deus
1730 1208 1783 1261 in
1822 1203 1976 1260 nobis
2004 1202 2145 1257 erit:

571 1312 712 1369 unde
735 1311 934 1368 dictum
961 1317 1063 1378 est,
1093 1306 1161 1363 Ut
1182 1308 1245 1363 sit
1272 1304 1411 1360 Deus
1432 1304 1601 1360 omnia
1625 1302 1678 1357 in
1703 1298 1932 1355 omnibus
1962 1296 2005 1367 (Ι
2028 1292 2146 1352 Cor.

568 1424 658 1476 xv,
685 1407 798 1477 ‘28).
830 1404 945 1461 Non
973 1402 1117 1459 enim
1143 1400 1286 1457 aliud
1310 1398 1433 1455 anni
1462 1397 1577 1465 Dei,
1607 1404 1662 1452 et
1688 1393 1832 1450 aliud
1863 1393 1977 1465 ipse
2013 1410 2025 1446 :
2055 1389 2150 1446 sed

569 1500 692 1556 anni
724 1499 837 1564 Dei,
865 1497 1135 1553 aeternitas
1159 1494 1255 1551 Dei
1287 1502 1405 1551 est:
1436 1491 1729 1557 aeternitas,
1762 1489 1873 1561 ipsa
1900 1486 1995 1541 Dei
2020 1483 2149 1541 sub-

570 1591 764 1649 stantia
788 1598 900 1657 est,
951 1605 1067 1662 qua:
1108 1587 1243 1643 nihil
1280 1587 1439 1643 habet
1480 1583 1769 1649 mutabile;
1816 1580 1889 1636 ibi
1916 1578 2045 1634 nihil
2070 1586 2153 1634 est

571 1683 895 1756 praeteritum
920 1724 935 1750 ,
982 1681 1132 1752 quasi
1158 1680 1268 1751 jam
1298 1694 1404 1733 non
1446 1678 1549 1744 sit;
1602 1674 1734 1730 nihil
1775 1681 1857 1729 est
1895 1672 2150 1737 futurum,

570 1777 722 1849 quasi
750 1774 983 1831 nondum
1010 1774 1099 1828 sit.
1144 1772 1261 1829 Non
1292 1780 1374 1827 est
1403 1770 1473 1825 ibi
1502 1769 1601 1824 nisi
1627 1809 1642 1835 ,
1672 1767 1797 1833 Est;
1826 1780 1931 1821 non
1957 1772 2039 1821 est
2059 1763 2151 1828 ibi,

570 1868 695 1925 Fuit
718 1879 772 1925 et
801 1868 933 1934 erit;
958 1867 1080 1939 quia
1111 1872 1165 1922 et
1198 1865 1340 1938 quod
1362 1864 1478 1930 fuit,
1507 1863 1617 1932 jam
1653 1875 1760 1916 non
1791 1867 1905 1924 est;
1929 1866 1984 1913 et
2012 1854 2155 1927 quod

574 1960 699 2027 erit,
733 1958 971 2015 nondum
998 1967 1079 2013 est
1113 1976 1125 2011 :
1155 1955 1250 2012 sed
1276 1952 1535 2026 quidquid
1558 1952 1629 2008 ibi
1655 1959 1737 2007 est
1763 1993 1778 2017 ,
1806 1948 2023 2006 nonnisi
2052 1955 2153 2003 est.

577 2050 766 2107 Merito
797 2050 875 2104 sic
911 2048 1054 2104 misit
1080 2048 1221 2103 Deus
1252 2045 1508 2101 famulum
1532 2058 1687 2101 suum
1715 2040 1959 2114 Moysen.
1992 2039 2155 2107 Qua:-

577 2143 701 2201 sivit
724 2143 865 2199 enim
894 2155 1091 2197 nomen
1119 2138 1385 2195 mittentis
1412 2151 1505 2203 se;
1544 2134 1823 2207 quaesivit,
1853 2140 1906 2189 ct
1930 2130 2154 2194 audivit,

576 2251 679 2293 nec
704 2234 977 2292 desertum
1016 2241 1099 2289 est
1142 2229 1472 2288 desiderium
1499 2224 1952 2297 concupiscentia:
1978 2222 2156 2279 bonae.

578 2325 834 2395 Quaesivit
852 2334 1066 2392 autem,
1106 2337 1210 2378 non
1249 2320 1399 2394 quasi
1439 2320 1748 2376 curiositate
1774 2313 2156 2389 praesumendi,

581 2417 675 2473 sed
702 2417 1021 2473 necessitate
1047 2412 1409 2470 ministrandi.
1446 2411 1602 2478 Quid,
1633 2410 1822 2481 inquit,
1853 2408 2018 2461 dicam
2040 2406 2161 2476 ﬁliis

582 2508 776 2575 Israel,
804 2509 849 2564 si
885 2507 1102 2561 dixerint
1131 2506 1254 2559 milii
1277 2520 1296 2558 :
1326 2502 1453 2571 Quis
1482 2512 1528 2557 te
1556 2502 1689 2556 misit
1724 2500 1790 2554 ad
1816 2515 1905 2554 nos
1924 2498 1950 2552 1’
1978 2498 2045 2552 Et
2072 2496 2165 2552 ille

582 2598 819 2655 indicans
839 2613 898 2654 se
924 2605 1182 2653 creaturae
1216 2594 1526 2651 Creatorem
1547 2634 1562 2658 ,
1602 2592 1770 2647 Deum
1800 2589 2026 2655 homini,
2056 2590 2160 2642 im-

581 2692 858 2747 mortalem
885 2689 1127 2757 mortali,
1161 2698 1421 2744 :eternum
1449 2685 1730 2757 temporali
1758 2702 1771 2738 :
1802 2684 1914 2756 Ego
1935 2724 1949 2748 ,
1974 2683 2163 2753 inquit,

581 2800 694 2838 sum
732 2783 816 2853 qui
853 2798 982 2837 sum.
1034 2780 1115 2835 Tu
1158 2779 1386 2844 diceres,
1439 2778 1548 2848 Ego
1592 2793 1731 2832 sum.
1780 2776 1948 2845 Quis?
1977 2774 2165 2842 Gaius;

586 2873 721 2929 alius
745 2915 761 2941 ,
792 2873 1019 2939 Lucius;
1051 2872 1185 2927 alius
1205 2913 1221 2938 ,
1262 2872 1489 2927 Marcus.
1540 2870 1767 2925 Aliudne
1796 2868 2004 2926 diceres
2023 2908 2038 2935 ,
2064 2866 2168 2923 nisi

586 2981 779 3023 nomen
820 2974 968 3022 tuum
1013 2965 1264 3022 diceres?
1322 2963 1437 3018 lloc
1483 2962 1893 3033 exspectabatur
1928 2960 1996 3016 de
2036 2961 2167 3015 Deo.

587 3060 703 3116 lloc
739 3060 883 3115 enim
910 3066 1023 3113 erat
1051 3056 1354 3129 quaesitum.
1403 3054 1541 3122 Quid
1576 3054 1830 3109 vocaris?
1876 3055 1921 3108 A
1952 3067 2058 3123 quo
2086 3066 2171 3107 me

587 3152 807 3208 missum
861 3164 981 3206 esse
1029 3146 1368 3220 respondebo
1418 3145 1821 3219 quaerentibus?
1875 3144 1987 3216 Ego
2037 3161 2170 3199 sum.

586 3243 757 3314 Quis?
790 3243 890 3312 Qui
910 3260 1041 3299 sum.
1077 3242 1190 3298 Hoc
1217 3250 1513 3299 estnomen
1538 3239 1727 3296 tuum?
1766 3238 1869 3296 hoc
1896 3247 1978 3295 est
2004 3246 2173 3293 totum

587 3335 728 3408 quod
754 3335 997 3391 vocaris?
1022 3334 1177 3390 Esset
1198 3333 1291 3390 tibi
1320 3347 1515 3389 nomen
1540 3331 1713 3404 ipsum
1740 3345 1881 3397 esse,
1907 3329 2011 3385 nisi
2029 3327 2176 3399 quid-

588 3427 715 3498 quid
736 3435 817 3483 est
845 3426 1008 3495 aliud,
1037 3424 1132 3481 tibi
1160 3433 1546 3496 comparatum,
1576 3423 1902 3480 inveniretur
1927 3436 2033 3477 non
2056 3434 2176 3477 esse

590 3519 758 3576 vere?
787 3519 899 3575 Hoc
927 3528 1010 3576 est
1037 3533 1233 3574 nomen
1262 3528 1411 3575 tuum
1442 3536 1455 3573 :
1488 3519 1730 3588 exprime
1756 3520 1858 3573 hoc
1886 3516 2028 3572 idem
2055 3528 2175 3571 me-

594 3610 714 3667 lius.
769 3608 910 3666 Vade
929 3652 945 3676 ,
983 3609 1185 3681 inquit,
1214 3619 1259 3665 et
1279 3609 1360 3663 dic
1386 3608 1506 3678 ﬁliis
1532 3606 1697 3664 Israel
1721 3622 1742 3663 :
1774 3606 1874 3674 Qui
1903 3614 2013 3673 est,
2042 3604 2179 3659 misit

592 3720 671 3758 me
697 3702 765 3756 ad
792 3718 896 3757 vos.
930 3699 1041 3773 Ego
1067 3718 1179 3756 sum
1199 3701 1284 3772 qui
1304 3716 1417 3754 sum
1444 3716 1462 3754 :
1491 3701 1576 3770 qui
1601 3708 1704 3766 est,
1732 3699 1865 3753 misit
1886 3714 1964 3752 me
1981 3696 2050 3751 ad
2070 3712 2172 3753 vos.

594 3792 841 3866 Magnum
868 3806 993 3848 ecce
1019 3790 1149 3861 Est,
1194 3806 1442 3862 magnum
1471 3789 1601 3847 Est!
1628 3789 1708 3845 Ad
1735 3789 1838 3845 hoc
1865 3790 2023 3845 homo
2051 3788 2180 3859 quid

593 3884 721 3942 est?
746 3883 827 3941 Ad
856 3884 984 3941 illud
1009 3892 1116 3939 tam
1144 3899 1396 3955 magnum
1417 3881 1530 3951 Est,
1556 3882 1719 3939 homo
1747 3882 1873 3954 quid
1898 3891 2001 3949 est,
2026 3881 2182 3953 quid-

596 3977 721 4051 quid
747 3977 867 4035 est?
896 3976 1025 4047 Quis
1047 3975 1412 4048 apprehendat
1439 3974 1565 4031 illud
1591 3976 1751 4031 esse?
1780 3976 1896 4046 quis
1922 3975 2039 4045 ejus
2059 3990 2178 4045 par-

602 4070 771 4141 ticeps
808 4068 935 4124 fiat?
976 4069 1095 4140 quis
1122 4068 1379 4124 anhelet?
1423 4067 1541 4138 quis
1581 4065 1819 4138 aspiret?
1857 4067 1977 4138 quis
2017 4066 2091 4122 ibi
2123 4080 2184 4123 se

598 4178 721 4220 esse
746 4176 903 4233 posse
944 4161 1267 4232 praesumat?
1312 4159 1431 4215 Noli
1460 4159 1779 4230 desperare,
1812 4158 2042 4214 humana
2072 4158 2183 4214 fra-

600 4256 797 4327 gilitas.
831 4253 939 4326 Ego
956 4272 1087 4321 sum,
1111 4254 1299 4324 inquit,
1327 4252 1465 4308 Deus
1490 4252 1769 4321 Abraham,
1785 4262 1834 4308 et
1858 4251 1995 4306 Deus
2012 4251 2182 4321 Isaac,

602 4354 650 4403 et
676 4344 816 4400 Deus
857 4343 1016 4399 Iacob
1044 4343 1235 4417 (Exod.
1278 4360 1371 4411 tu,
1403 4344 1613 4415 15-15).
1672 4342 1882 4399 Audisti
1921 4342 2048 4414 quid
2086 4343 2187 4398 sim

605 4438 746 4510 apud
776 4453 896 4503 me,
940 4436 1143 4493 audiet
1178 4436 1304 4509 quid
1345 4436 1447 4492 sim
1489 4443 1709 4507 propter
1743 4444 1819 4491 te.
1875 4435 2001 4491 llaec
2030 4436 2190 4506 igitur

605 4531 879 4587 aeternitas
916 4529 1127 4585 vocavit
1172 4544 1268 4585 nos
1292 4569 1306 4596 ,
1337 4536 1392 4585 et
1418 4529 1593 4599 erupit
1629 4546 1699 4588 ex
1728 4528 2026 4584 aeternitate
2052 4526 2190 4583 Ver-

606 4625 752 4680 bum.
776 4624 892 4679 Jam
912 4623 1200 4686 aeternitas.
1224 4621 1333 4692 jam
1354 4622 1611 4690 Verbum,
1636 4631 1692 4680 et
1707 4621 1941 4679 nondum
1959 4630 2187 4693 tempus.

608 4717 787 4785 Quare
816 4716 1051 4773 nondum
1082 4716 1327 4787 tempus?
1370 4716 1504 4783 Quia
1549 4716 1746 4773 factum
1772 4725 1931 4773 estet
1961 4724 2188 4787 tempus.

610 4808 888 4878 Quomodo
931 4809 1128 4864 factum
1158 4817 1240 4864 est
1280 4816 1333 4863 et
1374 4809 1618 4879 tempus?
1680 4809 1866 4864 Omnia
1908 4826 1995 4880 per
2030 4810 2196 4881 ipsum

610 4902 747 4972 facta
765 4910 918 4969 sunt,
962 4910 1007 4956 et
1048 4902 1155 4957 sine
1180 4901 1290 4973 ipso
1327 4904 1517 4973 factum
1564 4908 1635 4956 est
1662 4902 1792 4957 nihil
1820 4900 1998 4975 (Joan.
2034 4917 2081 4970 ι,
2112 4900 2193 4972 5).

615 4996 660 5051 0
698 4994 930 5051 Verbum
958 5003 1083 5049 ante
1121 5002 1362 5065 tempora
1391 5034 1406 5060 ,
1438 5008 1537 5063 per
1561 4993 1703 5063 quod
1745 4992 1883 5049 facta
1912 5001 2035 5048 sunt
2063 5003 2197 5050 tem-

615 5103 768 5161 pora,
798 5097 980 5142 natum
1006 5095 1061 5143 et
1086 5086 1141 5141 in
1170 5094 1412 5157 tempore
1433 5126 1448 5151 ,
1478 5099 1601 5140 cum
1624 5085 1693 5140 sit
1718 5085 1826 5140 vita
1849 5094 2070 5151 aeterna,
2098 5099 2198 5140 vo-

614 5195 745 5235 cans
768 5179 1106 5251 temporales,
1138 5178 1340 5235 faciens
1366 5179 1628 5234 aeternos!
1657 5177 1782 5233 Haec
1810 5178 2083 5249 generatio
2107 5191 2198 5249 ge~

621 5273 978 5328 nerationum.
1025 5272 1309 5329 Generatio
1337 5271 1479 5328 enim
1509 5272 1687 5341 vadit,
1716 5281 1770 5328 et
1798 5273 2071 5342 generatio
2104 5287 2200 5329 ve-

621 5366 704 5421 nit
732 5362 926 5436 (Eccte.
956 5381 1008 5432 ι,
1041 5365 1121 5436 4).
1174 5365 1243 5421 Et
1273 5365 1464 5422 videtis
1509 5366 1881 5439 generationes
1923 5365 2201 5423 hominum

620 5456 700 5513 sic
724 5470 845 5512 esse
874 5455 928 5511 in
959 5464 1102 5512 terra
1126 5496 1141 5521 ,
1199 5465 1448 5529 tanquam
1490 5458 1541 5514 in
1567 5459 1760 5515 arbore
1812 5458 1968 5524 folia;
2010 5458 2102 5515 sed
2148 5458 2202 5515 in

619 5548 813 5605 arbore
840 5546 1025 5615 olivae,
1070 5546 1156 5603 vel
1181 5547 1349 5616 lauri,
1394 5549 1479 5605 vel
1525 5550 1782 5620 cujusque
1823 5549 2043 5605 alterius
2086 5565 2205 5621 quae

625 5651 743 5700 toto
772 5651 1011 5714 tempore
1042 5640 1230 5696 fronde
1271 5642 1461 5697 vestita
1499 5651 1601 5697 est.
1650 5642 1739 5698 Sic
1780 5650 2027 5714 tanquam
2076 5642 2207 5698 folia

630 5744 798 5808 genus
836 5733 1127 5790 humanum
1160 5742 1302 5790 terra
1329 5742 1510 5804 portat
1536 5751 1549 5788 :
1581 5734 1739 5806 plena
1764 5743 1847 5791 est
1876 5734 2204 5804 hominibus,

693 5871 711 5903 ι
744 5870 818 5922 ste
853 5878 952 5921 Am.
996 5876 1075 5925 Et.
1106 5878 1159 5924 et
1192 5870 1361 5935 plures
1381 5875 1487 5923 Mss.
1512 5876 1570 5923 At
1600 5875 1737 5935 Lov.,
1772 5883 1865 5923 non
1886 5870 1993 5923 erit.
2016 5870 2210 5932 Quidam

630 5938 757 5996 ιω..
777 5943 872 5983 non
891 5936 1011 5987 erat.

1790 434 1850 493 S.
1890 431 2255 494 AUGUSTINI
2291 430 2592 493 EPlSCOPl

3769 439 3899 500 {3B

2257 550 2353 606 sed
2391 551 2516 607 dum
2552 550 2668 607 aliis
2692 551 3041 611 morientibus
3087 552 3178 611 alii
3227 554 3549 613 nascendo
3579 558 3897 619 succedunt.

2254 641 2477 714 Semper
2504 644 2646 700 enim
2676 644 2836 701 arbor
2864 646 2953 701 illa
2992 656 3140 703 veste
3168 648 3351 703 viridi
3397 655 3612 702 ornata
3644 657 3732 704 est
3765 668 3781 707 :
3810 652 3899 711 sed

2254 737 2437 793 subter
2463 738 2680 795 attende
2702 754 2859 812 quam
2884 739 3049 796 multa
3079 741 3261 797 calces
3287 740 3464 797 arida
3501 741 3664 797 folia.

2328 830 2416 886 il.
2445 830 2586 903 Ergo
2631 831 2731 888 fuit
2758 834 3033 904 generatio
3062 834 3161 891 sub
3184 834 3382 891 Adam
3407 876 3427 904 ,
3485 836 3739 891 transiit.
3790 837 3900 898 Nati

2254 931 2377 979 sunt
2420 923 2541 980 inde
2584 924 2796 995 quidam
2844 926 3007 982 futuri
3050 928 3360 998 participes
3419 929 3769 985 :eternitatis
3812 932 3898 989 Dei

2254 1014 2412 1070 etiam
2440 1015 2531 1073 illo
2558 1024 2802 1089 tempore
2837 1037 2849 1074 :
2883 1019 3006 1075 inde
3032 1020 3177 1077 enim
3204 1020 3392 1088 Abel,
3428 1019 3571 1075 inde
3599 1020 3759 1091 Seth,
3783 1023 3898 1083 inde

2255 1105 2462 1165 Enoch.
2510 1107 2747 1165 Transiit
2791 1108 2879 1165 illa
2920 1111 3227 1182 generatio,
3267 1112 3442 1168 venit
3469 1112 3783 1179 diluvium,
3814 1130 3895 1173 re-

2256 1203 2451 1256 mansit
2476 1217 2579 1258 una
2608 1203 2817 1259 domus.
2871 1203 2941 1259 Et
2980 1204 3068 1259 illa
3103 1205 3412 1276 generatio
3460 1204 3631 1260 dedit
3670 1206 3889 1278 aliquos,

2258 1292 2430 1363 ipsum
2455 1293 2567 1351 Noe
2589 1338 2602 1363 ,
2632 1303 2684 1352 et
2716 1304 2826 1352 tres
2856 1296 2872 1328 ί
2905 1296 3042 1352 ﬁlios
3073 1296 3191 1367 ejus
3214 1339 3229 1365 ,
3275 1306 3343 1353 et
3374 1305 3502 1354 tres
3534 1314 3716 1355 nurus
3736 1300 3885 1368 ejus:

2258 1382 2312 1439 in
2341 1392 2449 1440 tota
2476 1388 2617 1442 enim
2642 1387 2803 1445 domo
2830 1389 2929 1445 ista
2953 1390 3221 1444 octonaria
3254 1388 3429 1444 solus
3465 1404 3620 1445 unus
3652 1399 3892 1461 peccator

2259 1480 2501 1535 inventus
2527 1488 2628 1537 est.
2658 1482 2898 1539 Accessit
2926 1498 3181 1539 numerus
3208 1481 3512 1553 superiori
3533 1485 3887 1555 generationi.

2259 1573 2461 1629 Deinde
2486 1573 2552 1630 de
2583 1575 2751 1631 tribus
2781 1575 2903 1632 filiis
2929 1575 3043 1632 Noe
3065 1618 3080 1643 ,
3126 1586 3404 1648 tanquam
3440 1575 3520 1631 de
3548 1576 3732 1633 tribus
3760 1593 3887 1636 men-

2261 1668 2398 1723 suris
2427 1666 2646 1735 farime,
2696 1669 2945 1740 impletus
2986 1677 3070 1725 est
3098 1670 3266 1725 orbis.
3327 1668 3575 1726 Electus
3606 1678 3696 1726 est
3726 1672 3884 1730 Abra-

2261 1759 2383 1815 ham
2404 1802 2419 1826 ,
2450 1760 2596 1816 Isaac
2619 1802 2634 1829 ,
2663 1770 2717 1817 et
2745 1760 2947 1828 Iacob;
3000 1764 3173 1817 sancti
3199 1760 3349 1829 viri,
3382 1760 3754 1831 patriarchae,
3784 1764 3887 1832 pla-

2262 1861 2488 1909 cuerunt
2511 1853 2625 1909 Deo
2652 1852 2803 1925 (Gen.
2836 1855 3132 1926 ινοχκνιιι).
3190 1854 3363 1910 Dedit
3403 1861 3465 1910 et
3491 1853 3587 1909 illa
3619 1855 3883 1926 generatio

2265 1955 2550 2017 sequentes
2576 1948 2735 2003 etiam
2779 1958 3101 2019 generantes
3131 1952 3187 2017 ³,
3224 1948 3528 2005 dederunt
3572 1948 3881 2019 Pmphetas,

2264 2036 2527 2093 dederunt
2565 2052 2839 2109 praecones
2882 2039 2996 2096 Dei.
3052 2040 3211 2097 Venit
3254 2041 3440 2097 etiam
3459 2026 3674 2111 'postea
3701 2050 3756 2097 et
3781 2042 3879 2113 ipse

2266 2134 2523 2189 Dominus
2554 2143 2736 2191 noster
2760 2134 2915 2191 Jesus
2940 2134 3186 2191 Christus
3204 2178 3219 2203 ,
3266 2136 3437 2191 misit
3479 2135 3813 2191 fermentum
3834 2136 3879 2192 in

2268 2234 2378 2283 tres
2407 2240 2684 2282 mensuras
2715 2226 2901 2283 farinae
2922 2270 2937 2295 ,
2969 2242 3252 2298 quousque
3283 2225 3740 2283 fermentaretur
3763 2228 3783 2260 ³
3805 2237 3875 2284 to-

2268 2324 2380 2372 tum
2430 2316 2643 2387 (Matth.
2672 2334 2798 2384 xm,
2828 2319 2940 2389 55).
3007 2319 3372 2390 Temporibus
3424 2320 3487 2375 in
3537 2329 3689 2375 terra
3719 2319 3879 2375 carnis

2270 2410 2409 2466 illius
2436 2410 2651 2467 fuerunt
2670 2411 2945 2483 Apostoli,
2978 2412 3190 2467 fuerunt
3214 2412 3445 2478 sancti;
3499 2420 3627 2483 post
3652 2412 3770 2467 illos
3793 2410 3871 2467 alii

2272 2502 2441 2558 sancti
2472 2519 2484 2555 :
2515 2510 2570 2557 et
2609 2516 2750 2557 nunc
2776 2503 2830 2557 in
2874 2503 3092 2558 nomine
3133 2501 3341 2559 Christi
3389 2503 3729 2575 quicumque
3768 2508 3874 2558 sunt

2273 2594 2461 2661 sancti,
2492 2602 2545 2648 ct
2570 2602 2690 2663 post
2707 2608 2805 2648 nos
2820 2594 3139 2665 quicumque
3160 2603 3344 2661 erunt,
3365 2603 3427 2650 et
3448 2610 3628 2666 usque
3654 2595 3706 2649 in
3728 2593 3869 2649 tinem

2275 2687 2456 2743 smculi
2488 2686 2808 2758 quicumque
2843 2688 3033 2743 sancti.
3067 2688 3142 2743 De
3173 2697 3251 2742 tot
3286 2687 3751 2759 generationibus
3772 2686 3870 2742 col-

2276 2778 2408 2848 liges
2436 2792 2624 2834 omnes
2651 2787 2864 2834 sanctas
2890 2781 3069 2850 proles
3094 2780 3337 2833 omnium
3367 2785 3804 2851 generationum,
3823 2787 3866 2835 et

2280 2869 2439 2925 facies
2469 2870 2593 2925 inde
2634 2886 2794 2926 unam
2837 2871 3241 2941 generationem
3276 2886 3290 2923 :
3321 2869 3399 2924 In
3431 2871 3539 2926 ista
3568 2872 3868 2943 generatione

2278 2965 2657 3034 generationum
2680 2966 2801 3019 anni
2822 2966 2923 3031 tui,
2949 2964 3000 3019 id
3026 2974 3128 3031 est,
3162 2966 3452 3022 aeternitas
3480 2964 3575 3021 illa
3605 2966 3657 3019 in
3686 2964 3765 3018 illa
3784 2977 3863 3034 ge-

2282 3059 2558 3114 neratione
2582 3058 2684 3114 erit
2707 3097 2722 3123 ,
2769 3073 2887 3129 quae
2922 3057 2989 3115 de
3020 3058 3269 3113 omnibus
3300 3056 3754 3130 generationibus
3772 3054 3865 3110 colo

2282 3152 2479 3224 ligitur,
2500 3152 2627 3208 etin
2646 3168 2803 3207 unam
2826 3151 3087 3223 redigitur
3110 3170 3125 3219 ;
3159 3152 3273 3223 ipsa
3296 3152 3586 3223 particeps
3611 3148 3710 3206 erit
3725 3156 3863 3203 teter-

2281 3244 2463 3299 nitatis
2490 3251 2612 3298 tuae.
2654 3240 2877 3299 Cmterte
2920 3243 3299 3315 generationes
3336 3240 3637 3315 implendis
3679 3247 3862 3307 tempo-

2284 3337 2432 3393 ribus
2454 3345 2798 3407 generantur,
2842 3351 2907 3391 ex
2933 3335 3124 3407 quibus
3150 3336 3239 3390 illa
3268 3336 3325 3391 in
3358 3345 3633 3391 aeternum
3659 3342 3859 3402 regene-

2284 3438 2461 3498 ratur;
2503 3438 2707 3486 mutata
2748 3429 3134 3498 viviﬁcabitur,
3175 3430 3279 3485 crit
3317 3429 3526 3485 idonea
3554 3434 3763 3499 portare
3797 3432 3855 3487 te,

2284 3523 2428 3578 vires
2474 3523 2741 3595 accipiens
2783 3537 2815 3577 a
2861 3531 2930 3578 te.
2999 3522 3067 3576 In
3119 3524 3448 3595 generatione
3502 3517 3857 3592 generationum

2287 3614 2409 3669 anni
2440 3615 2531 3669 tui.

2360 3708 2446 3762 l2.
2481 3704 2644 3781 [vers.
2676 3705 2870 3763 26-28.
2897 3706 2918 3780 ]
2944 3705 3011 3760 In
3049 3705 3300 3777 principio
3331 3713 3528 3760 terram
3562 3712 3615 3757 tu
3638 3698 3853 3774 fundasti,

2287 3799 2525 3854 Domine.
2552 3798 2685 3854 Novi
2706 3798 3060 3854 aeternitatem
3082 3807 3249 3867 tuam,
3284 3813 3392 3869 qua
3424 3794 3680 3869 praecedis
3704 3790 3855 3847 omnia

2288 3907 2407 3961 quae
2437 3891 2627 3948 fecisti.
2658 3889 2922 3962 Principio
2960 3899 3145 3945 terram
3189 3900 3240 3944 tu
3258 3890 3515 3961 fundasti,
3548 3886 3789 3950 Domine;
3816 3888 3856 3935 et

2289 4001 2443 4057 Opera
2469 4000 2707 4038 manuum
2729 3992 2932 4038 tuarum
2958 3993 3075 4038 sunt
3103 3984 3232 4038 caeli.
3262 3980 3380 4053 Ipsi
3422 3982 3684 4053 peribunt;
3711 3986 3757 4030 tu
3773 3989 3853 4028 au-

2293 4085 2389 4132 tem
2412 4092 2672 4149 permanes
2692 4092 2709 4131 :
2732 4085 2780 4131 et
2808 4093 2978 4131 omnes
3003 4078 3133 4131 sicut
3168 4077 3520 4131 vestimentum
3562 4075 3848 4133 veterasunt,

2294 4176 2341 4225 et
2368 4170 2495 4224 sicut
2523 4169 2830 4242 opertorium
2853 4169 3066 4223 mutabis
3092 4184 3197 4235 eos,
3225 4177 3271 4222 et
3300 4167 3629 4222 mutabuntur
3654 4180 3672 4228 ;
3697 4170 3848 4216 tuam

2294 4263 2427 4317 idem
2454 4260 2596 4333 ipse‘
2616 4279 2687 4316 es.
2708 4261 2787 4317 Tu
2813 4262 2933 4332 quis
2970 4277 3027 4316 es
3050 4261 3073 4315 ?
3098 4260 3246 4316 Idem
3274 4263 3385 4331 ipse
3425 4277 3497 4315 es.
3522 4259 3601 4314 Tu
3625 4254 3707 4327 qui
3734 4248 3847 4306 dixi-

2295 4355 2384 4420 sti,
2410 4352 2518 4425 Ego
2535 4370 2647 4407 sum
2670 4354 2758 4423 qui
2803 4369 2936 4419 sum,
2974 4353 3106 4407 idem
3133 4353 3241 4423 ipse
3266 4368 3338 4408 es.
3369 4352 3436 4407 Et
3464 4347 3695 4422 quamvis
3714 4342 3845 4399 etiam

2297 4450 2412 4519 ipsa
2438 4462 2545 4504 non
2571 4455 2750 4503 essent
2776 4447 2877 4502 nisi
2904 4463 2969 4502 ex
2993 4455 3061 4513 te,
3094 4456 3149 4502 et
3180 4462 3274 4517 per
3310 4454 3385 4515 te,
3409 4455 3465 4502 et
3490 4445 3543 4500 in
3584 4451 3652 4507 te,
3699 4447 3843 4492 tamen

2299 4554 2405 4595 non
2427 4539 2567 4610 quod
2606 4540 2719 4610 ipse
2746 4554 2840 4595 es:
2868 4537 2948 4593 Tu
2996 4538 3139 4594 enim
3183 4538 3316 4592 idem
3343 4539 3452 4610 ipse
3479 4552 3549 4591 es.
3576 4531 3640 4586 Et
3660 4525 3765 4584 anni
3785 4519 3843 4610 tui

2300 4647 2402 4686 non
2426 4609 2675 4700 deﬁcient.
2701 4630 2779 4684 Illi
2800 4630 2923 4685 anni
2948 4630 3020 4685 tui
3042 4645 3145 4684 non
3159 4609 3433 4697 deﬁcient,
3463 4626 3537 4682 illi
3564 4622 3680 4679 anni
3695 4617 3756 4674 tui
3771 4609 3841 4686 qui

2301 4735 2458 4782 erunt
2482 4726 2537 4781 in
2551 4724 2893 4796 generatione
2904 4724 3330 4795 generationum,
3354 4738 3458 4779 non
3472 4717 3721 4776 deﬁcient.
3738 4708 3839 4764 Haec

2302 4817 2639 4889 ergosciens,
2668 4817 3007 4889 exiguitatem
3042 4816 3249 4871 dierum
3305 4827 3544 4871 meorum
3586 4808 3835 4880 qumrcrell

2303 4927 2333 4966 a
2364 4921 2434 4980 te,
2466 4911 2565 4967 nisi
2593 4911 2785 4967 scirem
2815 4925 3002 4965 omnes
3026 4909 3141 4965 dies
3166 4908 3348 4965 saeculi
3383 4907 3451 4963 ab
3472 4904 3613 4960 initio
3630 4906 3771 4967 usque
3794 4889 3832 4945 ίι

2307 5006 2465 5062 ﬁnem
2481 5005 2701 5077 exiguos
2730 5019 2847 5060 esse
2873 5004 2926 5059 in
2955 5003 3355 5075 comparatione
3409 4991 3701 5056 :eternitatis
3736 4994 3835 5077 tuat-

2306 5098 2440 5154 Novi
2469 5075 2594 5168 ergo
2620 5097 2761 5154 unde
2790 5098 3249 5169 interrogaverim.
3276 5094 3392 5152 Non
3409 5108 3467 5149 se
3496 5084 3728 5146 extollant
3749 5075 3833 5169 bte-

2308 5191 2482 5258 retici,
2508 5166 2660 5262 quasi
2700 5191 2879 5262 exigui
2908 5166 3023 5246 dies
3078 5189 3272 5245 fuerint
3318 5184 3583 5249 Ecclesia),
3615 5184 3712 5233 toto
3732 5166 3836 5224 orbe

2309 5283 2516 5341 diti‘usze
2544 5301 2560 5351 ;
2588 5300 2710 5341 nam
2733 5295 2786 5341 et
2806 5300 2976 5356 usque
2996 5283 3047 5339 in
3064 5284 3225 5339 tinem
3248 5297 3370 5337 cum
3398 5280 3519 5345 sint,
3538 5267 3691 5342 exigui
3715 5264 3825 5319 sunt.

2312 5379 2486 5449 Quare
2512 5378 2859 5450 exiguisunt?
2883 5377 3145 5446 Quoniam
3169 5376 3482 5447 quandoque
3505 5359 3699 5424 finiendi
3714 5356 3826 5452 ευιξίς

2312 5474 2453 5530 Anni
2484 5473 2559 5527 illi
2610 5473 2701 5543 qui
2746 5478 2903 5527 erunt
2950 5472 3005 5526 in
3053 5470 3374 5542 generatione
3400 5460 3754 5541 generationum.
3780 5442 3821 5543 bl

2314 5564 2564 5630 amandi,
2608 5538 2662 5619 lii
2689 5538 3072 5630 desiderandi;
3100 5561 3184 5618 his
3228 5538 3583 5632 suspirandum
3610 5566 3623 5616 ;
3654 5538 3826 5616 Prol)”

2382 5681 2398 5712 ι
2431 5677 2641 5730 Melioris
2659 5683 2788 5728 noue
2834 5685 2967 5738 Mss.,
2993 5675 3129 5727 duos.

2379 5742 2399 5773 ε
2431 5717 3245 5808 ἱῗόἑίζ“άᾶι’ἑῖῐιι”ίοῆἕς“ἓ’ς“ῐιῖἆὲἰοοο
3265 5737 3375 5790 Edd.
3399 5736 3491 5797 alii,
3514 5735 3561 5783 et
3576 5732 3688 5785 ιω..
3705 5717 3822 5783 90'"

2315 5810 2492 5856 rantes.

2381 5867 2401 5939 ξ
2433 5873 2564 5929 Mss,
2583 5868 2908 5939 (ennentetur.
3052 5927 3065 5939 .
3135 5926 3147 5938 .

2382 5928 2403 5965 δ
2438 5927 2557 5995 Vox,
2578 5927 2697 5995 ipse,
2721 5930 2859 5981 abest
2876 5942 2901 5979 a
2922 5927 3177 5994 praecipuis
3192 5932 3298 5979 Mss.
