4088 6452
302 305 422 365 i313

298 419 458 477 hosin
502 417 707 474 unitate
752 413 1195 487 permanendum,
1225 421 1442 484 propter
1488 411 1587 467 hos
1614 407 1870 482 quidquid

294 513 651 571 luereticorum
676 510 801 567 mali
829 507 1284 574 estdevitandum,
1316 513 1534 576 propter
1574 504 1673 558 hos
1694 500 1869 572 perdi-

293 609 357 662 tis
380 603 1068 676 reapondendum,propter
1118 599 1217 655 hos
1269 596 1509 653 lucrandi
1537 595 1627 667 qui
1655 607 1872 650 errave-

291 705 423 760 rant.
452 704 505 751 et
542 693 829 751 revocandi
854 694 945 764 qui
971 693 1243 765 perierant
1273 708 1286 745 :
1329 690 1437 747 illic
1469 688 1627 744 debet
1648 700 1767 741 esse
1787 684 1874 741 de-

287 788 559 846 siderium.
591 786 699 843 Sed
745 795 921 842 tamen
951 795 1011 842 ut
1032 784 1291 850 verbosis,
1324 790 1381 838 ut
1436 781 1574 836 male
1615 776 1863 850 garrulis,

286 890 347 935 ut
368 881 729 949 calumniosis,
758 879 1183 947 susurrantibus,
1235 874 1624 933 detractoribus
1650 886 1876 944 respon-

283 969 453 1041 deam,
484 972 605 1029 ideo
632 974 755 1027 mihi
784 973 1030 1027 annuntia
1050 970 1368 1044 exiguitatem
1389 968 1583 1024 dierum
1610 972 1875 1029 meorum;

289 1072 423 1120 etne
445 1082 523 1120 me
544 1081 744 1121 revoces
764 1066 817 1120 in
844 1065 1111 1119 dimidium
1153 1062 1349 1118 dierum
1396 1076 1640 1124 meorum,
1667 1063 1726 1113 ut
1754 1062 1877 1111 ante

282 1171 371 1213 me
391 1156 599 1212 auferas
624 1156 691 1213 de
718 1167 879 1225 terra,
908 1174 1067 1229 quam
1094 1165 1235 1214 totus
1290 1156 1436 1212 orbis
1480 1150 1771 1223 Evangelia
1790 1163 1878 1205 re-

285 1248 507 1319 pleatur,
530 1258 719 1304 contra
746 1250 1149 1321 responsionem
1182 1248 1392 1306 Domini
1434 1246 1538 1302 mei
1562 1288 1576 1314 ,
1605 1244 1831 1299 dicentis
1860 1260 1873 1296 :

290 1339 495 1413 Oportet
518 1343 788 1412 praedicari
808 1344 903 1398 hoc
925 1341 1252 1415 Evangelium
1271 1343 1324 1397 in
1342 1350 1443 1396 toto
1464 1341 1581 1395 orbe
1602 1348 1873 1403 terrarum,

279 1416 332 1487 in
379 1435 721 1489 testimonium
761 1436 990 1490 omnibus
1033 1436 1259 1507 gentibus
1289 1454 1307 1502 ;
1333 1444 1376 1490 et
1419 1444 1537 1489 tunc
1574 1432 1731 1487 veniet
1760 1430 1878 1500 ﬁnis

277 1526 296 1596 (
326 1525 519 1582 Matth.
547 1530 698 1596 xxiv,
720 1530 787 1584 14
808 1529 844 1601 ).
864 1528 1002 1597 Quid
1028 1529 1094 1584 ad
1114 1530 1248 1597 haec,
1271 1526 1503 1583 fratres?
1530 1526 1694 1581 Plana
1722 1532 1867 1591 sunt,

268 1618 557 1675 manifesta
588 1628 713 1675 sunt
746 1639 758 1675 :
792 1621 930 1676 Deus
955 1619 1198 1675 fundavit
1219 1628 1437 1686 terram,
1464 1617 1661 1673 scimus
1691 1634 1705 1682 ;
1734 1629 1865 1686 ope-

266 1723 604 1766 ramanuum
643 1710 761 1782 ejus
787 1719 914 1767 sunt
959 1711 1102 1767 coeli.
1160 1710 1238 1766 Ne
1288 1710 1484 1781 putetis
1535 1709 1675 1765 enim
1718 1706 1869 1778 quasi

1348 244 1772 353 DENARRATIO
1810 286 1877 344 ΙΝ
1914 281 2236 343 PSALMUM
2270 287 2357 344 Cl.

3413 296 3560 355 ιδιι

1982 400 2209 457 moratio
2252 400 2440 469 ﬁeret,
2487 399 2540 456 in
2584 399 2780 473 quibus
2804 406 2859 458 et
2883 400 3071 474 Angeli
3108 404 3363 463 nominati
3412 417 3561 466 sunt.

1981 489 2153 546 Erunt
2176 506 2302 563 ergo
2344 506 2463 547 cum
2501 491 2591 547 illo
2613 493 2833 564 Angeli,
2889 494 3049 550 etiam
3087 496 3286 555 mundo
3314 499 3435 571 igne
3462 501 3561 558 fta.

1980 592 2199 653 granle;
2231 590 2286 639 et
2305 585 2407 640 erit
2436 585 2735 640 incendium
2762 587 2967 656 mundi,
2994 603 3099 645 non
3128 590 3415 649 incendens
3440 608 3585 650 san-.

1984 681 2100 730 ctos
2152 674 2297 730 Dei:
2340 675 2481 746 quod
2534 676 2632 732 fuit
2678 677 2917 735 caminus
2966 682 3112 752 regis
3162 684 3329 740 tribus
3383 686 3567 756 pueris

1984 764 2143 840 (Dan.
2178 769 2260 841 nt)
2282 811 2297 837 ,
2330 769 2433 826 hoc
2457 769 2560 826 erit
2582 769 2774 828 ardens
2796 772 3024 831 mundus
3044 774 3201 845 justis
3223 777 3278 831 in
3307 777 3567 836 Trinitate

1984 859 2224 931 signatis.

2057 952 2143 1007 M.
2174 950 2336 1009 Forte
2377 953 2465 1010 hic
2491 953 2658 1012 emlos
2695 956 2853 1013 etiam
2880 971 2985 1012 non
3032 958 3334 1030 importune
3373 962 3571 1021 intelli-

1983 1042 2159 1114 gimus
2184 1044 2328 1114 ipsos
2361 1044 2536 1116 justus
2562 1086 2575 1113 ,
2619 1056 2830 1103 sanctos
2856 1047 2993 1115 Dei,
3036 1049 3088 1104 in
3128 1051 3320 1122 quibus
3345 1069 3570 1113 manens

1984 1135 2126 1191 Deus
2152 1135 2381 1192 intonuit
2407 1139 2708 1210 prmceptis,
2736 1140 3035 1196 eoruscavit
3061 1142 3350 1212 miraculis,
3378 1145 3567 1204 imbri-

1984 1226 2166 1283 ficavit
2190 1236 2385 1284 terram
2416 1230 2675 1300 sapientia
2702 1232 2975 1300 veritatis;
3013 1235 3138 1291 creti
3176 1236 3319 1291 enim
3344 1252 3564 1295 enarra-

1985 1329 2180 1376 verunt
2226 1321 2449 1391 gloriam
2498 1323 2589 1379 Dei
2637 1322 2805 1396 (Psal.
2837 1341 3006 1393 xvm,
3034 1326 3115 1400 2).
3176 1327 3280 1384 Sed
3311 1330 3568 1403 numquid

1984 1412 2143 1468 etiam
2170 1413 2271 1485 ipsi
2297 1414 2544 1484 peribunt
2565 1414 2589 1470 ’ἶ
2614 1417 2695 1471 An
2716 1416 3011 1474 secundum
3036 1419 3321 1488 quemdam
3348 1421 3566 1479 modum

1984 1506 2277 1576 peribunt?
2315 1505 2618 1563 Secundum
2646 1523 2803 1580 quem
2834 1510 3090 1565 modum?
3135 1511 3439 1571 Secundum
3467 1529 3565 1572 ve-

1984 1598 2312 1653 stimentum.
2357 1597 2494 1666 Quid
2521 1608 2638 1666 est,
2677 1600 2970 1656 secundum
3006 1603 3421 1682 vestimentum?
3464 1605 3569 1663 Se-

1983 1691 2215 1748 cundum
2244 1706 2459 1763 corpus.
2504 1692 2892 1749 Vestimentum
2936 1694 3078 1751 enim
3108 1695 3300 1752 animae
3329 1712 3565 1770 corpus;

1984 1783 2244 1839 Dominus
2297 1784 2440 1839 enim
2491 1784 2870 1841 vestimentum
2915 1788 3246 1858 nominavit,
3301 1789 3392 1847 ubi
3443 1791 3561 1848 ait:

1985 1873 2171 1931 Nonne
2196 1876 2367 1931 anima
2388 1875 2504 1947 plus
2532 1886 2605 1932 est
2632 1893 2784 1949 quam
2811 1895 2926 1934 esca
2944 1921 2958 1945 ,
3003 1889 3050 1935 et
3072 1896 3254 1953 corpus
3283 1883 3397 1953 plus
3415 1900 3566 1952 quam

1983 1968 2323 2022 vestimentum
2349 1967 2561 2040 (Matth.
2592 1984 2666 2035 vt,
2692 1968 2785 2042 25)
2808 1970 2831 2024 ?
2856 1969 3134 2039 Quomodo
3158 1986 3286 2044 ergo
3312 1973 3448 2044 perit
3475 1988 3573 2031 ve-

262 1798 420 1853 aliud
447 1800 615 1855 Deum
639 1800 814 1856 facere
832 1817 1013 1867 manu,
1038 1800 1180 1855 aliud
1202 1801 1386 1856 verbo.
1410 1799 1563 1868 Quod
1589 1798 1713 1853 facit
1742 1812 1864 1853 ver-

264 1889 361 1958 bo,
397 1891 499 1947 hoc
517 1892 638 1948 facit
658 1909 817 1948 manu
849 1909 863 1959 ;
898 1909 1002 1949 non
1024 1893 1166 1948 enim
1187 1892 1469 1948 distinctus
1490 1898 1572 1947 est
1592 1889 1866 1960 corporeis

263 1982 555 2051 membris,
583 1986 674 2056 qui
705 1986 857 2053 dixit,
886 1984 1000 2057 Ego
1044 2002 1154 2039 sum
1180 1985 1263 2056 qui
1292 2000 1423 2038 sum.
1478 1983 1544 2038 Et
1583 1980 1724 2037 forte
1750 1995 1874 2036 ver-

270 2076 409 2133 bum
437 2080 556 2149 ejus
586 2090 668 2135 est
693 2096 880 2136 manus
908 2081 1044 2151 ejus.
1068 2080 1226 2136 Certe
1253 2094 1442 2134 manus
1470 2077 1584 2148 ejus
1604 2086 1686 2134 est
1707 2076 1875 2132 virtus

273 2168 419 2237 ejus.
440 2168 579 2239 Quia
628 2171 769 2226 enim
817 2171 1016 2227 dictum
1063 2180 1178 2239 est,
1211 2169 1333 2224 Fiat
1382 2171 1773 2240 ﬁrmamentum,
1824 2175 1880 2225 et

276 2257 486 2315 factum
514 2270 595 2317 est
623 2262 1053 2329 firmamentum;
1087 2261 1254 2317 verbo
1301 2261 1612 2332 intelligitur
1637 2258 1832 2315 fecisse
1860 2276 1873 2314 :

271 2352 407 2422 quia
439 2369 570 2409 vero
593 2354 759 2422 dixit,
794 2355 1071 2410 Faciamus
1112 2355 1365 2411 hominem
1395 2354 1463 2408 ad
1515 2354 1789 2425 imaginem
1830 2361 1877 2406 et

273 2444 665 2502 similitudinem
712 2458 935 2503 nostram
962 2449 980 2519 (
1012 2446 1138 2503 Gen.
1171 2465 1209 2514 1,
1264 2448 1313 2512 6,
1347 2446 1452 2518 26)
1479 2465 1493 2514 ;
1536 2446 1688 2518 quasi
1715 2460 1877 2501 manu

272 2537 490 2594 videtur
516 2541 726 2596 fecisse.
774 2541 913 2597 Audi
962 2556 1136 2612 ergo:
1180 2540 1348 2612 Opera
1379 2556 1621 2595 manuum
1672 2549 1875 2595 tuarum

274 2639 395 2684 sunt
414 2631 548 2686 caeli.
580 2631 722 2689 Ecce
746 2632 889 2704 quod
929 2633 1094 2689 verbo
1124 2632 1266 2699 fecit,
1300 2631 1479 2703 utique
1509 2632 1671 2688 etiam
1698 2631 1873 2686 mani-

274 2721 381 2778 bus
402 2722 527 2780 fecit
554 2741 571 2791 ;
614 2726 737 2797 quia
762 2727 955 2782 virtute
995 2741 1110 2793 sua,
1162 2726 1287 2797 quia
1316 2733 1579 2795 potestate
1604 2740 1697 2781 sua
1729 2725 1873 2780 fecit.

276 2815 513 2871 Attende
538 2818 716 2887 potius
746 2817 870 2888 quid
898 2816 1103 2886 fecerit,
1128 2825 1181 2874 et
1206 2816 1313 2872 noli
1339 2832 1582 2888 quaerere
1609 2815 1877 2888 quomodo

276 2910 487 2966 fecerit.
518 2910 740 2968 Multum
766 2920 849 2968 est
898 2911 965 2967 ad
993 2920 1044 2968 te
1101 2910 1559 2983 comprehendere
1608 2910 1878 2982 quomodo

276 3002 488 3072 fecerit,
519 3019 640 3060 cum
669 3008 896 3076 teipsum
941 3006 1019 3061 sic
1070 3005 1275 3074 fecerit,
1309 3013 1367 3061 ut
1388 3006 1536 3077 prius
1565 3004 1640 3061 sis
1690 3019 1878 3061 servus

276 3094 563 3164 obediens,
586 3107 639 3153 et
664 3106 845 3169 postea
884 3097 1109 3154 fortasse
1134 3097 1338 3154 amicus
1362 3097 1683 3167 intelligens.
1714 3096 1873 3168 Ergo,

279 3184 458 3260 Opera
486 3205 725 3243 manuum
753 3198 951 3244 tuarum
966 3199 1083 3245 sunt
1117 3189 1249 3245 caeli.

357 3282 447 3337 15.
476 3281 588 3353 Ipsi
619 3282 891 3353 peribunt;
917 3293 969 3338 tu
998 3292 1165 3338 autem
1196 3298 1477 3354 permanes.
1520 3284 1719 3354 Aperte
1744 3281 1879 3338 dixit

278 3373 393 3429 hoc
414 3376 688 3447 apostolus
731 3375 921 3433 Petrus
951 3394 966 3432 :
1013 3376 1136 3432 Cwli
1156 3385 1300 3432 erant
1318 3377 1439 3431 olim
1479 3375 1541 3431 de
1568 3393 1700 3447 aqua
1724 3385 1768 3430 et
1791 3391 1881 3447 per

275 3483 475 3537 aquam
511 3471 767 3524 constituti
816 3468 918 3524 Dei
960 3469 1105 3524 verba
1126 3486 1145 3535 ;
1188 3486 1278 3541 per
1302 3480 1414 3540 quae
1436 3471 1453 3502 ¹
1476 3470 1560 3539 qui
1603 3471 1768 3541 factus
1806 3477 1879 3523 est

279 3558 531 3626 rutundus,
554 3575 686 3629 aqua
712 3561 987 3615 inundatus
1018 3561 1267 3631 deperiit:
1294 3570 1429 3617 terra
1480 3570 1648 3617 autem
1695 3569 1741 3615 et
1768 3560 1880 3615 caeli

281 3652 382 3721 qui
401 3669 531 3707 nunc
550 3662 689 3718 sunt,
718 3652 890 3706 eodem
914 3652 1057 3707 verba
1090 3654 1295 3723 repositi
1323 3661 1437 3709 sunt
1467 3653 1572 3725 igni
1595 3651 1881 3708 reservandi

284 3744 309 3813 (
342 3741 401 3811 11,
423 3742 563 3798 Petr.
598 3759 675 3811 ut,
714 3743 813 3799 5-7
841 3743 881 3814 ).
909 3742 1025 3798 iam
1053 3758 1179 3812 ergo
1205 3743 1337 3797 dixit
1373 3745 1574 3813 perisse
1594 3744 1758 3800 caelos
1786 3757 1881 3814 per

284 3834 589 3891 diluvium:
624 3836 825 3907 perisse
853 3842 1030 3892 autem
1082 3837 1327 3892 novimus
1371 3836 1539 3892 caelos
1588 3835 1882 3895 secundum

285 3930 643 4001 quantitatem
686 3938 741 3986 et
782 3928 950 3998 spatia
1006 3928 1147 3984 aeris
1194 3928 1373 4000 hujus.
1440 3928 1689 3985 Excrevit
1739 3927 1883 3983 enim

288 4034 461 4090 aqua,
486 4030 536 4076 et
564 4030 728 4077 totam
757 4021 911 4076 istam
952 4020 1299 4091 capacitatem
1326 4020 1416 4075 ubi
1459 4034 1589 4075 aves
1638 4019 1879 4085 volitant,

289 4113 604 4183 occupavit;
637 4127 702 4169 ae
756 4112 835 4168 sic
877 4113 1059 4183 utique
1108 4111 1230 4168 emli
1280 4110 1550 4182 perierunt
1604 4110 1885 4182 propinqui

290 4206 497 4261 terris:
554 4206 698 4272 caeli,
757 4205 1049 4262 secundum
1102 4220 1235 4276 quos
1282 4203 1529 4259 dicuntur
1571 4217 1697 4258 aves
1740 4202 1881 4259 cceli.

289 4298 437 4356 Sunt
478 4310 653 4357 autem
680 4309 735 4356 et
757 4300 880 4356 cteli
907 4299 1163 4355 caelorum
1186 4297 1488 4369 superiores
1515 4297 1565 4352 in
1581 4296 1886 4353 ﬁrmamen-

291 4402 360 4448 to
388 4412 400 4448 :
429 4394 522 4449 sed
540 4404 711 4450 utrum
737 4402 792 4451 et
838 4394 941 4464 ipsi
982 4392 1199 4464 perituri
1249 4393 1354 4447 sint
1392 4392 1533 4464 igne,
1578 4408 1646 4448 an
1676 4392 1729 4447 hi
1785 4393 1886 4449 soli

292 4485 425 4541 cuin
455 4487 545 4557 qui
573 4487 731 4542 etiam
756 4486 955 4542 diluvio
997 4486 1286 4556 perierunt,
1317 4484 1631 4556 disceptatio
1680 4494 1762 4542 est
1785 4486 1887 4541 ali-

295 4588 502 4650 quanto
521 4580 882 4651 scrupulosior
907 4579 1046 4636 inter
1087 4578 1293 4646 doctos,
1327 4593 1424 4633 nec
1452 4576 1624 4646 facile,
1656 4579 1889 4634 maxime

297 4674 359 4729 in
405 4674 645 4745 anguStia
694 4672 966 4743 temporis,
1018 4670 1268 4742 explicari
1314 4678 1503 4741 potest.
1552 4669 1888 4725 Dimittamus

298 4782 434 4839 ergo
467 4783 585 4823 eam
614 4768 693 4823 vel
740 4766 1085 4833 differamus;
1135 4763 1439 4820 noverimus
1489 4771 1665 4818 tamen
1716 4762 1889 4833 perire

299 4859 428 4927 ista,
458 4860 622 4915 Deum
652 4874 887 4915 manere.
921 4858 988 4913 Et
1011 4858 1055 4913 si
1081 4864 1298 4912 manent
1334 4855 1574 4927 quaedam
1600 4871 1719 4910 cum
1753 4854 1886 4923 Deo,

299 4966 425 5025 qua:
456 4950 592 5007 facta
630 4960 756 5009 sunt
795 4968 826 5007 a
854 4952 983 5019 Deo,
1012 4966 1117 5007 non
1146 4958 1361 5006 manent
1382 4950 1524 5017 inse,
1548 4947 1642 5004 sed
1674 4948 1726 5003 in
1757 4948 1887 5014 Deo,

304 5058 416 5100 non
472 5045 824 5102 recedendoa
874 5046 1003 5100 Deo.
1050 5044 1187 5111 Quid
1233 5042 1637 5100 enitn?dicturi
1686 5057 1888 5109 sumus,

304 5134 520 5203 fratres,
538 5138 679 5209 quod
708 5137 893 5209 Angeli
922 5136 1143 5207 perituri
1171 5143 1294 5191 sunt
1343 5135 1483 5205 igne,
1507 5148 1613 5205 quo
1639 5133 1892 5189 incende-

304 5236 397 5283 tur
424 5228 651 5284 mundus
675 5227 701 5281 ?
730 5227 902 5283 Absit.
927 5226 1033 5284 Sed
1083 5226 1209 5298 quid
1233 5227 1257 5281 ?
1290 5225 1527 5281 dicemus
1550 5224 1687 5295 quod
1716 5225 1892 5293 Ange-

306 5321 389 5378 los
427 5322 564 5378 Deus
589 5336 698 5377 non
733 5320 958 5377 fecerit?
983 5320 1154 5375 Absit.
1188 5318 1293 5375 Sed
1348 5318 1473 5389 quid
1515 5317 1753 5372 dicemus
1778 5316 1802 5371 ?
1826 5315 1895 5372 Et

308 5416 448 5473 unde
471 5422 673 5483 essent,
703 5415 748 5471 si
773 5430 883 5471 non
910 5414 977 5470 ab
1004 5414 1093 5469 illo
1123 5412 1247 5468 facti
1270 5410 1487 5468 essent?
1511 5410 1633 5482 Ipse
1660 5409 1818 5479 dixit,
1848 5418 1896 5465 et

308 5516 442 5584 facta
475 5521 634 5577 sunt;
676 5510 786 5580 ipse
811 5508 1067 5564 mandavit
1100 5516 1146 5563 et
1171 5516 1338 5563 creata
1369 5515 1486 5562 sunt
1513 5503 1683 5581 (Psal.
1718 5518 1892 5572 xxxn,

311 5604 387 5665 9).
414 5605 634 5663 Dictum
664 5610 748 5659 est
773 5601 914 5659 enim
944 5600 1068 5670 hoc,
1109 5616 1231 5658 cum
1258 5615 1478 5673 operum
1508 5598 1624 5671 ejus
1653 5610 1894 5656 commeo

356 5790 378 5831 s
410 5795 493 5845 εν.
514 5794 651 5842 ven.
680 5788 733 5839 et
773 5786 907 5848 nam,
929 5783 1055 5849 quod
1150 5790 1204 5835 st.

1983 2060 2328 2116 stimentum?
2356 2060 2471 2115 Etsi
2495 2062 2710 2117 exterior
2734 2062 2883 2118 homo
2904 2072 3072 2119 noster
3090 2065 3450 2136 corrumpitur,
3477 2065 3569 2120 sed

1983 2150 2190 2206 interior
2216 2163 2484 2208 renovatur
2512 2154 2575 2209 de
2602 2154 2683 2209 die
2700 2158 2754 2210 in
2778 2155 2910 2210 diem
2935 2156 3001 2227 (ll
3029 2155 3147 2211 Cor.
3180 2171 3255 2227 tv,
3286 2158 3396 2230 16).
3427 2159 3568 2231 Ergo

1984 2241 2087 2311 ipsi
2118 2241 2402 2312 peribunt,
2432 2243 2528 2300 sed
2557 2245 2850 2301 secundum
2888 2261 3119 2317 corpus:
3151 2247 3229 2303 Tu
3254 2258 3422 2305 autem
3447 2266 3567 2323 per-

1983 2348 2174 2388 manes.
2216 2333 2274 2390 Si
2317 2350 2445 2407 ergo
2471 2336 2763 2393 secundum
2791 2351 2987 2409 corpus
3021 2337 3269 2409 peribunt
3291 2381 3306 2407 ,
3331 2341 3422 2397 ubi
3442 2356 3571 2413 ergo

1983 2426 2307 2483 resurrectio
2337 2428 2552 2484 carnis?
2583 2428 2671 2484 ubi
2697 2430 2999 2500 exemplum
3030 2432 3393 2488 membrorum
3425 2432 3567 2504 quod

1983 2516 2259 2585 praecessit
2276 2518 2329 2572 in
2346 2519 2560 2588 capite?
2584 2520 2711 2576 ubi?
2740 2520 2833 2576 Vis
2855 2520 3078 2577 audire?
3102 2521 3428 2591 Mutabitur;
3460 2539 3571 2581 non

1984 2605 2088 2661 tale
2128 2607 2230 2663 erit
2272 2609 2430 2679 quale
2468 2609 2585 2664 fuit.
2633 2610 2772 2665 Audi
2810 2611 3123 2680 Apostolum
3154 2613 3463 2671 dicentem:
3498 2613 3570 2671 Et

1981 2699 2170 2753 mortui
2202 2710 2462 2773 resurgent
2482 2702 2779 2773 incorrupti,
2812 2712 2859 2757 et
2883 2720 2975 2759 nos
3002 2704 3397 2763 immutabimur.
3420 2708 3570 2777 Quo—

1982 2792 2143 2849 modo
2180 2793 2614 2850 immutabimur?
2659 2795 2954 2852 Seminatur
2972 2814 3157 2869 corpus
3187 2800 3428 2870 animale,
3451 2817 3567 2856 sure

1983 2893 2064 2955 get
2086 2901 2269 2957 corpus
2296 2888 2569 2956 spirituale
2600 2888 2643 2962 (Ι
2674 2887 2794 2945 Cor.
2817 2906 2911 2958 xv,
2940 2890 3030 2959 52,
3056 2892 3133 2963 4).
3163 2892 3304 2964 Ergo
3332 2894 3569 2951 semina-

1984 2985 2073 3032 tur
2095 2979 2323 3036 mortale
2344 3021 2359 3046 ,
2388 2990 2631 3053 resurget
2672 2983 3011 3052 immortale;
3059 2985 3352 3041 seminatur
3378 3001 3570 3044 corru-

1985 3068 2202 3140 ptibile,
2251 3082 2497 3145 resurget
2545 3075 2967 3144 incorruptibile.
3018 3076 3361 3134 Mutationem
3389 3080 3572 3151 itaque

1983 3171 2353 3232 exspectamus
2387 3166 2497 3221 :ita
2546 3167 2798 3238 peribunt
2839 3169 2994 3237 caeli,
3046 3178 3099 3226 et
3148 3170 3573 3229 immutabuntur

1983 3255 2126 3310 ereti.
2172 3255 2277 3313 Sed
2319 3258 2544 3315 fortasse
2573 3270 2877 3318 sanctorum
2918 3276 3142 3333 corpora
3170 3278 3274 3319 non
3306 3273 3452 3320 recte
3480 3264 3566 3321 di-

1985 3355 2180 3403 cuntur
2216 3348 2381 3405 coeli?
2422 3349 2477 3407 Si
2506 3366 2613 3406 non
2654 3361 2866 3422 portant
2909 3353 3076 3410 Deum
3101 3396 3115 3419 ,
3149 3369 3257 3410 non
3285 3354 3393 3411 sint
3417 3356 3566 3412 caeli.

1988 3437 2058 3494 Et
2084 3439 2225 3496 unde
2246 3482 2261 3509 ,
2308 3440 2512 3512 inquit,
2562 3442 2694 3498 mihi
2740 3444 2935 3515 probas
2963 3445 3083 3516 quia
3110 3454 3324 3517 portant
3352 3446 3568 3503 Deum?

1986 3530 2167 3602 Usque
2196 3532 2399 3590 adeone
2425 3534 2623 3591 excidit
2643 3535 2757 3602 tibi,
2782 3535 3076 3607 Gloriﬁcate
3108 3547 3154 3593 et
3182 3549 3378 3611 portate
3404 3537 3574 3595 Deum

1986 3624 2040 3679 in
2076 3642 2286 3697 corpore
2322 3635 2484 3682 vestro
2526 3627 2637 3699 (ld.
2667 3644 2722 3683 vr
2744 3670 2761 3698 ,
2802 3628 2931 3702 20)?
2960 3629 3102 3701 Ergo
3137 3631 3270 3688 tales
3297 3631 3422 3690 caeli
3451 3646 3579 3703 per-

1988 3716 2174 3784 ibunt,
2201 3717 2295 3774 sed
2345 3734 2451 3775 non
2481 3718 2535 3775 in
2557 3727 2851 3786 internum;
2898 3721 3144 3790 peribunt
3182 3731 3241 3778 ut
3277 3732 3573 3780 mutentur.

1988 3809 2070 3863 An
2109 3823 2217 3865 non
2258 3808 2361 3865 hoc
2404 3809 2533 3865 dicit
2576 3810 2859 3867 Psalmus?
2906 3811 3049 3883 Lege
3098 3814 3374 3883 sequentia
3407 3830 3422 3867 :
3455 3831 3475 3866 ι
3510 3813 3579 3870 Et

1989 3915 2179 3957 omnes
2207 3902 2344 3957 sicut
2372 3903 2749 3959 vestimentum
2779 3911 3133 3970 veterascent,
3164 3912 3218 3958 et
3246 3904 3384 3960 sicut
3411 3920 3574 3980 oper-

1989 3993 2182 4048 torium
2210 3993 2442 4050 mutabis
2468 4008 2562 4049 eos
2583 4034 2599 4061 ,
2632 4003 2689 4050 et
2712 3993 3097 4059 mutabuntur;
3129 4002 3186 4049 tu
3214 4003 3392 4052 autem
3422 3995 3569 4054 idem

1990 4084 2105 4154 ipse
2129 4099 2207 4151 es,
2231 4093 2287 4140 et
2313 4085 2434 4140 anni
2466 4084 2540 4141 tui
2566 4100 2673 4141 non
2699 4085 2964 4142 deficient.
2981 4104 3002 4139 ι
3024 4086 3242 4143 Vestem
3271 4088 3442 4155 audis,
3475 4104 3571 4148 oo-

1991 4177 2317 4248 0pertorium
2345 4177 2530 4247 audis,
2581 4187 2636 4233 et
2661 4177 2804 4234 aliud
2844 4193 3006 4250 quam
3035 4194 3232 4251 corpus
3280 4181 3577 4256 intelligis?

1991 4268 2280 4340 Speremus
2320 4284 2449 4341 ergo
2497 4269 2659 4327 etiam
2697 4270 3122 4328 immutationem
3160 4286 3449 4345 corporum
3478 4288 3579 4333 no-

1994 4368 2226 4416 strorum
2250 4404 2266 4430 ,
2317 4361 2414 4417 sed
2443 4369 2620 4419 tamen
2646 4363 2715 4419 ab
2752 4362 2846 4418 illo
2873 4363 2961 4435 qui
2988 4372 3102 4420 erat
3128 4374 3182 4421 et
3208 4373 3332 4422 ante
3359 4380 3458 4422 nos
3484 4406 3500 4435 ,
3526 4375 3583 4425 et

1993 4462 2175 4510 manet
2198 4462 2319 4525 post
2345 4470 2473 4521 nos;
2501 4470 2532 4510 a
2558 4470 2664 4527 quo
2690 4470 2875 4511 sumus
2903 4456 3046 4527 quod
3075 4471 3260 4515 sumus
3284 4500 3300 4527 ,
3331 4459 3400 4515 ad
3420 4475 3580 4533 quem

1994 4548 2271 4603 veniemus
2301 4563 2422 4604 eum
2451 4547 2715 4605 fuerimus
2728 4549 2954 4616 mutati;
2985 4557 3298 4619 mutantem,
3327 4566 3434 4609 non
3459 4568 3582 4609 mu-

1997 4650 2193 4708 tatum;
2242 4643 2524 4698 facientem
2549 4683 2565 4711 ,
2617 4657 2726 4698 non
2752 4641 2986 4710 factum;
3026 4652 3081 4700 et
3110 4654 3411 4701 moventem
3437 4688 3453 4714 ,
3484 4645 3583 4702 sed

1995 4743 2301 4791 manentem
2326 4750 2339 4800 ;
2365 4743 2419 4790 et
2444 4734 2713 4805 quomodo
2741 4734 2968 4807 intelligi
2993 4749 3022 4788 a
3051 4750 3213 4793 carne
3238 4746 3295 4794 et
3321 4736 3583 4808 sanguine

1996 4835 2209 4898 potest,
2255 4825 2371 4898 Ego
2406 4842 2519 4881 sum
2561 4826 2649 4897 qui
2675 4842 2829 4882 sum:
2860 4824 2937 4881 Tu
2974 4841 3091 4882 vero
3122 4828 3257 4882 idem
3279 4827 3388 4898 ipse
3413 4843 3500 4895 es,
3535 4836 3585 4884 et

1997 4918 2120 4972 anni
2141 4918 2215 4971 tui
2242 4932 2344 4971 non
2367 4915 2626 4987 deﬁcient.
2672 4915 2780 4973 Sed
2806 4931 2904 4971 nos
2923 4916 2990 4971 ad
3019 4915 3141 4972 illos
3159 4930 3330 4972 annos
3352 4931 3477 4972 eum
3497 4915 3585 4973 his

1998 5014 2251 5087 pannosis
2290 5014 2445 5069 annis
2471 5011 2599 5085 quid
2643 5011 2874 5069 sumus?
2921 5009 2990 5067 Et
3022 5010 3099 5066 illi
3128 5009 3219 5081 qui
3257 5010 3421 5066 sunt?
3473 5009 3585 5071 Nec

2002 5118 2180 5164 tamen
2222 5107 2508 5178 desperare
2552 5105 2825 5161 debemus.
2871 5102 2990 5158 1am
3038 5102 3180 5157 enim
3210 5102 3584 5175 magnitudine

2000 5201 2229 5273 quadam
2257 5209 2311 5257 et
2335 5196 2652 5256 excellentia
2676 5194 2951 5267 sapientia:
2971 5194 3198 5263 dixerat,
3230 5192 3344 5267 Ego
3363 5197 3584 5269 suntqui

1999 5315 2109 5354 sum
2132 5314 2153 5362 ;
2183 5303 2237 5352 et
2266 5304 2442 5351 tamen
2471 5292 2537 5347 ad
2569 5306 2667 5347 nos
2689 5287 3065 5355 consolandos,
3089 5287 3202 5359 Ego
3224 5306 3358 5357 sum,
3388 5289 3583 5361 inquit,

2000 5391 2140 5447 Deus
2161 5388 2417 5443 Abraham
2442 5429 2458 5455 ,
2494 5394 2541 5440 et
2564 5382 2704 5439 Deus
2727 5381 2879 5437 Isaac
2898 5423 2913 5449 ,
2943 5391 2991 5437 et
3013 5381 3151 5437 Deus
3175 5381 3339 5439 Iacob
3361 5400 3381 5439 :
3411 5393 3463 5440 et
3486 5398 3587 5441 nos

2001 5482 2233 5541 Abrahae
2261 5495 2445 5537 semen
2471 5492 2655 5535 sumus
2685 5475 2880 5551 (Galat.
2906 5492 2983 5542 nt,
3011 5474 3105 5549 29)
3139 5495 3153 5532 :
3186 5487 3242 5533 et
3271 5492 3369 5533 nos
3397 5492 3587 5548 quam-

2000 5580 2083 5635 vis
2110 5574 2304 5647 abjecti
2327 5615 2343 5642 ,
2366 5570 2609 5644 quamvis
2646 5578 2789 5626 term
2816 5578 2871 5625 et
2896 5568 3051 5635 cinis,
3084 5568 3137 5623 in
3165 5568 3257 5624 illo
3285 5580 3586 5638 speramus.

2000 5668 2155 5727 Servi
2195 5678 2415 5730 sumus;
2456 5659 2553 5718 sed
2585 5670 2810 5734 propter
2836 5674 2937 5717 nos
2959 5659 3217 5715 Dominus
3251 5667 3434 5715 noster
3470 5655 3583 5715 for-

2005 5777 2147 5825 mam
2168 5757 2310 5819 servi
2337 5752 2543 5834 aecepit
2568 5752 2830 5832 (Philipp.
2857 5768 2917 5845 ῃ,
2948 5751 3005 5827 7)
3031 5768 3045 5807 :
3078 5757 3297 5831 propter
3320 5764 3420 5814 nos
3444 5764 3591 5845 mora,
