4088 6508
494 331 635 391 1M5

496 449 631 506 tales
657 446 674 479 ¹
700 441 1019 500 immortalis
1040 436 1176 493 mori
1201 441 1388 498 vount,
1418 432 1635 499 propter
1654 436 1749 478 nos
1776 420 1877 475 hoc
1902 430 2078 472 exem-

496 539 646 612 plum
689 530 1100 592 resurrectionis
1134 520 1390 582 ostendit.
1422 517 1564 588 Ergo
1590 523 1866 585 Speremus
1894 514 2082 562 ventu-

498 597 590 689 ius
618 642 715 685 nos
737 626 803 682 ad
835 625 933 679 hos
958 632 1128 675 annos
1155 623 1358 671 stantes
1381 653 1395 679 ,
1427 610 1481 665 in
1508 606 1701 679 quibus
1732 617 1836 658 non
1858 597 2085 657 circuitu

501 724 633 782 solis
662 724 987 791 peraguntur
1007 711 1151 775 dies,
1183 706 1278 763 sed
1305 707 1486 760 manet
1520 698 1661 771 quod
1692 706 1775 753 est
1801 693 1953 751 siculi
1981 697 2082 755 est,

502 815 626 887 quia
659 812 760 866 hoc
790 806 962 862 solum
993 812 1117 858 rere
1138 807 1238 855 est.

572 908 659 962 l5.
691 902 838 976 [vers.
864 895 981 970 29.]
1010 894 1117 950 Nos
1147 901 1324 947 autem
1352 898 1529 944 utrum
1556 879 1841 953 aliquando
1869 877 1941 933 ibi
1968 887 2090 931 esse

500 973 769 1073 possimus
795 996 901 1050 dic.
926 989 1084 1056 Audi,
1114 996 1169 1044 et
1189 985 1314 1041 vide
1337 991 1513 1038 utrum
1542 978 1738 1035 debeas
1766 973 2087 1041 desperare;

502 1060 629 1149 andi
668 1088 811 1161 quod
840 1084 1084 1157 sequitur
1118 1099 1131 1135 :
1168 1077 1295 1133 Filii
1322 1086 1577 1132 servorum
1611 1078 1813 1123 tuorum
1844 1060 2095 1117 inhabita-

507 1187 655 1241 bant.
687 1154 789 1237 libi
821 1154 999 1233 nisi‘in
1024 1173 1177 1229 annis
1206 1184 1312 1225 non
1338 1158 1747 1222 deﬁcientibus?
1778 1154 1903 1209 Filii
1931 1164 2096 1207 servo-

507 1293 625 1333 rum
656 1285 857 1328 tuorum
882 1266 1265 1327 inhabitabant;
1294 1269 1340 1314 et
1368 1272 1534 1314 semen
1563 1265 1737 1308 eorum
1770 1249 1823 1302 in
1858 1243 2097 1301 circulum

511 1369 758 1439 dirigetur
777 1367 797 1396 ³
830 1380 843 1417 :
868 1363 921 1417 in
942 1358 1194 1415 smcuium
1224 1351 1424 1417 saeculi,
1452 1350 1504 1404 in
1535 1343 1789 1401 saeculum
1814 1348 2095 1398 aeternum,

512 1460 573 1515 in
597 1437 853 1513 steculum
882 1463 1124 1506 manens.
1153 1445 1257 1502 Sed
1289 1442 1385 1513 ﬁlii
1406 1482 1421 1507 ,
1454 1437 1657 1509 inquit,
1690 1444 1945 1487 servorum
1985 1438 2099 1480 tuo-

514 1567 631 1607 rum
654 1566 673 1603 :
693 1544 1037 1603 metuendum
1062 1556 1131 1597 ne
1157 1553 1255 1594 nos
1272 1534 1413 1592 servi
1438 1533 1530 1588 Dei
1542 1530 1796 1594 simus,et
1824 1522 1914 1577 ﬁlii
1934 1518 2101 1576 nostri

512 1645 589 1701 ibi
605 1641 762 1698 futuri
779 1641 904 1704 sint,
928 1651 1032 1692 non
1046 1649 1143 1691 nos
1161 1631 1303 1689 iAut
1323 1629 1367 1686 si
1388 1642 1485 1685 nos
1502 1625 1594 1680 ﬁlii
1606 1634 1789 1677 sumus
1804 1628 2106 1683 servorum,

513 1738 637 1814 quia
655 1736 746 1796 ﬁlii
768 1750 950 1794 sumus
963 1729 1339 1804 Apostolorum
1349 1768 1363 1790 ,
1380 1721 1507 1795 quid
1522 1719 1713 1776 dicturi
1732 1728 1915 1771 sumus
1926 1712 1950 1766 Ἰ
1961 1709 2108 1779 Quae-

517 1848 640 1892 nam
655 1830 864 1889 tandem
877 1803 1095 1883 audacia
1109 1832 1214 1878 tam
1228 1817 1405 1874 infelix
1420 1815 1646 1870 ﬁliorum
1660 1803 2109 1865 subnascentium,

520 1933 578 1982 et
598 1922 797 1980 recenti
818 1916 1161 1976 successione
1182 1908 1542 1984 gloriandum,
1562 1916 1680 1974 qttae
1692 1899 1884 1955 audeat
1899 1894 2107 1950 dicere:

525 2017 634 2075 Nos
663 2017 735 2073 ibi
766 2015 997 2079 erimus;
1030 2005 1272 2080 Apostoli
1300 2002 1371 2058 ibi
1403 2014 1510 2054 non
1538 1992 1738 2052 erunt?
1780 1989 1932 2046 Absit
1960 1988 2059 2041 hoc
2083 1999 2112 2040 a

526 2112 725 2183 pietate
736 2107 963 2163 ﬁliorum
972 2077 990 2170 ,7
1009 2077 1146 2157 absit
1163 2114 1191 2153 a
1209 2096 1313 2152 ﬁde
1328 2091 1690 2165 parvulorum,
1711 2083 1849 2139 absit
1867 2081 1935 2136 ab
1953 2077 2113 2134 intel-

532 2172 749 2273 ligentia
798 2196 1097 2270 grandium.
1150 2190 1224 2246 ibi
1269 2192 1424 2244 erunt
1462 2191 1518 2238 et
1565 2176 1807 2251 Apostoli
1858 2191 1873 2228 :
1923 2172 2115 2226 arietes

524 2294 859 2367 praecedunt,
891 2289 1011 2361 agni
1048 2292 1362 2355 sequuntur.
1392 2278 1571 2345 Quare
1608 2286 1766 2341 ergo,
1799 2268 1921 2322 Filii
1948 2278 2115 2320 servo-

525 2353 642 2442 }um
667 2353 901 2447 luorum;
925 2353 979 2435 Et
1002 2392 1106 2432 non
1130 2353 1200 2430 de
1227 2368 1545 2441 compendio
1571 2408 1586 2433 ,
1618 2361 1771 2419 Servi
1798 2357 1911 2414 tui?
1941 2356 2009 2411 Et
2035 2353 2118 2408 illi

523 2479 663 2535 servi
688 2477 779 2543 tui,
809 2481 864 2529 et
889 2472 979 2527 ﬁlii
1014 2481 1198 2524 eorum
1236 2464 1376 2519 servi
1416 2459 1515 2523 tui,
1547 2464 1601 2513 ct
1624 2454 1846 2510 istorum
1888 2448 1979 2503 ﬁlii
2023 2461 2117 2500 ne-

527 2578 681 2641 potes
706 2535 935 2627 illorum,
960 2558 1110 2632 quid,
1138 2556 1239 2612 nisi
1269 2552 1409 2610 servi
1437 2549 1547 2606 tui‘l
1573 2546 1772 2603 Omnes
1802 2535 2122 2609 compendio

528 2627 834 2718 includeres
858 2699 873 2723 ,
914 2656 957 2711 si
982 2627 1201 2708 diceres
1235 2667 1247 2703 :
1279 2645 1432 2704 Servi
1477 2642 1553 2697 tui
1593 2633 1987 2695 inhabitabant.
2032 2627 2124 2682 Vi-

530 2754 751 2810 deamus
778 2718 905 2821 quid
941 2760 1038 2802 nos
1072 2740 1303 2798 voluerit
1329 2737 1641 2791 admonere.
1669 2729 1767 2784 Est
1795 2726 1938 2781 enim
1972 2718 2127 2791 quid-

529 2845 651 2901 dam
677 2816 883 2914 gestum
908 2840 961 2893 iit
985 2835 1255 2907 prioribus
1273 2830 1511 2886 saeculis.
1531 2825 1638 2880 Per
1657 2816 2005 2892 quadraginta
2033 2827 2128 2866 an-

533 2952 633 2995 nos
660 2912 756 2990 ﬁlii
797 2932 956 2988 Israel
1001 2928 1164 2984 attriti
1195 2931 1321 2981 sunt
1358 2923 1412 2977 in
1460 2932 1687 2976 eremo:
1721 2912 1900 2967 nullus
1942 2919 2128 2963 eorum

538 3028 758 3087 intravit
811 3026 863 3079 in
912 3032 1109 3077 terram
1154 3010 1550 3089 promissionis,
1605 3005 1699 3061 sed
1750 3003 1841 3059 lilii
1895 3011 2120 3061 eorum;

532 3123 802 3180 intrarunt
826 3131 976 3183 sane,
1009 3114 1131 3185 quia
1160 3112 1232 3167 ita
1257 3106 1626 3167 recordamur,
1659 3100 1761 3154 nisi
1794 3096 1972 3157 fallor,
2000 3090 2125 3155 duo,

532 3213 714 3271 eceteri
740 3224 846 3267 non
875 3182 1062 3279 (Nam.
1094 3219 1210 3270 xxv,
1239 3201 1334 3267 29,
1362 3196 1475 3270 '50).
1505 3194 1775 3250 Intrarunt
1800 3187 1875 3275 de
1894 3192 1971 3241 tot
1999 3182 2122 3238 mil-

534 3308 674 3365 libus
704 3305 830 3360 duo.
868 3270 1190 3357 babomtuni
1219 3302 1302 3349 est
1328 3304 1449 3347 cum
1478 3288 1557 3343 eis
1590 3292 1795 3340 tantum
1828 3298 1841 3333 :
1870 3270 1963 3333 Sed
1994 3275 2133 3329 Deus

536 3413 643 3454 non
671 3396 908 3456 laborat;
938 3400 1084 3446 certe
1114 3387 1497 3442 laboraverunt
1526 3376 1666 3433 servi
1697 3371 1886 3444 ipsius.
1918 3369 2129 3437 Quanta

484 3520 495 3525 -
536 3487 786 3561 pertulit,
816 3490 1011 3556 quanta
1056 3477 1259 3534 audivit
1296 3473 1507 3545 Moyses
1546 3482 1646 3539 pro
1683 3460 1986 3519 hominibus
2023 3471 2132 3512 non

538 3551 898 3637 intraturis—in
936 3583 1132 3628 terram
1165 3561 1581 3639 promissionis?
1620 3559 1900 3613 intrarunt“
1919 3551 2013 3606 ﬁlii
2039 3564 2135 3606 eo-

543 3686 691 3738 rum,
719 3668 847 3739 quid
864 3663 1127 3737 signiﬁcat
1146 3660 1171 3715 ‘l
1192 3659 1457 3713 Intrarunt
1483 3652 1606 3707 novi
1628 3648 1892 3711 homines,
1922 3649 2133 3698 veteres

538 3778 647 3823 non
677 3764 957 3818 intrarunt.
994 3757 1119 3811 inde
1134 3763 1313 3809 tamen
1342 3745 1752 3810 intrarunttluo,
1780 3754 1916 3796 unus
1938 3748 1991 3795 et
2013 3737 2135 3793 uni-

542 3866 654 3924 tas,
693 3864 944 3925 tanquam
975 3855 1134 3919 caput
1169 3855 1222 3902 et
1250 3856 1448 3913 corpus
1468 3883 1483 3909 ,
1512 3837 1754 3896 Christus
1780 3842 1834 3890 et
1871 3829 2137 3896 Ecclesia,

542 3920 665 4007 cum
696 3920 841 4003 omn
873 3944 961 4001 illa
1000 3944 1272 4001 novitate,
1305 3934 1359 3990 id
1386 3940 1470 3989 est
1508 3931 1758 3985 ﬁliorum.
1806 3925 1985 3995 Ergo,
2018 3920 2142 3975 Filii

542 4057 798 4101 sanorum
821 4048 1023 4094 tuorum
1052 4028 1422 4088 inhabitabant.
1474 4023 1600 4079 Filii
1642 4034 1935 4082 servorum,
1980 4026 2143 4085 opera

544 4149 823 4195 servorum
853 4138 1022 4194 sunt;
1080 4139 1239 4182 nemo
1268 4123 1338 4179 ibi
1390 4117 1677 4182 habitabit,
1729 4112 1830 4167 nisi
1857 4124 1955 4182 per
1976 4120 2141 4178 opera

545 4242 663 4285 sua.
691 4222 828 4291 Quid
848 4222 1006 4293 igitur
1033 4225 1136 4285 est,
1168 4224 1223 4272 et
1249 4213 1343 4269 ﬁlii
1372 4204 1727 4266 habitabunt?
1753 4202 1923 4259 Nemo
1950 4198 2145 4271 glorie-

548 4327 637 4375 tur
661 4331 721 4373 se
747 4313 1105 4369 habitaturum
1124 4350 1137 4373 ,
1168 4306 1213 4361 si
1241 4304 1371 4360 dicit
1396 4315 1457 4357 se
1484 4312 1699 4355 servum
1732 4294 1851 4359 Dei,
1884 4300 1939 4347 et
1978 4302 2144 4360 opera

548 4398 657 4468 non
682 4406 879 4469 habet;
925 4416 1033 4457 non
1060 4400 1200 4455 enim
1233 4394 1547 4451 habitabant
1590 4391 1690 4445 nisi
1739 4386 1853 4441 ﬁlii.
1896 4383 2035 4451 Quid
2063 4390 2147 4437 est

549 4513 711 4571 ergo,
748 4493 875 4548 Filii
914 4505 1174 4547 servorum
1202 4496 1406 4542 tuorum
1442 4477 1843 4536 inhabitabant?
1869 4474 2025 4530 Servi
2051 4487 2147 4544 per

550 4564 715 4662 opera
740 4600 837 4642 sua
866 4580 1253 4642 inhabitabant,
1286 4573 1433 4630 servi
1457 4586 1552 4642 per
1572 4569 1711 4625 ﬁlios
1735 4580 1863 4623 suos
1884 4564 2148 4619 inhabita-

551 4656 705 4739 bant.
724 4678 842 4735 Noli
871 4689 1001 4746 ergo
1030 4686 1149 4729 esse
1178 4667 1392 4731 sterilis,
1423 4664 1467 4720 si
1486 4664 1563 4719 vis
1585 4661 1855 4725 habitare;
1890 4656 2149 4728 praimitte

554 4774 695 4831 fctus
715 4785 850 4844 quos
868 4765 1128 4838 sequaris,
1160 4755 1551 4833 praemittendo,
1579 4769 1683 4810 non
1711 4750 2000 4809 cﬁ'erendo.
2026 4748 2149 4805 Filii

559 4867 637 4923 tui
686 4877 737 4921 te
765 4861 1034 4919 deducant
1061 4855 1127 4912 ad
1158 4864 1356 4911 terram
1381 4846 1753 4922 promissionis
1776 4887 1789 4910 ,
1830 4853 2025 4899 terram
2064 4843 2148 4896 vi—

553 4958 786 5015 ventium
806 4969 938 5023 ,non
962 4946 1304 5007 morientium
1335 4961 1348 4997 :
1380 4956 1503 5000 cum
1528 4940 1614 4995 hic
1645 4938 1782 4993 vivis
1810 4936 1863 4991 in
1890 4936 1991 4990 hac
2015 4948 2145 5005 per-

555 5047 917 5121 egrinatione,
944 5042 1026 5099 illi
1074 5036 1426 5103 antecedant,
1456 5030 1754 5102 suscipiant
1780 5036 1832 5084 te
1852 5027 1896 5081 ³.
1925 5026 2151 5096 Propter

557 5118 905 5199 refectionem
933 5134 1225 5201 carnalem,
1253 5130 1393 5185 ﬁlius
1423 5124 1708 5182 antecessit
1732 5120 1896 5178 Jacob
1915 5120 1967 5175 in
1985 5118 2151 5191 Egy-

558 5243 710 5306 ptum
733 5275 746 5299 ,
776 5244 831 5289 et
859 5232 935 5287 ait
960 5230 1097 5301 patri
1123 5241 1221 5283 suo
1251 5232 1305 5281 et
1335 5220 1587 5279 fratribus
1616 5218 1728 5274 suis
1757 5233 1770 5270 :
1802 5214 1912 5287 Ego
1935 5213 2151 5286 prwveni

560 5343 855 5401 praeparare
896 5325 1033 5381 vobis
1058 5340 1197 5379 escas
1225 5318 1377 5396 (Gen.
1401 5333 1532 5385 xu,
1567 5315 1642 5388 7).
1684 5311 1995 5370 Praaccdant
2023 5325 2151 5382 ergo

622 5465 641 5496 ι
677 5463 760 5513 Hic
785 5473 896 5523 vox,
920 5456 1164 5519 mortales,
1192 5461 1244 5507 et
1273 5453 1495 5519 proximo
1516 5448 1640 5501 infra
1675 5448 1801 5509 loco,
1828 5458 1931 5509 nos,
1954 5458 2050 5495 non
2075 5451 2152 5496 est

622 5568 811 5648 ίῖιὶόη
833 5583 886 5637 in
906 5580 1139 5637 uacuum
1160 5578 1333 5648 standi
1349 5576 1603 5648 dirigetur.
1622 5576 1785 5648 Abest,
1803 5568 1995 5648 διεσκέιῇ
2005 5577 2148 5648 ansa.

625 5652 646 5684 ³
678 5634 769 5714 Si};
792 5634 975 5714 aliquot
998 5653 1102 5697 Mss.
1130 5634 1545 5714 Αιὶἰιγθιλιδοὶρξέηξς
1563 5634 1826 5714 te‘proptc:
1845 5634 2153 5714 refectionem

560 5695 1248 5781 Messiamque;
1265 5695 1651 5781 anniset;
1797 5695 1912 5781 ωειί

562 5757 1071 5841 E3553;
1091 5777 1137 5820 te
1158 5772 1353 5841 propter
1375 5757 1684 5828 fefeclionein
1710 5762 1974 5813 carnalem.
2000 5757 2153 5814 Filius

556 5826 740 5901 ,Joseplt
764 5826 1013 5890 mueccssit
1044 5826 1214 5893 Jaca'b,
1238 5826 1339 5882 etc.

1732 305 1790 363 S.
1832 293 2200 360 AUGUSTINI
2236 293 2536 353 EPISCOPI

3700 282 3843 342 15ίῦ

2194 410 2288 466 ﬁlii
2327 410 2436 476 tui,
2478 406 2783 480 praecedant
2813 413 2867 464 te
2903 420 3065 479 opera
3097 414 3183 461 tua
3212 422 3225 459 :
3253 403 3472 479 quales
3508 400 3669 457 ﬁlios
3695 415 3841 471 prae-

2189 502 2424 571 miseris,
2447 503 2581 558 tales
2610 502 2628 533 ί
2660 510 2715 557 et
2739 499 2997 572 sequeris.

2692 712 2775 775 IN
2808 708 3188 774 PSALMUM
3228 707 3344 773 CII

2766 832 3186 892 ENARRATIO.

2836 964 3009 1007 srian
3047 948 3149 1020 (α).

2272 1093 2324 1147 l.
2356 1090 2506 1165 [υεη.
2536 1087 2615 1165 1.]
2637 1088 2696 1145 in
2726 1088 2873 1145 omni
2902 1102 3125 1143 munere
3153 1083 3379 1141 Domini
3415 1082 3529 1140 Dei
3564 1082 3770 1150 nostri,
3796 1082 3848 1139 in

2202 1184 2350 1240 omni
2378 1183 2494 1253 ejus
2521 1181 2908 1248 consolatione,
2942 1177 2999 1235 in
3024 1178 3170 1236 omni
3198 1176 3607 1248 correptione,
3646 1175 3704 1229 in
3734 1190 3850 1245 gra-

2203 1278 2274 1333 tia
2322 1292 2480 1347 quam
2523 1276 2724 1331 donare
2766 1274 3012 1345 dignatus
3053 1279 3169 1339 est,
3216 1269 3269 1325 in
3322 1266 3702 1339 indulgentia
3748 1281 3849 1336 qua

2204 1369 2360 1426 nobis
2408 1383 2516 1424 non
2567 1366 2670 1422 hoc
2722 1364 2952 1421 reddidit
2995 1361 3135 1435 quod
3162 1360 3453 1423 debebat,
3495 1358 3557 1412 in
3593 1356 3849 1412 omnibus

2209 1463 2460 1535 operibus
2485 1460 2619 1533 ejus,
2645 1457 2923 1515 benedicat
2950 1457 3125 1512 anima
3146 1464 3329 1510 nostra
3361 1452 3714 1507 Dominum.
3740 1447 3847 1506 Hoc

2208 1557 2350 1613 enim
2389 1554 2755 1618 cantavimus;
2788 1550 2911 1607 inde
2938 1548 3124 1619 incipit
3149 1546 3446 1611 Psalmus,
3497 1543 3573 1599 de
3618 1558 3731 1614 quo
3771 1542 3849 1596 lo.

2210 1662 2455 1722 queatur,
2487 1644 2722 1705 donante
2749 1643 2889 1717 ipso,
2920 1639 3061 1717 quod
3094 1651 3418 1715 possumus,
3453 1650 3634 1712 quem
3668 1642 3846 1692 nostra

2213 1743 2388 1798 anima
2416 1741 2704 1798 benedicit.
2735 1737 3111 1810 Unusquisque
3140 1743 3395 1791 nostrum
3427 1730 3653 1787 excitet
3679 1738 3735 1785 et
3762 1745 3849 1785 ex-

2216 1836 2459 1893 hortetur
2486 1835 2717 1890 animam
2748 1847 2936 1900 suam,
2975 1838 3030 1886 et
3058 1829 3200 1885 dicat
3224 1828 3273 1884 ei
3310 1845 3324 1883 :
3361 1824 3652 1890 Benedic,
3684 1823 3846 1876 anima

2217 1944 2360 1995 mea,
2391 1926 2685 1981 Dominum.
2714 1923 2783 1979 Et
2809 1936 2997 1977 omnes
3037 1934 3169 1987 nos,
3217 1926 3271 1975 et
3310 1918 3416 1989 qui
3468 1915 3687 1985 ubique
3730 1921 3847 1967 sunt

2218 2021 2411 2077 fratres
2442 2020 2493 2075 in
2524 2018 2769 2083 Christo,
2802 2030 2936 2070 unus
2977 2013 3140 2069 homo
3160 2054 3174 2079 ,
3203 2010 3365 2081 cujus
3406 2016 3588 2081 caput
3630 2006 3685 2061 in
3717 2005 3845 2061 coelo

2220 2122 2321 2179 est,
2352 2111 2669 2168 exhortetur
2695 2109 2808 2180 ipse
2839 2120 2978 2162 unus
3002 2104 3165 2160 homo
3190 2102 3444 2159 animam
3475 2114 3664 2163 suam,
3695 2107 3748 2153 et
3769 2096 3843 2151 di-

2220 2212 2307 2261 cat
2332 2204 2379 2259 ei
2406 2221 2418 2258 :
2448 2199 2668 2257 Benedic
2689 2242 2703 2267 ,
2744 2199 2914 2253 anima
2939 2212 3079 2265 mea,
3113 2194 3423 2249 Dominum.
3458 2189 3725 2254 Obaudit,
3754 2187 3841 2243 0b-

2223 2303 2513 2367 temperat,
2564 2292 2689 2348 facit
2734 2289 2869 2357 hoc,
2920 2285 3270 2359 persuadetur
3301 2284 3353 2340 ei
3380 2325 3396 2352 ,
3445 2298 3565 2338 non
3605 2296 3675 2336 ex
3698 2277 3842 2334 donis

2226 2386 2458 2452 nostris,
2486 2384 2583 2441 sed
2609 2400 2675 2439 ex
2710 2383 2854 2438 illius
2878 2395 3037 2451 quem
3078 2374 3355 2434 benedicit
3398 2374 3598 2429 anima
3647 2378 3836 2427 nostra.

2225 2477 2471 2547 Suscepit
2517 2475 2659 2531 enim
2703 2473 2939 2545 psalmus
2989 2471 3090 2526 iste
3133 2464 3433 2523 ostendere
3484 2463 3650 2520 nobis
3689 2474 3839 2531 quare

2227 2567 2515 2627 benedicat
2538 2567 2713 2622 anima
2739 2572 2918 2621 nostra
2941 2561 3245 2625 Dominum,
3270 2556 3437 2628 quasi
3461 2555 3516 2612 ei
3536 2550 3837 2625 respondiso

2230 2670 2313 2719 set
2340 2661 2516 2717 anima
2544 2673 2638 2714 sua
2662 2676 2677 2712 :
2708 2657 2882 2725 Quare
2907 2653 3037 2711 mihi
3060 2652 3215 2718 dicis,
3238 2648 3491 2706 Benedic
3522 2643 3833 2703 Dominumi

2230 2753 2525 2811 Audiamus
2557 2764 2705 2823 ergo,
2738 2747 2917 2804 audiat
2950 2748 3063 2819 ipsa
3092 2745 3267 2799 anima
3289 2749 3510 2806 nostra,
3542 2735 3837 2794 consideret

2232 2846 2413 2903 omnia
2440 2844 2631 2916 quibus
2659 2842 2953 2907 excitetur,
2986 2853 3053 2894 ne
3094 2838 3241 2908 pigra
3271 2835 3345 2890 sit
3374 2835 3433 2889 in
3473 2829 3833 2889 benedictione

2235 2936 2479 3002 Domini;
2513 2943 2567 2990 et
2591 2932 2767 2988 videat
2796 2947 2861 2985 an
2889 2930 3091 3000 justum
3122 2928 3191 2983 sit
3219 2924 3368 2996 quod
3413 2923 3468 2979 ei
3495 2921 3716 2987 dicitur,
3744 2916 3833 2973 Be-

2234 3032 2413 3095 nedic,
2454 3029 2625 3083 anima
2650 3042 2759 3081 mea
2780 3067 2795 3092 ,
2826 3023 3144 3079 Dominum:
3168 3017 3353 3074 videat
3401 3018 3450 3072 si
3497 3014 3666 3071 debet
3704 3009 3832 3065 aliud

2235 3121 2554 3181 benedicere
2582 3128 2777 3191 printer
2804 3117 3109 3173 Dominum.
3138 3111 3365 3168 Benedic
3385 3154 3403 3179 ,
3436 3108 3652 3181 inquit,
3680 3104 3833 3159 animo

2237 3232 2368 3282 mea,
2402 3212 2696 3267 Dominum.

2308 3308 2363 3362 ε.
2390 3304 2605 3377 Repetit
2642 3304 2745 3359 hoc
2767 3344 2783 3371 ,
2814 3311 2868 3359 et
2897 3298 3203 3371 expressius
3231 3296 3368 3353 dicit
3414 3292 3569 3368 quod
3609 3290 3831 3353 dixerat,

2239 3399 2478 3465 Benedic,
2498 3398 2669 3451 anima
2692 3411 2822 3462 mea,
2846 3393 3117 3448 Dominum
3139 3405 3159 3445 .‘
3181 3398 3228 3445 et
3248 3389 3430 3445 omnia
3450 3384 3693 3441 interiora
3712 3393 3826 3443 mea,

2240 3510 2421 3550 nomen
2448 3502 2675 3548 sanctum
2706 3490 2835 3555 eius.
2865 3487 3001 3544 Puto
3027 3486 3149 3557 quia
3183 3497 3295 3540 non
3322 3483 3395 3537 ad
3435 3480 3693 3537 interiora
3717 3486 3824 3527 cor-

2247 3586 2395 3659 poris
2437 3583 2702 3655 loquitur;
2744 3588 2874 3652 puto
2919 3593 3042 3635 cum
3079 3592 3187 3632 non
3214 3575 3316 3629 hoc
3341 3572 3554 3634 dicere,
3582 3575 3641 3622 ut
3667 3563 3825 3635 pulmo

2243 3688 2427 3737 noster
2456 3685 2510 3734 et
2533 3674 2707 3748 jecur,
2736 3682 2790 3729 et
2814 3674 2859 3727 si
2885 3686 2989 3741 qua
3016 3675 3138 3723 sunt
3158 3663 3415 3721 intestina
3438 3659 3641 3725 carnis,
3664 3669 3824 3712 erum-

2245 3779 2373 3844 pant
2427 3770 2480 3825 in
2526 3745 2715 3823 vocem
2762 3759 3151 3819 benedictionis
3195 3755 3433 3813 Domini.
3487 3752 3585 3808 Est
3631 3745 3822 3819 quidem

2247 3837 2429 3936 pulmo
2460 3858 2692 3932 pectoris
2717 3856 2885 3912 nostri
2917 3851 3069 3924 quasi
3112 3848 3254 3905 follis
3281 3847 3507 3919 quidam
3546 3837 3822 3898 anhelans‘

2246 3955 2489 4026 spiritum
2521 3951 2888 4020 reciprocum,
2920 3945 3011 4016 qui
3042 3941 3261 4014 spiritus
3309 3934 3564 4008 concepti
3609 3931 3737 3987 aeris
3776 3927 3820 3981 in

2247 4063 2433 4106 vocem
2460 4054 2514 4103 et
2542 4060 2732 4102 sonum
2759 4038 3094 4111 exprimitur,
3123 4050 3245 4092 cum
3273 4031 3441 4091 verba
3471 4028 3749 4101 digerimus
3772 4019 3819 4083 ’ς

2250 4155 2350 4197 nec
2393 4145 2567 4209 potest
2610 4132 2810 4205 aliquid
2838 4130 2987 4187 vocis
3017 4142 3211 4184 sonare
3257 4125 3323 4180 ab
3367 4139 3467 4179 ore
3498 4127 3709 4183 nostro,
3734 4106 3818 4166 nisi

2249 4229 2393 4304 quod
2424 4228 2604 4300 pulmo
2630 4238 2918 4296 expressus
2938 4219 3177 4277 emiserit
3202 4236 3216 4274 :
3241 4215 3336 4273 sed
3364 4231 3474 4271 non
3500 4213 3623 4267 hinc
3649 4205 3815 4277 agitur;

2252 4325 2355 4379 hoc
2378 4331 2549 4378 totum
2576 4317 2643 4374 ad
2673 4292 2830 4373 aures
2855 4313 3152 4369 hominum.
3171 4308 3345 4366 Habet
3373 4320 3533 4363 aures
3558 4302 3711 4365 Deus,
3735 4292 3814 4348 ba-

2252 4418 2343 4474 bet
2369 4425 2425 4471 et
2452 4428 2644 4470 sonum
2671 4425 2783 4466 cor.
2812 4406 3073 4465 interiora
3119 4418 3215 4459 sua
3246 4399 3537 4471 alloquitur
3564 4394 3741 4453 homo,
3768 4390 3816 4439 at

2253 4507 2572 4566 benedicant
2600 4502 2884 4559 Dominum
2907 4540 2922 4567 ,
2953 4506 3007 4554 et
3047 4494 3176 4551 dicit
3214 4492 3291 4549 eis
3321 4510 3333 4547 :
3365 4487 3557 4547 Omnia
3588 4479 3810 4539 interiora

2252 4616 2373 4659 mea
2416 4613 2612 4655 nomen
2661 4602 2904 4650 sanctum
2954 4590 3069 4661 ejus
3117 4584 3434 4643 benedicitc.
3483 4576 3681 4649 Quaeris
3712 4583 3811 4643 qua:

2252 4704 2377 4753 sunt
2406 4693 2657 4749 interiora
2688 4686 2813 4745 tua?
2839 4686 2956 4758 ipsa
2987 4684 3162 4739 anima
3209 4692 3314 4737 tua.
3359 4676 3514 4748 Quod
3558 4684 3678 4740 ergo
3714 4664 3802 4727 ait.

2254 4788 2493 4854 Benedic,
2522 4784 2694 4840 anima
2726 4797 2868 4848 mea,
2901 4777 3216 4841 Dominum;
3247 4773 3350 4829 hoc
3373 4770 3447 4826 ait
3472 4812 3487 4837 ,
3519 4762 3679 4823 omnia
3698 4758 3806 4811 intc-

2252 4882 2393 4936 riora
2412 4894 2543 4944 mea,
2574 4890 2756 4931 nomen
2782 4878 3015 4927 sanctum
3040 4868 3149 4940 ejus
3174 4882 3193 4921 :
3218 4859 3531 4921 subauditur
3554 4851 3704 4916 enim,
3725 4844 3806 4899 Bc-

2254 4971 2505 5030 nedicite.
2531 4967 2720 5026 Clama
2744 4964 2768 4998 ⁸
2797 4977 2932 5020 voce
2956 5004 2972 5031 ,
3001 4934 3155 5017 sivest
3179 4957 3341 5013 homo
3370 4954 3456 5025 qui
3488 4945 3656 5005 audiat
3682 4957 3695 4993 :
3724 4934 3804 4990 sile

2254 5081 2409 5135 voce,
2441 5061 2655 5136 quando
2680 5074 2788 5116 non
2816 5054 3015 5128 estqui
3046 5051 3262 5117 audiat;
3294 5044 3541 5104 interiora
3573 5048 3651 5095 tua
3681 5044 3797 5086 nun-

2255 5122 2413 5237 quam
2455 5122 2607 5215 deest
2648 5154 2740 5228 qui
2789 5122 2989 5209 audiat.
3036 5148 3219 5219 itaque
3268 5140 3490 5199 sonabat
3526 5122 3797 5205 jamdudum

2255 5254 2562 5315 benedictio
2606 5250 2673 5307 de
2703 5264 2799 5305 ore
2829 5254 3045 5312 nostro,
3092 5250 3146 5299 et
3171 5240 3289 5295 hinc
3316 5239 3427 5309 ipsa
3458 5228 3606 5287 verba
3643 5224 3795 5275 canta-

2255 5354 2448 5412 bamus
2472 5369 2486 5407 :
2514 5346 2757 5416 Benedic,
2781 5344 2953 5398 anima
2974 5356 3106 5406 mea,
3132 5334 3405 5392 Dominum
3418 5345 3438 5397 ;
3456 5333 3503 5383 et
3518 5315 3670 5379 omnia
3691 5310 3792 5365 inlt-

2320 5504 2339 5538 ι
2373 5508 2441 5552 Ita
2463 5507 2567 5550 Mss.
2588 5503 2644 5547 At
2664 5494 2799 5555 Edd.,
2817 5489 2945 5543 talis.

2319 5568 2340 5599 ²
2373 5544 2449 5614 'sié
2465 5544 2654 5624 aliquot
2674 5544 2866 5624 nissést
2903 5552 3037 5624 add”
3064 5544 3347 5601 anhelantis.

2321 5628 2343 5662 ⁸
2365 5616 2589 5686 Plerique
2612 5628 2739 5676 Mss,
2766 5616 3039 5686 άξήαὶνζιπδο
3084 5673 3095 5686 ,
3213 5677 3225 5686 ,
3261 5682 3271 5686 ,
3307 5676 3344 5686 ,.
3384 5661 3495 5686 ,φη
3541 5653 3577 5686 .i

2321 5643 2343 5662 '
2366 5643 2589 5686 memque
2614 5643 2739 5676 mea,
2766 5643 3039 5678 αυιψιιιιω.
3568 5653 3577 5663 ,

2318 5691 2342 5723 ι
2374 5690 2447 5739 sic
2486 5692 2597 5736 uss.
2623 5690 2679 5734 At
2712 5689 2813 5730 Am.
2840 5687 2894 5729 et
2927 5683 3027 5736 Er.,
3050 5673 3225 5725 clamat
3255 5676 3350 5721 :et
3384 5661 3517 5724 infra,
3538 5652 3645 5709 διιειο
3665 5643 3722 5697 ΕΔ

2260 5759 2427 5807 autem
2448 5756 2582 5807 Lov.,
2606 5746 2836 5807 clamas_:
2858 5739 3011 5807 siles-g
3062 5798 3078 5807 _
3124 5797 3140 5807 _
3161 5795 3191 5807 μ
3238 5806 3253 5807 7
3776 5754 3799 5799 i‘.

2326 5782 3280 5879 Z33"i§"a§ri§t“~iiﬁfiésiiiiinem
3776 5782 3799 5839 ’ἐ
