4088 6456
237 264 379 329 tm

236 385 375 440 riora
420 394 573 449 mea,
616 394 799 437 nomen
841 386 1071 435 suum
1115 378 1247 450 eius.
1278 374 1549 445 Quantum
1581 372 1713 429 satis
1740 369 1840 425 fuit

236 477 476 549 tempori
502 477 520 508 ⁸
550 475 906 541 cantavimus,
930 482 987 530 et
1010 472 1258 529 siluimus
1284 486 1299 525 :
1329 466 1587 540 numquid
1612 464 1839 523 interio-

234 586 293 629 ra
324 580 519 629 nostra
544 570 708 627 silere
734 570 936 628 debent
982 583 1014 625 a
1058 564 1432 626 benedictione
1470 561 1715 620 Domini?
1743 559 1839 616 Ai-

234 672 416 721 ternet
445 680 547 737 pro
578 673 820 735 tempore
846 676 1012 719 sonus
1038 676 1227 719 vocum
1252 701 1268 729 ,
1307 666 1566 730 perpetua
1609 656 1680 712 sit
1728 668 1837 710 vox

233 756 584 813 interiorum.
629 756 765 813 Cum
814 754 1073 812 convenis
1122 752 1189 809 ad
1244 751 1528 809 ecclesiam
1579 749 1839 821 hymnum

231 847 419 906 dicere
445 890 460 915 ,
496 859 659 905 sonat
686 861 790 905 vox
824 858 914 904 tua
961 846 1146 903 laudes
1175 846 1270 901 Dei
1299 863 1312 899 :
1340 844 1533 899 Dixisti
1581 849 1839 913 quantum

233 941 485 1011 potuisti,
519 941 851 1008 discessisti;
881 948 1039 997 sonet
1064 940 1239 995 anima
1268 947 1357 994 tua
1383 936 1567 992 laudes
1593 935 1707 990 Dei.
1732 932 1839 988 Ne-

232 1035 437 1106 gotium
468 1036 628 1107 agis;
659 1034 839 1092 laudet
869 1036 1035 1090 Deum
1064 1034 1241 1088 anima
1284 1040 1393 1087 tua.
1421 1029 1615 1086 Cibum
1656 1030 1838 1097 capis;

232 1128 354 1183 vide
382 1127 522 1197 quid
553 1128 629 1183 ait
658 1126 949 1199 Apostolus
977 1143 991 1181 :
1024 1125 1145 1181 Sive
1163 1124 1501 1189 manducetis,
1527 1123 1630 1177 sive
1653 1121 1837 1188 bibitis,

232 1222 408 1274 omnia
428 1221 485 1274 in
511 1221 734 1292 gloriam
763 1220 859 1275 Dei
884 1221 1035 1292 facile
1061 1218 1081 1291 ς
1103 1218 1122 1273 l
1146 1217 1265 1275 Cor.
1289 1232 1323 1273 ι
1344 1259 1357 1286 ,
1382 1218 1445 1273 51
1474 1214 1515 1288 ).
1544 1214 1732 1271 Audeo
1759 1212 1843 1269 di-

233 1327 559 1369 cerezcum
588 1313 825 1381 dormis,
854 1312 1141 1370 benedicat
1180 1313 1359 1369 anima
1399 1321 1488 1367 tua
1534 1310 1836 1366 Dominum.

231 1407 346 1464 Non
377 1417 431 1464 te
457 1408 669 1465 excitet
692 1409 946 1480 cogitatio
974 1406 1182 1480 ﬂagitii,
1209 1422 1317 1462 non
1344 1415 1399 1462 te
1421 1404 1626 1461 excitet
1656 1404 1838 1475 dispo-

237 1500 399 1555 sitio”
421 1499 584 1568 furti,
617 1516 723 1557 non
753 1511 805 1556 te
829 1500 1031 1557 excitet
1070 1500 1319 1556 condicta
1366 1498 1505 1554 forte
1546 1497 1839 1567 corruptio.

233 1590 553 1647 lnnocentia
573 1601 663 1649 tua
686 1594 844 1649 etiam
869 1594 920 1648 in
954 1593 1259 1649 dormiente
1278 1607 1377 1647 vox
1404 1601 1483 1647 est
1502 1590 1693 1645 animae
1716 1598 1840 1644 tuac.

234 1682 492 1751 Benedic,
552 1685 723 1740 anima
766 1701 916 1760 mea,
969 1684 1282 1750 Dominum;
1322 1692 1368 1740 et
1409 1684 1575 1739 omnia
1602 1683 1845 1737 interiora

239 1791 369 1841 mea,
403 1792 601 1833 nomen
626 1789 857 1835 sanctum
887 1782 1017 1851 ejus.

306 1869 357 1924 ὅ.
391 1866 560 1943 [να-ε.
581 1868 667 1944 2.]
697 1869 917 1927 Benedic
933 1914 946 1939 ,
971 1870 1144 1925 anima
1168 1884 1279 1925 mea
1294 1910 1309 1938 ,
1342 1868 1645 1937 Dominum,
1669 1877 1716 1922 et
1739 1868 1845 1923 noli

235 1958 463 2017 oblivisci
482 1978 667 2018 omnes
682 1963 1032 2020 retributiones
1051 1964 1178 2035 ejus.
1202 1960 1441 2030 Benedic,
1467 1961 1655 2033 inquit,
1676 1961 1846 2015 anima

238 2070 346 2108 mea
372 2052 688 2111 Dominum.
712 2056 848 2126 Quid
880 2064 964 2113 est
989 2057 1167 2112 anima
1210 2056 1334 2111 tua?
1359 2054 1549 2112 Omnia
1592 2055 1844 2110 interiora

236 2154 341 2201 tua.
372 2146 630 2216 Benedic,
660 2150 832 2204 anima
850 2165 962 2205 mea
980 2192 995 2218 ,
1026 2147 1325 2205 Dominum.
1353 2148 1619 2219 Repetitio
1655 2148 1721 2203 ad
1748 2163 1845 2203 ex-

237 2239 609 2297 hortationem
636 2242 797 2298 valet.
827 2241 899 2299 Ut
934 2250 1116 2297 autem
1154 2239 1441 2297 benedicas
1487 2253 1701 2311 semper
1740 2240 1847 2294 Do-

236 2332 461 2387 minum.
526 2332 659 2388 Noli
709 2333 934 2389 oblivisci
980 2348 1153 2388 omnes
1206 2333 1559 2388 retributiones
1603 2332 1733 2403 ejus.
1787 2330 1845 2387 Si

238 2424 607 2492 oblivisceris,
634 2425 850 2481 tacebis.
878 2424 994 2481 Non
1026 2433 1203 2481 autem
1235 2432 1487 2497 poterunt
1511 2432 1635 2479 ante
1663 2421 1846 2479 oculos

240 2521 505 2571 tuosesse
541 2516 918 2572 retributiones
950 2516 1195 2583 Domini,
1229 2516 1331 2571 nisi
1361 2523 1486 2570 ante
1504 2514 1688 2570 oculos
1725 2523 1845 2568 tuos

239 2604 429 2663 iuerint
457 2621 694 2681 peccata
720 2618 827 2663 tua.
851 2608 968 2664 Non
1000 2610 1071 2663 sit
1100 2617 1226 2665 ante
1252 2608 1439 2663 oculos
1466 2616 1584 2662 tuos
1605 2606 1844 2662 delecta-

242 2700 314 2754 tio
338 2701 621 2771 βιωιαίιὶ
642 2703 867 2772 peccati,
888 2702 986 2757 sed
1017 2701 1087 2758 sit
1110 2709 1233 2756 ante
1259 2701 1443 2756 oculos
1474 2708 1593 2755 tuos
1622 2698 1845 2754 damna-

242 2792 312 2848 tio
336 2794 560 2864 peccati
587 2811 600 2846 :
624 2793 896 2850 damnatio
916 2808 945 2849 a
970 2803 1041 2861 te,
1070 2794 1317 2848 remissio
1340 2808 1369 2846 a
1396 2792 1524 2847 Deo.
1549 2791 1674 2847 Haec
1702 2792 1844 2846 enim

241 2887 494 2943 retribuit
539 2886 825 2956 Dominus,
857 2895 914 2941 ut
949 2888 1122 2958 possis
1152 2886 1369 2942 dicere:
1402 2885 1539 2951 Quid
1573 2884 1846 2940 retribuam

241 2977 488 3048 Domino,
522 2997 616 3052 pro
633 2980 861 3035 omnibus
876 2995 988 3052 quae
1006 2980 1231 3036 retribuit
1256 2979 1380 3034 mihi
1400 2977 1566 3052 (Psal.
1587 2992 1710 3044 cxv,
1732 2974 1847 3051 12)?

241 3072 349 3131 Hoc
373 3075 534 3131 enim
557 3074 960 3129 considerantes
979 3082 1265 3146 martyres,
1288 3086 1517 3143 quorum
1545 3072 1705 3128 etiam
1735 3086 1847 3126 me-

240 3170 469 3223 moriam
525 3166 683 3222 hodie
724 3166 1095 3233 celebramus,
1126 3174 1180 3221 et
1207 3179 1394 3220 omnes
1422 3163 1639 3219 omnino
1679 3161 1846 3217 sancti

240 3260 325 3331 qui
355 3261 533 3316 vitam
565 3260 720 3316 istam
748 3266 1222 3329 contempserunt,
1266 3268 1321 3313 et
1366 3256 1504 3311 sicut
1539 3254 1763 3310 audistis
1794 3254 1848 3307 in

244 3351 489 3422 Epistula
537 3352 786 3417 Joannis,
816 3352 1025 3407 animas
1066 3364 1191 3406 suas
1231 3364 1329 3420 pro
1368 3348 1625 3403 fratribus
1655 3361 1848 3417 posue-

244 3451 365 3499 runt
394 3446 464 3513 (l
484 3443 649 3499 Joan.
681 3460 773 3511 Ill,
810 3445 877 3501 l6
902 3447 921 3515 )
942 3486 958 3513 ,
991 3458 1110 3515 quae
1140 3452 1223 3498 est
1251 3440 1513 3514 perfectio
1540 3439 1848 3506 cbaritatis,

244 3533 458 3590 dicente
494 3532 741 3600 Domino,
767 3535 1019 3606 Maiorem
1036 3534 1329 3589 charitatem
1344 3548 1488 3588 nemo
1510 3532 1677 3599 habet,
1699 3546 1851 3601 quam

245 3634 301 3678 ut
323 3627 563 3679 animant
582 3638 727 3678 suam
757 3636 909 3693 ponat
928 3643 1020 3695 pro
1044 3626 1221 3680 amicis
1246 3626 1351 3680 suis
1376 3624 1564 3695 (Joan.
1587 3637 1681 3687 xv,
1704 3622 1809 3691 15)
1834 3639 1847 3674 :

249 3716 346 3773 hoc
372 3732 518 3789 ergo
544 3715 948 3771 considerantes
986 3719 1157 3771 sancti
1189 3727 1481 3786 martyres,
1512 3724 1851 3785 contempse-

249 3821 375 3866 runt
404 3812 623 3866 animas
648 3824 771 3865 suas
800 3809 885 3864 hic
908 3851 924 3876 ,
953 3818 1011 3865 ut
1042 3809 1113 3865 ibi
1146 3823 1239 3865 eas
1267 3808 1588 3877 invenirent,
1618 3823 1852 3879 sequen-

251 3913 333 3961 tes
360 3904 536 3961 verba
564 3903 771 3958 Domini
801 3902 1028 3958 dicentis
1053 3945 1067 3969 ,
1104 3900 1205 3968 Qui
1234 3908 1369 3954 amat
1405 3900 1629 3953 animam
1666 3916 1812 3954 suam
1832 3940 1848 3964 ,

251 3998 429 4069 perdet
460 4012 609 4061 eam;
639 4003 685 4049 et
712 3994 797 4065 qui
821 3994 1099 4066 perdiderit
1124 4008 1237 4047 eam
1261 4000 1467 4063 propter
1492 4004 1589 4057 me,
1616 3992 1671 4045 in
1700 3992 1854 4044 vitam

253 4098 506 4143 aeternam
540 4088 757 4143 inveniet
782 4102 893 4141 eam
922 4086 1048 4160 (Id.
1084 4102 1159 4141 xu
1184 4126 1198 4152 ,
1222 4083 1355 4157 25).
1389 4083 1682 4140 Voluerunt
1710 4083 1852 4138 enim

251 4182 600 4237 retribuere:
630 4180 758 4253 qui?
797 4189 851 4237 et
884 4180 1047 4252 quid?
1084 4188 1139 4235 et
1172 4178 1297 4233 cui?
1328 4177 1582 4232 Homines
1609 4177 1855 4232 ministe-

251 4275 390 4330 rium
421 4289 584 4330 suum
611 4288 780 4345 usque
804 4274 871 4328 ad
898 4282 1123 4329 mortem
1152 4272 1264 4328 Deo
1288 4270 1669 4327 retribuerunt.
1693 4269 1848 4339 Quid,

251 4368 396 4440 quod
452 4369 546 4422 ille
592 4383 695 4422 non
740 4365 1219 4434 donaverit?Quid
1246 4365 1542 4431 dederunt,
1578 4363 1719 4435 quod
1748 4379 1851 4419 non

252 4458 610 4530 acceperint?
636 4458 903 4515 Retribuit
930 4474 1057 4546 ergo
1083 4458 1172 4514 ille
1199 4472 1341 4525 vere,
1366 4458 1455 4528 qui
1482 4458 1628 4513 solus
1653 4456 1851 4511 donat:

254 4551 349 4605 sed
384 4566 501 4606 non
527 4550 773 4605 retribuit
800 4550 1030 4621 peccatis
1058 4550 1289 4617 nostris;
1325 4563 1444 4603 nam
1477 4549 1854 4604 retributiones

254 4643 412 4699 nobis
458 4643 580 4698 alite
617 4642 970 4711 debebantur,
1014 4651 1068 4699 et
1108 4644 1227 4698 alim
1267 4642 1489 4699 reddita:
1522 4651 1665 4697 sunt.
1706 4640 1852 4706 Noli,

255 4732 454 4806 inquit,
504 4735 728 4790 oblivisci
767 4750 939 4791 omnes
967 4735 1317 4790 retributiones
1360 4737 1507 4807 ejus:
1552 4750 1656 4791 non
1686 4735 1855 4789 tribu-

254 4831 476 4897 tiones,
518 4829 614 4886 sed
659 4829 1026 4885 retributiones.
1056 4828 1213 4885 Aliud
1256 4830 1398 4886 enim
1444 4828 1754 4896 debebatur,
1804 4839 1858 4886 et

257 4925 535 4982 redditum
556 4933 638 4981 est
664 4924 805 4997 quod
832 4938 937 4980 non
966 4924 1281 4981 debebatur.
1308 4923 1466 4981 Unde
1490 4933 1544 4980 et
1568 4924 1655 4980 ille
1681 4943 1693 4980 :
1720 4923 1857 4992 Quid

190 5026 202 5088 ζ
256 5020 543 5076 retribuam
568 5018 808 5086 Domino,
839 5036 929 5091 pro
952 5020 1182 5074 omnibus
1201 5061 1215 5084 ,
1256 5019 1456 5089 inquit,
1492 5033 1604 5089 quae
1630 5016 1858 5073 retribuit

193 5094 215 5185 ξ
262 5110 897 5183 mihi(Psal.cxv,12)?
926 5111 1039 5166 Non
1062 5111 1156 5177 ait,
1188 5125 1306 5181 quae
1331 5110 1514 5166 tribuit
1538 5109 1707 5175 mihi;
1737 5109 1849 5176 sed,

262 5218 379 5273 que
407 5203 635 5258 retribuit
656 5204 800 5258 mihi.
828 5203 1139 5260 Retribuisti
1170 5211 1226 5257 tu
1247 5202 1385 5258 mala
1418 5217 1515 5272 pro
1544 5201 1735 5268 bonis;
1767 5217 1853 5258 re-

265 5296 453 5352 tribuit
480 5296 593 5368 ipsc
618 5296 755 5353 bona
788 5312 883 5367 pro
909 5297 1083 5352 malis.
1113 5295 1395 5363 Quomodo
1434 5296 1727 5352 retribuisti
1769 5304 1853 5363 tu,

267 5401 303 5445 ο
327 5387 514 5457 homo,
540 5389 652 5446 Deo
672 5388 808 5445 mala
831 5406 928 5461 pro
946 5390 1136 5445 bonis?
1157 5390 1255 5457 Qui
1281 5390 1427 5461 prius
1448 5389 1590 5445 fuisti
1612 5388 1861 5460 blaSpbe-

266 5494 414 5551 ltuS,
447 5493 500 5539 et
526 5493 856 5555 persecutor,
890 5493 944 5539 et
974 5483 1264 5554 iujuriosus
1295 5482 1347 5555 (Ι
1378 5480 1513 5538 Tim.
1549 5498 1586 5549 ι,
1613 5480 1738 5555 l3),
1769 5496 1858 5538 re-

270 5574 505 5632 tribuisti
540 5574 916 5648 blasphemias.
937 5575 1044 5631 Pro
1072 5575 1273 5648 quibus
1289 5573 1487 5630 bonis?
1510 5572 1709 5642 Primo,
1737 5571 1856 5643 quia

336 5712 358 5783 ξ
391 5713 461 5783 Sic
484 5720 586 5763 Am.
613 5718 666 5764 et
686 5721 791 5783 sise.
813 5718 869 5783 ιι
890 5718 962 5763 tu.
991 5717 1043 5783 et
1064 5716 1198 5776 Lov.,
1221 5708 1466 5776 temporis.

336 5774 359 5804 ι
392 5776 458 5824 sic
482 5783 591 5826 Mss.
612 5784 664 5826 Αι
684 5776 816 5837 add,
837 5774 1087 5841 depositio.

1395 254 1798 317 ENARRATIO
1833 252 1902 311 IN
1938 252 2264 317 PSALIUM
2298 258 2406 318 Cll.

1945 383 2006 426 es
2028 389 2042 427 :
2066 371 2158 428 sed
2172 381 2255 429 est
2268 383 2325 431 et
2342 373 2495 446 lapis.
2521 374 2743 448 Deinde,
2764 378 2887 450 quis
2902 378 3040 437 vivis
3062 397 3078 437 :
3101 380 3199 438 sed
3215 380 3345 437 vivit
3359 388 3414 440 et
3439 396 3535 453 pe-

1944 479 2060 521 cus.
2108 466 2247 534 Quid
2298 469 2563 527 retribues
2606 470 2866 542 Domino,
2919 488 3020 546 pro
3064 489 3139 537 eo,
3179 475 3323 546 quod
3374 490 3537 548 super

1944 560 2122 616 omnia
2149 576 2343 632 pecora
2368 571 2424 620 et
2447 580 2608 636 super
2634 567 2813 623 omnia
2842 567 3075 625 volatilia
3094 569 3221 627 fecit
3240 581 3293 627 te
3310 572 3379 628 ad
3398 571 3531 629 ima-

1942 651 2122 724 ginem
2147 663 2202 709 et
2227 654 2630 713 similitudinem
2658 672 2812 715 suam
2840 659 2992 733 (Gen.
3014 677 3053 729 ι,
3085 662 3214 736 26)?
3238 663 3356 720 Noli
3377 680 3529 735 quee-

1944 758 2068 801 rere
2092 745 2219 817 quid
2245 747 2293 803 ei
2332 748 2598 806 retribuas
2627 768 2640 807 :
2669 752 3068 811 similitudinem
3101 755 3269 827 ipsius
3294 758 3532 815 retribue

1944 837 2056 909 illi,
2084 854 2190 896 non
2220 841 2339 912 plus
2367 844 2590 913 quaerit;
2619 860 2893 902 nummum
2921 863 3077 905 suum
3115 848 3280 921 exigit
3308 849 3512 922 (Matth

1944 944 2055 986 xxu
2074 970 2090 999 ,
2116 932 2179 988 2i
2207 931 2248 1006 ).
2278 933 2361 990 Tu
2387 942 2566 992 autem
2593 951 2692 1008 pro
2714 938 2899 1009 gratiis
2922 940 3161 1011 agendis,
3190 955 3292 1014 pro
3322 941 3511 999 humili

1945 1031 2073 1091 tate,
2102 1040 2199 1094 pro
2222 1025 2500 1099 obsequio,
2528 1043 2625 1099 pro
2653 1029 2801 1086 cultu
2820 1031 3091 1103 religioso,
3121 1034 3173 1089 id
3199 1044 3300 1102 est,
3330 1050 3428 1106 pro
3448 1035 3533 1092 bis

1944 1117 2193 1174 omnibus
2219 1119 2375 1176 bonis
2394 1136 2514 1193 quae
2540 1122 2776 1179 debebas
2807 1124 2921 1181 Deo
2952 1133 3045 1181 tuo
3063 1168 3079 1193 ,
3108 1141 3211 1198 pro
3232 1126 3388 1183 bouis
3415 1144 3535 1201 quae

1945 1210 2237 1280 accepisti,
2274 1228 2395 1283 qua:
2433 1213 2583 1282 dixi,
2632 1215 2927 1272 retribuisti
2975 1217 3356 1289 blasphemias.
3396 1221 3536 1288 Quid

1945 1316 2075 1374 ergo
2118 1303 2243 1359 ille?
2286 1303 2585 1374 Conﬁtere,
2635 1307 2875 1378 ignosco.
2911 1308 3170 1367 Retribuo
3194 1318 3250 1368 et
3275 1327 3411 1384 ego,
3442 1314 3539 1370 sed

1946 1407 2053 1449 non
2089 1394 2232 1464 quod
2268 1405 2324 1451 tu
2353 1397 2647 1454 retribuisti
2674 1418 2686 1453 :
2719 1408 2775 1455 tu
2806 1399 3099 1459 retribuisti
3142 1402 3282 1461 mala
3313 1419 3411 1475 pro
3446 1405 3541 1462 bo-

1947 1486 2063 1552 nis;
2087 1501 2188 1557 ego
2217 1489 2458 1546 retribuo
2483 1490 2623 1547 bona
2651 1506 2750 1563 pro
2778 1493 2955 1551 malis.

2016 1580 2071 1635 4.
2100 1577 2286 1649 Cogita
2322 1595 2481 1653 ergo,
2511 1583 2691 1639 anima
2712 1625 2728 1653 ,
2770 1600 2962 1643 omnes
2997 1588 3377 1647 retributiones
3406 1591 3503 1647 Dei
3522 1632 3537 1657 ,
3630 1630 3633 1633 »

1947 1670 2233 1741 cogitando
2262 1674 2443 1735 omnia
2472 1674 2611 1731 mala
2650 1676 2790 1733 facta
2819 1686 2906 1734 tua
2940 1696 2954 1735 :
2986 1695 3149 1750 quam
3191 1683 3359 1740 multa
3391 1683 3536 1739 enim

1948 1764 2087 1818 mala
2113 1762 2251 1820 facta
2282 1774 2399 1833 tua,
2433 1774 2540 1822 tam
2570 1768 2751 1824 multis
2792 1768 2947 1826 bona:
2990 1772 3371 1830 retributiones
3397 1774 3536 1844 ejus.

1948 1852 2016 1909 Et
2041 1855 2168 1926 quid
2198 1856 2277 1911 illi
2308 1858 2503 1914 oﬁeres
2543 1858 2680 1916 forte
2709 1861 2986 1919 xeniorum
3007 1863 3030 1919 ?
3055 1863 3180 1935 quid
3211 1863 3541 1922 uulnerum?

1948 1947 2075 2018 quid
2119 1949 2542 2007 sacriﬁciorum?
2570 1951 2834 2021 Quoniam
2877 1969 2985 2012 non
3025 1955 3356 2013 Oblivisceris
3385 1957 3542 2013 retri~

1948 2039 2195 2097 butiones
2235 2042 2388 2113 ejus,
2435 2044 2537 2102 hoc
2579 2047 2843 2105 sacriﬁcio
2886 2048 3181 2107 delectatur
3224 2067 3238 2107 :
3284 2050 3538 2120 Benedic,

1948 2134 2140 2202 anima,
2166 2133 2465 2191 Dominum.
2498 2137 2825 2208 Sacri-ﬁcium
2866 2140 3035 2195 laudis
3072 2142 3377 2213 gloriﬁcabit
3416 2160 3496 2200 me
3524 2158 3543 2200 :

1947 2225 2157 2281 immota
2196 2225 2308 2282 Deo
2345 2229 2653 2299 sacriﬁcium
2679 2230 2869 2299 laudis,
2900 2242 2947 2289 et
2965 2234 3120 2289 redde
3143 2234 3404 2290 Altissimo
3432 2245 3544 2292 vota

1949 2324 2035 2373 tua
2053 2315 2224 2388 (Psal.
2251 2333 2406 2385 χιιι,
2426 2320 2514 2388 ib,
2536 2319 2651 2392 23).
2678 2320 2906 2379 Laudari
2931 2338 2992 2379 se
3012 2325 3125 2380 vult
3149 2325 3290 2383 Deus
3308 2343 3324 2393 ;
3343 2336 3394 2383 et
3417 2326 3539 2393 hoc,

1950 2415 2010 2463 ut
2038 2417 2093 2463 tu
2115 2408 2385 2479 proﬁcias,
2414 2425 2522 2467 non
2551 2420 2610 2467 ut
2634 2411 2727 2468 ille
2755 2413 3090 2471 sublimetur.
3118 2414 3239 2472 Non
3266 2425 3347 2474 est
3373 2418 3547 2478 omni-

1948 2513 2023 2555 no
2057 2500 2201 2570 quod
2232 2500 2307 2556 illi
2335 2502 2633 2561 retribuere
2659 2505 2675 2536 ί
2707 2522 2721 2559 :
2754 2513 2808 2561 et
2834 2506 2979 2576 quod
3024 2508 3220 2578 exigit,
3264 2524 3372 2565 non
3402 2510 3541 2576 sibi,

1950 2591 2046 2649 sed
2074 2594 2167 2648 tibi
2193 2594 2402 2665 exigit;
2432 2594 2527 2652 tibi
2554 2596 2816 2665 proderit,
2848 2597 2943 2652 tibi
2974 2609 3236 2655 servatur.
3274 2600 3392 2656 Non
3444 2601 3545 2658 hoc

1948 2698 1981 2740 ι
2009 2692 2062 2740 te
2089 2694 2255 2752 amat,
2281 2685 2425 2755 quod
2454 2686 2604 2742 illum
2648 2696 2868 2759 augeat,
2900 2688 2997 2745 sed
3038 2690 3181 2759 quod
3222 2699 3274 2748 te
3298 2691 3365 2747 ad
3395 2692 3545 2748 illum

1950 2774 2225 2846 perducat.
2255 2776 2544 2849 Propterea
2570 2780 2885 2849 quaerebant
2909 2789 3195 2853 martyres,
3222 2781 3547 2839 deﬁciebant

1950 2866 2347 2939 quodammodo
2370 2883 2479 2924 non
2506 2870 2846 2939 inveniendo,
2870 2881 2925 2926 et
2946 2871 3213 2936 dicebant,
3244 2873 3382 2938 Quid
3400 2876 3546 2929 retri-

1951 2959 2103 3015 buam
2122 2958 2364 3028 Domino,
2400 2977 2492 3033 pro
2519 2963 2747 3018 omnibus
2774 2979 2889 3035 quat
2910 2964 3140 3020 retribuit
3164 2966 3326 3021 mihi?
3344 2965 3414 3025 Et
3440 2983 3547 3024 non

1950 3053 2272 3111 invenerunt
2299 3054 2427 3125 quid
2456 3056 2843 3123 retribuerent,
2876 3057 3015 3122 nisi,
3053 3056 3274 3115 Calicem
3307 3060 3547 3117 salutaris

1951 3146 2216 3217 accipiam,
2242 3154 2289 3202 et
2308 3163 2490 3202 nomen
2506 3145 2719 3203 Domini
2734 3148 2973 3204 invocabo
2993 3148 3163 3222 (Psal.
3184 3165 3306 3217 cxv,
3325 3150 3412 3217 12,
3433 3152 3544 3222 15).

1952 3237 2089 3308 Quid
2111 3238 2376 3294 retribues
2398 3239 2662 3295 Domino?
2686 3238 2971 3311 Cogitabas
2996 3242 3164 3309 enim,
3188 3252 3243 3298 et
3268 3257 3375 3300 non
3397 3243 3546 3301 inve-

1953 3329 2139 3386 uiebas
2165 3347 2178 3385 :
2202 3328 2426 3386 Calicem
2448 3330 2687 3387 salutaris
2717 3332 2989 3402 accipiam.
3017 3332 3193 3399 Quid?
3220 3334 3431 3389 calicem
3456 3352 3545 3388 sa-

1954 3423 2137 3480 lutaris
2182 3438 2360 3480 nonne
2408 3423 2521 3494 ipse
2566 3423 2823 3481 Dominus
2868 3424 3051 3482 dedit?
3092 3425 3169 3481 De
3218 3435 3309 3481 tuo
3351 3425 3548 3497 aliquid

1954 3517 2207 3583 retribue,
2239 3518 2284 3573 si
2317 3525 2486 3589 potes.
2509 3516 2646 3584 Non,
2680 3517 2942 3583 dixerim;
2971 3533 3037 3573 ne
3068 3518 3263 3574 feccris
3285 3561 3299 3585 ,
3336 3519 3443 3574 noli
3475 3518 3543 3575 de

1955 3617 2047 3666 tuo
2076 3609 2377 3667 retribuere
2406 3626 2420 3676 ;
2447 3625 2556 3666 non
2585 3610 2700 3665 vult
2723 3611 2864 3667 Deus
2888 3609 2956 3667 de
2987 3620 3079 3666 tuo
3103 3611 3201 3666 sibi
3227 3612 3467 3668 retribui.
3492 3610 3549 3668 Si

1955 3701 2025 3758 de
2068 3712 2160 3759 tuo
2206 3702 2487 3767 retribuis.
2535 3710 2816 3773 peccatum
2855 3701 3127 3758 retribuis.
3169 3702 3359 3759 Omnia
3404 3702 3547 3758 enim

1956 3812 2076 3868 quae
2102 3797 2288 3865 habes,
2316 3797 2384 3852 ab
2414 3797 2507 3852 illo
2536 3795 2703 3853 babes
2728 3816 2741 3851 :
2775 3806 2927 3853 tuum
2957 3806 3231 3866 peccatum
3261 3797 3431 3852 solum
3454 3795 3551 3852 ba-

1956 3888 2073 3946 bes.
2104 3888 2222 3944 Non
2252 3889 2368 3943 vult
2391 3888 2494 3944 sibi
2519 3888 2745 3945 retribui
2768 3887 2837 3943 de
2868 3895 2975 3953 tuo,
3010 3886 3077 3943 de
3107 3902 3207 3942 suo
3236 3887 3367 3941 vult.
3400 3888 3547 3953 Quo-

1957 3980 2120 4037 modo
2148 3981 2418 4051 agricolaz,
2446 3979 2514 4035 de
2545 3988 2687 4034 terra
2715 3992 2874 4049 quam
2904 3977 3207 4041 seminavit,
3239 3977 3283 4033 si
3306 3988 3543 4049 segetem

1958 4073 2220 4139 attuleris,
2252 4073 2321 4129 de
2348 4073 2596 4143 agricola:
2625 4070 2799 4126 fructu
2829 4070 3149 4134 retribuisti;
3178 4070 3222 4124 si
3249 4070 3451 4142 spinas,
3480 4071 3549 4131 dc

1923 4161 2053 4228 \tuo
2090 4165 2350 4221 obtulisti.
2384 4164 2674 4220 Veritatem
2720 4161 2953 4217 retribue
2974 4204 2989 4229 ,
3020 4162 3072 4217 iu
3105 4162 3329 4219 veritate
3369 4162 3549 4218 Domi-

1960 4274 2087 4315 num
2117 4258 2271 4315 lauda
2303 4276 2316 4311 :
2344 4257 2391 4313 si
2421 4256 2490 4314 de
2521 4265 2612 4313 tuo
2642 4256 2895 4337 volueris,
2929 4256 3223 4313 mentieris.
3249 4257 3349 4326 Qui
3378 4258 3549 4329 loqui-

1962 4359 2051 4409 tur
2076 4351 2431 4418 mendacium,
2464 4350 2531 4407 de
2561 4364 2662 4406 suo
2691 4349 2925 4420 loquitur
2964 4347 3155 4420 (Joan.
3188 4366 3303 4418 viu,
3334 4351 3404 4406 44
3424 4350 3467 4422 ).
3494 4350 3551 4409 Si

1961 4446 2049 4516 qui
2082 4444 2314 4515 loquitur
2346 4441 2703 4507 mendacium,
2737 4440 2805 4497 de
2831 4455 2928 4496 suo
2957 4440 3224 4510 loquitur;
3258 4442 3347 4512 qui
3377 4442 3551 4513 loqui-

1963 4545 2048 4592 tur
2073 4538 2351 4593 veritatem
2374 4575 2389 4599 ,
2420 4535 2490 4590 de
2521 4532 2616 4590 Dei
2642 4532 2895 4603 loquitur.
2921 4530 3059 4599 Quid
3098 4540 3182 4587 est
3208 4539 3386 4589 autem
3413 4532 3553 4589 acci-

1962 4627 2091 4699 pere
2112 4628 2331 4684 calicem
2362 4624 2632 4692 salutaris,
2661 4623 2761 4679 nisi
2790 4622 3064 4693 passiones
3085 4622 3297 4678 Domini
3320 4624 3554 4679 imitari?

1962 4721 2077 4778 Hoc
2100 4730 2363 4792 martyres
2400 4720 2663 4776 fecerunt.
2694 4717 2809 4773 lloc
2850 4716 3280 4788 superbientibus
3308 4717 3471 4783 dixit,
3500 4729 3555 4774 et

1963 4814 2122 4873 sedes
2153 4813 2410 4868 sublimes
2431 4811 2543 4883 jam
2569 4809 2955 4880 quaerentibus,
2986 4818 3040 4866 et
3058 4809 3352 4865 convallem
3383 4810 3555 4878 plora-

1964 4906 2123 4964 tionis
2174 4904 2567 4970 devitantibus,
2622 4902 2715 4973 qui
2762 4901 3014 4957 volebant
3061 4900 3272 4967 sedere,
3307 4915 3442 4955 unus
3484 4899 3550 4955 ad

1963 4998 2269 5061 dexteram,
2307 4994 2443 5051 alius
2470 4994 2538 5051 ad
2568 4994 2861 5049 sinistram.
2888 4990 3025 5059 Quid
3050 5005 3178 5065 ergo
3206 4990 3312 5045 ait?
3332 4988 3550 5047 Potestis

1963 5091 2128 5147 bibere
2152 5089 2361 5145 calicem
2386 5104 2533 5158 quem
2558 5102 2650 5159 ego
2679 5086 2922 5140 bibiturus
2950 5100 3063 5138 sum
3080 5082 3292 5153 (Matth.
3317 5098 3409 5151 xx,
3434 5082 3545 5154 22)!

1963 5186 2081 5243 Jam
2110 5198 2239 5254 ergo
2267 5189 2472 5252 martyr
2494 5186 2709 5251 paratus
2736 5176 2802 5231 ad
2832 5175 3102 5230 victimam
3134 5183 3375 5230 sanctam
3403 5175 3544 5251 dicit.

1964 5277 2187 5335 Calicem
2214 5273 2454 5331 salutaris
2479 5270 2731 5340 accipiam
2754 5284 2773 5323 :
2800 5264 3057 5338 accipiam
3086 5266 3306 5323 calicem
3328 5266 3534 5323 Christi.

1965 5370 2143 5427 bibam
2163 5367 2467 5440 passionem
2490 5360 2719 5418 Domini.
2744 5359 2885 5416 Cave
2902 5374 2970 5415 ne
2990 5358 3229 5415 deﬁcias.
3253 5359 3359 5415 Sed
3377 5376 3547 5420 uomet

1966 5461 2177 5516 Domini
2217 5455 2477 5513 invocabo.
2523 5452 2659 5525 Quid
2707 5466 2834 5523 ergo
2880 5450 3222 5519 defecerunt,
3271 5450 3550 5507 Dominum

1968 5569 2075 5608 non
2094 5552 2513 5615 invocaverunt;
2539 5544 2606 5602 de
2631 5560 2728 5603 sua
2745 5542 3055 5601 fortitudine
3077 5553 3553 5615 praesumpscrunt.

2036 5708 2058 5768 ιν
2090 5712 2158 5757 ua
2181 5704 2411 5768 principui
2448 5710 2555 5755 Mss.
2593 5701 2796 5765 Quidam
2830 5712 2969 5765 vero,
3008 5698 3275 5754 retribuere
3314 5710 3485 5765 persta.
3525 5706 3567 5752 Δ

1970 5767 2109 5832 Μὰ..
2128 5766 2384 5819 retribuas.
