4088 6458
580 249 723 312 1319

581 367 663 425 Tu
692 369 769 424 sic
795 365 981 434 redde,
1004 372 1064 423 ut
1084 373 1137 425 te
1164 365 1436 439 accepisse
1461 364 1603 438 quod
1626 360 1807 420 reddis
1830 363 2164 420 memineris.

581 458 673 517 Sic
698 477 826 533 ergo
855 461 1138 518 benedicat
1162 460 1336 516 anima
1368 469 1456 515 tua
1482 458 1784 525 Dominum,
1812 464 1872 513 ut
1897 472 2003 513 non
2032 455 2169 513 obli-

581 553 812 609 viscatur
840 567 1027 610 omnes
1056 552 1429 608 retributiones
1456 552 1593 621 ejus.
1872 550 1891 567 ‘

652 646 707 702 5.
751 644 919 720 (vers.
960 644 1110 719 3-5.]
1151 644 1345 700 Audite
1369 658 1561 700 omnes
1596 642 1982 700 retributiones
2024 641 2161 713 ejus.

584 755 607 792 ‹
641 738 741 805 Qui
766 737 1023 809 propitius
1046 738 1107 792 lit
1130 738 1377 793 omnibus
1401 736 1767 809 iniquitatibus
1797 737 1922 802 tuis,
1963 736 2054 807 qui
2079 750 2167 790 sa.

579 842 671 888 nat
705 847 894 887 omnes
934 833 1215 904 languores
1245 841 1386 889 tuos.
1432 832 1533 901 Qui
1578 831 1827 888 redimit‘
1868 830 1934 886 de
1981 845 2166 886 corru-

577 924 758 995 ptione
797 924 961 979 vitam
991 934 1134 980 tuam
1156 966 1170 990 ,
1203 924 1292 995 qui
1327 933 1548 979 coronat
1577 931 1629 979 te
1659 923 1713 978 in
1743 920 2084 978 miseratione
2110 928 2166 977 et

576 1018 961 1075 misericordia.
1005 1020 1108 1088 Qui
1137 1020 1297 1076 satiat
1322 1020 1374 1074 in
1415 1019 1570 1075 bonis
1594 1017 1916 1074 desiderium
1960 1024 2108 1071 tuum
2148 1032 2161 1069 :

574 1111 922 1167 renovabitur
961 1112 1099 1168 sicut
1127 1113 1319 1183 aquilae.
1350 1112 1603 1183 juventus
1631 1120 1738 1167 tua.
1780 1129 1799 1164 ι
1836 1111 1976 1165 Ecce
2007 1106 2165 1165 retri-

572 1202 842 1262 butiones.
867 1206 1002 1275 Quid
1032 1207 1325 1263 debebatur
1350 1207 1640 1278 peccatori,
1669 1206 1771 1260 nisi
1800 1202 2165 1276 supplicium?

573 1295 703 1366 quid
728 1296 1020 1353 debebatur
1038 1297 1370 1369 blasphemo,
1400 1298 1503 1353 nisi
1530 1297 1771 1369 gehenna
1800 1297 1936 1367 ignis
1964 1294 2162 1353 arden-

574 1390 688 1446 tis?
712 1389 829 1447 Non
856 1391 969 1463 ipsa
997 1392 1244 1447 retribuit
1276 1409 1288 1444 :
1330 1372 1397 1447 ne
1424 1405 1766 1461 expavescas,
1810 1404 1878 1444 ne
1907 1387 2165 1445 exhorreo

572 1501 787 1554 scas,ne
797 1488 913 1543 sine
929 1501 1110 1542 amore
1128 1487 1336 1543 timeas.
1351 1486 1469 1542 Noli
1485 1486 1722 1541 oblivisci
1736 1499 1922 1540 omnes
1933 1481 2165 1539 retribu-

573 1582 746 1637 tiones
767 1581 880 1651 ejus
900 1581 1101 1648 bonas;
1129 1588 1183 1636 et
1202 1588 1411 1635 mutare
1430 1579 1560 1650 jam,
1594 1594 1660 1633 ne
1683 1576 1977 1650 experiaris
2004 1574 2163 1631 retri-

572 1673 821 1731 butiones
864 1675 1017 1747 ejus:
1047 1674 1176 1746 quid
1220 1674 1433 1730 dicam?
1462 1672 1669 1728 malas?
1714 1672 1771 1727 Si
1812 1671 2017 1743 justas,
2051 1683 2158 1724 non

570 1769 757 1824 malas.
794 1767 872 1823 Ad
902 1777 953 1823 te
979 1783 1106 1839 ergo
1134 1768 1334 1830 malas;
1366 1766 1432 1821 ad
1468 1766 1636 1820 Deum
1673 1772 1850 1819 autem
1882 1777 1982 1818 nec
2010 1761 2157 1816 brcc'

569 1873 689 1927 qua:
713 1858 906 1927 pateris
936 1859 1093 1923 mala,
1125 1858 1261 1912 mala
1293 1867 1456 1913 sunt:
1484 1857 1528 1912 si
1550 1856 1693 1911 enim
1720 1855 1863 1925 justa
1892 1862 2035 1919 sunt,
2065 1853 2161 1908 bo-

571 1965 639 2005 na
670 1960 822 2017 sunt;
856 1950 949 2007 sed
978 1952 1069 2006 tibi
1102 1952 1317 2018 patienti
1353 1950 1467 2005 hrec
1497 1950 1632 2004 mala
1661 1956 1803 2004 sunt.
1848 1947 1965 2003 Non
1996 1947 2075 2002 vis
2100 1955 2161 2002 ut

571 2043 708 2097 mala
736 2044 839 2097 sint
868 2042 993 2109 tibi,
1027 2058 1146 2113 quae
1176 2044 1315 2112 justa
1352 2050 1476 2098 sunt
1516 2041 1648 2096 Dei?
1687 2040 1803 2096 Non
1834 2040 1908 2095 sit
1935 2040 2075 2095 mala
2104 2039 2158 2094 in

569 2143 863 2205 conspectu
891 2134 985 2189 Dei
1013 2134 1262 2204 iniquitas
1290 2144 1397 2189 tua.
1427 2132 1542 2189 Non
1572 2132 1714 2188 enim
1745 2132 1974 2187 cessavit
2002 2144 2159 2185 voca-

567 2241 666 2293 re,
704 2234 797 2281 aut
824 2235 1072 2281 vocatum
1115 2227 1348 2297 neglexit
1386 2226 1671 2287 instruere,
1720 2231 1813 2277 aut
1841 2222 2157 2277 instructum

567 2320 798 2375 cessavit
832 2318 1088 2390 perlicere
1109 2362 1123 2387 ,
1160 2331 1249 2373 aut
1279 2318 1569 2390 perfectum
1608 2317 1842 2388 neglexit
1867 2329 2153 2372 coronare.

568 2410 706 2478 Quid
740 2411 908 2468 dicis?
932 2412 1064 2481 Quia
1092 2428 1151 2468 es
1185 2412 1472 2483 peccator?
1507 2410 1862 2477 Convertere,
1890 2418 1945 2464 et
1971 2410 2187 2479 accipe~

566 2505 942 2562 retributiones
973 2506 1142 2574 istas;
1175 2506 1420 2577 propitius
1461 2506 1518 2575 ﬁt
1546 2504 1777 2560 omnibus
1815 2503 2158 2571 iniquitatibus

568 2598 685 2654 tuis.
715 2599 843 2655 Post
880 2600 1250 2655 remissionem
1281 2608 1621 2670 peccatorum
1649 2612 1845 2667 corpus
1876 2597 2147 2651 inﬁrmum

563 2692 709 2762 geris
740 2710 754 2747 :
798 2705 1021 2748 necesse
1060 2700 1143 2747 est
1178 2691 1286 2747 sint
1329 2691 1572 2761 quaedam
1616 2689 1882 2745 desideria
1920 2687 2153 2744 carnalia

565 2799 684 2853 qua:
712 2792 763 2839 te
804 2784 1051 2851 titilleut,
1093 2793 1147 2839 et
1174 2798 1292 2854 quae
1319 2782 1412 2838 tibi
1450 2791 1737 2854 suggerant
1771 2780 2156 2836 delectationes

564 2873 811 2941 illicitas;
842 2874 911 2930 de
931 2875 1187 2946 languore
1215 2885 1306 2931 tuo
1335 2876 1577 2931 veniunt.
1611 2875 1800 2931 Adhuc
1828 2874 1972 2930 enim
2002 2873 2155 2929 infir-

565 2980 708 3021 mam
730 2980 944 3021 carnem
975 2968 1136 3038 geris,
1166 2967 1401 3023 nondum
1431 2975 1514 3023 est
1542 2967 1790 3038 absorpta
1819 2982 1964 3022 mors
1990 2966 2043 3020 in
2074 2965 2154 3020 vi-

562 3057 808 3124 ctoriam,
830 3057 1067 3113 nondum
1094 3058 1439 3129 corruptibile
1466 3057 1567 3113 hoc
1599 3057 1770 3113 induit
1796 3057 2155 3127 incorruptio-

562 3165 686 3206 nem
710 3150 754 3223 (Ι
780 3149 897 3205 Cor.
931 3166 1019 3218 xv,
1052 3150 1139 3219 53,
1173 3147 1263 3223 54)
1291 3167 1305 3204 :
1336 3148 1510 3204 adhuc
1530 3148 1847 3220 quibusdam
1875 3148 2151 3221 perturba-

561 3245 796 3301 tionibus
820 3245 980 3301 etiam
1006 3244 1120 3315 ipsa
1148 3244 1326 3299 anima
1357 3243 1593 3314 quatitur
1619 3252 1739 3313 post
1774 3243 2147 3298 remissionem

561 3346 946 3409 peccatorum;
976 3336 1150 3392 adhuc
1191 3336 1243 3390 iu
1273 3336 1526 3406 periculis
1571 3336 1925 3391 teutatiouum
1964 3349 2151 3391 versa-

560 3438 668 3497 tur,
700 3428 1013 3499 quibusdam
1038 3428 1467 3500 suggestionibus
1487 3427 1803 3495 delectatur,
1830 3426 2145 3498 quibusdam

559 3536 668 3577 non
697 3521 1010 3585 delectatur,
1044 3530 1099 3575 et
1127 3522 1179 3575 in
1206 3520 1285 3576 eis
1306 3520 1500 3589 quibus
1520 3520 1834 3588 delectatur,
1859 3518 2149 3590 aliquando

558 3614 874 3686 quibusdam
906 3614 1201 3681 consentit,
1231 3614 1457 3683 capitur.
1502 3611 1752 3683 Languor
1777 3620 1891 3678 est;
1921 3622 2067 3667 sanat
2095 3620 2151 3669 et

559 3722 731 3762 omnes
779 3707 1046 3779 languore:
1089 3714 1221 3760 tuos.
1250 3704 1593 3760 Sanabuntur
1630 3714 1817 3760 omnes
1860 3704 2147 3775 languores

556 3799 653 3865 tui,
687 3799 795 3855 noli
827 3800 1033 3855 timere.
1066 3798 1239 3869 Magni
1277 3808 1423 3864 sunt,
1466 3798 1707 3868 inquies:
1740 3798 1834 3853 sed
1870 3799 2043 3869 major
2067 3808 2149 3855 est

555 3891 815 3949 medicus.
839 3891 1203 3964 Omnipoteuti
1233 3891 1445 3947 medico
1478 3891 1659 3947 nullus
1686 3892 1910 3963 languor
1934 3893 2146 3949 insana-

554 3985 673 4044 bilis
695 3987 929 4043 occurrit
960 4004 973 4041 :
1003 3993 1207 4041 tantum
1240 3992 1293 4040 tu
1319 3984 1495 4041 curari
1532 3993 1584 4039 te
1620 3985 1767 4053 sine,
1814 3999 2005 4040 manus
2029 3986 2145 4057 ejus

555 4096 623 4135 ne
652 4081 911 4151 repellas;
953 4081 1104 4134 novit
1128 4078 1255 4148 quid
1294 4088 1433 4149 agat.
1477 4077 1594 4134 Non
1626 4088 1827 4134 tantum
1860 4080 2144 4137 delecteris

556 4186 673 4225 cum
701 4171 877 4238 fovet,
910 4170 1004 4227 sed
1030 4172 1189 4226 etiam
1228 4171 1424 4227 toleres
1451 4186 1572 4226 cum
1614 4181 1761 4226 secat
1792 4190 1803 4225 :
1835 4172 2005 4227 tolera
2031 4187 2146 4229 me-

557 4263 833 4321 dicinalem
869 4264 1140 4329 dolorem,
1182 4262 1413 4319 futuram
1441 4264 1680 4335 cogitans
1724 4265 2027 4320 sanitatem.
2051 4264 2145 4320 Vi-

557 4358 700 4423 dete,
725 4355 914 4412 fratres
946 4358 1072 4422 mei,
1102 4356 1153 4410 in
1174 4355 1289 4409 istis
1315 4356 1659 4426 languoribus
1681 4358 1919 4427 corporis
1946 4366 2142 4428 quanta

559 4448 802 4503 homines
827 4448 1070 4514 tolerent,
1098 4456 1155 4502 ut
1180 4462 1378 4518 paucos
1400 4446 1515 4502 dies
1536 4449 1723 4504 victuri
1746 4448 2061 4517 moriantur,
2090 4458 2143 4505 et

559 4538 659 4593 hos
699 4552 892 4607 paucos
927 4538 1041 4594 dies
1076 4539 1328 4594 incertos.
1377 4539 1521 4594 Multi
1551 4539 1693 4595 enim
1739 4548 1861 4609 post
1905 4539 2141 4596 toleran-

556 4632 683 4687 tiam
712 4646 1023 4701 magnorum
1048 4632 1315 4701 dolorum,
1347 4648 1469 4689 cum
1496 4647 1527 4688 a
1552 4631 1776 4688 medicis
1806 4642 2139 4702 secarentur,

553 4735 644 4781 aut
670 4725 808 4781 inter
828 4740 1017 4780 manus
1043 4725 1371 4781 medicorum
1404 4725 1599 4782 mortui
1628 4732 1771 4793 sunt,
1814 4726 2027 4797 autjam
2051 4740 2139 4782 sa-

551 4816 629 4882 ni,
662 4816 902 4871 irruente
938 4815 1113 4888 aliqua
1139 4817 1484 4887 aegritudine,
1511 4816 1745 4873 defuncti
1771 4826 1913 4873 sunt.
1941 4817 1997 4874 Si
2029 4826 2136 4873 tam

550 4909 649 4965 sibi
679 4910 1027 4979 propinquam
1068 4919 1297 4965 mortem
1342 4921 1654 4981 sperarent,
1687 4912 1809 4968 illos
1843 4912 2139 4968 immensos

550 5002 762 5059 dolores
806 5003 1145 5074 susciperent
1188 5002 1525 5059 tolerandos?
1558 5002 1637 5059 Tu
1680 5018 1785 5059 non
1828 5004 2030 5060 toleras
2071 5001 2139 5059 ad

550 5097 811 5153 incertum
841 5115 853 5151 :
883 5097 972 5168 qui
1016 5097 1261 5168 promisit
1300 5096 1616 5164 sanitatem,
1654 5112 1758 5151 non
1800 5106 1977 5167 potest
2008 5095 2137 5155 falli.

548 5188 772 5246 Fallitur
799 5189 1039 5244 medicus
1088 5189 1394 5260 aliquando,
1445 5199 1499 5245 et
1546 5189 1807 5259 promittit
1852 5190 2134 5245 sanitatem

545 5280 614 5336 de
643 5296 870 5352 corpore
915 5284 1166 5337 humano.
1198 5281 1375 5348 Quare
1414 5281 1649 5337 fallitur?
1693 5281 1825 5350 Quia
1873 5297 1977 5337 nou
2035 5280 2138 5339 hoc

542 5381 699 5431 curat
727 5372 869 5446 quod
900 5371 1044 5428 fecit.
1074 5371 1219 5430 Deus
1254 5372 1380 5429 fecit
1408 5388 1602 5445 corpus
1642 5381 1810 5442 tuum,
1844 5374 1982 5430 Deus
2012 5371 2137 5430 fecit

607 5579 626 5613 ⁸
661 5577 886 5642 Plerique
908 5581 1015 5625 Mss.
1042 5580 1318 5625 constanter
1340 5573 1542 5632 habent,
1565 5571 1787 5642 redimet.

605 5644 629 5677 ι
660 5642 733 5691 sic
753 5634 988 5691 meliores
1014 5647 1116 5688 uss.
1151 5645 1205 5687 At
1242 5644 1376 5700 Lov.:_
1402 5650 1434 5684 Α
1460 5644 1505 5686 te
1526 5648 1641 5700 ergo
1660 5634 1833 5696 malas,
1871 5648 1901 5686 a
1926 5642 2024 5686 Deo
2044 5647 2135 5685 au-

538 5710 641 5771 tent
661 5704 821 5759 bonus.
850 5713 943 5754 Nec
963 5701 1200 5771 mequo:
1221 5698 1418 5771 pateris,
1444 5707 1539 5750 etc.
1706 5705 1759 5752 et
1778 5705 1872 5751 Era
1894 5708 1928 5749 Α
1953 5705 1998 5750 te
2019 5710 2134 5771 ergo

540 5764 692 5833 male,
714 5780 746 5819 α
770 5775 870 5821 Deo
889 5771 1049 5820 autent
1070 5761 1207 5816 om.
1221 5761 1324 5815 'Nec
1347 5761 1453 5815 luet:
1476 5772 1603 5829 quae,
1630 5767 1726 5814 etc.
2075 5761 2107 5779 “

1802 245 1861 304 s.
1902 240 2270 303 AUGUSTINI
2308 242 2613 305 EPISCOPI
3137 227 3147 245 ²
3430 226 3439 235 ¹
3691 264 3803 333 tau

2277 363 2509 418 animam
2549 370 2725 431 tuam;
2755 364 2903 420 novit
2950 365 3394 438 quemadmodum
3443 380 3639 431 recreet
3684 388 3801 451 quod

2272 457 2494 523 creavit,
2545 456 2694 513 novit
2744 458 3195 530 quemadmodum
3241 464 3492 524 reformet
3535 469 3667 539 quod
3711 474 3801 542 ipse

2273 546 2519 603 formavit
2549 568 2563 604 :
2596 558 2651 605 tu
2692 560 2898 608 tantum
2942 553 3042 608 sub
3072 555 3317 611 manibus
3343 558 3526 615 medici
3551 572 3688 627 esto;
3715 566 3801 619 odit

2273 640 2414 696 enim
2444 642 2797 712 repellentem
2830 660 3017 701 manus
3044 662 3188 703 suas.
3226 648 3339 703 Non
3368 648 3425 704 fit
3459 650 3621 707 hocin
3641 655 3803 713 medici

2273 730 2503 789 hominis
2522 735 2782 792 manibus.
2814 737 2988 809 Ligari
3014 755 3073 796 se
3090 740 3270 796 volunt
3292 741 3545 810 homines,
3560 753 3612 801 et
3631 748 3804 815 secari;

2272 824 2447 881 daturi
2488 842 2585 899 pro
2614 829 2815 885 incerta
2840 831 3067 888 sanitate
3085 846 3290 889 certum
3328 833 3579 903 dolorem,
3601 853 3806 909 magnam

2271 919 2594 975 mercedem.
2641 921 2782 977 Deus
2812 932 2893 991 te,
2921 939 3077 995 quem
3109 924 3251 993 fecit,
3295 934 3349 981 et
3383 935 3555 982 certus
3592 939 3742 997 curat,
3768 940 3809 985 et

2269 1013 2453 1082 gratis.
2482 1013 2643 1070 Ferto
2670 1030 2798 1088 ergo
2826 1032 3015 1073 manus
3038 1018 3175 1090 ejus,
3204 1036 3237 1074 o
3274 1020 3469 1086 anima,
3490 1035 3601 1091 qum
3620 1021 3808 1079 benedi-

2270 1103 2349 1161 cis
2386 1121 2529 1174 cum,
2580 1122 2685 1164 non
2728 1108 3052 1167 obliviscens
3096 1111 3472 1169 retributiones
3509 1113 3649 1184 ejus;
3690 1126 3809 1170 sanat

2272 1199 2415 1255 enim
2440 1216 2610 1257 omnes
2635 1203 2904 1274 languore:
2931 1214 3061 1260 tuos.

2343 1294 2396 1349 6.
2424 1292 2522 1361 Qui
2542 1296 2742 1351 redimit
2764 1297 2828 1351 de
2853 1299 3172 1370 corruptione
3196 1300 3349 1355 vitam
3370 1308 3527 1356 tuam.
3550 1300 3668 1358 lude
3687 1312 3810 1358 sanat

2270 1400 2458 1443 omnes
2505 1388 2785 1460 lauguorcs
2826 1400 2976 1461 tuos,
3010 1392 3129 1463 quia
3168 1393 3381 1449 redimit
3423 1393 3489 1449 de
3516 1396 3810 1466 corruptione

2269 1479 2430 1535 vitam
2460 1489 2623 1537 tuam.
2655 1480 2796 1540 Ecce
2820 1499 3013 1555 corpus
3033 1484 3171 1555 quod
3197 1486 3571 1557 corrumpitur,
3600 1497 3811 1558 aggravat

2268 1572 2500 1628 animam
2529 1574 2549 1645 (
2574 1573 2705 1645 Sap.
2736 1591 2814 1643 ιι,
2846 1574 2973 1649 15).
3009 1576 3180 1632 Vitam
3219 1592 3349 1648 ergo
3393 1576 3551 1633 habet
3582 1579 3738 1633 anima
3770 1580 3810 1635 in

2268 1683 2495 1739 corpore
2541 1671 2891 1742 corruptibili.
2932 1671 3152 1738 Qualem
3188 1672 3394 1728 vitam?
3439 1671 3605 1729 Ouera
3631 1675 3809 1744 patitur,

2268 1763 2502 1831 pondera
2529 1764 2775 1820 sustinet.
2808 1764 2888 1819 Ad
2930 1765 3103 1835 ipsum
3135 1750 3300 1821 Deum
3326 1766 3675 1838 cOgttandum,
3700 1769 3811 1824 sicut

2266 1852 2484 1923 dignum
2512 1864 2595 1910 est
2619 1855 2686 1910 ab
2710 1855 2928 1912 homine
2964 1858 3183 1929 cogitari
3213 1858 3383 1913 Deum
3410 1900 3424 1922 ,
3466 1868 3650 1931 quanta
3677 1861 3812 1931 impe-

2267 1945 2439 2011 diunt,
2472 1947 2634 2003 veluti
2659 1949 3045 2021 interpellantia
3072 1951 3141 2007 de
3162 1952 3479 2009 necessitate
3497 1954 3810 2024 corruptionis

2267 2037 2549 2095 humanm?
2578 2049 2774 2111 quanta
2813 2043 3106 2098 revocant?
3135 2054 3329 2115 quanta
3370 2060 3399 2099 a
3427 2046 3632 2102 sublimi
3667 2048 3810 2109 inten-

2267 2133 2411 2188 tione
2463 2133 2822 2206 detorquent?
2874 2147 3071 2207 quanta
3120 2138 3500 2210 interpellant?
3539 2157 3649 2210 quae
3689 2141 3811 2197 turba

2267 2224 2695 2295 phantasmatum
2714 2228 2738 2282 ?
2766 2228 2854 2298 qui
2877 2229 3055 2301 populi
3076 2232 3519 2302 suggestionum?
3542 2232 3715 2289 Totum
3734 2232 3811 2289 hoc

2265 2316 2319 2372 in
2347 2318 2509 2374 corde
2536 2318 2790 2387 humano,
2824 2330 3072 2390 tanquam
3095 2321 3164 2378 de
3186 2323 3461 2380 vermibus
3499 2324 3812 2395 corruptionis

2266 2409 2423 2479 hujus
2468 2420 2657 2468 scatet.
2689 2412 3140 2484 Exaggeravimus
3180 2415 3466 2483 morbum,
3506 2416 3752 2473 laudemus
3769 2426 3811 2472 et

2264 2505 2551 2561 medicum.
2580 2504 2697 2561 Non
2727 2521 2856 2578 ergo
2896 2516 2949 2562 te
2974 2508 3202 2576 sanabit,
3231 2510 3320 2581 qui
3351 2511 3477 2567 fecit
3501 2511 3651 2567 talem
3674 2510 3810 2581 qualis

2264 2611 2370 2652 non
2402 2605 2709 2669 argrolares,
2754 2600 2801 2654 si
2829 2600 3000 2671 legem
3040 2602 3284 2658 sanitatis
3328 2612 3598 2676 acceptam
3634 2615 3810 2659 servare

2263 2690 2567 2746 voluisses?
2596 2691 2781 2748 Nonne
2819 2691 2911 2748 tibi
2937 2701 2992 2748 et
3020 2693 3285 2764 disposuit
3326 2705 3387 2751 et
3428 2693 3685 2751 mandavit
3709 2692 3810 2764 quid

2265 2791 2531 2854 taugeres,
2560 2783 2688 2855 quid
2718 2799 2823 2839 non
2856 2793 3125 2857 taugeres,
3170 2786 3237 2842 ad
3264 2788 3594 2845 retinendam
3622 2786 3808 2843 salutem

2264 2873 2413 2945 (Gen.
2443 2890 2501 2943 ιι,
2532 2872 2621 2941 16,
2655 2874 2788 2947 l7)?
2814 2875 3040 2932 Noluisti
3067 2876 3253 2934 audire
3280 2878 3347 2933 ad
3372 2864 3709 2945 retinendam,
3732 2892 3807 2934 au-

2261 2964 2315 3021 di
2360 2965 2426 3020 ad
2464 2965 2848 3036 recipiendam.
2893 2966 3173 3039 Languore
3201 2976 3293 3024 tuo
3317 2975 3572 3040 expertus
3599 2983 3654 3025 es
3677 2980 3807 3038 quam

2261 3075 2389 3115 vera
2416 3060 2504 3116 ille
2524 3060 2792 3131 jussisset.
2828 3061 2944 3117 Jam
2973 3062 3184 3118 tandem
3210 3062 3504 3134 aliquando
3530 3062 3677 3118 homo
3697 3058 3809 3131 quod

2259 3167 2366 3207 non
2393 3153 2561 3208 tenuit
2586 3154 2840 3220 monitus,
2878 3154 3058 3211 audiat
3085 3154 3169 3211 vel
3193 3164 3472 3227 expertus.
3500 3156 3625 3224 Quae
3648 3154 3809 3215 duritia

2258 3254 2340 3302 est
2360 3287 2375 3313 ,
2406 3260 2565 3316 quam
2594 3261 2692 3302 nec
2716 3247 3046 3319 experientia
3075 3247 3272 3304 docet?
3300 3248 3422 3305 Non
3452 3264 3579 3321 ergo
3604 3257 3653 3304 te
3683 3259 3810 3302 sana-

2258 3337 2337 3394 bit
2364 3340 2451 3410 qui
2483 3340 2643 3395 talem
2672 3340 2870 3396 fecerat
2906 3350 2965 3398 nt
3007 3358 3276 3415 nunquam
3316 3354 3624 3417 :egrotares,
3654 3343 3695 3399 si
3719 3341 3810 3411 ejus

2257 3440 2524 3503 praecepta
2547 3448 2764 3493 servare
2786 3434 3090 3491 voluisses?
3130 3451 3235 3492 non
3265 3444 3318 3492 te
3348 3439 3577 3500 sanabit.
3606 3437 3683 3504 qui
3711 3431 3809 3487 fecit

2256 3523 2494 3595 Angelos
2516 3566 2529 3591 ,
2562 3532 2618 3580 et
2642 3533 2694 3581 te
2721 3524 2981 3581 refectum
3012 3537 3319 3599 mquaturus
3351 3540 3434 3584 est
3462 3524 3704 3597 Angelis?
3724 3538 3809 3579 non

2256 3615 2465 3672 sanabit
2508 3614 2706 3673 factum
2738 3618 2804 3673 ad
2834 3618 3117 3690 imaginem
3162 3630 3311 3670 suam
3334 3658 3352 3684 ,
3384 3617 3473 3688 qui
3503 3616 3621 3672 fecit
3645 3614 3807 3673 caelum

2256 3715 2310 3762 et
2348 3707 2591 3763 terram?
2621 3707 2842 3764 Sanabit
2869 3717 2959 3771 te;
2989 3720 3125 3776 opus
3151 3714 3234 3761 est
3263 3714 3319 3761 ut
3357 3710 3536 3763 sanari
3562 3707 3701 3763 velis.
3728 3704 3807 3761 Sa-

2254 3808 2351 3854 nat
2376 3800 2596 3855 omnino
2633 3798 2723 3853 ille
2748 3798 3039 3868 quemlibet
3068 3798 3400 3869 languidum,
3429 3799 3522 3856 sed
3557 3814 3655 3855 non
3684 3803 3807 3854 sanat

2254 3893 2497 3948 invitum.
2525 3892 2664 3960 Quid
2698 3899 2878 3946 autem
2906 3900 2958 3948 te
2984 3890 3214 3958 beatius,
3243 3908 3405 3963 quam
3432 3901 3492 3949 ut
3515 3888 3806 3966 tanquamrin

2254 4000 2414 4040 manu
2438 3994 2522 4039 tua
2543 3986 2583 4052 ¹,
2613 3984 2691 4039 sic
2714 3982 2911 4039 habeas
2928 3983 2977 4038 iu
3000 3983 3270 4038 voluntate
3291 3985 3571 4041 sanitatem
3592 3981 3748 4039 tuam?
3763 3978 3806 4034 Si

2254 4078 2420 4133 velles
2441 4092 2563 4133 esse
2588 4078 2639 4132 iu
2668 4077 2847 4146 aliquo
2873 4075 3086 4131 sublimi
3114 4075 3317 4132 honore
3339 4076 3395 4132 in
3425 4077 3521 4132 hac
3548 4088 3706 4139 terra;
3726 4072 3805 4127 du-

2253 4177 2429 4224 catum
2456 4211 2470 4235 ,
2517 4167 2951 4239 proconsulatum
2978 4208 2992 4234 ,
3025 4166 3398 4238 praefecturam
3429 4169 3473 4223 si
3503 4166 3806 4237 concupisce-

2253 4276 2342 4317 res
2382 4280 2394 4316 :
2429 4261 2682 4332 numquid
2721 4262 2976 4316 continuo
3009 4274 3197 4331 posses
3244 4270 3301 4315 ut
3338 4260 3545 4317 velles?
3589 4251 3805 4324 numquid

2253 4353 2583 4409 voluntatem
2615 4362 2756 4408 tuam
2800 4360 3039 4425 potestas
3079 4352 3433 4423 sequeretur?
3464 4350 3606 4408 Multi
3632 4348 3691 4404 ad
3726 4347 3805 4401 ista

2252 4446 2437 4501 volunt
2466 4445 2765 4517 pervenire,
2790 4453 2971 4500 etnon
2998 4454 3219 4515 possunt
3247 4460 3260 4495 :
3291 4443 3388 4500 sed
3417 4443 3464 4499 si
3487 4440 3803 4515 pervenirent,

2252 4538 2377 4608 quid
2421 4537 2638 4609 prodest
2666 4536 2835 4592 honos
2871 4536 3117 4607 :egrotis?
3143 4535 3273 4603 Quis
3302 4535 3445 4589 enim
3491 4549 3593 4593 non
3616 4535 3806 4601 mgrotat

2252 4632 2305 4687 in
2340 4632 2439 4687 hac
2464 4630 2612 4685 vita?
2640 4630 2761 4701 quis
2790 4644 2897 4684 non
2928 4629 3237 4700 languorem
3262 4627 3481 4698 longum
3508 4624 3690 4681 trahit?
3722 4620 3804 4675 Na-

2254 4727 2330 4783 sci
2357 4726 2444 4781 hic
2464 4726 2515 4781 in
2538 4740 2765 4797 corpore
2786 4724 3019 4790 mortali,
3044 4723 3279 4794 incipere
3300 4728 3561 4794 aegrotare
3575 4726 3667 4776 est.
3687 4715 3805 4785 Quo-

2251 4817 2465 4875 tidiauis
2494 4817 2898 4873 medicamentis
2941 4815 3230 4871 fulciuutur
3269 4812 3573 4884 indigentiae
3603 4816 3802 4868 nostrrc,

2250 4908 2555 4982 quOtidiana
2585 4908 2973 4964 medicamenta
2999 4913 3124 4962 sunt
3148 4904 3473 4961 refectiones
3496 4902 3716 4959 omnium
3740 4896 3804 4950 iu-

2249 5001 2623 5073 digentiarum.
2646 4999 2841 5055 Fames
2871 5013 3053 5055 nonne
3080 5008 3132 5053 te
3158 4995 3446 5062 occideret,
3471 4994 3571 5049 nisi
3599 4989 3802 5047 medica-

2248 5104 2486 5153 mentum
2524 5095 2639 5163 ejus
2677 5092 3019 5165 apponeres?
3048 5092 3163 5148 sitia
3197 5103 3375 5147 nonne
3414 5096 3467 5144 te
3512 5084 3771 5157 perimeret

2246 5188 2349 5244 nisi
2390 5203 2509 5244 eam
2552 5197 2607 5241 tu
2634 5163 2893 5251 bibendo,
2936 5199 3041 5240 non
3089 5183 3298 5255 penitus
3327 5179 3699 5249 exstingueres,
3724 5163 3799 5222 sed

2246 5279 2531 5337 diﬂ'errcs?
2555 5277 2807 5333 Rcditura
2831 5285 2916 5334 est
2939 5276 3081 5332 enim
3103 5275 3219 5330 sitis
3238 5271 3503 5345 paululum
3521 5265 3783 5357 temperat:t

2246 5375 2633 5445 Temperamus
2658 5386 2784 5441 ergo
2814 5370 2930 5427 istis
2967 5368 3215 5423 fomentis
3249 5377 3539 5421 aerumnam
3565 5347 3798 5428 aegritudi-

2244 5470 2329 5525 nis
2355 5478 2571 5523 uostrzo.
2602 5463 2804 5520 Staudo
2844 5461 3071 5516 lassatus
3108 5474 3263 5524 eras,
3290 5454 3526 5513 sedendo
3552 5447 3788 5507 reticulis;

2244 5561 2419 5633 ipsum
2459 5558 2648 5616 sedere
2678 5556 2941 5613 medicina
2972 5562 3055 5609 est
3088 5550 3415 5608 lassitudinis
3442 5563 3455 5601 :
3491 5546 3543 5601 in
3570 5545 3677 5615 ipsa
3706 5546 3798 5587 me-

3992 3376 4001 3465 ἒ

3988 3476 3997 3613 ἱ

3988 3618 3995 3695 ’

3992 3736 3995 3813 ξ
