4088 6432
309 352 441 406 1521

300 464 481 517 dicina
514 478 698 516 rursus
727 462 976 526 lassaris;
1005 460 1094 515 diu
1119 460 1308 516 sedere
1349 476 1453 515 non
1477 463 1691 531 poteris.
1722 462 1891 530 Quid-

298 555 428 625 quid
459 565 543 609 est
569 555 657 610 ubi
685 553 973 624 fatigationi
992 556 1006 585 ⁸
1036 554 1385 619 succurritur,
1416 554 1517 608 alia
1545 553 1784 624 fatigatio
1812 556 1894 609 in-

296 649 548 705 choatur.
578 648 713 717 Quid
735 662 865 717 ergo
893 648 988 701 ista
1010 646 1283 702 desideras
1307 646 1627 717 languidus?
1655 648 1805 702 Prius
1825 648 1894 702 de

294 740 471 795 salute
511 748 602 793 tua
640 739 831 808 cogita.
861 738 1159 807 Aliquando
1201 746 1423 809 aegrotat
1469 738 1629 793 homo
1655 740 1709 793 in
1734 739 1894 793 domo

290 846 407 895 sua,
448 832 502 884 in
526 830 665 885 lecto
684 844 801 894 suo,
824 830 1137 900 (egritudine
1160 829 1559 896 manifestiore;
1588 847 1889 901 quanquam

290 936 344 980 et
374 925 481 979 ista
512 922 795 978 manifesta
821 923 924 990 sit,
956 938 1113 993 quam
1145 924 1337 978 nolunt
1383 924 1626 978 homines
1654 924 1844 978 intueri
1873 942 1886 978 :

289 1028 473 1072 tamen
501 1030 569 1071 ea
595 1015 927 1086 aegritudine,
958 1014 1025 1070 ad
1053 1031 1211 1085 quam
1239 1025 1551 1085 quaeruntur
1579 1015 1770 1071 medici
1794 1015 1889 1070 bo-

288 1107 488 1170 mines,
521 1113 745 1176 aegrotat
764 1105 989 1175 quisque
1010 1104 1060 1158 in
1088 1105 1249 1159 domn
1269 1120 1386 1171 sua,
1414 1104 1630 1159 anhelat
1652 1106 1887 1161 febribus

289 1204 340 1256 in
366 1201 515 1255 lecto
548 1213 683 1265 suo;
714 1200 840 1254 velit
868 1198 1005 1254 forte
1042 1200 1278 1269 cogitare
1308 1198 1376 1254 de
1401 1214 1458 1253 re
1489 1199 1753 1263 familiari,
1784 1199 1884 1252 ali-

285 1291 413 1362 quid
440 1291 637 1362 jubere
660 1290 743 1345 vel
774 1291 826 1345 in
851 1290 1032 1355 domo,
1056 1290 1139 1345 vel
1165 1290 1217 1345 iu
1238 1288 1423 1353 fundo,
1446 1300 1537 1345 aut
1564 1290 1867 1360 disponere;

286 1384 468 1440 statim
497 1399 628 1439 cura
664 1399 883 1439 suorum
920 1384 1401 1454 circumstrepente
1426 1393 1482 1439 et
1517 1395 1885 1440 murmurante

287 1487 580 1531 revocatur
605 1493 635 1528 a
672 1475 863 1530 talibus
884 1477 1026 1530 curis
1047 1518 1061 1542 ,
1094 1486 1147 1530 et
1182 1476 1379 1532 dicitur
1401 1477 1497 1544 illi,
1521 1477 1736 1533 Dimitte
1762 1479 1880 1542 ista,

291 1567 436 1636 prius
454 1565 534 1621 de
562 1566 732 1621 salute
758 1575 845 1621 tua
866 1566 1059 1636 cogita.
1087 1566 1229 1637 Ergo
1252 1566 1356 1621 hoc
1377 1567 1469 1621 tibi
1494 1567 1690 1623 dicitur
1716 1587 1730 1624 :
1756 1569 1883 1624 Om—

286 1657 367 1712 nis
394 1656 589 1724 homo,
613 1658 656 1711 si
683 1672 792 1712 non
816 1665 1044 1728 :egrotas
1061 1698 1075 1721 ,
1102 1658 1202 1714 alia
1232 1658 1403 1728 cogita
1427 1675 1441 1723 ;
1472 1659 1516 1713 si
1540 1667 1592 1714 te
1617 1671 1883 1731 argrotan-

287 1759 388 1804 tem
411 1750 647 1818 languor
667 1750 778 1819 ipse
803 1749 1089 1814 convincit,
1120 1750 1265 1817 prius
1287 1749 1356 1805 de
1380 1750 1551 1805 salute
1575 1759 1660 1805 tua
1682 1753 1877 1823 cogita.

283 1840 434 1898 Salus
458 1849 559 1895 tua
587 1839 829 1897 Christus
857 1851 941 1897 est
969 1858 981 1895 :
1011 1841 1281 1897 Christum
1306 1857 1435 1914 ergo
1458 1845 1652 1915 cogita.
1684 1846 1880 1916 Accipe

281 1935 509 1989 calicem
532 1935 781 1991 salutaris
796 1935 935 2005 ejus,
960 1934 1062 2002 Qui
1082 1944 1227 1989 sanat
1248 1952 1421 1991 omnes
1444 1936 1710 2008 Ianguores
1731 1949 1842 1993 tuos
1861 1955 1880 1994 :

282 2029 414 2081 hanc
444 2026 684 2081 salutem
712 2027 756 2081 si
794 2026 1045 2091 volueris,
1077 2026 1363 2082 obtinebis.
1393 2027 1635 2084 Honores
1661 2040 1716 2085 et
1740 2030 1876 2085 divi-

280 2121 377 2173 tias
396 2134 534 2175 cum
574 2119 884 2188 requisieris
904 2159 919 2183 ,
952 2134 1056 2172 non
1083 2120 1343 2175 continuo
1366 2120 1410 2175 si
1437 2121 1685 2185 volueris,
1719 2121 1877 2177 habe-

281 2214 361 2269 bis
392 2231 406 2268 :
454 2213 569 2267 hoc
594 2222 646 2266 et
672 2211 955 2283 pretiosius
980 2221 1061 2266 est
1080 2253 1095 2277 ,
1132 2220 1189 2267 et
1221 2212 1461 2282 sequitur
1483 2212 1809 2268 voluntatem
1831 2216 1875 2267 ³.

281 2306 377 2373 Qui
392 2315 556 2360 sanat
568 2321 738 2359 omnes
749 2304 1013 2375 languore:
1031 2313 1158 2369 tuos,
1177 2304 1264 2375 qui
1277 2305 1477 2358 redimit
1488 2306 1550 2360 de
1561 2308 1879 2377 corruptione

276 2400 425 2453 vitam
471 2409 643 2452 tuam.
685 2398 757 2453 lbi
788 2398 1063 2452 sanabitur
1091 2398 1266 2452 omnis
1304 2400 1529 2469 languor
1571 2410 1722 2467 tuus,
1753 2418 1874 2457 eum

274 2491 634 2562 corruptibile
680 2490 779 2546 hoc
829 2489 1012 2546 induet
1059 2490 1531 2561 incorruptionem.
1581 2493 1875 2563 Redempta

274 2596 351 2641 est
372 2585 532 2641 enim
558 2584 663 2638 vita
696 2593 782 2637 tua
808 2582 875 2637 de
901 2583 1274 2653 corruptione;
1310 2583 1421 2654 jam
1463 2600 1681 2641 securus
1723 2598 1869 2642 esto:

273 2679 429 2732 initus
468 2686 563 2731 est
592 2677 743 2731 bona:
784 2676 905 2731 fidei
935 2686 1269 2741 contractus;
1310 2691 1470 2731 nemo
1500 2676 1632 2731 fallit
1662 2677 1872 2734 redem-

272 2780 484 2841 ptorem
520 2779 689 2835 tuum,
719 2784 878 2823 nemo
902 2769 1251 2824 circumvenit
1271 2810 1285 2832 ,
1318 2786 1477 2825 neruo
1504 2772 1718 2841 premit.
1754 2773 1873 2843 Egit

271 2862 352 2917 hic
376 2861 795 2925 commercium,
821 2860 929 2930 jam
964 2862 1192 2931 pretium
1230 2861 1408 2926 solvit,
1441 2864 1755 2934 sanguinem
1786 2864 1871 2920 fu-

269 2952 361 3006 dit.
391 2951 765 3018 Sanguinem,
809 2950 1045 3021 inquam,
1073 2950 1205 3006 fudit
1234 2953 1423 3008 unicus
1450 2953 1617 3009 Filius
1650 2955 1743 3010 Dei
1776 2971 1872 3027 pro

270 3046 419 3100 nobis
442 3063 459 3098 :
502 3059 536 3097 o
563 3045 761 3108 anima,
790 3044 935 3114 erige
970 3053 1040 3107 te.
1073 3045 1203 3099 tanti
1226 3046 1391 3100 vales.
1426 3044 1647 3101 Redimit
1678 3047 1741 3101 de
1760 3066 1873 3103 cor-

268 3140 516 3209 ruptione
537 3138 693 3191 vitam
718 3146 875 3190 tuam.
899 3134 1143 3191 Ostendit
1164 3139 1428 3208 exemplo,
1460 3140 1599 3210 quod
1626 3142 1871 3212 promisit

269 3233 319 3285 in
346 3229 605 3300 pnumio.
632 3228 871 3283 Mortuus
898 3238 978 3283 est
1010 3240 1227 3299 propter
1250 3231 1443 3285 delicta
1473 3242 1673 3295 nostra,
1698 3243 1752 3289 et
1778 3250 1867 3290 re-

269 3323 515 3381 surrexit
562 3331 779 3393 propter
803 3322 1234 3391 justificatiouem
1277 3332 1509 3378 nostram
1554 3322 1748 3396 (Rom.
1794 3344 1864 3392 tv,

267 3414 395 3484 25).
430 3414 673 3483 Sperent
699 3412 937 3468 membra
980 3412 1120 3482 quod
1151 3413 1204 3467 in
1230 3414 1404 3483 capite
1441 3413 1865 3471 demonstratum

268 3518 365 3563 est.
393 3505 524 3561 Non
554 3505 759 3559 curabit
789 3503 1025 3558 membra
1062 3519 1155 3557 sua
1178 3547 1192 3569 ,
1223 3520 1447 3574 quorum
1474 3517 1626 3575 caput
1676 3508 1870 3565 levavit

269 3600 317 3653 in
345 3596 600 3655 caelum?
626 3596 763 3666 Ergo
790 3594 991 3649 redimit
1024 3594 1088 3647 de
1109 3596 1429 3664 corruptione
1451 3597 1604 3650 vitam
1636 3607 1790 3653 tuam.

336 3692 388 3744 ’1.
419 3686 535 3754 Qui
559 3696 766 3742 coronat
792 3695 838 3739 te
862 3686 916 3740 in
944 3686 1262 3740 miseratione
1280 3696 1327 3740 et
1357 3688 1721 3743 misericordia.
1748 3689 1864 3744 .lam

268 3781 408 3835 enim
445 3778 589 3833 forte
615 3778 763 3841 quasi
785 3791 1041 3847 arrogans
1062 3792 1181 3831 esse
1199 3792 1461 3847 cceperas,
1485 3794 1607 3833 cum
1628 3780 1867 3850 audires,

270 3881 491 3927 coronat
513 3881 579 3925 te.
603 3870 743 3940 Ergo
771 3885 992 3939 magnus
1018 3884 1160 3931 sum,
1188 3884 1316 3938 ergo
1343 3870 1573 3924 luctatus
1598 3885 1737 3926 sum.
1760 3870 1868 3926 Cu-

269 3968 355 4035 jus
375 3962 625 4020 viribus?
650 3961 798 4025 Tuis,
820 3960 915 4016 sed
943 3960 1012 4015 ab
1038 3959 1132 4016 illo
1156 3961 1586 4015 subministratis.
1620 3962 1751 4016 Nam
1782 3963 1865 4016 ln-

271 4056 476 4122 ctaris,
528 4051 870 4109 manifestum
914 4060 1035 4118 est;
1086 4060 1141 4106 et
1183 4051 1304 4105 ideo
1332 4052 1709 4117 coronaberis,
1741 4055 1864 4124 quia

271 4149 461 4202 vinces
492 4164 505 4199 :
532 4144 627 4199 sed
650 4143 767 4197 vide
793 4143 912 4212 quis
942 4142 1087 4211 prior
1114 4142 1318 4205 vicerit,
1350 4140 1468 4195 vide
1490 4142 1609 4211 quis
1634 4152 1683 4197 te
1710 4144 1867 4200 faciat

269 4241 435 4296 etiam
476 4236 714 4293 secundo
744 4234 1021 4291 victorem.
1054 4233 1167 4305 Ego
1187 4276 1202 4300 ,
1238 4234 1404 4303 inquit
1425 4276 1439 4297 ,
1470 4234 1564 4287 vici
1585 4236 1858 4301 secutum,

267 4333 495 4406 gaudete
519 4330 699 4397 (Joan.
722 4346 837 4395 xvi,
866 4329 975 4399 55).
1004 4326 1071 4381 Ει
1097 4328 1237 4382 unde
1266 4326 1578 4397 gaudemus,
1602 4328 1645 4381 si
1674 4328 1759 4383 ille
1790 4330 1866 4383 vi-

268 4428 340 4479 cit
367 4422 669 4481 sacculum?
694 4424 843 4492 quasi
874 4434 971 4473 nos
996 4420 1321 4474 vicerimus?
1352 4420 1426 4473 lta
1454 4421 1610 4490 plane
1637 4423 1866 4491 gaudea-

269 4533 424 4586 mus,
458 4516 581 4586 quia
612 4530 710 4570 nos
736 4514 979 4569 vicimus.
1025 4512 1125 4579 Qui
1154 4511 1207 4566 in
1240 4511 1391 4567 nobis
1418 4513 1540 4567 victi
1571 4528 1777 4580 sumus,
1812 4515 1863 4569 in

271 4613 360 4666 illo
381 4610 635 4666 vicimus.
662 4608 803 4679 Ergo
827 4614 1050 4662 coronat
1071 4614 1144 4673 te,
1176 4605 1296 4674 quia
1327 4604 1465 4658 dona
1494 4621 1587 4659 sua
1622 4616 1861 4673 coronat,

270 4720 375 4759 non
400 4703 594 4757 merita
617 4711 726 4755 tua.
750 4698 879 4753 Plus
899 4697 1127 4752 omnibus
1146 4698 1248 4751 illis
1275 4697 1517 4760 laboravi,
1539 4698 1613 4753 ait
1639 4700 1866 4768 Aposto-

270 4798 353 4850 lus
382 4813 397 4848 :
432 4793 529 4849 sed
557 4793 675 4848 vide
697 4792 820 4862 quid
851 4791 1109 4860 adjungit,
1143 4788 1265 4843 Non
1294 4806 1384 4859 ego
1406 4799 1595 4854 autem,
1629 4790 1718 4844 sed
1742 4808 1865 4862 gra-

270 4890 339 4941 tia
380 4886 484 4941 Dei
510 4902 703 4939 mecum
733 4884 775 4954 (l
800 4883 916 4938 Cor.
946 4898 1034 4948 xv,
1064 4882 1177 4953 10).
1208 4882 1273 4936 Ει
1299 4891 1417 4952 post
1443 4882 1653 4936 labores
1678 4897 1865 4937 omnes

270 4986 555 5049 exspectat
582 4977 753 5046 ipsam
782 4989 1058 5040 coronam,
1084 4983 1140 5029 et
1164 4972 1323 5035 dicit,
1363 4990 1382 5023 ι
1413 4972 1615 5026 Bonum
1639 4987 1864 5042 agonem

268 5070 477 5126 eertavi
496 5109 512 5136 ,
541 5082 755 5123 cursum
785 5064 1181 5131 consummavi,
1213 5063 1368 5118 ﬁdem
1397 5064 1603 5118 servavi
1628 5081 1640 5116 :
1669 5064 1736 5118 de
1763 5078 1869 5118 ca:-

274 5173 393 5216 tero
421 5168 669 5229 superest
697 5158 826 5212 mihi
854 5172 1055 5211 corona
1074 5154 1313 5225 justitiae,
1338 5170 1497 5224 quam
1530 5153 1656 5208 mihi
1680 5155 1873 5211 reddet

276 5253 536 5308 Dominus
565 5252 618 5305 in
647 5250 734 5305 illa
761 5250 847 5304 die
869 5260 1047 5318 justus
1071 5247 1233 5317 judex
1262 5266 1280 5300 ι
1311 5247 1391 5320 (ll
1421 5247 1553 5301 Tim.
1583 5263 1654 5313 tv,
1682 5248 1744 5315 7,
1774 5248 1864 5319 8).

272 5346 493 5413 Quare?
543 5344 676 5414 Quia
717 5358 929 5413 agonem
973 5341 1180 5395 certavi.
1230 5339 1443 5408 Quare?
1482 5339 1618 5408 Quia
1662 5358 1866 5395 cursum

273 5438 637 5494 consummavi.
666 5434 880 5503 Quare?
914 5433 1046 5501 Quia
1075 5432 1229 5502 ﬁdem
1268 5432 1477 5486 servavi.
1515 5430 1666 5487 Unde
1690 5442 1868 5487 certa-

274 5534 383 5589 sti?
412 5532 553 5588 unde
584 5531 741 5586 iidem
777 5526 1044 5584 servasti?
1088 5525 1211 5580 Non
1235 5541 1327 5597 ego
1349 5536 1549 5594 autem,
1590 5525 1679 5580 sed
1704 5526 1870 5597 gratia

277 5624 377 5680 Dei
401 5640 613 5679 mecum.
645 5620 787 5692 Ergo
809 5630 858 5675 et
891 5618 1033 5690 quod
1062 5619 1359 5685 coronaris,
1390 5618 1531 5673 illius
1559 5617 1868 5672 misericor-

343 5780 365 5809 ³
397 5769 519 5826 Εάάξ
536 5769 718 5827 addunt
742 5775 834 5828 hic.
860 5772 983 5835 ejus,
1002 5770 1127 5821 unde
1148 5778 1193 5820 et
1210 5771 1463 5820 subditur:
1489 5770 1616 5835 quod
1647 5782 1674 5819 a
1699 5769 1851 5832 pleris

276 5852 378 5902 que
392 5846 497 5891 uss.
515 5844 673 5887 abest.

643 5918 871 5979 Sacr.
924 5919 1199 5976 Aususr.
1246 5916 1348 5975 ιν.

1448 346 1846 404 ENABHATIO
1886 349 1950 403 IN
1990 350 2320 408 PSALMUM
2358 352 2465 409 Cll.

3459 375 3474 426 l
3488 374 3591 429 5‘22

2009 463 2090 517 dia
2122 466 2417 520 coronaris.
2456 467 2726 539 Nusquam
2766 473 2839 528 sis
2864 476 3155 544 superbus;
3199 493 3412 551 semper
3437 485 3591 542 lauda

2010 557 2324 623 Dominum,
2368 573 2554 614 omnes
2594 563 2973 620 retributiones
3009 567 3127 636 ejus
3167 571 3276 625 noli
3324 573 3587 633 oblivisct.

2007 648 2303 703 Retrihutio
2324 658 2425 713 est,
2454 667 2573 705 cum
2606 663 2854 722 peccator
2876 665 2932 712 et
2960 657 3154 727 impius
3183 672 3401 720 vocatus
3422 681 3503 733 es,
3537 681 3593 726 ut

1999 738 2389 807 justiticarcris.
2416 740 2715 798 Retributio
2751 754 2853 811 est,
2876 762 2996 802 cum
3027 759 3239 806 erectus
3258 754 3275 787 ⁸
3304 765 3358 809 ει
3392 759 3591 827 guber-

2003 841 2159 887 natus
2197 849 2258 887 es
2295 848 2363 889 ne
2391 834 2633 890 caderes.
2672 836 2969 895 Retributio
3014 852 3125 909 est,
3174 860 3294 900 cum
3327 849 3420 904 tibi
3451 852 3590 907 vires

2001 923 2415 981 subministrata:
2444 935 2607 994 sunt,
2642 937 2699 982 ut
2730 946 2897 1000 usque
2920 932 2973 987 iu
3001 934 3161 991 linem
3193 954 3597 1006 perseverares.

1999 1012 2299 1071 Retributio
2324 1025 2427 1083 est,
2451 1026 2511 1071 ut
2534 1019 2696 1073 etiam
2721 1034 2848 1075 caro
2874 1022 2971 1076 ista
2996 1032 3084 1079 tua
3104 1041 3205 1096 qua
3232 1034 3586 1098 prcmebaris.

1999 1113 2263 1175 resurgat,
2291 1116 2344 1162 et
2372 1122 2470 1163 nec
2495 1110 2682 1179 capitis
2710 1111 2781 1164 tui
2810 1113 3034 1182 capillus
3061 1114 3304 1174 intereat.
3333 1121 3583 1181 Retribu-

1998 1195 2071 1249 tio
2100 1206 2201 1262 est,
2245 1205 2302 1251 ut
2329 1208 2448 1268 post
2473 1202 2920 1258 resurrectionem
2950 1210 3249 1263 coroneris.
3281 1210 3582 1271 Retributio

1994 1296 2096 1352 est,
2131 1297 2187 1342 ut
2218 1289 2270 1343 in
2311 1298 2566 1345 aeternum
2598 1292 2762 1348 Deum
2794 1294 2963 1363 ipsum
2998 1298 3115 1354 sine
3141 1298 3353 1357 delectu
3382 1305 3584 1363 laudes.

1993 1378 2193 1435 Omnes
2218 1382 2599 1437 retributiones
2625 1384 2739 1453 ejus
2768 1386 2876 1441 noli
2910 1388 3189 1457 oblivisci,
3221 1394 3264 1446 si
3294 1395 3374 1449 vis
3399 1406 3457 1451 ut
3485 1399 3581 1454 be-

1994 1470 2204 1525 nedicat
2228 1471 2403 1526 anima
2433 1482 2519 1527 tua
2557 1475 2858 1540 Dominum,
2886 1479 2973 1547 qui
2994 1492 3201 1536 coronat
3226 1494 3273 1541 te
3299 1486 3352 1540 in
3378 1490 3584 1544 irrisera-

1992 1562 2126 1617 tione
2160 1574 2207 1617 et
2233 1566 2593 1620 misericordia.

2062 1654 2116 1709 8.
2158 1656 2225 1710 Et
2251 1654 2379 1726 quid
2403 1672 2554 1727 agam
2583 1662 2905 1715 coronatus?
2934 1662 3073 1718 Ecce
3116 1666 3407 1736 adjuvabar
3451 1688 3573 1728 cum

1991 1748 2243 1815 luctarer,
2276 1749 2426 1804 linito
2458 1752 2751 1807 certamine
2779 1756 3107 1823 coronabor;
3134 1757 3244 1828 jam
3273 1764 3416 1821 nulla
3449 1769 3577 1821 resi-

1988 1838 2092 1894 dua
2122 1842 2223 1895 erit
2252 1842 2465 1898 inimica
2494 1844 2766 1914 suggestio
2792 1846 2871 1901 vel
2900 1850 3176 1918 corruptio
3199 1866 3321 1909 cum
3361 1871 3462 1925 qua
3491 1859 3577 1914 lu-

1987 1941 2119 1987 cter.
2148 1932 2373 2004 Semper
2410 1936 2553 1990 enim
2600 1936 2651 1991 in
2686 1937 2784 1993 hac
2812 1938 2921 1994 vita
2956 1941 3221 1999 luctamur
3244 1962 3365 2002 cum
3394 1964 3577 2006 corru-

1987 2024 2167 2091 ptinne
2194 2025 2327 2079 ista:
2354 2026 2446 2081 sed
2473 2027 2599 2095 quid
2627 2030 2882 2098 scriptum
2909 2033 3030 2086 est?
3054 2033 3345 2091 Novissima
3371 2040 3575 2096 inimica

1985 2114 2269 2169 destruetur
2295 2135 2450 2171 mors.
2483 2119 2609 2173 Post
2651 2120 3069 2179 destructionem
3115 2129 3323 2197 mortis,
3372 2132 3571 2189 nullum

1987 2210 2198 2265 timebis
2222 2210 2494 2267 inimicum
2522 2230 2533 2265 :
2562 2212 2687 2269 inde
2713 2215 2951 2286 absorpta
2971 2227 3046 2271 est
3072 2235 3207 2275 mors
3233 2222 3286 2275 in
3316 2224 3572 2279 victoriam

1988 2302 2028 2375 (1
2052 2303 2172 2357 Cor.
2204 2320 2292 2370 xv,
2318 2304 2409 2373 26,
2442 2306 2556 2375 54).
2586 2305 2734 2361 Tunc
2764 2322 2891 2379 ergo
2918 2310 3021 2365 erit
3042 2311 3288 2379 victoria,
3322 2324 3449 2371 tunc
3482 2334 3572 2372 co-

1984 2410 2135 2449 rona.
2177 2396 2304 2452 Post
2344 2407 2617 2453 certamen
2663 2415 2791 2469 ergo
2818 2402 3139 2469 coronabor,
3169 2417 3290 2475 post
3313 2423 3568 2471 coronam

1982 2486 2108 2557 quid
2134 2490 2325 2558 agam?
2358 2488 2457 2556 Qui
2480 2491 2633 2543 satiat
2660 2492 2709 2544 in
2736 2492 2877 2547 bonis
2896 2493 3205 2550 desiderium
3230 2507 3390 2553 tuum.
3415 2501 3570 2557 Modo

1981 2581 2123 2634 enim
2154 2581 2305 2635 audis
2335 2582 2554 2648 bonum,
2588 2592 2643 2637 et
2675 2582 2929 2650 anhelas;
2961 2585 3111 2642 audis
3139 2588 3359 2656 bonum,
3392 2602 3446 2647 et
3472 2609 3565 2647 ευ·-

1980 2671 2188 2740 spiras:
2219 2682 2273 2727 et
2302 2673 2404 2726 hoc
2426 2674 2595 2742 ipsum
2627 2674 2767 2744 quod
2792 2676 2927 2731 forte
2948 2691 3159 2748 peccas,
3188 2681 3419 2753 eligendi
3440 2684 3566 2741 boni

1981 2761 2231 2817 aviditate
2274 2762 2505 2827 falleris;
2536 2774 2591 2819 et
2629 2770 2679 2819 ln
2706 2782 2773 2821 eo
2802 2783 2925 2822 rcus
2956 2768 3235 2835 detineris,
3265 2774 3407 2843 quod
3465 2775 3566 2831 bo-

1980 2870 2105 2909 num
2148 2856 2430 2911 consilium
2474 2856 2569 2912 Dei
2599 2873 2706 2913 non
2750 2859 2925 2927 audis,
2956 2862 3083 2932 quid
3108 2868 3560 2925 contemnendum

1978 2953 2032 3000 et
2056 2946 2183 3016 quid
2204 2945 2508 3016 eligendum
2529 2949 2632 3012 sit;
2663 2950 2804 3019 quod
2836 2950 2973 3007 forte
3002 2954 3222 3025 negligis
3256 2956 3487 3025 discere,
3516 2963 3562 3015 si

1978 3034 2031 3089 iu
2066 3036 2318 3107 eligendo
2342 3038 2484 3094 bono
2510 3038 2799 3096 fallebaris.
2833 3042 3164 3114 Ubicumque
3192 3061 3382 3116 peccas
3410 3057 3561 3121 quasi

1977 3125 2175 3181 bonum
2218 3129 2435 3197 quzeris,
2481 3129 2633 3199 quasi
2672 3129 3020 3188 refectionem
3064 3133 3360 3192 desideras.
3415 3139 3561 3196 Bona

1976 3227 2100 3272 sunt
2128 3218 2227 3273 ista
2269 3235 2388 3289 qua:
2412 3221 2639 3290 quaeris;
2672 3221 2764 3276 sed
2811 3224 2946 3277 mala
2990 3226 3081 3279 tibi
3124 3238 3301 3294 erunt,
3346 3230 3562 3287 deserto

1977 3310 2067 3364 illo
2096 3325 2125 3364 a
2152 3325 2260 3381 quo
2286 3313 2422 3366 bona
2461 3311 2599 3366 facta
2640 3324 2782 3369 sunt.
2840 3316 3043 3371 Bonum
3095 3328 3243 3374 tuum
3288 3336 3491 3391 quaere,
3526 3342 3559 3379 ο

1974 3403 2170 3457 anima.
2204 3402 2299 3457 Est
2325 3404 2467 3458 enim
2502 3404 2697 3459 bonum
2722 3405 2865 3460 aliud
2901 3408 3074 3473 alteri,
3103 3420 3157 3464 et
3186 3425 3375 3466 omnes
3406 3428 3562 3470 crea-

1977 3506 2109 3550 tura:
2129 3495 2323 3551 habent
2343 3496 2608 3567 quoddam
2643 3498 2840 3553 bonum
2871 3513 3050 3566 suum,
3080 3502 3402 3572 integritatis
3424 3522 3556 3571 suae,

1973 3600 2027 3643 et
2054 3588 2397 3659 perfectionis
2434 3599 2638 3644 natura:
2661 3605 2808 3646 sum:
2842 3592 3064 3648 interest
3092 3594 3218 3662 quid
3265 3596 3458 3665 cuique
3482 3600 3561 3651 rei

1973 3682 2294 3751 imperfecta:
2343 3682 2703 3737 necessarium
2746 3683 2846 3747 sit,
2895 3694 2952 3738 ut
2996 3685 3328 3755 perficiatur;
3382 3705 3562 3757 quaero

1974 3785 2119 3830 tuum
2140 3776 2355 3831 bonum.
2388 3773 2552 3830 Nemo
2578 3775 2735 3830 bonus
2760 3778 2857 3830 nisi
2888 3793 3015 3831 unus
3047 3777 3183 3832 Deus
3201 3777 3414 3846 (Matth.
3439 3797 3554 3841 χιχ.

1974 3865 2084 3936 17).
2129 3866 2406 3923 Summum
2451 3867 2671 3934 bonum,
2722 3866 2825 3923 hoc
2864 3877 2946 3922 est
2989 3878 3137 3923 tuum
3168 3869 3388 3924 bonum.
3417 3870 3558 3937 Quid

1971 3973 2099 4027 ergo
2124 3957 2273 4011 deest
2302 3959 2388 4011 cui
2404 3972 2668 4011 summum
2687 3958 2884 4013 bonum
2902 3958 3099 4012 bonum
3122 3960 3239 4013 est?
3261 3959 3558 4019 Suntenim

1970 4058 2024 4102 et
2047 4047 2297 4104 inferiora
2321 4049 2479 4114 bona,
2511 4064 2631 4119 qua:
2653 4049 2774 4103 aliis
2800 4057 2857 4104 et
2882 4050 3000 4104 aliis
3030 4049 3168 4107 bona
3194 4061 3337 4107 sunt.
3367 4053 3556 4111 Pecori

1970 4137 2094 4208 quid
2126 4138 2321 4194 bonum
2347 4149 2447 4203 est,
2474 4137 2686 4203 fratres,
2715 4140 2817 4194 nisi
2840 4140 3062 4209 implere
3084 4151 3347 4211 ventrem,
3370 4159 3558 4201 carere

1972 4229 2281 4300 indigentia,
2311 4231 2567 4295 dormire,
2598 4232 2818 4301 gestire,
2848 4232 3048 4298 vivere,
3077 4248 3267 4288 sanum
3299 4250 3440 4304 esse,
3467 4252 3560 4308 ge-

1974 4327 2197 4382 nerare?
2218 4328 2419 4382 Bonum
2451 4328 2525 4382 illi
2553 4337 2654 4394 est,
2684 4334 2738 4382 et
2760 4341 2926 4398 usque
2952 4328 3018 4382 ad
3040 4328 3323 4399 quemdam
3343 4332 3558 4388 modum

1974 4421 2133 4476 habet
2161 4420 2282 4475 boni
2309 4421 2391 4475 sui
2424 4436 2732 4475 mensuram
2764 4420 3037 4484 tributam.
3071 4430 3125 4476 et
3151 4437 3465 4478 concessam
3492 4427 3562 4478 ah

1971 4515 2209 4568 omnium
2240 4529 2417 4567 rerum
2448 4521 2691 4569 creatore
2721 4513 2852 4567 Deo.
2879 4513 3009 4567 Tale
3037 4522 3091 4567 tu
3109 4513 3308 4567 bonum
3337 4518 3560 4582 qmeris?

1973 4606 2069 4661 [).ιι
2096 4615 2151 4660 ει
2176 4604 2276 4659 hoc
2304 4604 2473 4670 Deus;
2502 4603 2594 4660 sed
2624 4604 2732 4659 noli
2777 4605 2952 4660 solum
2991 4621 3253 4676 qua-rere.
3304 4607 3559 4663 Colneres

1970 4694 2188 4761 Christi,
2218 4696 2345 4767 quid
2369 4697 2599 4766 gaudes,
2648 4697 2771 4767 quia
2810 4698 2989 4752 socius
3037 4713 3097 4752 es
3139 4698 3353 4767 pecori?
3398 4697 3558 4770 Erige

1970 4806 2118 4861 spem
2152 4800 2295 4844 tuam
2339 4788 2408 4843 ad
2452 4790 2650 4844 bonum
2698 4790 2957 4845 bonorum
3006 4791 3265 4844 omnium.
3312 4790 3427 4860 Ipse
3456 4792 3559 4845 erit

1974 4885 2169 4935 bonum
2204 4890 2369 4944 tuum,
2398 4896 2427 4934 a
2457 4896 2565 4950 quo
2604 4890 2657 4935 tu
2694 4882 2746 4936 in
2790 4891 2880 4935 tuo
2922 4896 3121 4951 genere
3171 4880 3339 4935 factus
3368 4894 3427 4934 es
3457 4881 3557 4935 bo-

1972 4988 2093 5038 nus,
2124 4982 2178 5027 et
2205 4972 2383 5028 omnia
2416 4971 2468 5026 in
2496 4985 2594 5026 suo
2618 4986 2816 5041 genere
2846 4971 2981 5025 facta
3023 4978 3148 5024 sunt
3198 4970 3357 5025 bona.
3410 4970 3562 5027 Fecit

1971 5067 2112 5124 enim
2132 5066 2274 5121 Deus
2300 5066 2474 5120 omnia
2502 5066 2638 5120 bona
2665 5064 2836 5119 valde.
2866 5064 3005 5131 Ergo
3031 5062 3161 5117 illud
3186 5062 3385 5117 bonum
3413 5066 3557 5134 quod

1976 5160 2115 5214 Deus
2143 5167 2246 5223 est,
2273 5159 2315 5212 si
2345 5158 2585 5211 dicamus
2610 5154 2763 5209 valde
2793 5156 3015 5217 bonum,
3043 5154 3155 5223 jam
3202 5164 3256 5208 et
3292 5153 3361 5208 de
3398 5171 3555 5209 crea-

1975 5262 2090 5307 tura
2119 5252 2319 5306 dictum
2349 5258 2463 5304 est:
2496 5247 2636 5301 Fecit
2666 5245 2800 5299 Deus
2824 5245 2994 5299 omnia
3022 5246 3151 5300 bona
3170 5246 3315 5300 valde
3344 5246 3495 5321 (Gen.
3517 5264 3556 5313 ι,

1973 5346 2087 5417 51).
2116 5344 2252 5413 Quid
2281 5358 2408 5413 ergo
2428 5341 2559 5396 illud
2589 5341 2783 5396 bonum
2809 5338 2877 5393 de
2905 5352 3012 5409 quo
3034 5339 3233 5395 dictum
3259 5349 3361 5404 est,
3391 5338 3559 5394 Nemo

1976 5441 2133 5494 bonus
2160 5439 2258 5492 nisi
2283 5453 2412 5489 unus
2438 5434 2618 5489 Deus?
2646 5433 2875 5489 dicimus
2901 5434 3023 5504 quia
3053 5433 3253 5489 bonum
3279 5444 3362 5489 est
3384 5432 3561 5487 valde?

1978 5532 2223 5586 Recurrit
2248 5529 2403 5583 nobis
2428 5528 2726 5583 recordatio
2752 5526 2819 5583 de
2845 5527 3098 5583 omnibus
3125 5526 3406 5590 creaturis,
3439 5527 3560 5593 quia

1977 5624 2174 5677 dictum
2203 5630 2303 5683 est,
2354 5617 2498 5674 Fecit
2548 5618 2686 5673 Deus
2715 5620 2883 5674 omnia
2909 5619 3055 5674 valde
3080 5619 3230 5670 bona.
3274 5614 3409 5683 Quid
3437 5629 3561 5684 ergo

1977 5714 2173 5772 dicturi
2198 5712 2417 5769 sumus?
2441 5712 2726 5769 Deticimus
2755 5713 2807 5767 in
2833 5726 2984 5776 voce,
3016 5708 3107 5763 sed
3141 5721 3245 5760 non
3275 5706 3325 5760 in
3352 5705 3561 5773 allecto,

2049 5828 2066 5858 ¹
2102 5832 2232 5888 uss,
2267 5828 2445 5875 rectus.

2836 5901 3284 5984 (Quarante-de
3297 5903 3437 5982 απ.)
