4088 6454
540 354 675 409 {5-23
1776 345 1833 400 s.
1874 343 2237 402 aeuusrm
2277 331 2574 404 EPISCOPI
3649 366 3763 427 ηε,

544 466 732 523 Veniat
775 465 827 520 in
869 470 1101 519 mentem
1134 473 1322 516 recens
1353 457 1439 512 illa
1479 458 1726 514 tractatio
1756 458 1991 514 Psalmi:
2019 473 2116 514 ex-

541 558 737 626 plicare
784 568 888 609 non
935 564 1235 623 possumus,
1262 548 1573 618 jubilemus.
1611 548 1818 604 Bonum
1845 557 1927 605 est
1954 549 2118 605 Deus.

538 648 705 718 Quale
716 646 937 710 bonum,
952 643 1070 713 quis
1082 640 1257 695 dicat?
1274 639 1413 695 Ecce
1432 653 1536 694 non
1553 653 1838 709 possumus
1853 640 2052 706 dicere,
2067 649 2121 696 et

540 754 645 793 non
666 734 1022 807 permittimur
1044 740 1239 786 tacere.
1259 729 1400 800 Ergo
1426 730 1471 784 sl
1487 743 1592 784 non
1613 743 1899 799 possumus
1920 730 2118 796 dicere,

543 840 595 885 et
619 844 725 900 przc
745 826 939 898 gaudio
966 840 1070 879 non
1091 822 1449 893 permittimur
1466 830 1673 889 tacere;
1702 837 1800 877 nec
1819 823 2117 894 loquamur,

545 936 643 975 nec
671 929 960 973 taceamus.
986 914 1124 982 Quid
1154 928 1282 984 ergo
1312 911 1587 978 faciamus,
1622 927 1730 968 non
1758 914 2038 981 loquentes
2068 921 2122 968 et

538 1028 642 1066 non
664 1006 938 1065 tacentes?
954 1005 1270 1061 Jubilemus.
1293 1004 1525 1059 Jubilate
1552 1004 1661 1059 Deo
1677 1003 1897 1059 salutari
1914 1012 2118 1072 nostro,

534 1104 564 1157 J
575 1104 758 1157 ubilate
774 1099 903 1162 Deo,
922 1096 1084 1151 omnis
1107 1108 1237 1150 terra
1253 1094 1351 1168 (α).
1368 1094 1505 1161 Quid
1526 1104 1628 1160 est,
1640 1092 1903 1148 Jubilate?
1926 1094 2121 1150 Eﬂ'erte

535 1208 717 1248 vocem
751 1188 1075 1245 ineﬁabilem
1108 1187 1419 1257 gaudiorum
1451 1194 1769 1249 vestrorum,
1800 1192 1855 1238 et
1881 1192 2120 1239 eructate

538 1287 591 1338 in
622 1299 744 1338 eum
786 1280 998 1335 lzetitias
1028 1287 1250 1332 vestras.
1284 1275 1350 1329 Et
1370 1274 1491 1344 quid
1514 1274 1615 1328 erit
1635 1274 1721 1328 illa
1749 1273 1973 1327 ructatio
2003 1282 2122 1342 post

541 1376 802 1445 saginam,
833 1372 875 1426 si
904 1368 1062 1424 modo
1088 1374 1206 1436 post
1227 1364 1464 1419 modicas
1494 1364 1621 1418 istas
1660 1362 1977 1419 refectioncs
2006 1370 2124 1417 tan-

545 1476 657 1521 tum
688 1463 915 1517 afficitur
941 1460 1117 1513 anima
1151 1455 1365 1511 nostra?
1382 1454 1507 1524 quid
1532 1455 1652 1521 crit,
1675 1453 1886 1524 quando
1904 1453 2122 1522 ﬁetpost

536 1554 955 1624 redemptionem
986 1549 1054 1604 ab
1083 1548 1228 1604 omni
1256 1545 1623 1616 corruptione,
1654 1544 1795 1615 quod
1818 1544 2018 1600 dictum
2039 1554 2121 1600 est

536 1650 589 1704 in
618 1647 719 1703 isto
749 1645 971 1716 psalmo,
1005 1641 1104 1709 Qui
1129 1641 1275 1694 satiat
1305 1640 1359 1693 in
1384 1639 1525 1694 bonis
1546 1638 1847 1692 desiderium
1868 1638 2048 1691 tuum?

606 1739 661 1794 9.
705 1738 769 1792 Et
795 1734 945 1806 quasi
976 1744 1267 1803 quaereres,
1314 1727 1539 1797 Quando
1564 1728 1757 1782 satiat?
1784 1727 1944 1783 modo
1971 1728 2117 1783 enim

535 1845 639 1885 non
669 1827 866 1890 satior;
894 1822 962 1877 ad
994 1821 1367 1893 quodcumque
1394 1834 1479 1874 me
1504 1827 1844 1885 convertero,
1910 1820 2119 1875 vilescit

532 1919 663 1974 mihi
688 1916 959 1986 adeptum,
984 1912 1226 1983 quamvis
1246 1910 1551 1966 accenderit
1577 1907 1939 1965 desideratum
1962 1925 2115 1965 :cum

533 2010 712 2067 omnia
741 2023 860 2079 qua:
889 2006 1016 2061 dum
1049 2020 1155 2059 non
1188 2003 1359 2058 habeo
1388 2016 1531 2068 amo,
1562 2016 1684 2056 cum
1712 2000 1949 2059 habuero
1979 2016 2115 2058 con-

533 2115 734 2170 temne,
765 2099 905 2172 quod
935 2098 1132 2153 bonum
1158 2112 1244 2152 me
1268 2095 1514 2151 satiabit?
1548 2093 1690 2149 Laus
1734 2094 1851 2149 Dei.
1883 2095 1948 2149 Et
1976 2094 2113 2165 ipsa,

531 2213 654 2254 cum
683 2209 876 2266 corpus
902 2191 1044 2266 quod
1074 2189 1435 2260 corrumpitur
1475 2195 1727 2259 aggravat
1773 2188 2029 2257 animam,
2062 2198 2117 2245 et

532 2289 782 2362 deprimit
813 2298 1025 2344 terrena
1054 2284 1370 2340 inhabitatio
1395 2296 1614 2339 sensum
1657 2281 1823 2337 multa
1868 2282 2111 2353 cogitan-

532 2394 661 2449 tem,
697 2396 802 2437 non
833 2379 1083 2449 impletur
1106 2377 1283 2430 anima
1308 2389 1426 2429 mea
1446 2374 1485 2440 ¹,
1514 2387 1619 2427 ηοη
1662 2371 1935 2442 perficitur
1958 2391 1971 2427 :
1998 2373 2117 2429 ali-.e

529 2476 597 2531 de
621 2472 966 2543 corruptione
1002 2467 1425 2525 delaetationes'
1470 2464 1885 2535 indigentiarum
1932 2463 2117 2520 detor-

528 2573 687 2637 quent
717 2578 805 2619 me
833 2561 900 2617 ab
925 2561 1035 2616 illa.
1055 2557 1279 2627 Quando
1296 2556 1575 2611 satiabitur
1591 2555 1914 2610 desiderium
1938 2570 2116 2610 meum

530 2658 584 2711 in
614 2654 799 2711 bonis?
842 2651 1079 2723 quando,
1120 2646 1352 2719 quzeris?
1382 2644 1723 2701 Renovabitur
1759 2645 1887 2699 sicut
1933 2646 2119 2712 aquila:

527 2750 758 2820 juventus
805 2754 909 2797 tua.
957 2741 1163 2808 Quazris
1215 2752 1343 2808 ergo
1389 2736 1602 2807 quando
1628 2735 1853 2790 satietur
1880 2735 1933 2789 in
1963 2734 2117 2790 bonis

512 2839 708 2894 anima
733 2835 854 2891 tua?
882 2832 1104 2902 Quando
1132 2838 1385 2886 renovata
1415 2826 1573 2883 fuerit
1605 2826 1858 2895 juventus
1898 2835 2007 2881 tua.
2048 2826 2117 2881 Et

529 2928 753 2996 addidit,
784 2928 911 2981 sicut
938 2924 1142 2994 aquilw.
1170 2919 1416 2976 Profecto
1446 2916 1532 2973 hic
1553 2918 1751 2988 aliquid
1778 2918 1939 2973 latet:
1970 2918 2113 2987 quod

531 3034 709 3079 tamen
733 3020 837 3075 dici
867 3017 934 3074 de
961 3016 1132 3087 aquila
1164 3014 1319 3078 solet,
1352 3026 1457 3067 non
1481 3018 1737 3076 tacemus,
1767 3009 1889 3080 quia
1908 3019 2115 3066 nonest

527 3117 596 3172 ab
626 3131 685 3170 re
730 3114 831 3169 hoc
872 3110 1190 3179 intelligere.
1221 3104 1354 3161 Illud
1393 3101 1763 3157 tantummodo
1788 3101 2113 3157 insinuatum

529 3208 597 3263 sit
622 3202 871 3262 cordibus
900 3201 1120 3266 nostris,
1168 3212 1277 3252 non
1322 3196 1439 3251 sine
1483 3208 1643 3250 causa
1688 3192 1891 3248 dictum
1936 3208 2113 3249 essea

528 3300 725 3372 Spiritu
756 3304 962 3361 sancto,
992 3291 1330 3347 Renovabitur
1356 3289 1483 3343 sicut
1517 3286 1701 3358 aquila:
1730 3287 1972 3357 juventus
2003 3295 2110 3340 tua.

530 3386 995 3446 Resurrectionem
1025 3382 1167 3438 enim
1196 3378 1481 3451 quamdam
1508 3376 1822 3447 signiﬁcavit
1854 3376 2026 3434 nobis.
2048 3376 2116 3431 Et

528 3481 739 3553 quidem
766 3481 1057 3531 renovatur
1079 3472 1399 3542 etjuventus
1421 3468 1632 3538 aquilas,
1662 3466 1754 3523 sed
1783 3482 1888 3522 non
1918 3466 1984 3522 ad
2014 3467 2113 3521 im-

530 3572 926 3631 mortalitatem.
973 3566 1101 3621 Data
1130 3573 1211 3620 est
1237 3562 1379 3619 enim
1406 3559 1718 3628 similitudo,
1758 3568 2015 3631 quantum
2045 3559 2113 3616 de

475 3694 483 3701 -η
529 3682 589 3722 re
618 3662 833 3720 mortali
873 3659 1045 3731 potuit
1072 3655 1209 3713 trahi
1235 3655 1303 3710 ad
1332 3668 1445 3710 rem
1479 3661 1765 3722 utcumque
1804 3651 2108 3723 signiﬁcan-

526 3760 650 3815 dam
694 3752 1066 3817 immortalem,
1115 3764 1223 3804 non
1267 3746 1333 3802 ad
1378 3743 1870 3802 demonstrandam.
1908 3744 2110 3801 Dicitur

525 3852 721 3924 aquila,
752 3863 873 3905 cum
903 3851 1178 3902 senectute
1204 3840 1445 3910 corporis
1470 3852 1657 3909 pressa
1688 3836 1872 3905 fuerit,
1910 3837 2107 3892 immo-

525 3943 800 3999 deratione
827 3937 985 3994 rostri
1012 3932 1303 3991 crescentis
1345 3930 1521 3985 cibum
1546 3942 1739 3998 capere
1777 3942 1885 3982 non
1926 3940 2108 3997 posse.

527 4039 656 4092 Pars
677 4034 819 4090 enim
847 4029 1005 4087 rostri
1030 4028 1145 4099 ejus
1176 4024 1443 4096 superior,
1467 4036 1585 4092 quae
1615 4034 1775 4091 supra
1797 4028 2001 4090 partem
2025 4019 2108 4074 in—

528 4129 773 4183 feriorem
804 4124 1119 4185 aduncatur,
1161 4131 1281 4175 cum
1324 4131 1431 4187 prae
1462 4120 1676 4169 senecta
1706 4111 2110 4167 immoderatius

527 4218 773 4283 creverit,
804 4211 1080 4285 longitudo
1114 4210 1231 4279 ejus
1262 4206 1579 4263 incrementi
1610 4219 1716 4259 non
1746 4219 1863 4258 cam
1893 4203 2021 4258 sinit
2047 4216 2109 4258 os

528 4311 754 4384 aperire,
795 4317 854 4361 ut
889 4306 958 4361 sit
996 4300 1208 4374 aliquod
1253 4298 1587 4355 intervallum
1632 4297 1769 4351 inter
1799 4294 2108 4384 inferiorem

529 4383 731 4470 partem
760 4407 814 4452 et
840 4409 1036 4451 uncum
1079 4389 1427 4461 superiorem.
1458 4385 1567 4440 Nisi
1595 4384 1739 4439 enim
1781 4383 1995 4453 aliquod
2026 4385 2110 4438 in-

531 4493 807 4549 tervallum
835 4497 1027 4560 pateat,
1058 4499 1164 4538 non
1194 4482 1353 4537 habet
1379 4492 1588 4533 morsus
1626 4476 1776 4547 quasi
1824 4476 2101 4546 forcipem,

530 4583 673 4641 unde
696 4580 838 4637 velut
867 4577 1080 4633 tondeat
1112 4573 1252 4645 quod
1299 4570 1617 4626 transmittat
1655 4567 1710 4623 i-‘t
1753 4566 1954 4623 fauces.
1986 4567 2111 4623 Cre-

529 4685 713 4734 scente
742 4675 919 4742 itaque
946 4667 1223 4739 superiore
1246 4674 1414 4735 parte,
1439 4669 1493 4717 et
1517 4660 1675 4715 nimis
1703 4660 1984 4724 aduncata,
2004 4676 2109 4715 non

527 4768 722 4842 poterit
747 4779 807 4819 os
832 4761 1038 4831 aperire
1064 4768 1116 4813 et
1146 4754 1342 4825 aliquid
1388 4766 1599 4823 capere.
1646 4751 1757 4806 lloc
1786 4750 1835 4807 ei
1867 4750 1990 4805 facit
2020 4766 2109 4805 ve-

526 4860 715 4917 iustas.
764 4857 1129 4925 Prargravatur
1174 4850 1424 4918 languore
1464 4843 1792 4907 senectutis,
1834 4852 1889 4898 et
1934 4843 2108 4913 inopia

526 4948 841 5009 comedendi
881 4943 1175 5015 languescit
1196 4940 1381 5004 nimis;
1420 4945 1640 5007 utraque
1668 4951 1747 5001 re,
1782 4944 1835 4991 et
1860 4937 2032 4990 aetatis
2058 4944 2110 4990 et

528 5042 778 5116 egestatis
816 5037 1102 5094 accedente
1124 5034 1164 5089 ³.
1199 5033 1377 5101 Itaque
1408 5028 1566 5083 modo
1612 5027 1840 5097 quodam
1881 5027 2108 5082 naturali

530 5139 583 5193 in
625 5147 872 5191 mensura
910 5130 932 5161 "
968 5125 1280 5198 reparandm
1322 5122 1471 5194 quasi
1495 5120 1807 5192 juventutis,
1839 5121 2011 5191 aquila
2033 5119 2109 5174 dio

525 5230 663 5286 citur
691 5224 941 5280 collidere
968 5230 1020 5277 et
1051 5228 1328 5290 percutere
1375 5215 1441 5270 ad
1490 5221 1693 5284 petram
1744 5213 1914 5282 ipsum
1956 5213 2107 5282 quasi

526 5319 725 5375 labium
755 5330 911 5371 suum
942 5312 1204 5383 superius,
1238 5325 1341 5380 quo
1386 5307 1545 5363 nimis
1590 5315 1870 5361 crescente
1916 5305 2109 5361 edendi

524 5410 699 5467 aditus
722 5403 1017 5463 clauditur:
1044 5410 1201 5472 atque
1224 5401 1293 5455 ita
1320 5397 1645 5455 conterendo
1671 5397 1799 5453 illud
1820 5396 1885 5452 ad
1907 5405 2108 5469 petram

583 5560 594 5589 ¹
639 5560 792 5606 Nostri
813 5561 983 5601 omnes
1003 5554 1131 5604 Mss,
1154 5544 1205 5596 in
1225 5542 1385 5595 anima
1407 5556 1529 5593 mea.

581 5622 598 5652 '
642 5617 831 5679 Aliquot
854 5620 980 5668 Mss,
1005 5607 1326 5679 cogitationes.

581 5681 601 5713 ³
637 5664 846 5729 tanien.
864 5664 1369 5732 etl.ov.,"utruquere,
1385 5671 1582 5732 teletae!
1602 5671 1805 5732 egestate
1839 5664 2109 5732 accedente.

578 5743 599 5773 ⁸
630 5727 795 5796 titorel,
818 5734 1158 5798 Eletn.(‘.ritic.,
1243 5731 1345 5788 160,
1373 5729 1561 5798 conjicit
1603 5727 1672 5776 sic
1696 5727 1958 5789 legendum
1986 5727 2115 5798 hunc

518 5801 710 5853 locum:
743 5793 903 5859 Itaque
922 5793 1061 5845 modo
1082 5793 1290 5859 quodam
1312 5793 1539 5859 naturali,
1564 5802 1658 5859 uno
1682 5803 1817 5849 cura,
1846 5797 1939 5839 etc.
2000 5796 2055 5837 Μ.

590 5851 661 5928 (υ)
688 5861 803 5911 Vide
828 5851 987 5906 'Enarr.
1016 5859 1063 5905 in
1090 5851 1203 5904 i’sal.
1234 5867 1362 5913 xctx,
1388 5866 1467 5899 nn.
1496 5851 1541 5913 4,
1577 5851 1623 5899 5.

2228 462 2446 528 excutit,
2479 472 2533 517 et
2560 470 2707 518 caret
2736 462 2927 533 prioris
2952 464 3109 521 rostri
3140 480 3319 537 onere,
3341 484 3444 542 quo
3462 472 3602 531 cibus
3621 475 3750 551 impe

2224 552 2486 608 diebatur.
2519 554 2738 610 Accedit
2777 555 2844 610 ad
2887 557 3086 625 cibum,
3133 567 3187 615 et
3230 563 3404 617 omnia
3452 578 3764 635 reparantur:

2224 645 2326 701 erit
2355 656 2474 716 post
2514 658 2844 704 senectutem
2890 658 3139 721 tanquam
3180 652 3389 722 juvenis
3429 659 3621 728 aquila;
3652 665 3769 722 redit

2224 737 2374 806 vigor
2397 739 2632 793 omnium
2670 734 3054 809 membrorum,
3084 743 3226 798 nitor
3259 745 3567 815 plumarum,
3594 754 3767 823 guber-

2224 826 2411 880 nacula
2438 842 2755 897 pennarum,
2790 830 2933 885 volat
2959 833 3175 887 excelsa
3205 834 3342 890 sicut
3363 845 3533 905 antea,
3566 839 3619 895 fit
3642 843 3688 897 in
3714 859 3766 899 ea

2224 916 2464 984 quaedam
2496 920 2836 975 resurrectio.
2864 921 2947 976 Ad
2973 922 3075 978 hoc
3102 923 3245 979 enim
3289 929 3525 996 exposita
3568 940 3644 986 est
3683 933 3767 991 ista

2224 1007 2548 1063 similitudo:
2580 1010 2718 1064 sicut
2759 1010 2825 1066 de
2853 1011 2975 1067 luna
3021 1014 3251 1083 ponitur,
3284 1017 3407 1086 quia
3449 1018 3699 1077 deminuta
3724 1036 3769 1081 et

2223 1097 2616 1167 quodammodo
2642 1100 2933 1171 intercepta
2964 1103 3084 1157 luna
3131 1120 3314 1161 rursus
3356 1111 3582 1165 nascitur
3603 1120 3650 1167 et
3682 1114 3767 1170 im-

2224 1190 2426 1258 pletur;
2451 1198 2506 1245 et
2525 1191 2785 1261 signiﬁcat
2807 1192 2960 1248 nobis
2980 1197 3455 1262 resurrectionem;
3481 1200 3769 1272 sedimplcta

2224 1281 2311 1334 illa
2339 1298 2445 1335 non
2475 1293 2779 1351 permanet;
2809 1300 2993 1340 rursus
3019 1287 3292 1352 minuitur,
3325 1298 3382 1343 ut
3406 1305 3611 1363 semper
3626 1297 3769 1366 signi-

2224 1371 2362 1427 ﬁcet.
2388 1373 2478 1428 Sic
2501 1389 2628 1445 ergo
2652 1384 2707 1430 et
2736 1375 2835 1431 hoc
2862 1377 3003 1447 quod
3030 1379 3096 1433 dc
3121 1381 3294 1449 aquila
3325 1381 3521 1437 dictum
3550 1396 3657 1441 est:
3680 1405 3769 1447 non

2223 1466 2291 1520 ad
2320 1466 2771 1523 immortalitatem
2799 1471 2972 1540 aquila
2998 1482 3294 1541 reparatur,
3314 1488 3413 1529 nos
3436 1483 3605 1532 autem
3627 1480 3687 1534 ad
3705 1484 3771 1536 vi-

2226 1565 2330 1611 tam
2359 1568 2644 1624 aeternam;
2673 1560 2766 1614 sed
2795 1569 2969 1616 tamen
2998 1571 3277 1632 propterea
3305 1563 3427 1621 inde
3445 1566 3593 1622 ducta
3618 1580 3693 1625 est
3714 1574 3770 1627 si-

2222 1649 2482 1716 militudo,
2527 1662 2583 1706 ut
2623 1651 2764 1721 quod
2807 1666 2905 1707 nos
2950 1654 3189 1723 impedit,
3221 1664 3371 1726 petra
3400 1658 3547 1713 nobis
3573 1660 3770 1720 auferat.

2221 1740 2335 1796 Non
2368 1758 2499 1813 ergo
2525 1758 2817 1812 praesumus
2846 1745 2914 1801 de
2949 1747 3153 1801 viribus
3197 1748 3327 1813 tuis;
3376 1748 3592 1807 ﬁrmitas
3631 1763 3771 1823 petrae

2223 1830 2318 1886 tibi
2355 1834 2555 1887 excutit
2596 1842 2913 1891 vetustatem
2947 1853 2960 1891 :
3000 1835 3159 1891 Petra
3207 1848 3377 1894 autem
3421 1850 3523 1895 erat
3574 1841 3772 1902 Christus

2222 1922 2265 1992 (Ι
2294 1922 2412 1978 Cor.
2442 1940 2497 1991 x,
2525 1924 2605 1995 4).
2639 1925 2693 1979 ln
2721 1927 2934 1982 Christo
2964 1928 3307 1985 renovabitur
3335 1932 3473 1988 sicut
3503 1936 3679 2006 aquila:
3697 1939 3771 2008 ju-

2220 2023 2410 2070 ventus
2440 2026 2639 2071 nostra.
2671 2016 2881 2073 Etenim
2922 2019 3337 2078 inveteravimus
3386 2024 3519 2079 inter
3558 2027 3770 2085 inimicos

2222 2115 2454 2176 nostros,
2478 2110 2615 2164 sicut
2644 2118 2767 2165 nota
2792 2121 2874 2166 est
2895 2127 2996 2167 vox
3027 2114 3250 2183 psalmi:
3278 2114 3577 2185 lnucteravi,
3605 2120 3767 2191 inquit,

2221 2201 2274 2253 in
2298 2203 2525 2256 omnibus
2545 2202 2762 2258 inimicis
2784 2205 2905 2259 meis
2933 2205 3105 2277 (Psal.
3140 2223 3211 2273 vi,
3241 2207 3319 2280 8).
3352 2209 3505 2267 Unde
3540 2213 3771 2271 invetera-

2222 2292 2426 2347 vimus?
2468 2293 2641 2349 Carne
2669 2295 2900 2361 mortali,
2949 2311 3109 2351 carne
3152 2298 3252 2353 ista
3300 2298 3458 2355 fenea
3498 2320 3511 2356 :
3559 2313 3609 2359 et
3651 2305 3769 2374 ideo,

2234 2400 2251 2435 ι
2278 2382 2594 2437 Percussum
2621 2393 2704 2439 est
2744 2385 2882 2440 sicut
2930 2384 3134 2454 fenum,
3184 2397 3237 2443 et
3282 2390 3426 2446 aruit
3467 2406 3557 2448 cor
3596 2411 3768 2465 meum,

2219 2472 2467 2542 quoniam
2490 2473 2684 2529 oblitus
2701 2489 2815 2529 sum
2834 2476 3153 2533 manducare
3179 2494 3374 2549 panem
3394 2497 3564 2538 meum
3584 2504 3602 2539 ι
3623 2486 3769 2557 (Ρδαι.

2223 2580 2294 2634 cr,
2323 2567 2402 2635 5).
2442 2585 2459 2618 ι
2488 2566 2695 2622 Oblitus
2732 2584 2883 2635 sum,
2920 2590 2939 2622 ι
2974 2571 3159 2641 inquit,
3196 2590 3214 2624 ‹
3249 2574 3571 2633 manducare
3607 2594 3770 2649 panem

2219 2674 2417 2713 meum.
2442 2678 2459 2711 ι
2484 2658 2662 2714 Crevit
2680 2669 3010 2726 vetustas,os
3034 2662 3240 2730 clausit,
3257 2673 3519 2721 atteratur
3546 2668 3595 2722 in
3624 2680 3769 2739 petra.

2291 2750 2377 2806 10.
2418 2750 2505 2805 Sic
2546 2766 2675 2821 ergo
2712 2760 2765 2807 et
2802 2752 2853 2806 in
2885 2752 2986 2808 hoc
3015 2753 3219 2822 psalmo
3251 2756 3397 2813 unde
3426 2759 3641 2829 agimus,
3669 2776 3771 2817 cum

2218 2842 2583 2912 praemisisset,
2616 2843 2714 2909 Qui
2734 2843 2885 2898 satiat
2900 2846 2952 2898 in
2975 2845 3115 2899 bonis
3140 2846 3452 2904 desiderium
3467 2855 3770 2924 tuum;quasi

2218 2936 2567 3005 responderet
2587 2938 2783 3003 anima,
2809 2934 2925 2990 Non
2959 2937 3193 2993 satiabor
3223 2940 3289 2996 de
3320 2942 3649 3011 mortalibus,
3677 2960 3765 2999 non

2218 3026 2451 3081 satiabor
2472 3025 2538 3081 de
2566 3025 2976 3095 temporalibus;
2999 3027 3194 3097 aliquid
3220 3038 3480 3087 aeternum
3501 3034 3671 3101 donet,
3686 3034 3771 3089 ali-

2217 3119 2341 3189 quid
2369 3127 2627 3174 aeternum
2657 3118 2948 3173 concedat:
2978 3117 3303 3189 Sapientiam
3337 3137 3491 3179 suam
3529 3126 3649 3180 mihi
3675 3125 3768 3189 det,

2219 3212 2450 3267 Verbum
2468 3226 2619 3266 suum
2643 3211 2772 3265 mihi
2797 3210 2906 3278 det,
2931 3211 3095 3267 Deum
3122 3213 3257 3283 apud
3284 3213 3474 3281 Deum,
3493 3225 3542 3271 et
3558 3230 3612 3271 se
3628 3216 3769 3272 Deum

2217 3304 2450 3370 Patrem,
2490 3312 2544 3357 et
2568 3301 2783 3369 Filium,
2830 3312 2885 3357 et
2930 3302 3184 3373 Spiritum
3215 3312 3483 3361 sanctum.
3528 3306 3770 3362 Mendicus

2217 3404 2340 3449 ante
2366 3395 2582 3464 januam
2610 3393 2725 3464 ejus
2750 3402 2854 3461 sto,
2881 3408 2987 3450 non
3032 3395 3227 3451 dormit
3269 3412 3432 3467 quem
3471 3398 3671 3467 invoco,
3695 3398 3771 3454 det

2216 3486 2345 3541 mihi
2379 3494 2486 3540 tres
2512 3499 2696 3555 panes.
2734 3485 3075 3556 Evangelium
3103 3486 3461 3545 recordamini
3486 3505 3499 3545 :
3528 3505 3644 3546 ecce
3663 3490 3770 3561 quid

2216 3579 2284 3635 sit
2308 3594 2466 3635 nosse
2506 3580 2599 3634 Dei
2639 3578 2894 3645 Litteras;
2926 3580 3013 3650 qui
3044 3580 3287 3651 legerunt
3327 3584 3459 3637 moti
3489 3593 3626 3638 sunt.
3656 3583 3769 3638 Nam

2215 3669 2569 3726 recordamini
2608 3669 2892 3739 quemdam
2952 3669 3164 3741 inopem
3212 3671 3427 3728 venisse
3473 3673 3539 3728 ad
3579 3673 3771 3728 domum

2215 3763 2372 3818 amici
2402 3763 2505 3828 sui,
2539 3772 2590 3818 et
2636 3764 2829 3833 petisse
2858 3771 2965 3818 tres
2995 3777 3177 3832 panes.
3211 3762 3278 3817 Et
3308 3763 3420 3830 ille,
3451 3766 3633 3837 inquit,
3661 3765 3771 3820 dor-

2214 3856 2385 3911 miens
2423 3854 2780 3924 respondebat
2826 3855 2910 3921 ei,
2944 3865 2997 3910 et
3020 3854 3229 3910 dicebat
3257 3874 3269 3910 :
3298 3855 3423 3911 Jam
3448 3860 3705 3929 requiesco,
3730 3867 3771 3911 et

2216 3946 2358 4016 pueri
2382 3946 2477 4001 mei
2515 3947 2650 4001 intus
2685 3963 2877 4000 mecum
2915 3946 3189 4001 dormiunt.
3236 3946 3327 4003 Ille
3367 3962 3702 4018 perseverans
3728 3949 3771 4002 in

2215 4038 2466 4109 petendo,
2497 4040 2720 4094 extorsit
2747 4039 2904 4094 taedio
2934 4037 3073 4109 quod
3102 4056 3205 4094 non
3236 4050 3417 4109 posset
3438 4043 3623 4097 merito
3638 4040 3768 4113 (Luc.

2221 4147 2296 4194 ιι,
2328 4130 2465 4203 5~8).
2497 4130 2635 4185 Deus
2658 4139 2835 4185 autem
2863 4130 2990 4186 dare
3027 4131 3173 4198 vult;
3200 4131 3294 4187 sed
3321 4148 3429 4188 non
3455 4134 3545 4189 dat
3572 4133 3665 4188 nisi
3689 4146 3774 4201 pe-

2216 4225 2366 4288 tenti,
2400 4239 2467 4278 ne
2492 4223 2583 4279 det
2606 4238 2711 4278 non
2741 4223 2989 4293 capienti.
3020 4222 3137 4279 Non
3158 4226 3173 4256 ί
3205 4224 3361 4281 taedio
3394 4236 3484 4280 tuo
3513 4227 3619 4281 vult
3643 4226 3771 4280 exci-

2216 4314 2334 4370 tari.
2361 4312 2476 4369 Non
2502 4314 2646 4369 enim
2674 4329 2795 4369 cum
2822 4329 2945 4369 oras
2966 4323 3212 4385 tanquam
3234 4315 3515 4372 dormienti
3543 4316 3772 4371 molestus

2214 4421 2304 4462 es:
2333 4406 2451 4460 Non
2476 4406 2707 4469 dormiet,
2736 4422 2893 4476 neque
2916 4406 3222 4473 dormitabit,
3263 4409 3348 4476 qui
3388 4409 3601 4463 custodit
3626 4406 3771 4460 Israel

2215 4499 2386 4571 (Psal.
2419 4515 2549 4566 cxx,
2580 4496 2655 4570 4).
2686 4499 2860 4555 Semel
2891 4497 3130 4554 Christus
3154 4499 3424 4566 dormivit,
3456 4509 3512 4555 ut
3538 4501 3610 4555 illi
3632 4498 3692 4553 de
3707 4498 3772 4551 la-

2216 4603 2327 4649 tere
2348 4593 2541 4664 conjux
2572 4592 2755 4649 ﬁeret:
2783 4593 3099 4648 dormivitin
3118 4608 3297 4660 cruce,
3327 4593 3659 4650 manifestum
3679 4600 3766 4646 est.

2215 4684 2451 4739 Mortuus
2479 4694 2560 4740 est
2588 4685 2750 4750 enim,
2783 4693 2838 4738 ut
2858 4683 3078 4748 diceret,
3109 4683 3217 4755 Ego
3238 4684 3466 4751 dormivi,
3498 4695 3542 4739 rt
3564 4698 3769 4739 somnum

2213 4778 2340 4847 cepi.
2365 4776 2470 4833 Sed
2502 4776 2756 4847 numquid
2785 4777 2872 4846 qui
2897 4776 3091 4831 dormit
3116 4792 3219 4832 non
3241 4777 3452 4847 adjiciet
3474 4788 3529 4833 ut
3551 4785 3770 4846 resurgat

2219 4870 2387 4943 (Psal.
2421 4887 2503 4937 χι,
2552 4870 2642 4943 9)?
2674 4870 2957 4940 Propterea
2989 4870 3059 4925 ibi
3089 4870 3349 4941 sequitur,
3400 4870 3465 4925 Et
3510 4867 3767 4930 exsurrexi,

2214 4963 2449 5033 quoniam
2473 4962 2716 5016 Dominus
2733 4963 2969 5033 suscipiet
2996 4980 3073 5016 me
3102 4962 3268 5035 (Psal.
3294 4979 3371 5029 Ill,
3402 4964 3478 5033 6).
3503 4962 3632 5031 Quid
3658 4974 3783 5016 vero.

2210 5056 2320 5126 jam
2365 5056 2687 5126 Apostolus?
2730 5054 2977 5122 Christus,
3023 5056 3211 5126 inquit,
3243 5073 3448 5128 surgens
3489 5073 3520 5110 a
3560 5052 3765 5118 mortuis,

2204 5149 2319 5220 jam
2362 5164 2458 5203 non
2497 5149 2729 5214 moritur,
2780 5157 2825 5202 et
2870 5165 3004 5202 mors
3045 5148 3091 5202 ei
3135 5149 3267 5202 ultra
3314 5166 3414 5204 non
3456 5146 3770 5202 dominabitur

2216 5240 2393 5310 (Rom.
2424 5256 2494 5306 vr,
2520 5238 2595 5310 9).
2630 5238 2746 5309 Ipse
2775 5253 2903 5310 ergo
2933 5253 3034 5294 non
3060 5238 3284 5304 dormit;
3316 5240 3436 5295 vide
3460 5254 3528 5295 ne
3549 5236 3673 5292 fides
3692 5243 3765 5289 tua

2215 5333 2461 5389 dormiat.
2510 5333 2658 5386 Dicat
2703 5346 2831 5401 ergo
2874 5332 3047 5386 anima
3101 5330 3210 5400 jam
3258 5331 3563 5387 desiderans
3604 5322 3765 5382 satiari

2215 5426 2445 5497 quodam
2476 5425 2714 5493 excelso,
2744 5423 3084 5479 inenarrabili
3114 5423 3274 5490 bono,
3308 5424 3388 5478 cui
3410 5421 3658 5491 jubilatur
3684 5429 3764 5486 po-

2218 5519 2341 5584 tius,
2384 5517 2530 5573 etde
2556 5531 2663 5587 quo
2700 5516 2977 5587 jubilatur,
3023 5530 3179 5585 quam
3224 5514 3419 5586 aliquid
3457 5512 3759 5581 esplicatut';

2213 5612 2322 5684 jam
2350 5613 2490 5667 enim
2523 5610 2652 5674 vult,
2689 5609 2800 5679 jam
2845 5608 3010 5664 sentit
3035 5606 3158 5662 inde
3187 5607 3417 5677 aliquid:
3440 5603 3578 5659 videt
3603 5615 3657 5655 se
3681 5599 3763 5650 im-

2221 5702 2387 5775 pediri
2416 5698 2837 5772 prmgravatione
2866 5697 3143 5769 corporis,
3186 5713 3290 5753 non
3336 5712 3392 5754 se
3430 5709 3578 5767 posse
3603 5691 3650 5745 in
3675 5688 3757 5741 hac

2286 5840 2301 5868 ί
2338 5837 2409 5885 sic
2433 5840 2528 5883 Am.
2553 5838 2628 5881 Er.
2657 5839 2708 5883 et
2727 5830 2893 5896 plures
2913 5837 3020 5882 Mss.
3048 5838 3100 5880 At
3118 5837 3247 5893 l.ov.,
3271 5841 3397 5879 nam.
