4088 6444
323 356 454 414 1525

320 475 423 527 vita
450 470 665 535 satiari;
693 479 747 526 et
772 471 922 541 quasi
961 469 1302 541 respondeat,
1335 478 1391 525 et
1417 469 1581 537 dicat,
1611 469 1747 538 Quid
1776 471 1905 526 mihi

321 562 474 627 dicis,
508 560 800 616 Satiabitur
828 562 878 616 in
901 562 1056 617 bonis
1080 561 1402 618 desiderium
1431 564 1617 617 tuum?
1652 563 1785 617 Novi
1818 564 1910 619 bo-

317 670 443 710 num
474 654 591 723 ejus
616 653 755 723 quod
780 653 1103 721 desiderem,
1144 654 1267 709 novi
1309 655 1433 725 quid
1480 655 1609 709 mihi
1654 655 1907 725 sufﬁciat,

315 748 472 803 video
500 746 601 801 boc
628 747 680 800 in
709 745 989 816 Philippo:
1018 746 1258 813 Ostende,
1290 747 1477 817 inquit,
1505 748 1647 802 nobis
1674 746 1906 813 Patrem,

314 848 363 894 et
413 838 597 908 suﬁirit
645 837 805 892 nobis.
850 837 1033 903 Solum
1079 839 1290 893 Patrem
1335 838 1484 908 quasi
1533 838 1907 895 desiderabat:

312 928 548 985 ostendit
600 927 854 983 Dominus
898 939 1008 984 tres
1046 944 1211 999 panes
1252 928 1667 996 desiderandus;
1710 930 1798 999 qui
1828 937 1911 985 est

312 1036 453 1077 unus
486 1022 643 1090 panis
672 1021 905 1076 ostendit
933 1032 986 1077 et
1016 1022 1183 1076 dixit:
1211 1020 1378 1075 Tanto
1406 1030 1630 1091 tempore
1655 1022 1908 1077 vobiscum

310 1128 442 1178 sum,
486 1121 535 1165 et
588 1110 799 1167 Patrent
827 1128 928 1167 non
972 1113 1172 1167 nostis?
1205 1112 1470 1184 Philippe,
1511 1115 1596 1182 qui
1634 1130 1714 1168 me
1755 1114 1905 1181 videt,

308 1204 443 1259 ridet
473 1214 520 1259 et
552 1204 779 1260 Patrem.
825 1206 1078 1261 Promisit
1114 1214 1169 1262 et
1195 1206 1450 1276 Spiritum
1478 1224 1491 1261 :
1521 1206 1683 1273 Quem
1722 1208 1904 1274 mittet,

308 1296 504 1365 inquit,
536 1295 697 1349 Pater
713 1296 761 1350 in
780 1296 981 1350 nomine
996 1313 1103 1352 meo
1123 1296 1301 1367 (Joan.
1329 1313 1441 1363 xw,
1465 1297 1520 1361 8,
1543 1297 1597 1362 9,
1616 1298 1742 1368 26);
1764 1298 1909 1353 item-

305 1405 410 1459 que
436 1390 529 1454 ait,
562 1389 724 1455 Quem
752 1405 843 1459 ego
868 1391 1063 1442 mittant
1096 1388 1232 1443 vobis
1263 1405 1293 1442 a
1323 1388 1483 1443 Patre
1511 1388 1620 1459 (Id.
1652 1404 1744 1456 xv,
1774 1390 1901 1460 26):

309 1482 514 1537 donum
546 1496 702 1535 suum
734 1480 936 1551 mquale
965 1480 1084 1535 sibi.
1119 1479 1250 1535 Novi
1291 1480 1415 1550 quid
1445 1480 1773 1545 desiderem;
1807 1481 1900 1537 sed

305 1572 528 1643 quando
556 1571 679 1625 inde
709 1571 974 1626 satiabor?
1003 1571 1140 1625 Ecce
1159 1570 1317 1625 modo
1335 1570 1401 1625 de
1420 1570 1677 1626 Trinitate
1703 1571 1901 1641 cogito,

302 1660 807 1732 quomodocumque
820 1660 886 1715 de
908 1661 1184 1726 Trinitate,
1198 1661 1286 1716 vix
1304 1661 1355 1715 in
1375 1659 1654 1730 mnigmate
1672 1677 1765 1730 per
1779 1676 1901 1732 spe-

300 1754 480 1807 Culum
492 1794 505 1815 ,
521 1769 584 1806 ex
601 1762 750 1822 parte
765 1751 933 1806 audeo
948 1751 1144 1820 aliquid
1166 1751 1391 1817 sentire;
1417 1752 1628 1821 quando
1641 1752 1905 1808 sat'abor?

300 1843 653 1898 Renovabitur
707 1844 834 1897 sicut
882 1843 1069 1911 aquila:
1117 1844 1350 1910 iuventus
1390 1852 1495 1896 tua.
1544 1840 1655 1901 Non
1694 1844 1903 1899 satiaris

298 1936 463 1991 modo
484 1977 499 2002 ,
530 1936 650 2007 quia
667 1950 772 1990 non
791 1944 869 1989 est
886 1934 1075 1989 idonea
1096 1934 1271 1988 anima
1295 1943 1381 1989 tua
1408 1934 1473 1988 ad
1503 1933 1730 1989 solidum
1757 1934 1902 1990 illum

297 2040 621 2101 etmagnum
648 2028 855 2093 cibum;
883 2026 977 2083 sed
1007 2036 1183 2083 rostro
1211 2027 1414 2093 clauso,
1445 2042 1549 2083 non
1583 2036 1664 2082 est
1685 2027 1899 2083 idonea.

296 2121 557 2176 Vetustas
577 2120 667 2175 tibi
682 2135 744 2175 os
759 2119 965 2185 clausit,
984 2128 1263 2189 propterea
1283 2128 1429 2189 petra
1442 2118 1563 2174 data
1586 2128 1686 2186 est,
1705 2119 1791 2174 ubi
1813 2134 1903 2175 ve-

296 2221 504 2268 tustate
520 2211 767 2275 contrita,
788 2218 1069 2266 renovetur
1078 2210 1329 2280 juventus
1343 2219 1428 2265 tua
1442 2211 1578 2265 sicut
1592 2210 1812 2280 aquilae;
1848 2219 1903 2264 ut

296 2304 475 2375 possis
495 2302 821 2365 manducare
840 2316 1031 2371 panem
1046 2309 1213 2368 tuum,
1245 2300 1389 2355 illum
1419 2300 1505 2370 qui
1534 2300 1640 2354 ait:
1665 2298 1776 2371 Ego
1791 2316 1901 2353 sum

294 2396 443 2466 panis
462 2395 629 2459 vivus,
648 2394 734 2463 qui
748 2392 810 2447 de
825 2393 947 2447 caelo
969 2392 1205 2447 descendi
1231 2390 1342 2464 (Id.
1377 2407 1448 2455 vt,
1479 2390 1589 2461 Ill).
1618 2390 1902 2466 Renovabi-

294 2458 372 2538 tur
384 2486 640 2555 juventus
660 2458 745 2537 tua
766 2484 892 2536 sicut
911 2483 1093 2553 aquila:
1109 2498 1128 2537 :
1147 2458 1269 2537 tunc
1290 2458 1569 2537 satiaberis
1598 2482 1648 2536 in
1676 2458 1849 2538 b0ttis.

364 2578 423 2632 11
444 2619 456 2628 .
493 2574 645 2648 [vers.
674 2574 754 2648 6.]
783 2573 1001 2629 Faciens
1030 2573 1402 2629 misericordias
1431 2572 1682 2629 Dominus
1702 2617 1717 2640 ,
1749 2584 1794 2628 et
1820 2579 1901 2645 ju-

292 2670 492 2722 dicium
517 2666 588 2722 eis
608 2668 695 2737 qui
734 2667 977 2738 injuriam
1003 2666 1277 2735 accipiunt.
1304 2665 1455 2719 Facit
1480 2665 1660 2731 modo,
1686 2665 1896 2733 fratres,

291 2773 589 2834 antequam
619 2761 897 2816 veniamus
934 2760 1001 2815 ad
1048 2760 1448 2815 renovationem
1485 2759 1625 2813 sicut
1665 2758 1858 2828 aquil:e
1881 2800 1895 2823 ,

291 2866 589 2923 antequam
634 2851 887 2907 satiemur
908 2850 960 2905 in
989 2850 1161 2905 bonis.
1188 2848 1323 2916 Quid
1350 2849 1489 2904 enim
1520 2848 1606 2903 bic
1628 2889 1643 2916 ,
1690 2848 1816 2919 quid
1845 2848 1897 2903 in

291 2947 388 3000 ista
420 2943 883 3016 peregrinatione,
912 2941 1037 3013 quid
1075 2942 1124 2997 in
1177 2942 1277 2996 ista
1310 2941 1413 2995 vita
1438 2941 1494 2995 ‘?
1527 2939 1780 3010 numquid
1807 2939 1898 2995 de-

291 3034 575 3093 serimur?
622 3033 758 3089 Non.
800 3033 1018 3088 Faciens
1047 3032 1415 3088 misericordias
1444 3032 1697 3087 dominus.
1731 3032 1795 3087 Et
1819 3032 1897 3087 vi-

290 3131 409 3184 dete
442 3127 723 3199 quomodo
748 3126 903 3182 faciat
926 3125 1341 3192 misericordias,
1359 3140 1464 3181 non
1481 3140 1576 3181 nos
1589 3126 1897 3196 relinquens

292 3221 342 3274 in
368 3220 618 3283 deserto,
651 3233 755 3273 non
783 3234 880 3273 nos
910 3219 1215 3289 relinquens
1242 3218 1295 3273 in
1327 3234 1532 3285 eremo,
1569 3219 1741 3274 donec
1771 3236 1895 3291 per-

293 3313 587 3367 veniamus
640 3309 707 3365 ad
753 3310 975 3381 patriam
1024 3325 1039 3362 :
1088 3310 1321 3381 faciens‘
1351 3308 1756 3376 misericordias;
1803 3312 1896 3365 sed

293 3402 532 3474 quibus?
563 3401 705 3455 Beati
733 3400 1075 3455 misericordes
1096 3400 1357 3469 ,quoniam
1384 3400 1483 3471 ipsi
1504 3400 1898 3455 misericordiam

291 3503 685 3565 consequentur.
717 3491 871 3548 Modo
898 3491 1139 3559 audistis,
1169 3491 1377 3554 fratres,
1410 3506 1527 3545 cum
1552 3491 1897 3562 Evangelium

294 3587 591 3657 legeretur.
622 3583 738 3639 Non
765 3598 895 3654 ergo
923 3592 1072 3653 putet
1098 3583 1287 3653 aliquis
1323 3581 1553 3637 futuram
1599 3584 1649 3637 in
1680 3598 1739 3639 se
1779 3599 1899 3640 esse

293 3676 723 3734 misericordiam
747 3675 859 3740 Dei,
893 3676 937 3730 si
964 3684 1045 3731 est
1067 3675 1181 3746 ipse
1209 3675 1605 3730 immisericors.
1637 3674 1743 3730 Sed
1774 3676 1895 3731 audi

294 3787 410 3842 qua:
465 3769 538 3823 sit
577 3781 824 3823 mensura
862 3763 1244 3821 misericordize
1266 3807 1279 3829 ,
1311 3779 1380 3820 ne
1405 3765 1553 3835 quasi
1584 3765 1635 3818 in
1668 3765 1897 3819 amicum

296 3864 384 3927 sit,
408 3871 473 3918 et.
499 3876 604 3915 non
630 3859 701 3914 sit
750 3860 801 3913 in
847 3858 1139 3913 inimicum.
1170 3857 1376 3912 Dictum
1413 3865 1496 3912 est
1523 3875 1537 3910 :
1567 3856 1768 3928 Diligite
1795 3857 1896 3911 ini—

294 3956 447 4009 miros
483 3961 670 4007 vestros
704 3950 917 4022 (Matth.
942 3966 993 4016 v,
1021 3950 1073 4016 7,
1105 3948 1217 4021 44).
1246 3948 1441 4004 Saliari
1474 3950 1551 4003 vis
1579 3949 1735 4004 bonis
1767 3948 1892 4016 Dei;

296 4049 486 4103 satiata
508 4046 579 4101 sit
600 4046 653 4099 in
678 4054 727 4099 tc
748 4042 1131 4100 misericordia.
1163 4042 1325 4097 Plena
1356 4040 1721 4096 misericordia
1746 4040 1765 4071 ³
1783 4040 1897 4111 ipsa

296 4152 375 4196 est
392 4139 632 4212 perfecta
656 4136 1028 4200 misereordia;
1054 4137 1167 4205 ipsa
1180 4143 1394 4205 estquae
1417 4142 1709 4204 amat,qute
1727 4134 1899 4203 diligit

295 4233 455 4287 etiam
486 4231 776 4286 habentem
798 4242 857 4284 se
884 4228 1026 4283 odio.
1044 4226 1177 4281 Nam
1205 4225 1329 4297 quid
1359 4225 1568 4292 faciam,
1598 4225 1810 4295 inquis?
1839 4225 1896 4283 Si

293 4337 513 4393 cepero
530 4321 754 4391 diligere
772 4319 1041 4375 inimicum
1060 4333 1259 4383 meum,
1282 4317 1504 4387 injurias
1529 4317 1806 4387 accipiam,
1842 4326 1898 4374 et

295 4415 521 4487 injurias
553 4413 810 4484 perferam
827 4453 840 4477 ,
861 4420 1035 4467 etnon
1055 4427 1139 4466 me
1157 4411 1451 4475 vindicabo,
1474 4425 1593 4466 cum
1624 4409 1799 4466 adsint
1821 4411 1898 4466 lc-

294 4509 412 4580 ges?
436 4508 649 4564 Justum
672 4512 823 4560 estut
844 4504 1079 4559 vindices
1098 4511 1180 4569 te;
1209 4501 1542 4571 conceditur,
1559 4502 1893 4573 quiajustum

296 4607 378 4654 est
409 4616 422 4651 :
458 4597 584 4653 vide
615 4606 789 4651 utrum
833 4610 940 4651 non
990 4594 1187 4650 babeas
1214 4593 1354 4664 quod
1401 4594 1453 4648 in
1498 4602 1549 4649 te
1577 4592 1892 4661 vindicetur,

297 4698 349 4743 et
373 4688 608 4743 vindica.
643 4687 732 4741 Sic
758 4687 899 4741 enim
926 4685 1060 4740 dicis
1079 4725 1095 4751 ,
1125 4684 1272 4740 Itane
1297 4700 1383 4739 me
1413 4700 1519 4739 non
1564 4684 1847 4741 vindicabo
1872 4686 1894 4739 ?

298 4780 448 4850 quasi
502 4781 643 4834 Deus
677 4778 939 4849 justitiam
988 4777 1238 4832 vindicta:
1278 4777 1555 4848 reprimat,
1587 4786 1640 4832 et
1669 4793 1774 4832 non
1801 4793 1894 4832 su-

299 4871 541 4942 perbiam
584 4870 905 4925 vindicantis
932 4870 1233 4939 exstinguat
1262 4868 1303 4921 ⁸.
1336 4870 1441 4922 Aut
1489 4883 1620 4923 vero
1648 4868 1891 4924 adultera

299 4965 385 5019 illa
414 4979 525 5020 non
548 4972 662 5020 erat
688 4962 1003 5033 lapidanda?
1030 4970 1122 5016 aut
1172 4962 1216 5016 si
1262 4960 1609 5031 lapidaretur,
1655 4961 1909 5031 iniquum‘

300 5054 502 5125 aliquid
541 5054 730 5109 fieret?
772 5053 826 5109 Si
867 5053 1046 5123 inique
1097 5052 1271 5118 ﬁeret,
1319 5051 1500 5122 inique
1540 5052 1747 5121 jussum
1774 5061 1888 5117 est;

302 5146 407 5200 Lex
435 5154 614 5201 autem
660 5143 842 5215 jussit,
874 5144 1013 5199 Deus
1047 5142 1249 5213 jussit:
1277 5141 1396 5210 sed,
1448 5157 1481 5197 ο
1525 5157 1620 5196 vos
1668 5143 1889 5209 ultores,

301 5238 479 5293 videte
518 5237 562 5292 si
604 5251 710 5291 non
736 5236 866 5291 estis
893 5245 1222 5306 peccatores.
1253 5233 1496 5289 Adducta
1532 5241 1614 5289 est
1650 5235 1891 5291 adultera

302 5329 497 5383 mulier
526 5327 805 5398 lapidanda
821 5344 883 5383 ex
909 5327 1070 5397 Lege,
1092 5326 1186 5381 sed
1216 5325 1441 5380 adducta
1470 5336 1552 5381 est
1578 5326 1641 5380 ad
1671 5327 1894 5383 latorem

303 5417 483 5488 Legis.
511 5418 679 5474 Szevis
706 5420 792 5489 qui
831 5418 1097 5473 adduxisti
1129 5433 1141 5470 :
1173 5417 1297 5472 vide
1349 5418 1439 5487 qui
1482 5420 1691 5483 Stevias,
1742 5428 1795 5473 et
1840 5419 1892 5474 in

305 5524 464 5580 quam
497 5512 711 5577 Stevias;
740 5512 784 5566 si
808 5519 1057 5582 peccator
1085 5512 1137 5563 in
1178 5509 1550 5580 peccatricem,
1585 5509 1767 5566 desine
1792 5525 1893 5566 sze—

369 5637 612 5711 {aliquot
634 5648 760 5703 Mss,
784 5640 877 5692 via.
972 5710 983 5711 ί
1046 5708 1069 5711 _
1150 5703 1169 5711 _
1226 5702 1237 5711 .

369 5704 389 5765 ξ
424 5702 500 5749 Sic
514 5702 591 5765 Er.
617 5711 734 5753 \‘en.
763 5713 815 5753 et.
838 5711 947 5765 Inv.
971 5710 1020 5751 tu
1046 5708 1113 5765 B.,
1140 5702 1304 5765 faciat.
1374 5710 1426 5765 tt.

374 5764 393 5794 ³
429 5770 479 5811 ιιι
504 5764 630 5827 ειη,
648 5764 980 5827 misericordia
1004 5764 1108 5827 Dei.
1138 5764 1281 5813 Abest
1314 5764 1398 5813 Dei
1422 5778 1448 5811 a
1474 5766 1728 5827 nmquis
1752 5772 1857 5814 Mss.

372 5826 391 5855 δ
428 5825 957 5891 Verbum,exstingnar,
987 5839 1012 5874 a
1036 5826 1282 5891 plerisque
1305 5834 1405 5875 uss.
1434 5825 1585 5877 abest.

1434 353 1832 411 ENARRATIO
1872 356 1935 411 IN
1977 358 2300 419 PSALMUM
2341 365 2448 428 Cll,

3474 385 3610 441 1526

2021 474 2168 543 vire,
2196 478 2343 547 prius
2372 481 2631 539 conﬁtere
2665 502 2676 537 :
2711 486 2757 540 si
2791 498 3041 557 peccator
3070 494 3228 549 saevis
3264 497 3314 550 in
3343 504 3604 568 peccatri-

2017 579 2157 632 cem,
2199 569 2442 640 relinque
2486 573 2663 640 illam;
2695 577 2846 632 novit
2883 578 2972 637 ille
3001 582 3127 652 quid
3156 583 3222 639 de
3254 585 3339 640 illa
3390 592 3603 655 sentiat,

2016 657 2143 725 quid
2182 658 2405 728 judicet,
2452 666 2721 735 quomodo
2762 681 2973 739 parcat,
3017 677 3287 745 quomodo
3328 692 3498 736 sanet.
3530 684 3607 740 Ex

2015 745 2158 819 Lege
2215 753 2407 843 smvis?
2453 754 2641 811 Melius
2668 761 2815 815 novit
2842 762 2967 831 quid
3000 774 3121 836 agat
3150 767 3290 822 lator
3330 771 3507 843 Legis,
3543 792 3605 829 ex

2014 853 2118 907 qua
2167 842 2343 896 ssevis.
2371 842 2487 899 Jam
2528 847 2785 903 Dominus
2811 866 2876 905 eo
2906 863 3145 925 tempore
3175 873 3281 927 quo
3317 861 3391 915 illi
3416 842 3604 918 oblata

2014 938 2119 1023 est,
2151 931 2405 988 inclinato
2429 935 2605 1005 capite
2632 940 2902 997 scribebat
2929 944 2979 998 in
3008 953 3172 1001 terra.
3210 949 3359 1006 Tunc
3386 956 3605 1023 scripsit

2014 1020 2065 1075 in
2098 1031 2262 1090 terra,
2292 1027 2505 1096 quando
2532 1044 2591 1085 se
2632 1032 2905 1089 inclinavit
2949 1037 3000 1091 in
3039 1046 3237 1095 terram
3274 1060 3287 1095 :
3318 1020 3600 1116 antequam

2012 1130 2071 1170 se
2099 1116 2381 1174 inclinaret
2402 1121 2452 1175 in
2484 1132 2703 1193 terram,
2748 1142 2852 1181 non
2887 1129 2937 1183 in
2968 1139 3106 1187 terra
3146 1136 3392 1205 scripsit,
3424 1140 3517 1195 sed
3550 1143 3601 1195 in

2013 1205 2204 1274 lapide.
2237 1210 2352 1265 Jam
2385 1211 2713 1270 fructum-um
2736 1218 2932 1289 aliquid
2966 1232 3081 1277 erat
3112 1232 3250 1279 terra
3292 1227 3359 1282 de
3398 1230 3601 1288 Domini

2012 1297 2226 1355 Litteris
2248 1304 2501 1371 paritura.
2535 1305 2589 1360 ln
2622 1308 2797 1376 lapide
2840 1311 3035 1382 Legem
3062 1316 3369 1386 scripserat,
3402 1322 3601 1392 signiﬁ-

2011 1408 2139 1449 cans
2167 1395 2423 1491 duritiam
2451 1400 2757 1460 Judteorum
2790 1426 2803 1462 :
2834 1408 2885 1462 in
2925 1420 3065 1466 terra
3107 1417 3353 1486 scripsit,
3398 1420 3601 1491 signiﬁ-

2009 1498 2137 1540 cans
2163 1486 2390 1543 fructum
2422 1491 2870 1553 Christianorum.
2913 1499 3184 1559 Venerunt
3218 1522 3345 1579 ergo
3378 1486 3468 1564 illi
3503 1513 3602 1568 ad-

2008 1575 2265 1634 ducentes
2306 1581 2616 1645 adulteram
2641 1629 2655 1653 ,
2698 1597 2945 1660 tanquam
2998 1575 3515 1659 szevientes‘lluctus
3548 1606 3599 1660 in

2008 1676 2212 1736 petram
2245 1686 2256 1722 :
2288 1671 2382 1727 sed
2438 1674 2553 1745 ejus
2605 1683 2955 1749 TBSleIISlODG
3004 1688 3262 1744 confracti
3318 1704 3461 1748 sunt.
3513 1698 3601 1752 Ait

2007 1758 2147 1813 enim
2171 1759 2296 1828 illis,
2323 1761 2424 1827 Qui
2458 1765 2510 1819 in
2534 1768 2671 1822 vobis
2697 1770 2803 1824 sine
2844 1785 3045 1842 peccato
3073 1788 3178 1846 est,
3218 1782 3357 1850 prior
3381 1786 3429 1838 in
3451 1788 3600 1841 illam

2007 1849 2231 1942 lapidem
2249 1853 2431 1923 jactet.
2466 1857 2533 1911 Et
2578 1874 2791 1915 rursum
2824 1865 3079 1922 inclinato
3108 1872 3300 1942 Capite,
3334 1877 3600 1933 scribebat

2008 1940 2059 1993 in
2094 1949 2251 1996 terra.
2279 1944 2345 1998 Et
2373 1949 2735 2020 unusquisque
2772 1952 2883 2023 jam
2930 1940 3266 2031 interrogans
3313 1967 3596 2023 conscien-

2010 2032 2132 2129 tiam
2156 2050 2327 2104 suam,
2361 2054 2466 2095 non
2493 2055 2907 2112 comparuerant
2939 2048 3115 2121 (Joan.
3150 2070 3239 2109 vui
3260 2098 3273 2121 ,
3304 2058 3452 2129 5-9).
3498 2061 3600 2117 Re-

2008 2124 2139 2192 pulit
2175 2141 2304 2193 eos,
2353 2145 2458 2184 non
2507 2132 2716 2189 inﬁrma
2765 2138 2960 2195 mulier
2997 2143 3259 2213 adultera,
3308 2124 3594 2206 scd'adul-

2007 2222 2173 2271 terata
2246 2221 2596 2278 conscientia.
2659 2226 2940 2286 Vindicare
3010 2234 3293 2305 volebant,
3354 2240 3596 2309 judicare

2005 2309 2330 2378 cupiebant:
2356 2318 2702 2372 veneruntad
2736 2330 2959 2388 petram,
2994 2326 3231 2396 absorpti
3280 2341 3405 2386 sunt
3445 2333 3593 2403 juxta

2005 2412 2210 2471 petram
2234 2404 2443 2473 judiecs
2471 2422 2657 2464 eorum
2687 2410 2858 2481 (Psul.
2894 2429 3015 2483 CXL,
3050 2416 3131 2489 6).

2076 2493 2166 2548 12.
2208 2494 2427 2553 Faciens
2476 2500 2848 2557 misericordias
2886 2504 3137 2563 Dominus
3174 2526 3192 2563 :
3224 2512 3317 2566 sed
3364 2516 3594 2585 quibus?

2004 2584 2149 2639 Beati
2168 2588 2531 2656 misericordes,
2564 2596 2801 2663 quoniam
2834 2598 2935 2666 ipsi
2979 2601 3375 2659 misericordiam
3416 2626 3593 2665 conse-

2002 2687 2235 2746 quentur.
2262 2678 2317 2733 ln
2344 2694 2534 2736 omnes
2577 2684 2659 2739 fac
2701 2687 3146 2747 misericordiam.
3180 2694 3348 2762 Quam
3379 2701 3591 2755 miseri-

2003 2766 2241 2822 cordiam
2283 2768 2518 2828 facturus
2544 2788 2604 2828 es
2626 2774 2811 2843 justo?
2842 2779 2895 2833 In
2943 2785 3353 2843 necessitatibus
3381 2798 3589 2848 tantum

2002 2861 2405 2929 corporalibus;
2439 2866 2631 2934 quibus
2657 2868 2698 2921 si
2725 2868 2994 2928 defuerint
3038 2878 3410 2946 supplementa
3438 2898 3466 2936 a
3504 2894 3554 2940 te
3577 2930 3591 2952 ,

2003 2965 2108 3041 non
2135 2952 2365 3008 deerunt
2385 2970 2415 3009 a
2440 2955 2569 3011 Deo.
2595 2958 2746 3026 Quod
2770 2976 2898 3033 ergo
2926 2962 3077 3032 facis,
3100 2968 3191 3023 tibi
3222 2970 3336 3039 plus
3355 2975 3591 3041 prodest.

2003 3040 2106 3135 Das
2131 3043 2375 3135 mendico
2402 3051 2696 3105 transeunti
2746 3063 2797 3107 et
2835 3057 3030 3121 petenti
3057 3075 3070 3111 :
3098 3064 3294 3130 quieris
3316 3040 3369 3119 et
3385 3065 3586 3135 justum

2015 3133 2102 3187 cui
2121 3133 2237 3201 des,
2269 3151 2365 3205 per
2392 3154 2549 3209 quem
2590 3143 2862 3212 recipiaris
2892 3146 2945 3200 in
2993 3149 3334 3209 tabernacula
3358 3133 3589 3226 aeterna;

2001 3226 2122 3294 quia
2140 3227 2227 3297 qui
2252 3230 2425 3299 recipit
2442 3233 2639 3303 justum
2669 3234 2721 3288 in
2744 3238 2944 3291 nomine
2970 3240 3121 3309 justi,
3150 3247 3429 3302 mercedem
3461 3253 3594 3320 justi

2001 3318 2211 3386 accipiet
2236 3318 2255 3389 (
2285 3318 2472 3374 Matth.
2503 3338 2556 3390 x,
2589 3325 2651 3379 41
2680 3323 2721 3397 ).
2755 3326 3031 3385 Mendicus
3062 3339 3113 3387 te
3142 3337 3353 3404 quaerit,
3386 3318 3588 3407 justum

2002 3417 2055 3465 tu
2074 3426 2272 3481 qntere.
2308 3412 2381 3467 De
2408 3414 2513 3469 alio
2536 3417 2678 3471 enim
2723 3418 2922 3475 dictum
2949 3432 3052 3491 est,
3083 3423 3238 3481 Omni
3257 3430 3441 3498 petenti
3458 3442 3503 3487 te
3526 3434 3592 3487 da
3658 3462 3665 3463 ί

2001 3501 2019 3571 (
2047 3502 2173 3557 Luc.
2202 3519 2276 3571 vr,
2301 3505 2371 3560 50
2395 3506 2413 3578 )
2440 3525 2453 3560 :
2484 3516 2539 3563 et
2565 3509 2632 3565 de
2661 3511 2768 3567 alio
2795 3513 2993 3570 dictum
3036 3527 3140 3587 est,
3183 3520 3415 3578 Desudet
3444 3527 3590 3582 elee-

1999 3611 2221 3668 mosyna
2251 3599 2304 3652 in
2340 3615 2496 3655 manu
2526 3611 2631 3669 tua,
2657 3603 2831 3661 donec
2854 3608 3090 3665 invenias
3113 3610 3335 3682 justum,
3367 3618 3450 3672 cui
3473 3634 3589 3673 eam

2003 3688 2199 3745 tradas.
2218 3690 2286 3745 Et
2307 3691 2353 3746 si
2379 3691 2468 3748 diu
2486 3708 2591 3751 non
2619 3696 2922 3772 invenitur;
2951 3701 3041 3757 diu
3063 3718 3265 3775 qurere,
3293 3708 3529 3765 invenies
3549 3713 3588 3764 ί.

2000 3779 2105 3837 Sed
2128 3782 2253 3852 quid
2295 3785 2618 3853 praestabis?
2657 3787 2846 3845 Nonne
2886 3792 3003 3862 plus
3051 3794 3143 3849 tibi
3182 3801 3499 3865 prmstatur?
3531 3800 3592 3857 Si

2002 3888 2092 3927 nos
2121 3875 2275 3941 vobis,
2307 3875 2499 3947 inquit,
2531 3880 2822 3949 spiritualia
2841 3885 3194 3941 seminavimus
3214 3930 3227 3953 ,
3252 3906 3488 3960 magnum
3517 3905 3589 3947 est

2000 3966 2045 4020 si
2063 3976 2224 4021 vestra
2252 3970 2482 4023 carnalia
2508 3980 2752 4027 metamus
2770 3974 2795 4026 ?
2822 3973 2949 4029 Inde
2974 3986 3055 4031 est
3076 3986 3129 4032 et
3159 3979 3284 4034 illud
3310 3983 3450 4051 quod
3482 3986 3590 4053 pri-

2000 4057 2122 4114 dem
2151 4060 2496 4130 exposuimus
2518 4062 2571 4117 in
2616 4072 2744 4119 nutu
2773 4065 3002 4133 Domini,
3027 4069 3149 4138 quia
3174 4072 3418 4141 producit
3449 4084 3587 4131 terra

2000 4148 2178 4205 fenum
2204 4150 2505 4225 jumentis(
2533 4153 2678 4209 Psal.
2703 4171 2814 4224 cm,
2845 4158 2913 4216 14
2940 4157 2991 4231 ),
3035 4160 3086 4215 id
3116 4173 3217 4229 est,
3250 4167 3481 4221 carnalia
3510 4169 3588 4223 eis

1999 4242 2088 4314 qui
2121 4243 2405 4301 triturant:
2437 4247 2581 4316 quia,
2624 4247 2751 4303 Bovi
2793 4251 3051 4307 trituranti
3082 4272 3137 4310 os
3176 4275 3276 4313 non
3314 4260 3589 4332 iufrenabis

2001 4336 2042 4410 (1
2064 4337 2181 4393 Cor.
2206 4354 2280 4405 η,
2302 4339 2387 4404 11,
2416 4338 2493 4411 9).
2520 4339 2675 4397 Unde
2703 4357 2801 4398 vos
2819 4343 3082 4401 adhortati
3108 4363 3290 4406 sumus
3310 4362 3366 4408 ut
3401 4357 3453 4409 in
3477 4355 3577 4410 hac

2001 4442 2058 4484 re
2078 4427 2359 4499 diligentes
2379 4428 2516 4497 sitis,
2540 4432 2700 4499 cauti,
2724 4432 2923 4500 sobrii;
2955 4450 3117 4506 opera
3150 4449 3324 4497 vestra
3357 4444 3577 4504 thesau-

1999 4534 2089 4576 ros
2114 4530 2324 4576 vestros
2355 4519 2645 4592 deputetis.
2683 4523 2950 4595 Numquid
2995 4537 3172 4586 autem
3203 4532 3336 4601 hinc,
3368 4538 3579 4608 fratres,

2000 4611 2120 4667 ideo
2146 4613 2391 4679 dicimus,
2420 4624 2478 4668 ut
2507 4614 2577 4669 ita
2607 4615 2734 4671 ﬁant
2763 4617 2817 4673 in
2848 4620 2985 4675 nos?
3012 4620 3148 4678 Puto
3164 4623 3217 4680 in
3238 4630 3453 4687 nomine
3484 4634 3587 4688 Do-

1999 4704 2127 4759 mini
2158 4720 2315 4775 posse
2357 4721 2479 4762 esse
2522 4708 2677 4763 istam
2716 4712 2961 4781 quamvis
3007 4713 3339 4775 inﬁrmorum
3372 4738 3581 4792 vocem,

1999 4797 2345 4866 apostolicam
2376 4808 2573 4865 tamen,
2603 4800 2698 4855 sed
2725 4802 2877 4857 vobis
2906 4805 3144 4875 prodest,
3179 4809 3317 4865 sicut
3358 4813 3434 4868 ait
3474 4819 3589 4887 ipse

2002 4887 2287 4956 Apostolus
2321 4906 2335 4944 :
2365 4887 2486 4943 Non
2509 4889 2627 4960 quia
2669 4907 2839 4961 quwro
2867 4894 3062 4964 datum,
3100 4900 3188 4952 sed
3230 4904 3430 4970 requiro
3471 4911 3587 4977 fru-

1999 4988 2133 5032 ctum
2164 4978 2183 5051 (
2213 4978 2445 5051 Philipp.
2475 4997 2548 5047 tv,
2574 4983 2640 5036 17
2665 4983 2706 5053 ).
2738 4984 2909 5052 Quam
2934 5001 3062 5057 ergo
3079 4988 3473 5065 eleemosynam
3508 4997 3587 5054 fa-

1999 5080 2182 5128 cturus
2209 5088 2268 5129 es
2291 5072 2469 5143 justo?
2485 5074 2600 5129 Non
2624 5077 2875 5145 pascebat
2893 5078 3069 5144 vidua,
3098 5084 3351 5152 pascebat
3367 5102 3584 5157 corvus;

1999 5165 2121 5235 quia
2148 5165 2401 5234 pascebat
2425 5165 2513 5235 qui
2538 5164 2663 5221 fecit
2688 5181 2905 5222 corvum
2931 5169 3020 5241 (lll
3048 5171 3175 5244 Reg.
3202 5190 3335 5246 xvn,
3360 5178 3413 5245 ϐ,
3443 5182 3536 5253 12)
3574 5200 3586 5235 ;

2000 5255 2168 5309 Eliam
2194 5254 2334 5310 dico.
2366 5255 2480 5310 Non
2508 5270 2636 5326 ergo
2676 5256 2825 5313 deest
2870 5258 3010 5317 unde
3047 5262 3188 5321 Deus
3216 5266 3307 5323 det
3347 5272 3457 5327 suis
3491 5291 3505 5328 :
3536 5284 3587 5328 tu

1997 5345 2119 5402 vide
2145 5346 2272 5417 quid
2315 5359 2479 5412 emas,
2529 5346 2742 5416 quando
2790 5363 2957 5419 emas,
3002 5357 3184 5425 quanti
3224 5373 3389 5415 emas.
3440 5362 3587 5423 Emis

2000 5438 2142 5493 enim
2174 5452 2397 5508 regnum
2427 5438 2722 5507 caelorum;
2752 5448 2807 5495 et
2835 5458 2940 5497 non
2986 5455 3069 5500 est
3102 5450 3312 5505 emendi
3356 5460 3581 5523 tempus,

2001 5531 2102 5585 nisi
2148 5530 2199 5585 in
2241 5531 2340 5584 bac
2380 5529 2508 5584 vita.
2542 5531 2605 5585 Et
2636 5547 2793 5603 quam
2836 5536 2929 5591 vili
2968 5552 3136 5609 emas,
3167 5540 3581 5604 attende."l‘anti

2002 5622 2094 5678 tibi
2115 5623 2274 5689 valet,
2296 5634 2551 5692 quantum
2580 5624 2778 5680 habere
2805 5630 3064 5697 potueris.

2074 5714 2159 5769 15.
2202 5713 2308 5769 Fac
2350 5715 2770 5772 miscricordiam
2803 5718 3001 5790 iniquo,
3053 5736 3157 5777 non
3198 5732 3447 5796 tanquam
3486 5728 3587 5786 ini-

2067 5826 2081 5856 ¹
2119 5826 2342 5890 Prmcipui
2366 5832 2490 5878 Mss:
2520 5828 2617 5881 Etsi
2640 5828 2741 5890 diu,
2765 5831 3000 5883 invenitur
3025 5846 3042 5886 :
3068 5835 3153 5886 diu
3172 5849 3355 5903 φαῖνε,
3382 5838 3580 5894 invenis.
