4088 6508
480 382 606 441 1517

485 514 611 570 quo.
640 496 772 553 Nam
826 494 999 566 ipsum
1052 489 1287 560 iniquum
1337 488 1388 541 in
1419 492 1673 556 quantum
1709 482 1919 553 iniquus
1944 489 2060 547 est,

486 604 554 646 ne
581 586 880 658 suscipias:
914 583 1087 646 idest,
1140 594 1208 635 ne
1248 576 1399 649 quasi
1450 574 1743 630 intentione
1790 582 1843 628 et
1881 585 2064 626 amore

483 679 772 752 iniquitatis
815 674 954 732 illius
980 673 1239 746 suscipias
1265 684 1408 725 eum.
1459 667 1588 722 Nam
1640 674 1695 722 et
1742 663 2063 737 prohibitum

482 781 565 828 est
592 770 706 827 dari
752 765 1034 838 peccaturi,
1065 773 1119 821 et
1162 761 1435 832 suscipere
1474 766 1804 831 peccatores.
1834 755 1903 809 Et
1929 767 2064 824 quo-

1713 372 1768 425 S.
1811 362 2172 425 AUGUSTINI
2212 364 2514 420 EPISCOPI

3629 374 3651 425 l
3661 372 3753 428 528

2172 477 2248 533 sic
2267 477 2500 541 dederis,
2530 491 2689 547 quam
2721 478 2809 533 ille
2840 494 2944 532 non
2972 476 3363 545 dedithomini,
3387 480 3605 550 quando
3622 481 3757 541 dedit

2167 569 2426 624 venatori.
2456 568 2562 624 Res
2583 584 2732 641 ergo,
2754 569 3075 637 charissimi,
3100 570 3153 625 in
3180 581 3436 641 promptu
3464 573 3637 642 posita
3660 585 3752 642 est,

2168 671 2223 717 et
2250 672 2375 731 puto
2396 663 2518 732 quia
2547 662 2647 717 etsi
2684 662 2907 718 obscura
2939 662 3057 729 fuit,
3095 662 3204 733 jam
3230 663 3523 719 manifesta
3555 674 3653 719 est.
3682 668 3757 724 Ad

2172 752 2271 807 huc
2314 752 2567 807 Dominus
2598 759 2649 807 te
2675 740 2958 820 astrinxit,
2990 768 3110 809 cum
3136 753 3364 817 diceret,
3401 754 3505 822 Qui
3531 760 3758 826 receperit

483 861 662 924 tumin,
689 858 841 913 Omni
878 857 1060 929 petenti
1089 864 1137 910 te
1165 854 1278 909 da?
1314 862 1369 908 et
1398 849 1686 923 quomodo,
1736 847 1797 903 Si
1842 844 2067 900 esurierit
2159 846 2358 916 justum
2389 860 2408 899 :
2433 844 2722 901 sufficeret.
2764 845 2869 901 Sed
2910 848 3032 917 quia
3065 855 3237 916 potest
3265 846 3438 916 recipi
3461 846 3638 917 justus
3666 848 3759 903 alia

481 951 717 1005 inimicus
744 957 880 1011 tuus,
905 947 1017 1002 ciba
1040 944 1228 1016 itlum(
1258 943 1409 998 Rom.
1437 957 1532 1005 xu,
1562 940 1634 996 20
1666 939 1723 1007 )‘l
1752 936 1913 1006 Quasi
1938 950 2066 991 con-

484 1040 643 1096 traria
693 1037 961 1103 videntur,
1013 1035 1107 1092 sed
1150 1034 1461 1104 aperiuntur
1508 1032 1560 1086 in
1615 1030 1831 1084 nomine
1867 1026 2063 1082 Christi

483 1129 835 1200 pulsantibus,
857 1134 913 1182 et
958 1124 1235 1182 manifesta
1264 1132 1419 1179 erunt
1444 1119 1823 1193 qumrentibus.
1856 1115 1938 1171 Ne
1964 1127 2069 1170 tra-

484 1223 577 1277 das
620 1220 890 1292 peccaturi,
920 1227 974 1274 et
1005 1216 1086 1272 Ne
1112 1216 1361 1288 suscipias
1391 1214 1703 1285 peccatorem
1734 1209 1938 1282 (Eccti.
1968 1223 2065 1275 xu,

484 1314 519 1368 4
547 1313 580 1368 6
608 1312 660 1381 );
692 1319 959 1373 attamen,
984 1309 1137 1364 Omni
1158 1306 1340 1379 petenti
1366 1314 1412 1360 te
1436 1305 1523 1359 da.
1570 1302 1675 1361 Sed
1717 1310 1963 1373 peccator
1989 1307 2071 1355 est

484 1404 574 1475 qui
607 1420 691 1459 me
724 1402 870 1473 petit.
894 1402 983 1466 Da,
1010 1415 1113 1455 non
1137 1408 1383 1469 tanquam
1421 1394 1704 1466 peccaturi.
1733 1392 1955 1462 Quando
1975 1390 2071 1447 das

489 1506 735 1564 tanquam
768 1491 1067 1563 peccaturi?
1091 1489 1311 1559 Quando
1341 1489 1392 1542 in
1437 1501 1544 1557 quo
1574 1494 1821 1556 peccatur
1843 1492 1944 1548 est,
1970 1482 2071 1537 hoc

490 1586 581 1639 tibi
608 1584 779 1654 placet
807 1590 863 1637 ut
887 1581 1001 1636 des.
1035 1579 1309 1634 Paululum
1339 1577 1577 1632 attendat
1605 1574 1848 1631 Charitas
1873 1581 2070 1639 vestra,

486 1678 658 1735 donec
685 1675 963 1731 evulvatur
982 1687 1070 1728 res
1091 1672 1249 1727 etiam
1273 1669 1553 1739 exemplis,
1586 1667 1811 1721 multum
1839 1664 1982 1719 utilis
2005 1660 2071 1718 ad

490 1766 908 1836 intelligendum.
944 1764 1055 1819 Hoc
1078 1762 1211 1817 dixit
1233 1770 1274 1828 ι,
1302 1760 1434 1816 Cum
1462 1756 1907 1815 esurieritnescio
1934 1754 2072 1826 quis,

492 1862 538 1916 si
566 1860 731 1915 habes
769 1857 909 1912 unde
938 1856 1055 1922 des,
1084 1856 1185 1920 da;
1213 1854 1257 1910 si
1284 1853 1432 1910 vides
1460 1852 1691 1907 dandum
1718 1865 1837 1905 esse
1858 1848 1922 1903 ad
1944 1849 2074 1904 sub-

494 1953 839 2018 veniendum,
858 1950 944 2005 da.
972 1948 1050 2005 Ne
1070 1949 1369 2019 pigrescant
1405 1946 1457 2000 in
1490 1945 1591 2000 hoc
1635 1944 1840 1998 viscera
1865 1942 2078 1998 miseri-

495 2044 715 2109 cordiae,
745 2042 867 2113 quia
896 2041 989 2096 tibi
1033 2048 1279 2111 peccator
1316 2037 1552 2093 occurrit
1575 2054 1588 2091 :
1611 2035 1703 2091 tibi
1733 2035 1873 2091 enim
1918 2034 2079 2089 homo

500 2146 748 2206 peccator
776 2134 1028 2190 occurrit.
1056 2133 1188 2187 Cum
1228 2132 1367 2196 dico,
1391 2130 1635 2186 Occurrit
1654 2129 1744 2183 tibi
1772 2128 1932 2184 homo
1958 2142 2079 2196 pec-

495 2238 666 2292 cator,
698 2227 803 2282 duo
831 2227 1041 2281 nomina
1072 2224 1215 2290 dixi;
1244 2224 1357 2279 lucc
1384 2224 1489 2278 duo
1517 2222 1730 2277 nomina
1759 2236 1862 2275 non
1890 2235 2081 2288 super-

498 2322 602 2375 lina
627 2327 787 2374 sunt:
816 2319 921 2373 duo
950 2318 1185 2379 numina,
1216 2315 1357 2369 aliud
1389 2314 1527 2384 quod
1565 2315 1746 2374 homo,
1775 2311 1916 2366 aliud
1940 2309 2080 2380 quod

500 2420 782 2481 peccator;
815 2410 955 2479 quod
984 2410 1165 2474 homo,
1188 2422 1322 2476 opus
1346 2411 1428 2460 est
1467 2404 1557 2459 Dei
1581 2421 1594 2469 ;
1626 2403 1764 2473 quod
1795 2410 2040 2472 peccator
2063 2442 2079 2468 ,

501 2515 635 2570 opus
657 2499 885 2554 hominis
918 2506 1000 2552 est
1027 2514 1040 2551 :
1066 2496 1133 2551 da
1158 2495 1304 2567 operi
1338 2494 1452 2559 Dei,
1490 2493 1595 2548 uoli
1632 2492 1779 2562 operi
1826 2489 2081 2546 hominis.

502 2590 568 2645 Et
590 2587 879 2659 quomodo,
924 2587 1117 2657 inquis,
1150 2600 1238 2640 me
1289 2583 1542 2655 prohibes
1579 2583 1707 2638 dare
1735 2581 1882 2652 operi
1914 2578 2085 2635 homi-

500 2680 618 2735 nis?
651 2678 790 2746 Quid
821 2690 902 2734 est
951 2679 1080 2733 dare
1126 2677 1273 2747 operi
1323 2674 1596 2731 hominis?
1643 2672 1915 2730 Peccatori
1958 2672 2085 2727 dare

503 2781 719 2841 propter
745 2778 1040 2840 peccatum,
1070 2768 1297 2838 placenti
1326 2767 1419 2821 tibi
1451 2774 1668 2837 propter
1700 2772 1995 2834 peccatum.
2022 2762 2088 2817 Et

499 2863 621 2933 quis
642 2861 741 2915 hoc
767 2861 941 2926 faciet,
964 2859 1173 2929 inquis?
1190 2859 1318 2927 Quis
1341 2860 1441 2913 hoc
1463 2857 1658 2913 faciet?
1680 2855 1889 2913 Utinam
1906 2871 2083 2921 nemo,

502 2952 706 3006 utinam
748 2951 925 3021 pauci,
958 2950 1158 3004 utinam
1190 2963 1296 3003 nou
1326 2947 1556 3018 publice.
1587 2947 1691 3015 Qui
1736 2946 2087 3002 venatoribus

500 3042 721 3108 donant,
748 3055 912 3111 quare
940 3040 1161 3106 donant,
1191 3038 1372 3093 dicant
1394 3038 1564 3093 mihi?
1590 3038 1766 3105 Quare
1798 3037 1961 3092 donat
1992 3052 2086 3092 ve-

502 3131 708 3189 natori?
741 3130 852 3186 Hoc
872 3130 925 3185 in
948 3130 1038 3185 illo
1057 3138 1221 3196 amat,
1251 3130 1303 3184 in
1332 3143 1439 3198 quo
1461 3128 1818 3199 nequissimus
1844 3136 1959 3192 est;
1986 3126 2089 3183 hoc

503 3223 556 3277 in
584 3221 674 3277 illo
703 3221 887 3292 pascit,
919 3220 1021 3275 huc
1048 3221 1099 3275 in
1132 3220 1225 3276 illo
1255 3219 1433 3283 vestit,
1468 3219 1638 3289 ipsam
1668 3218 1955 3289 nequitiam
1983 3234 2084 3288 pu-

502 3312 695 3367 blicam
744 3311 1061 3381 spectaculis
1104 3311 1365 3366 omnium.
1396 3310 1497 3379 Qui
1536 3309 1699 3365 donat
1725 3309 2085 3376 histrionibus,

502 3404 593 3474 qui
645 3403 809 3458 donat
849 3402 1045 3472 aurigis
1073 3403 1117 3467 ',
1160 3402 1249 3472 qui
1283 3401 1445 3456 donat
1493 3400 1895 3465 meretricibus,
1923 3416 2089 3471 quare

505 3494 701 3549 donat?
728 3490 989 3560 Numquid
1016 3508 1119 3546 non
1147 3501 1198 3547 et
1229 3492 1328 3562 ipsi
1372 3491 1675 3546 hominibus
1697 3491 1933 3546 donant?
1973 3490 2088 3546 Non

508 3597 683 3640 tamen
712 3583 781 3638 ibi
812 3581 1091 3637 attendunt
1111 3593 1351 3637 naturam
1382 3582 1562 3654 operis
1608 3583 1721 3649 Dei,
1767 3582 1859 3637 sed
1904 3582 2091 3653 nequi-

509 3678 634 3731 tiam
662 3675 842 3746 operis
871 3673 1106 3728 humani.
1129 3673 1223 3728 Vis
1258 3673 1435 3728 videre
1459 3672 1583 3744 quid
1608 3674 1838 3728 honores
1859 3674 1909 3727 in
1939 3688 2092 3729 vena-

509 3778 648 3833 tore,
677 3764 892 3837 quando
935 3764 1081 3820 illum
1134 3765 1331 3821 vestis?
1375 3765 1591 3820 Dicatur
1633 3764 1748 3830 tibi,
1794 3764 1881 3821 Sis
1922 3765 2085 3820 talis:

508 3874 658 3914 amas
679 3858 847 3925 illum,
876 3856 1074 3927 gaudes
1098 3856 1163 3912 ad
1185 3855 1355 3921 illum,
1381 3857 1459 3912 vis
1483 3856 1876 3927 quodammodo
1901 3872 2093 3927 exspo-

509 3951 639 4006 liare
663 3958 733 4012 te,
760 3958 813 4004 et
832 3949 977 4004 illum
1002 3948 1225 4013 vestire;
1255 3948 1362 4002 noli
1382 3962 1503 4002 cum
1530 3945 1719 4017 injuria
1737 3948 1978 4018 accipere
1996 3990 2011 4014 ,
2042 3947 2089 4003 si

510 4042 604 4097 tibi
634 4042 862 4108 dicatur,
899 4039 1056 4096 Tales
1084 4039 1193 4095 sint
1219 4040 1309 4095 lilii
1345 4040 1419 4095 tui
1451 4040 1491 4094 ³.
1523 4039 1716 4110 lnjuria
1758 4049 1860 4107 est,
1894 4041 2088 4111 inquis.

511 4135 687 4200 Quare
716 4133 905 4203 injuria
932 4140 1034 4197 est,
1058 4132 1158 4187 nisi
1185 4132 1307 4201 quia
1339 4131 1426 4186 illa
1456 4131 1737 4203 iniquitas?
1760 4148 1923 4203 quare
1950 4133 2090 4201 iuju-

511 4224 613 4287 ria,
650 4223 747 4291 nisi
779 4222 901 4292 quia
946 4222 1031 4275 illa
1075 4219 1379 4292 turpitudo?
1422 4221 1537 4277 Non
1585 4238 1714 4294 ergo
1740 4223 1939 4289 donas,
1970 4239 2091 4278 cum

513 4316 683 4370 donas
724 4313 746 4344 ⁸
766 4355 782 4378 ,
823 4313 1138 4377 fortitudini,
1181 4313 1274 4367 sed
1306 4313 1637 4384 turpitudini.
1666 4315 1943 4382 Quomodo
1965 4331 2093 4386 ergo

515 4406 604 4477 qui
635 4406 869 4460 \eua'tori
900 4404 1082 4468 donat,
1114 4421 1219 4459 non
1266 4406 1462 4458 homini
1490 4406 1674 4471 donat,
1724 4408 1816 4462 sed
1858 4408 1957 4462 arti
2000 4422 2093 4463 ne-

512 4497 783 4569 quissimae
810 4496 829 4567 (
857 4510 979 4549 nam
1018 4496 1061 4549 si
1092 4496 1252 4549 homo
1298 4504 1499 4549 tantum
1544 4507 1723 4562 esset,
1771 4506 1826 4554 et
1877 4508 2096 4553 venator

512 4604 618 4645 nun
671 4595 848 4652 esset,
906 4604 1008 4642 non
1062 4586 1327 4652 donares;
1379 4586 1608 4642 honoras
1657 4588 1707 4642 in
1756 4604 1822 4643 eo
1874 4590 2089 4656 vitium,

522 4698 626 4737 nou
657 4679 923 4750 naturam)
955 4680 1071 4734 :sic
1117 4691 1323 4745 contra,
1352 4683 1397 4734 si
1436 4679 1532 4736 des
1567 4680 1729 4749 justo,
1758 4682 1801 4734 si
1844 4681 1941 4737 des
1974 4698 2095 4750 pro-

514 4772 726 4844 pheta},
768 4780 813 4826 st
866 4770 959 4826 des
1010 4770 1269 4840 discipulo
1297 4768 1493 4825 Christi
1531 4770 1726 4840 aliquid
1765 4772 1917 4842 cujus
1956 4772 2094 4829 iudi-

510 4871 621 4933 εει,
653 4870 709 4919 et
735 4878 838 4917 nou
868 4860 937 4916 ibi
970 4861 1168 4931 cogites
1187 4860 1311 4929 quia
1332 4859 1620 4931 discipulus
1638 4861 1833 4917 Christi
1853 4873 1953 4929 est,
1974 4864 2092 4933 quia

517 4957 758 5011 minister
783 4966 865 5011 est
888 4954 999 5017 Dei,
1030 4954 1151 5023 quia
1178 4952 1515 5023 dispensator
1542 4965 1623 5008 est
1651 4953 1778 5018 Dei;
1825 4954 1917 5009 sed
1947 4956 2092 5026 cogi-

519 5056 596 5101 tes
640 5046 708 5100 ibi
762 5042 977 5115 aliquod
1018 5042 1361 5100 commodum
1408 5044 1719 5112 temporale,
1763 5052 1817 5098 ut
1868 5043 2095 5101 fortasse

521 5151 693 5190 causis
722 5144 824 5189 tua:
844 5135 1176 5191 necessarius
1199 5132 1411 5205 quando
1437 5132 1614 5200 fuerit,
1644 5134 1846 5188 venalis
1876 5135 1967 5189 tibi
1992 5136 2090 5202 sit,

523 5225 646 5292 quia
672 5224 720 5278 ei
744 5224 942 5294 aliquid
963 5225 1274 5295 porrexisti;
1303 5234 1409 5279 tam
1439 5233 1493 5280 tu
1518 5238 1622 5279 non
1643 5223 1833 5279 dedisti
1856 5224 2021 5295 justo,
2050 5228 2093 5283 si

580 5315 597 5344 ι
634 5313 766 5372 Fdd.,
792 5311 993 5376 distet
1014 5312 1181 5376 plures
1197 5322 1322 5376 Mss.,
1355 5313 1518 5366 dixit:
1548 5314 1682 5365 refer
1703 5313 1764 5364 ad
1792 5313 1934 5365 allata
1958 5318 2096 5367 testi-

517 5375 675 5424 monia
697 5387 760 5423 ex
783 5381 890 5423 Luc.
908 5375 958 5434 ϐ,
978 5375 1029 5424 et
1050 5383 1177 5425 Rom.
1206 5375 1277 5424 12.

579 5439 600 5469 ί
636 5447 734 5485 am.
763 5444 815 5485 et
836 5442 930 5493 ει,
954 5436 1232 5545 au%uribus.
1260 5444 1316 5486 Ai.
1338 5444 1447 5487 Lov.
1474 5445 1525 5488 et
1542 5444 1672 5497 Mss,
1691 5435 1902 5509 aurigis.
1926 5437 2098 5489 Confer

583 5512 674 5545 arr.
706 5497 822 5545 Psal.
847 5496 922 5545 39.
951 5510 998 5544 n.
1058 5532 1072 5545 .
1100 5505 1194 5545 etc.
1219 5499 1301 5545 ubi
1334 5500 1427 5545 iam
1449 5500 1514 5545 de
1547 5501 1747 5545 auritus.
1769 5501 1834 5545 de
1856 5503 2097 5545 venatori-

516 5505 674 5548 Fnarr.
847 5496 924 5563 39.
951 5510 998 5544 n.
1018 5496 1072 5563 Β,
1100 5505 1194 5563 etc.
1219 5499 1301 5547 ubi
1330 5500 1427 5562 jam
1449 5500 1514 5549 de
1547 5496 1747 5563 aurigis,
1769 5496 1834 5549 de
1856 5503 2097 5551 venatori-

516 5563 608 5610 bus
625 5569 676 5610 et
697 5560 1006 5609 histrionibus
1026 5558 1163 5607 dixit.

580 5623 601 5655 ³
632 5623 763 5688 Edd_.,
791 5619 834 5688 si
854 5617 939 5670 tibi
974 5620 1036 5670 de
1056 5617 1388 5688 meretricibus
1427 5620 1637 5688 dicetur,
1683 5621 1815 5671 Tales
1853 5622 1947 5671 sint
1980 5622 2098 5688 ﬁlia:

514 5696 628 5756 tum.
660 5682 840 5744 mjuria
860 5688 948 5742 est,
984 5689 1078 5732 etc.
1110 5687 1281 5730 Locum
1312 5681 1373 5730 ad
1406 5682 1621 5733 melioris
1657 5693 1782 5733 notae
1820 5690 1922 5732 Mss.
1951 5681 2095 5737 resti-

517 5752 713 5795 luimus.

581 5807 602 5835 δ
622 5816 692 5854 sic
713 5812 817 5855 uss.
839 5812 893 5855 At
914 5805 1045 5867 ΡΜ..
1069 5815 1177 5856 cum
1200 5817 1294 5856 non
1316 5803 1425 5865 das,
1443 5811 1537 5855 etc.

2171 934 2482 1001 intentione,
2521 950 2642 991 cum
2687 945 2901 1007 putatur
2948 935 3201 1007 prodesse
3249 952 3419 1007 posse
3462 937 3531 992 ad
3573 939 3759 1010 aliquid

2172 1027 2485 1097 temporale,
2516 1027 2650 1083 forte
2666 1026 2733 1083 ad
2754 1027 3104 1097 supplendam
3133 1027 3516 1097 cupiditatem,
3543 1026 3678 1083 forte
3700 1030 3760 1085 ad

2169 1118 2547 1189 adjuvandum,
2582 1127 2640 1174 ut
2679 1120 2839 1175 homo
2875 1119 3351 1183 circumveniatur,
3379 1128 3479 1175 aut
3499 1122 3761 1191 opprima-

2175 1218 2285 1275 tur;
2315 1196 2436 1280 quia
2464 1210 2565 1264 tale
2596 1210 2949 1265 ministerium
2981 1210 3048 1266 de
3073 1211 3165 1266 illo
3194 1210 3401 1280 quaeris
3423 1252 3439 1279 ,
3486 1211 3623 1267 forte
3650 1227 3763 1283 pro-

2173 1311 2352 1372 pterea
2405 1302 2672 1372 suscipis:
2708 1302 2920 1371 negavit
2967 1301 3059 1356 tibi
3103 1300 3416 1356 mercedem
3460 1301 3625 1372 justi,
3669 1304 3763 1359 nisi

2173 1406 2292 1445 cum
2327 1390 2705 1446 additamenta.
2754 1392 2840 1446 Ait
2876 1392 3016 1447 enim
3037 1433 3052 1458 ,
3094 1391 3193 1458 Qui
3221 1393 3474 1462 receperit
3494 1394 3691 1464 justum
3717 1394 3763 1450 in

2175 1484 2376 1537 nomine
2407 1483 2572 1553 justi;
2617 1484 2665 1537 id
2707 1492 2807 1548 est,
2840 1484 2960 1538 ideo
2987 1483 3252 1553 recipiens
3283 1483 3415 1554 quia
3441 1483 3622 1553 justus
3647 1494 3759 1542 est:

2176 1582 2249 1639 et,
2276 1573 2372 1640 Qui
2398 1575 2636 1643 receperit
2659 1576 2988 1645 praphetam;
3014 1590 3119 1630 non
3146 1583 3353 1629 tantum
3378 1577 3642 1645 receperit
3661 1591 3765 1647 pro~

2177 1662 2412 1734 phetam,
2444 1665 2558 1730 sed,
2598 1666 2652 1720 in
2694 1667 2894 1721 nomine
2922 1668 3183 1739 propheta’
3204 1708 3220 1734 ,
3262 1666 3370 1723 hoc
3397 1666 3451 1722 in
3486 1668 3577 1725 illo
3604 1668 3762 1725 honu-

2178 1769 2304 1809 raus
2342 1755 2482 1826 quod
2530 1756 2785 1827 propheta
2828 1766 2912 1813 est
2942 1773 2956 1811 :
2984 1757 3048 1811 ad
3092 1766 3425 1822 extremum,
3461 1757 3562 1826 Qui
3588 1758 3764 1814 dederit

2178 1848 2381 1900 culicem
2424 1863 2569 1917 aqua:
2604 1849 2805 1918 frigidi:
2848 1852 2937 1903 uni
2968 1865 3032 1905 ea:
3070 1850 3294 1905 minimis
3334 1850 3469 1915 istis,
3506 1860 3694 1906 tantum
3715 1853 3762 1907 in

2180 1938 2380 1991 nomine
2400 1939 2657 2010 discipuli,
2686 1939 2736 1995 id
2761 1949 2843 1996 est
2867 1948 3147 2011 propterea
3167 1942 3292 2011 quia
3314 1941 3614 2012 discipulus
3633 1942 3764 1998 Chri-

2180 2030 2248 2084 sti
2294 2039 2396 2095 est,
2439 2039 2717 2101 propterea
2748 2033 2869 2103 quia
2911 2033 3249 2103 dispensator
3282 2035 3611 2090 sacramenti
3648 2045 3759 2100 est;

2183 2140 2326 2177 auten
2355 2124 2466 2178 dico
2493 2124 2645 2192 vobis,
2676 2142 2775 2179 non
2801 2127 2973 2196 perdet
2999 2126 3279 2181 mercedem
3304 2143 3457 2181 suout
3487 2126 3691 2198 (Matth.
3716 2146 3760 2195 κ,

2184 2216 2272 2282 Η,
2302 2216 2415 2285 42).
2449 2217 2725 2285 Quomodo
2754 2234 2880 2289 ergo
2906 2218 3178 2289 intelligis,
3206 2219 3311 2287 Qui
3330 2221 3572 2290 receperit
3583 2223 3761 2293 justum

2184 2309 2235 2362 in
2266 2310 2467 2364 nomine
2493 2311 2655 2381 justi,
2691 2310 2966 2365 mercedem
2983 2313 3113 2382 justi
3137 2312 3393 2384 accipiet;
3424 2314 3504 2368 sic
3529 2313 3761 2384 intellige,

2185 2400 2285 2469 Qui
2314 2402 2575 2472 receperit
2606 2414 2937 2474 peccatorem
2968 2405 3018 2460 in
3049 2407 3265 2461 [nomine
3303 2409 3621 2477 peccaturis,
3655 2423 3763 2479 per-

2186 2493 2275 2547 det
2301 2493 2624 2548 mercedem.

2257 2583 2343 2637 14.
2387 2582 2547 2652 Ergo,
2576 2582 2785 2648 fratres,
2804 2594 3049 2639 exercete
3070 2584 3520 2642 misericordiam.
3554 2586 3661 2643 Non
3689 2598 3760 2643 est

2186 2672 2328 2728 aliud
2361 2673 2629 2727 vinculum
2674 2674 2971 2742 charitatis,
3019 2691 3126 2730 non
3165 2688 3247 2731 est
3285 2676 3436 2733 aliud
3481 2678 3760 2734 vehiculum

2187 2778 2291 2834 quo
2311 2764 2662 2835 perducamur
2689 2781 2753 2820 ex
2787 2765 2885 2821 hac
2912 2767 3013 2821 vita
3036 2767 3105 2823 ad
3126 2768 3269 2823 illam
3300 2770 3526 2840 patriam
3552 2789 3566 2837 ;
3597 2782 3761 2827 exten-

2190 2857 2299 2912 d'te
2341 2856 2679 2913 dilectionem
2725 2873 2893 2930 usque
2931 2859 2995 2913 ad
3043 2860 3290 2915 inimicus
3322 2880 3335 2917 :
3375 2863 3551 2918 securi
3590 2871 3758 2918 estote.

2194 2948 2316 3003 ldeu
2347 2949 2487 3003 venit
2514 2948 2776 3016 Christus,
2827 2951 2911 3005 cui
2943 2960 3089 3006 tanto
3118 2963 3242 3008 aute
3272 2954 3477 3010 dictum
3518 2965 3615 3022 est,
3650 2974 3666 3007 ι
3692 2955 3761 3013 Ex

2191 3055 2283 3095 ore
2310 3040 2584 3096 infantium
2615 3050 2669 3097 et
2703 3042 3010 3098 lactentium
3040 3045 3306 3113 perfecisti
3341 3047 3571 3115 laudem,
3602 3058 3653 3102 ut
3679 3048 3759 3103 dc«

2193 3141 2369 3187 struas
2416 3133 2687 3187 inimicum
2726 3143 2781 3188 et
2820 3135 3199 3191 vindicatorcm
3235 3157 3254 3189 ι
3305 3138 3483 3209 (Psal.
3528 3156 3634 3207 vut,
3677 3141 3758 3211 3):

2192 3225 2333 3294 quod
2376 3226 2615 3280 nonnulli
2656 3226 2869 3282 codices
2922 3246 2941 3280 ι
2970 3227 3311 3284 defensorem
3342 3249 3362 3282 ι
3418 3231 3636 3298 habent;
3676 3231 3758 3288 sed

2192 3317 2385 3379 verius,
2431 3336 2448 3369 ‹
2477 3317 2878 3373 vindicaturem.
2915 3337 2934 3371 ι
2983 3320 3268 3376 Destruere
3318 3323 3489 3377 voluit
3526 3324 3758 3378 Dominus

2193 3408 2592 3474 vindicatorem,
2624 3411 2674 3465 id
2703 3421 2802 3478 est,
2847 3426 2967 3467 eum
2998 3414 3085 3482 qui
3126 3429 3186 3469 se
3214 3416 3381 3471 voluit
3406 3417 3682 3481 vindicare,
3711 3426 3757 3470 ut

2193 3515 2296 3554 non
2339 3501 2413 3556 illi
2453 3501 2787 3558 dimittantur
2813 3513 3029 3573 peccata
3070 3520 3184 3560 sua.
3223 3505 3362 3573 Quid
3392 3524 3538 3580 ergo,
3564 3507 3757 3577 inquis?

2192 3593 2418 3647 dormiet
2452 3594 2764 3664 disciplina?
2807 3597 3077 3651 auferetur
3118 3601 3294 3653 omnis
3332 3599 3629 3670 correptio?
3654 3598 3753 3654 Non

2192 3683 2475 3739 auferetur.
2520 3684 2654 3753 Quid
2686 3685 2827 3740 enim
2870 3686 2938 3742 de
2978 3687 3250 3744 luxurioso
3282 3690 3393 3745 filio
3425 3691 3648 3746 facturus
3671 3690 3755 3744 es?

2192 3794 2297 3832 nun
2337 3779 2640 3849 castigabis,
2684 3795 2791 3834 non
2849 3782 3190 3837 verberabis?
3229 3786 3561 3855 Servumque
3602 3784 3752 3854 ipsum

2194 3878 2362 3932 tuum,
2391 3870 2434 3924 si
2461 3870 2599 3925 male
2625 3871 2888 3927 viventem
2916 3873 3131 3941 videris,
3154 3890 3257 3929 non
3278 3892 3434 3946 pmua
3456 3878 3642 3947 aliqua,
3664 3891 3753 3929 nun

2194 3962 2504 4017 verberibus
2530 3962 2869 4019 refrenabis?
2899 3966 3016 4020 Fiat
3040 3966 3161 4031 hoc,
3194 3967 3285 4022 ﬁat
3310 3986 3324 4022 :
3356 3970 3587 4024 admittit
3614 3969 3750 4027 Deus,

2196 4054 2301 4107 imo
2323 4054 2679 4122 reprehendit,
2700 4054 2742 4109 si
2762 4070 2866 4109 non
2896 4057 3013 4123 fiat;
3040 4059 3132 4112 sed
3157 4058 3337 4115 animo
3357 4060 3644 4115 dilectionis
3662 4057 3750 4120 fac,

2198 4160 2302 4199 non
2348 4146 2526 4198 animo
2572 4146 2808 4201 ultionis.
2842 4145 2943 4201 Ubi
2987 4156 3161 4203 autem
3213 4152 3536 4219 potentiores
3572 4150 3751 4217 aliquos

2198 4236 2484 4305 injuriusos
2516 4252 2700 4305 passus
2727 4236 2913 4304 fueris,
2943 4239 3029 4293 ubi
3060 4241 3150 4294 tibi
3194 4258 3292 4295 nec
3325 4245 3585 4313 corrigere
3611 4238 3751 4294 discis

2200 4326 2339 4395 plina
2384 4327 2524 4388 licet,
2576 4344 2672 4381 nec
2704 4328 2836 4383 forte
2878 4331 3036 4384 etiam
3081 4347 3301 4387 monere
3339 4343 3428 4388 aut
3454 4332 3745 4403 prtueipcrei

2199 4416 2383 4482 tolera,
2421 4433 2639 4471 securus
2668 4420 2830 4473 tolera
2863 4436 2876 4472 :
2909 4419 3032 4475 audi
3068 4422 3412 4493 Evangelium
3454 4422 3588 4494 quod
3612 4418 3750 4476 modo

2199 4507 2395 4562 lectum
2426 4516 2528 4569 est,
2557 4508 2702 4563 Beati
2731 4510 2888 4576 eritis,
2931 4528 3043 4565 cum
3083 4529 3169 4566 vos
3198 4515 3445 4583 persecuti
3472 4513 3644 4583 fuerint
3666 4510 3745 4562 Itu-

2200 4598 2378 4662 mines,
2404 4609 2448 4650 et
2479 4600 2696 4653 dixerint
2725 4602 2960 4656 adversus
2996 4617 3081 4656 vos
3121 4621 3265 4659 omne
3294 4606 3501 4670 malum,
3534 4602 3747 4656 mentien-

2201 4697 2291 4754 tes,
2318 4700 2519 4761 prapter
2540 4707 2717 4743 nomen
2742 4709 2904 4745 meum
2929 4691 3137 4766 (Matth.
3170 4711 3223 4762 v,
3251 4696 3360 4766 ll).
3387 4696 3449 4750 Et
3476 4694 3542 4748 ibi
3568 4687 3740 4746 addidit

2202 4791 2419 4852 propter
2446 4782 2592 4852 quid,
2626 4799 2693 4838 ne
2720 4787 2910 4839 merito
2953 4797 3039 4839 tuo
3074 4778 3306 4858 accipias
3345 4787 3625 4849 maledicta,
3654 4795 3744 4836 twn

2201 4888 2358 4927 causa
2381 4874 2815 4943 justilicatiunum
2859 4878 2969 4932 Dei.
3020 4878 3133 4933 Non
3166 4881 3307 4934 enim
3348 4880 3433 4951 qui
3464 4875 3740 4932 malctﬁctus

2201 4965 2380 5033 fuerit,
2408 4968 2585 5036 justus
2610 4977 2691 5021 est
2714 4986 2726 5020 :
2758 4968 2851 5024 sed
2866 4969 2956 5039 qui
2980 4970 3154 5040 justus
3178 4981 3278 5036 est,
3310 4982 3364 5027 et
3393 4973 3574 5039 injuste
3601 4963 3742 5021 male-

2201 5056 2403 5122 dictus;
2435 5067 2489 5112 et
2515 5058 2556 5111 si
2595 5058 2789 5127 injuste
2818 5061 3169 5128 maledicitur,
3193 5064 3462 5134 praxmium
3492 5059 3560 5114 illi
3586 5053 3737 5110 reddi-

2204 5158 2307 5204 tur.
2334 5150 2617 5220 Pmpterea
2639 5152 2815 5222 itaque
2832 5168 3049 5209 securus
3067 5166 3182 5210 esto
3205 5156 3520 5217 misericors,
3542 5142 3740 5205 extende

2201 5243 2536 5300 dilectionem
2565 5262 2732 5317 usque
2758 5250 2823 5302 ad
2849 5249 3093 5305 inimicos
3117 5267 3129 5303 :
3151 5250 3237 5321 qui
3267 5250 3398 5305 forte
3423 5245 3663 5319 pertinent
3683 5234 3737 5290 ad

2200 5339 2639 5408 gubernationem
2669 5349 2832 5405 tuam,
2852 5342 3078 5405 vindica,
3110 5357 3302 5400 coerce
3322 5357 3438 5397 cum
3463 5334 3732 5394 dilectione.

2201 5446 2322 5486 cum
2360 5431 2635 5498 charitate,
2672 5433 2950 5489 attendens
2983 5435 3206 5489 salutem
3245 5445 3521 5493 mternatn;
3548 5441 3607 5480 ne
3632 5432 3733 5476 cum

2202 5524 2375 5593 parcis
2398 5524 2567 5591 carui,
2600 5525 2774 5580 anima
2807 5536 3004 5595 pereat.
3039 5526 3143 5582 Fac
3174 5526 3274 5583 hoc
3300 5545 3312 5580 :
3341 5536 3391 5579 et
3427 5520 3600 5576 multos
3632 5522 3735 5582 pal-

2202 5628 2363 5669 surus
2400 5615 2517 5680 es',
2552 5614 2605 5668 in
2644 5630 2777 5685 quos
2820 5631 2923 5670 uou
2960 5626 3110 5686 potes
3140 5630 3394 5671 exercere
3418 5606 3728 5677 disciplinam.

2203 5749 2535 5874 @323.tu
2566 5754 2696 5809 ms"
2735 5757 2779 5800 τί
2810 5762 2902 5801 η⁰¹¹
2937 5748 3117 5801 “unus
3158 5762 3386 5813 Passurus
3405 5759 3454 5798 es
3487 5741 3662 5805 linquas,
3690 5728 3731 5781 in

2324 5844 2338 5872 ’
