4088 6440
325 422 343 458 1
358 405 455 463 329

322 523 435 591 quia
466 536 573 576 non
602 520 869 590 pertinent
906 519 973 574 ad
998 519 1119 591 jura
1160 519 1559 589 gubernationis
1600 528 1734 584 tuae;
1768 517 1904 573 ferto

326 613 563 684 injurias,
593 626 816 669 secmus
845 622 983 667 esto.
1017 609 1193 666 Faciet
1230 611 1372 667 enim
1396 611 1766 666 misericordias
1792 607 1902 663 Do-

320 707 500 765 minus.
531 714 577 761 et
596 704 852 776 judicium
879 704 1109 759 omnibus
1131 703 1371 775 injuriam
1409 702 1785 774 accipientibus.
1817 701 1907 758 Sic

321 798 373 850 in
398 806 444 851 te
468 795 628 853 faciet
649 793 1091 860 miscricordiam,
1122 793 1168 849 si
1187 794 1433 848 misertus
1464 792 1629 847 fueris
1657 810 1670 848 :
1703 793 1779 847 sic
1800 791 1906 847 eris

319 888 647 953 misericors,
677 878 739 942 ut
771 883 913 957 quod
937 884 1133 956 pateris
1162 884 1407 954 injuriam
1445 900 1550 938 non
1580 883 1651 939 sit
1671 883 1905 953 impuni-

321 993 451 1047 tum,
502 980 635 1035 Mihi
671 980 959 1045 vindictam,
1006 988 1053 1033 et
1096 995 1186 1050 ego
1216 979 1485 1033 retribuam
1526 977 1699 1050 (Deut.
1731 991 1901 1042 χχχιι,

318 1072 431 1146 35),
457 1072 589 1128 dicit
616 1072 891 1127 Dominus.

394 1166 478 1221 15.
524 1164 676 1237 [υεη.
720 1162 799 1236 7.]
840 1161 1006 1217 Notas
1051 1162 1168 1233 fecit
1214 1162 1317 1217 vias
1364 1177 1482 1214 suas
1532 1158 1723 1230 Moysi.
1764 1158 1906 1225 Quas

318 1258 433 1314 vias
460 1271 585 1311 suas
609 1265 762 1309 notas
783 1253 908 1310 fecit
932 1253 1137 1325 Moysi?
1163 1252 1335 1318 Quara
1358 1252 1575 1324 Moysen
1608 1249 1801 1319 elegit?
1829 1249 1905 1303 Ex

320 1348 522 1419 Moyse,
547 1347 785 1416 intellige
824 1360 1011 1399 omnes
1027 1344 1219 1414 justos,
1243 1358 1431 1397 omnes
1456 1351 1669 1397 sanctos
1697 1358 1709 1394 :
1743 1356 1905 1395 unum

320 1440 521 1509 posuit,
553 1452 744 1493 omnes
764 1446 1064 1493 occurrant.
1097 1436 1297 1489 Tamen
1323 1450 1421 1504 per
1445 1433 1660 1506 Moysen
1683 1432 1803 1487 data
1827 1438 1909 1487 est

319 1532 449 1597 Lex,
491 1540 548 1585 et
576 1528 736 1584 habet
780 1526 977 1599 aliquid
1004 1526 1288 1581 obscurum
1327 1524 1539 1580 traditio
1568 1524 1620 1593 ip
1649 1540 1678 1577 a
1722 1522 1903 1593 chis.

321 1622 398 1678 Ad
429 1622 536 1678 hoc
563 1621 704 1676 enim
742 1620 863 1674 data
901 1627 983 1674 est
1022 1618 1152 1683 Lex,
1185 1626 1241 1672 ut
1268 1615 1676 1671 convinceretur
1704 1613 1907 1683 langui-

316 1714 437 1781 dus,
463 1722 521 1769 et
543 1712 807 1768 medicum
838 1712 1166 1780 imploraret.
1196 1709 1313 1779 Ipsa
1343 1716 1426 1763 est
1452 1708 1536 1761 via
1558 1706 1765 1761 occulta
1788 1704 1903 1760 Del.

315 1804 638 1861 Iamdudum
665 1803 931 1867 audieras,
977 1801 1076 1868 Qui
1103 1810 1249 1856 sanat
1282 1816 1453 1855 omnes
1478 1800 1750 1870 languores
1774 1808 1903 1851 tuos.

317 1897 631 1967 Languorcs
672 1894 725 1949 in
755 1897 970 1964 aegrotis
1002 1891 1253 1956 latebant,
1288 1890 1396 1947 dati
1427 1900 1550 1945 sunt
1577 1889 1812 1960 quinque
1842 1888 1907 1942 li-

313 1987 391 2043 bri
436 1986 612 2056 Moysi
654 1986 871 2041 :cincta
922 1993 1005 2040 est
1046 1982 1247 2054 piscina
1286 1982 1520 2053 quinque
1572 1980 1901 2052 porticibus;

316 2077 571 2148 produxit
610 2075 907 2149 languidos,
956 2085 1013 2131 ut
1042 2075 1112 2131 ibi
1145 2074 1409 2145 jacerent,
1440 2083 1497 2128 ut
1528 2072 1901 2143 proderentur,

313 2186 419 2229 non
452 2179 519 2226 ut
551 2179 888 2225 sanarentur.
919 2168 1168 2239 Quinque
1206 2168 1443 2239 porticus
1479 2166 1773 2233 prodebant
1794 2165 1907 2219 lan-

310 2263 527 2341 guidos,
573 2277 677 2317 non
727 2261 1014 2326 curabant;
1062 2261 1262 2331 piscina
1304 2259 1523 2315 curabat
1548 2257 1908 2314 descendente

312 2343 437 2422 uno,
479 2363 541 2413 et
567 2356 670 2411 hoc
709 2355 911 2426 piscina
941 2355 1149 2410 turbata
1179 2353 1357 2425 (Joan.
1396 2371 1447 2420 v,
1480 2352 1598 2425 2-4)
1634 2371 1646 2407 :
1677 2351 1907 2408 turbatio

312 2449 537 2519 piscina:
559 2448 611 2501 in
644 2447 889 2518 passione
920 2446 1150 2506 Domini.
1187 2445 1416 2501 Veniens
1441 2446 1582 2501 enim
1617 2455 1669 2500 et
1698 2446 1906 2515 ignotus

310 2544 509 2606 factus,
536 2557 656 2596 cum
679 2541 872 2596 dicitur
894 2541 960 2595 ab
981 2540 1118 2605 aliis,
1144 2539 1260 2610 Ipse
1281 2550 1362 2593 est
1383 2539 1655 2604 Christus;
1676 2538 1743 2592 ab
1765 2537 1903 2603 aliis,

308 2633 417 2687 Non
448 2644 535 2688 est
569 2632 841 2693 Christus;
871 2631 1048 2701 justus
1089 2640 1191 2691 est,
1225 2640 1472 2699 peccator
1496 2638 1611 2695 est;
1655 2626 1907 2697 magister

306 2732 404 2788 est,
437 2721 699 2777 seductor
742 2732 824 2776 est
856 2739 868 2774 :
904 2720 1141 2775 turbavit
1182 2735 1395 2789 aquam.
1446 2718 1496 2773 id
1537 2729 1641 2785 est,
1676 2717 1907 2772 turbavit

306 2816 601 2887 pupulum;
630 2822 683 2868 et
710 2815 760 2868 in
790 2820 896 2867 tota
926 2813 1011 2868 illa
1042 2812 1439 2882 perturbatione
1465 2828 1617 2880 aqua:
1649 2825 1787 2865 unus
1814 2826 1902 2865 sa-

306 2907 562 2971 nabatur,
589 2904 712 2976 quia
747 2904 797 2959 in
828 2904 1077 2974 passione
1100 2903 1309 2958 Domini
1334 2902 1511 2957 unitas
1537 2910 1774 2956 sanatur.
1804 2901 1904 2970 Qui

308 3010 513 3071 praeter
541 2998 800 3052 unitatem
834 2998 1011 3055 fuerit.
1040 2997 1138 3050 etsi
1164 2996 1365 3065 jacebit
1397 2998 1446 3050 in
1470 2996 1783 3067 porticibus,
1819 3011 1893 3051 sa~

307 3092 414 3146 nari
442 3105 563 3145 non
606 3089 835 3158 poterit:
867 3088 965 3142 etsi
998 3088 1189 3158 Legem
1228 3097 1392 3154 tenet,
1431 3089 1495 3142 ad
1538 3088 1761 3143 salutem
1799 3104 1902 3142 non

306 3179 575 3249 pervenit.
604 3179 743 3248 Ergo
771 3179 892 3248 quia
918 3178 1018 3233 hoc
1040 3179 1108 3233 ibi
1140 3179 1450 3249 mysterium
1478 3187 1580 3243 est,
1606 3179 1724 3234 ideo
1749 3178 1906 3235 docet

302 3270 487 3325 datam
534 3269 751 3340 Legem,
787 3277 843 3323 ut
880 3270 1326 3325 convincerentur
1354 3278 1682 3339 peccatores,
1739 3279 1793 3325 et
1836 3269 1903 3325 ad

303 3361 536 3431 gratiam
568 3360 930 3429 accipiendam
966 3360 1230 3414 medicum
1274 3360 1603 3415 invocarent.
1640 3360 1792 3417 Unde
1817 3361 1904 3418 ille

307 3453 590 3508 convictus
620 3460 722 3510 est.
754 3467 910 3520 quem
938 3452 990 3506 in
1018 3468 1076 3507 se
1101 3452 1439 3522 transfigurat
1468 3452 1662 3507 Paulus
1685 3463 1901 3523 aposto-

308 3546 405 3607 lus,
451 3543 690 3600 dicens:
721 3541 916 3615 Infelix
956 3561 1046 3614 ego
1084 3544 1252 3608 homo,
1297 3543 1409 3612 quis
1462 3561 1539 3598 me
1583 3544 1807 3598 liberabit
1842 3543 1905 3598 de

308 3653 524 3708 corpore
562 3639 741 3691 mortis
783 3636 973 3707 hujus?
1019 3636 1118 3691 Per
1159 3634 1461 3690 mandatum
1507 3635 1651 3690 enim
1682 3636 1905 3692 demon-

307 3739 471 3785 strata
522 3729 599 3785 illi
633 3738 750 3784 erat
786 3728 1028 3799 quaidam
1071 3729 1182 3782 rixa
1228 3728 1278 3782 in
1327 3728 1523 3798 seipse,
1574 3726 1716 3782 unde
1745 3727 1899 3795 dicit,

312 3839 331 3873 ε
362 3820 539 3876 Video
568 3821 725 3875 aliam
758 3821 923 3890 legem
970 3820 1021 3874 in
1070 3819 1324 3874 membris
1353 3819 1486 3874 meis
1516 3831 1900 3890 repugnantem

310 3912 407 3983 legi
432 3913 638 3968 mentis
666 3927 819 3977 mem,
850 3919 902 3966 et
931 3911 1196 3983 captivum
1229 3926 1313 3965 me
1350 3910 1633 3965 ducentem
1665 3910 1765 3965 sub
1787 3910 1903 3981 lege

311 4006 540 4075 peccati,
575 4020 694 4075 qua:
734 4014 816 4060 cst
858 4006 909 4059 in
940 4003 1195 4061 membris
1222 4005 1375 4059 meis.
1408 4022 1427 4056 ι
1462 4002 1725 4074 Cognovit
1762 4019 1821 4059 se
1849 4004 1899 4058 in

318 4098 557 4164 miseria,
589 4096 642 4150 in
669 4095 890 4166 gemitu,
925 4095 977 4151 in
1024 4095 1138 4149 rixa
1169 4103 1223 4149 et
1257 4093 1633 4159 contentione;
1676 4093 1789 4164 ipse
1817 4109 1903 4150 se-

309 4205 430 4243 cum
453 4188 560 4245 sibi
592 4202 697 4241 non
740 4186 1093 4254 concordans,
1122 4201 1150 4239 a
1183 4200 1241 4241 se
1272 4185 1575 4248 dissonans,
1608 4199 1635 4237 a
1668 4199 1727 4239 se
1763 4183 1899 4238 resi-

314 4280 444 4336 licus
474 4299 488 4335 :
523 4288 582 4334 ct
606 4278 731 4349 quid
762 4279 855 4345 ait,
884 4288 1074 4348 optans
1106 4293 1312 4348 pacem,
1356 4292 1540 4347 pacem
1570 4292 1770 4343 veram,
1802 4293 1895 4347 pa-

310 4385 428 4427 cem
450 4368 781 4440 supernam?
813 4387 833 4421 ‹
865 4368 1049 4424 Infelix
1071 4383 1171 4439 ego
1192 4368 1371 4433 homo,
1402 4371 1520 4439 quis
1545 4384 1630 4425 me
1655 4367 1899 4424 liberabit

310 4461 375 4519 de
402 4476 638 4531 corpore
668 4461 855 4515 mortis
876 4460 1067 4530 hujus?
1093 4460 1271 4517 Gratia
1306 4459 1396 4515 Dei
1423 4475 1519 4530 per
1537 4460 1721 4515 Iesum
1742 4459 1900 4515 Chri-

311 4565 449 4607 stum
511 4552 797 4607 Dominum
844 4560 1083 4606 nostrum
1118 4550 1317 4622 1(Rom.
1347 4567 1441 4614 vn,
1471 4550 1711 4621 25-25).:
1740 4549 1842 4608 Ubi
1876 4572 1893 4604 ι

310 4644 452 4698 enim
483 4662 503 4695 ι
534 4642 822 4697 abundavit
850 4651 1149 4713 peccatum,
1177 4641 1625 4709 superabundavit
1654 4642 1842 4712 gratia.
1874 4661 1893 4696 ι

316 4734 467 4791 Unde
514 4745 694 4791 autem
724 4735 1009 4790 abundavit
1041 4736 1357 4805 peccatum?
1387 4732 1495 4787 Lex
1532 4744 1697 4787 attlcm
1725 4735 1899 4789 subin-

314 4829 481 4895 traoit,
512 4840 571 4881 ut
595 4828 872 4881 abundaret
902 4838 1157 4899 peccatum
1196 4824 1305 4895 (Id.
1335 4841 1385 4889 v,
1414 4826 1531 4897 20).
1558 4826 1732 4893 Quare
1759 4826 1900 4897 Lege

314 4919 648 4974 subintrante
692 4919 981 4975 abundavit
1030 4919 1342 4990 peccatum?
1378 4919 1509 4986 Quia
1551 4920 1802 4973 nolebant
1843 4936 1901 4975 se

313 5014 557 5067 enutitcri
599 5012 844 5070 homines
871 5022 1194 5083 peccatores,
1226 5011 1403 5066 addita
1435 5012 1572 5082 Lege
1612 5013 1735 5067 lacti
1777 5024 1901 5068 sunt

318 5110 369 5155 et
397 5104 855 5172 prmvaricatores.
901 5103 1286 5159 Pracvaricator
1311 5102 1455 5157 enim
1494 5118 1599 5156 non
1634 5112 1719 5158 est
1756 5105 1900 5174 quis-

316 5208 437 5259 que,
471 5196 570 5249 nisi
599 5210 717 5251 cum
743 5196 912 5265 legem
938 5204 1305 5266 transgressus
1331 5191 1506 5248 fuerit.
1540 5194 1656 5264 Ipse
1679 5197 1899 5264 Aposto-

318 5282 400 5338 lus
428 5284 529 5342 boc
553 5286 682 5341 dicit
709 5306 720 5342 :
754 5287 850 5343 Ubi
893 5289 1024 5341 enim
1050 5303 1150 5341 non
1191 5295 1264 5340 est
1290 5286 1389 5350 (ex,
1439 5302 1526 5339 nec
1556 5288 1899 5345 prtevaricatio

318 5375 426 5441 (Id.
490 5394 561 5444 iv,
610 5364 721 5450 I5).
768 5379 1069 5435 Abundavit
1108 5393 1237 5449 ergo
1276 5387 1569 5449 peceatum,
1621 5391 1676 5434 ut
1711 5396 1900 5452 super-

319 5466 612 5527 abundaret
640 5474 825 5543 gratia.
856 5472 1014 5542 Ergo,
1047 5479 1105 5526 ut
1129 5470 1309 5527 dicere
1330 5486 1619 5542 coeperam,
1644 5474 1765 5544 quia
1796 5473 1899 5528 hoc

314 5570 398 5613 est
426 5558 479 5614 in
508 5560 643 5633 Lege
663 5579 908 5634 magnum
950 5564 1283 5635 mysterium,
1312 5562 1432 5617 ideo
1459 5579 1577 5618 eam
1607 5565 1808 5628 datam,
1840 5575 1897 5622 ut

317 5662 588 5709 crescente
616 5663 854 5725 peccato,
899 5654 1306 5710 lmmiliarentur
1346 5655 1585 5724 superbi,
1630 5656 1891 5711 bumiliati

321 5742 713 5816 conﬁterentur,
743 5746 973 5807 confessi
1001 5757 1317 5803 sanarentur
1347 5766 1358 5800 :
1392 5748 1507 5803 istac
1528 5758 1653 5803 sunt
1678 5750 1774 5805 via:
1802 5765 1897 5807 oc-

321 5834 497 5904 (olm,
529 5856 651 5909 quas
679 5851 830 5897 notas
858 5841 986 5898 fecit
1024 5841 1211 5913 Moysi,
1249 5854 1345 5912 per
1369 5857 1525 5913 quem
1570 5843 1763 5915 Legem
1804 5845 1893 5899 deo

1425 386 1819 456 ravannmo
1858 399 1921 453 IN
1963 400 2285 460 I’SALMUM
2324 406 2430 463 cu.

3458 420 3599 476 1530

2012 516 2108 581 dit,
2162 533 2264 589 qua
2319 530 2590 590 peccatum
2642 524 2975 595 abundaret,
3032 538 3089 582 ut
3138 530 3602 601 superabundaret

2009 610 2199 678 gratia.
2240 610 2353 666 Non
2399 614 2687 671 crudeliter
2718 615 2822 672 hoc
2864 617 2988 674 fecit
3033 620 3192 686 Deus,
3241 621 3335 678 sed
3371 626 3596 683 consilio

2014 701 2315 758 medicinae.
2344 706 2644 777 Aliquando
2683 710 2825 765 enim
2851 711 3063 768 videtur
3099 715 3198 770 sibi
3225 714 3387 773 bomo
3414 732 3599 785 samis,

2011 803 2064 851 et
2093 806 2347 866 mgrotat;
2376 808 2430 853 et
2457 800 2508 853 in
2545 815 2609 855 eo
2635 802 2776 871 quod
2802 814 3030 875 a'grotat
3054 816 3109 861 et
3144 823 3248 862 non
3277 810 3457 876 sentit,
3487 828 3600 867 me-

2013 885 2191 944 dicum
2237 905 2342 943 non
2389 893 2581 961 qmcrit
2611 911 2624 947 :
2654 904 2876 965 augetur
2917 898 3159 965 morbus,
3210 902 3404 958 crescit
3433 905 3599 961 mole-

2011 980 2132 1045 stia,
2166 982 2424 1051 qumritur
2446 984 2701 1049 medicus,
2736 994 2789 1041 et
2815 997 2982 1042 totum
3015 1000 3251 1045 sanatur.
3288 991 3454 1049 Notas
3479 998 3598 1067 fecit

2011 1069 2117 1124 vias
2145 1089 2263 1127 suas
2294 1072 2495 1145 Moysi;
2523 1076 2646 1145 ﬁliis
2676 1075 2841 1133 Israel
2862 1079 3141 1135 voluntates
3166 1099 3306 1138 suas.
3330 1083 3599 1158 Numquid

2011 1171 2261 1225 omnibus
2282 1172 2403 1227 liliis
2426 1174 2584 1231 Israel
2602 1176 2625 1227 ?
2642 1176 2745 1232 Sed
2777 1179 2921 1234 veris
2944 1180 3065 1237 liliis
3086 1181 3275 1250 Israel;
3299 1186 3409 1241 imo
3430 1189 3597 1243 omni-

2012 1258 2111 1313 bus
2159 1261 2277 1316 liliis
2308 1262 2492 1319 Israel.
2541 1266 2640 1333 Qui
2683 1269 2824 1322 enim
2858 1270 3050 1336 dolosi,
3092 1273 3181 1342 qui
3215 1273 3473 1339 insidiosi,
3511 1279 3599 1347 qui

2012 1349 2330 1422 Iiypocritze,
2381 1370 2489 1415 non
2538 1357 2627 1411 lilii
2661 1358 2843 1415 Israel.
2881 1361 2945 1415 Et
2980 1362 3070 1432 qui
3114 1365 3204 1419 filii
3246 1365 3442 1422 Israel?
3471 1367 3600 1423 Ecce

2010 1460 2122 1498 cere
2143 1445 2401 1514 Israelita,
2433 1450 2486 1503 in
2504 1466 2600 1521 quo
2630 1451 2777 1507 dolus
2806 1470 2907 1507 non
2937 1466 3009 1509 est
3042 1455 3219 1528 (Joan.
3248 1474 3284 1524 t,
3310 1459 3419 1530 47).
3450 1459 3497 1513 Ρ
3500 1460 3600 1515 iliis

2012 1534 2176 1590 Israel
2200 1538 2476 1594 voluntates
2497 1557 2636 1597 suas.

2084 1629 2171 1683 16.
2214 1628 2362 1703 [vers.
2384 1630 2462 1704 8.]
2503 1632 2778 1690 Miserator
2798 1644 2844 1690 et
2874 1635 3157 1692 misericors
3187 1637 3457 1709 Dominus,
3488 1642 3600 1698 [οη.

2011 1725 2227 1795 ganimis
2270 1734 2315 1778 et
2345 1726 2559 1782 multum
2593 1728 3009 1783 misericordite‘.
3041 1729 3181 1799 Quid
3218 1740 3325 1787 tam
3353 1732 3597 1803 longani—

2012 1817 2337 1886 memtquid
2384 1826 2488 1872 tam
2530 1820 2755 1874 multum
2800 1820 2853 1876 in
2902 1820 3311 1878 misericordia?
3344 1824 3598 1883 Peccatur

2011 1920 2065 1965 et
2094 1911 2323 1978 vivitur;
2355 1911 2618 1968 accedunt
2654 1922 2892 1984 peccata,
2923 1924 3145 1986 augetur
3169 1917 3274 1971 vita
3300 1935 3314 1972 :
3345 1916 3598 1988 blaSpbe-

2010 2015 2186 2061 matur
2204 2006 2463 2077 quotidie,
2491 2016 2545 2062 et
2565 2006 2690 2063 facit
2708 2007 2878 2063 solem
2906 2022 3060 2065 suum
3085 2008 3215 2064 oriri
3245 2022 3407 2080 Super
3432 2011 3600 2068 bonos

2013 2105 2068 2153 et
2096 2098 2265 2152 malos
2294 2096 2507 2168 (Matth.
2539 2113 2594 2165 v,
2622 2098 2739 2168 45).
2763 2098 2928 2154 Vocat
2954 2097 3187 2170 undique
3214 2099 3281 2154 ad
3312 2102 3601 2157 correctio-

2011 2203 2155 2253 nem,
2184 2199 2339 2245 vocat
2374 2188 2605 2262 undique
2631 2190 2696 2245 ad
2729 2191 3119 2263 pteaitentiam,
3148 2203 3303 2248 vocat
3331 2194 3603 2251 beneficiis

2009 2289 2288 2346 creaturae,
2331 2290 2488 2338 vocat
2528 2282 2883 2353 impertienda
2922 2294 3133 2354 tempus
3170 2286 3402 2351 vivendi,
3445 2297 3600 2342 vocat

2012 2386 2106 2442 per
2136 2371 2408 2440 lectorem,
2436 2381 2591 2428 vocat
2617 2388 2716 2442 per
2755 2382 3113 2440 tractatorem,
3167 2384 3319 2431 vocat
3349 2390 3443 2445 per
3481 2377 3601 2432 inti-

2012 2478 2150 2517 mam
2185 2463 2583 2535 cogitationem,
2608 2474 2763 2520 vocat
2804 2482 2902 2537 per
2930 2466 3195 2536 ﬂagellum
3222 2470 3597 2538 correptionis.

2011 2564 2165 2610 vocat
2189 2572 2285 2628 per
2303 2557 2721 2614 misericordiam
2744 2559 3123 2614 consolationis
3150 2577 3163 2613 :
3195 2558 3531 2631 Longanimis
3552 2574 3600 2618 et

2012 2649 2225 2703 multum
2252 2650 2633 2705 misericordite.
2659 2648 2765 2706 Sed
2796 2650 3025 2706 observa
3048 2665 3115 2707 ne
3140 2650 3471 2721 longitudine
3495 2653 3599 2709 mi-

2009 2738 2311 2793 sericordiae
2342 2739 2429 2794 Dei
2459 2740 2595 2795 male
2621 2739 2838 2804 utendo,
2871 2747 2924 2796 tu
2956 2740 3047 2796 tibi
3075 2740 3425 2810 tbesaurizes,
3456 2744 3597 2816 quod

2008 2829 2082 2883 ait
2108 2830 2410 2898 Apostolus,
2445 2831 2576 2886 iram
2605 2832 2661 2886 in
2687 2831 2773 2887 die
2798 2832 2911 2888 irae.
2951 2831 3085 2888 Nam
3127 2831 3230 2889 hoc
3254 2834 3329 2890 ait
3367 2836 3599 2906 Aposto-

2010 2921 2091 2976 lus
2122 2942 2135 2977 :
2171 2940 2188 2974 ι
2222 2923 2299 2979 An
2331 2922 2542 2978 divitias
2579 2924 2921 2995 benignitatis
2954 2934 3007 2981 et
3031 2926 3451 2997 longanimitatis
3481 2928 3599 2998 ejus

2008 3016 2327 3083 contemnis,
2374 3017 2623 3087 ignorans
2658 3019 2782 3088 quia
2814 3018 3065 3087 patientia
3100 3019 3189 3074 Dei
3229 3019 3295 3074 ad
3328 3021 3596 3089 paeniten-

2008 3107 2135 3161 tiam
2183 3116 2236 3162 te
2280 3107 2496 3163 adducit
2530 3127 2548 3161 ι
2581 3108 2756 3178 (Rom.
2788 3126 2843 3172 ll,
2876 3110 2927 3171 5,
2962 3110 3060 3171 4)?
3085 3109 3235 3176 Quod
3279 3111 3370 3165 tibi
3407 3113 3595 3183 parcit,

2008 3208 2163 3270 putas
2197 3201 2319 3269 quia
2348 3202 2528 3270 places
2552 3201 2599 3255 ei
2620 3201 2647 3255 ?
2679 3221 2697 3254 ι
2733 3201 2857 3257 IIa~c
2886 3202 3076 3266 fecisti,
3110 3223 3126 3254 ι
3156 3203 3346 3272 inquit,
3380 3222 3401 3257 ς
3432 3213 3488 3260 et
3515 3214 3595 3260 ta-

2006 3293 2090 3365 cui
2113 3309 2126 3355 ;
2160 3293 2458 3362 Sttsrpicatus
2484 3308 2543 3347 es
2574 3293 2929 3363 iniquitatem,
2956 3293 3097 3364 quod
3130 3309 3226 3349 ero
3251 3295 3326 3350 lui
3350 3296 3545 3352 similis
3573 3316 3591 3351 ι

2009 3382 2179 3449 (Psol‘.
2210 3399 2355 3450 XLIX,
2381 3383 2497 3452 21).
2530 3382 2645 3438 Non
2688 3385 2816 3438 mibi
2845 3386 3059 3454 placent
3087 3394 3326 3454 peccata,
3350 3386 3444 3442 sed
3476 3387 3597 3442 lon-

2008 3474 2316 3545 ganimitate
2345 3490 2528 3544 quer
2550 3485 2696 3531 recte
2724 3473 2880 3530 facta.
2905 3475 2958 3528 Si
2985 3474 3227 3544 punircm
3258 3484 3596 3546 peccatores.

2009 3582 2111 3621 non
2142 3567 2433 3621 invenirem
2476 3565 2834 3621 confessores.
2865 3565 3005 3636 Ergo
3032 3574 3084 3621 te
3117 3565 3255 3621 Deus
3282 3567 3598 3639 longanimi-

2009 3666 2114 3713 tate
2143 3672 2235 3713 sua
2264 3657 2531 3727 parcendo
2553 3656 2621 3711 ad
2655 3656 3020 3727 pmnitentiam
3060 3656 3309 3712 adducit:
3335 3666 3390 3713 tu
3418 3667 3595 3715 autem

2006 3762 2126 3801 cum
2149 3747 2386 3817 quotidie
2412 3746 2565 3813 dicis,
2598 3747 2805 3801 Finitur
2834 3746 3123 3801 hodiernus
3149 3746 3285 3811 dies,
3319 3758 3375 3804 et
3400 3748 3478 3805 sic
3503 3764 3598 3804 ero

2005 3848 2059 3895 et
2077 3838 2312 3895 crastino
2341 3838 2448 3905 die,
2484 3855 2586 3893 non
2618 3839 2760 3893 enim
2788 3853 2908 3893 cras
2947 3837 3049 3893 erit
3073 3838 3325 3904 ultimus;
3358 3846 3412 3893 et
3439 3839 3597 3893 tertio

2005 3930 2092 3987 die
2123 3950 2135 3986 :
2165 3941 2218 3985 ct
2247 3931 2423 3987 subito
2447 3931 2589 3986 venit
2624 3932 2697 3986 ira
2725 3934 2860 3999 ejus.
2892 3930 3099 3995 Frater,
3133 3945 3235 3984 non
3266 3930 3443 3984 tardes
3463 3945 3597 3985 con-

2004 4027 2138 4077 verti
2154 4023 2219 4076 ad
2260 4023 2540 4077 Dominum
2571 4020 2754 4094 (Eccli.
2778 4037 2832 4084 ν,
2857 4019 2937 4092 8).
2983 4019 3119 4076 Sunt
3161 4021 3303 4075 enim
3332 4021 3422 4090 qui
3452 4037 3589 4092 prac-

2004 4123 2194 4187 parant
2223 4115 2654 4180 conversionem,
2685 4122 2739 4169 ct
2768 4112 3040 4179 dilI‘erunt,
3087 4123 3143 4169 et
3178 4114 3315 4168 litin
3358 4114 3465 4170 illis
3493 4132 3593 4172 vox

2004 4206 2246 4269 corvina,
2276 4203 2428 4273 Cras,
2455 4220 2595 4260 cras.
2628 4205 2834 4260 Corvus
2860 4204 2928 4261 de
2953 4219 3078 4260 arca
3120 4206 3335 4269 missus,
3369 4221 3473 4262 non
3513 4218 3595 4262 cst

2004 4314 2253 4355 reversus
2274 4296 2426 4370 (Gen.
2449 4314 2563 4364 vm,
2580 4297 2659 4369 7).
2688 4298 2804 4354 Non
2831 4299 3023 4369 qumrit
3049 4299 3186 4355 Deus
3207 4298 3517 4356 dilationem
3542 4302 3595 4355 iu

2006 4406 2137 4447 voce
2165 4391 2399 4454 corvina,
2429 4390 2524 4446 sed
2548 4388 2939 4446 confessionem
2968 4390 3019 4444 in
3042 4391 3242 4461 gemitu
3268 4392 3593 4448 columbino.

2006 4483 2161 4539 Missa
2182 4483 2426 4539 columba
2453 4498 2667 4539 reversa
2697 4493 2797 4537 est.
2827 4482 3111 4551 Quamdiu,
3134 4485 3288 4552 Cras,
3313 4486 3471 4540 cras?
3492 4485 3597 4541 Ol»

2004 4591 2159 4631 serva
2195 4577 2438 4631 ultimum
2468 4592 2587 4632 cras
2617 4595 2630 4631 :
2657 4577 2779 4646 quia
2813 4577 3025 4646 ignoras
3056 4576 3195 4647 quod
3238 4578 3307 4631 sit
3351 4577 3593 4632 ultimum

2003 4683 2145 4733 cras,
2173 4668 2401 4723 sufficiat
2426 4668 2566 4737 quod
2612 4667 2786 4722 vixisti
2819 4682 2989 4737 usque
3029 4667 3097 4722 ad
3125 4668 3443 4723 hodiernum
3475 4684 3596 4738 pec-

2002 4766 2170 4813 cator.
2207 4757 2436 4823 Audisti,
2481 4771 2624 4826 saepe
2666 4757 2807 4812 soles
2837 4756 3041 4822 audire,
3091 4757 3282 4811 audisti
3312 4765 3367 4812 et
3396 4756 3590 4814 hodie:

2003 4864 2162 4920 quam
2211 4847 2449 4917 quotidie
2500 4848 2670 4911 audis,
2714 4856 2820 4903 tam
2860 4847 3092 4916 quotidie
3135 4862 3240 4901 non
3286 4848 3591 4918 corrigeris.

2010 4964 2027 4997 ι
2062 4945 2142 4999 Tu
2174 4963 2192 4999 ι
2228 4944 2369 4999 enim
2402 4961 2420 4996 ‹
2454 4942 2746 4998 secundum
2783 4942 3033 4998 duritiam
3076 4940 3254 4996 cordis
3298 4940 3371 4995 tui
3411 4951 3466 4995 ct
3498 4956 3595 4997 cor

2004 5037 2362 5108 imptenitens,
2396 5034 2724 5091 thesaurizas
2750 5034 2843 5090 tibi
2880 5034 3013 5089 iram
3042 5033 3093 5088 in
3122 5032 3208 5088 die
3238 5032 3330 5087 irae
3359 5040 3413 5087 et
3439 5047 3577 5088 revet

2005 5129 2216 5185 lationis
2239 5127 2567 5199 justijudicii
2598 5126 2710 5192 Dei,
2748 5125 2836 5194 qui
2867 5123 3053 5180 reddet
3092 5123 3375 5193 unicuique
3402 5139 3595 5180 secun-

2002 5221 2127 5277 dum
2150 5238 2311 5293 opera
2338 5236 2432 5276 sua
2468 5240 2485 5273 ι
2514 5218 2688 5294 (Rom.
2715 5233 2773 5284 n,
2797 5218 2852 5285 5,
2883 5215 2958 5287 6).
2984 5215 3097 5272 Non
3129 5216 3222 5272 tibi
3244 5217 3322 5271 sic
3350 5217 3595 5273 videatur

2005 5316 2144 5369 Deus
2177 5313 2499 5377 misericors,
2530 5318 2713 5364 utnon
2734 5307 2975 5363 videatur
2995 5308 3191 5379 justus.
3224 5308 3517 5366 Misericors
3544 5322 3593 5365 et

2002 5408 2264 5461 miserator
2289 5404 2560 5457 Dominus.
2586 5401 2778 5465 Audio,
2805 5411 2858 5454 ct
2884 5398 3092 5470 gaudeo
3116 5420 3130 5456 :
3153 5401 3223 5455 ita
3245 5400 3400 5456 dicis.
3426 5400 3587 5467 Audi,

2002 5510 2056 5555 et
2084 5498 2284 5569 gaude;
2317 5496 2490 5550 adhuc
2516 5494 2740 5556 addidit,
2771 5493 3097 5563 Longanimis
3125 5503 3170 5549 et
3191 5495 3407 5547 multant
3434 5494 3586 5549 mise-

2002 5592 2159 5645 ricors
2182 5607 2198 5644 :
2224 5601 2278 5645 et
2307 5589 2358 5643 in
2392 5597 2654 5655 extremo,
2689 5585 2753 5640 Et
2780 5602 2951 5641 verax.
2984 5585 3194 5642 Gaudes
3216 5585 3281 5640 ad
3308 5585 3470 5642 verba
3501 5602 3588 5642 su-

2066 5729 2079 5760 ι
2118 5726 2249 5783 Fdd.,
2275 5723 2439 5775 mul'ce
2460 5721 2824 5775 misericordiae.
2862 5730 2917 5774 At
2939 5722 3164 5784 prtecipui
3210 5727 3338 5779 Mss,
3382 5721 3589 5784 multum

2000 5782 2347 5840 misericordia:
2368 5800 2384 5836 :
2408 5794 2777 5848 51c,_putamus,
2812 5782 2989 5833 latinus
3021 5782 3266 5845 interpres
3310 5782 3585 5832 reddidch

2003 5864 2169 5902 vocem
2195 5863 2418 5912 gramm,
2444 5846 2697 5912 poliieleos.
