  <div class='ocr_page' id='page_1' title='image "/cluster/home/n/w/nwhite01/storage/ocr_20150623/37/uva.x000827106/163.png"; bbox 0 0 4088 6480; ppageno 0'>
   <div class='ocr_carea' id='block_1_1' title="bbox 469 418 595 471">
    <p class='ocr_par' dir='ltr' id='par_1_1' title="bbox 469 418 595 471">
     <span class='ocr_line' id='line_1_1' title="bbox 469 418 595 471; baseline -0.008 0"><span class='ocrx_word' id='word_1_1' title='bbox 469 418 595 471; x_wconf 73' lang='lat' dir='ltr'><strong>155i</strong></span> 
     </span>
    </p>
   </div>
   <div class='ocr_carea' id='block_1_2' title="bbox 468 506 2046 601">
    <p class='ocr_par' dir='ltr' id='par_1_2' title="bbox 468 506 2046 601">
     <span class='ocr_line' id='line_1_2' title="bbox 468 506 2046 601; baseline -0.016 -16"><span class='ocrx_word' id='word_1_2' title='bbox 468 531 698 601; x_wconf 72' lang='lat' dir='ltr'><strong>periora,</strong></span> <span class='ocrx_word' id='word_1_3' title='bbox 727 524 792 579; x_wconf 88' lang='lat' dir='ltr'><strong>ad</strong></span> <span class='ocrx_word' id='word_1_4' title='bbox 820 523 1060 579; x_wconf 89' lang='lat' dir='ltr'><strong>ultimum</strong></span> <span class='ocrx_word' id='word_1_5' title='bbox 1082 528 1265 572; x_wconf 90' lang='lat' dir='ltr'><strong>treme.</strong></span> <span class='ocrx_word' id='word_1_6' title='bbox 1295 514 1380 570; x_wconf 88' lang='lat' dir='ltr'><strong>Sic</strong></span> <span class='ocrx_word' id='word_1_7' title='bbox 1402 510 1705 567; x_wconf 86' lang='lat' dir='ltr'><strong>misericors</strong></span> <span class='ocrx_word' id='word_1_8' title='bbox 1729 517 1783 564; x_wconf 92' lang='lat' dir='ltr'><strong>et</strong></span> <span class='ocrx_word' id='word_1_9' title='bbox 1808 506 2046 578; x_wconf 79' lang='lat' dir='ltr'><strong>longani-</strong></span> 
     </span>
    </p>
   </div>
   <div class='ocr_carea' id='block_1_3' title="bbox 471 598 2050 685">
    <p class='ocr_par' dir='ltr' id='par_1_3' title="bbox 471 598 2050 685">
     <span class='ocr_line' id='line_1_3' title="bbox 471 598 2050 685; baseline -0.016 -9"><span class='ocrx_word' id='word_1_10' title='bbox 471 598 571 676; x_wconf 82' lang='lat' dir='ltr'><strong>mis</strong></span> <span class='ocrx_word' id='word_1_11' title='bbox 591 627 692 685; x_wconf 88' lang='lat' dir='ltr'><strong>est,</strong></span> <span class='ocrx_word' id='word_1_12' title='bbox 710 625 767 673; x_wconf 92' lang='lat' dir='ltr'><strong>ut</strong></span> <span class='ocrx_word' id='word_1_13' title='bbox 791 616 862 671; x_wconf 89' lang='lat' dir='ltr'><strong>sit</strong></span> <span class='ocrx_word' id='word_1_14' title='bbox 886 622 939 668; x_wconf 92' lang='lat' dir='ltr'><strong>et</strong></span> <span class='ocrx_word' id='word_1_15' title='bbox 966 624 1146 665; x_wconf 85' lang='lat' dir='ltr'><strong>verax.</strong></span> <span class='ocrx_word' id='word_1_16' title='bbox 1168 606 1303 662; x_wconf 89' lang='lat' dir='ltr'><strong>Cum</strong></span> <span class='ocrx_word' id='word_1_17' title='bbox 1322 604 1416 659; x_wconf 92' lang='lat' dir='ltr'><strong>tibi</strong></span> <span class='ocrx_word' id='word_1_18' title='bbox 1445 598 1889 658; x_wconf 82' lang='lat' dir='ltr'><strong>thesaurizaveris</strong></span> <span class='ocrx_word' id='word_1_19' title='bbox 1918 598 2050 652; x_wconf 90' lang='lat' dir='ltr'><strong>iram</strong></span> 
     </span>
    </p>
   </div>
   <div class='ocr_carea' id='block_1_4' title="bbox 474 695 2055 771">
    <p class='ocr_par' dir='ltr' id='par_1_4' title="bbox 474 695 2055 771">
     <span class='ocr_line' id='line_1_4' title="bbox 474 695 2055 771; baseline -0.015 -4"><span class='ocrx_word' id='word_1_20' title='bbox 474 712 524 767; x_wconf 90' lang='lat' dir='ltr'><strong>in</strong></span> <span class='ocrx_word' id='word_1_21' title='bbox 561 711 646 765; x_wconf 92' lang='lat' dir='ltr'><strong>die</strong></span> <span class='ocrx_word' id='word_1_22' title='bbox 675 710 788 771; x_wconf 86' lang='lat' dir='ltr'><strong>irae,</strong></span> <span class='ocrx_word' id='word_1_23' title='bbox 820 717 997 760; x_wconf 88' lang='lat' dir='ltr'><strong>nonne</strong></span> <span class='ocrx_word' id='word_1_24' title='bbox 1038 697 1329 770; x_wconf 81' lang='lat' dir='ltr'><strong>experieris</strong></span> <span class='ocrx_word' id='word_1_25' title='bbox 1351 695 1575 767; x_wconf 87' lang='lat' dir='ltr'><strong>justum,</strong></span> <span class='ocrx_word' id='word_1_26' title='bbox 1618 705 1777 763; x_wconf 87' lang='lat' dir='ltr'><strong>quem</strong></span> <span class='ocrx_word' id='word_1_27' title='bbox 1814 698 2055 746; x_wconf 88' lang='lat' dir='ltr'><strong>contem-</strong></span> 
     </span>
    </p>
   </div>
   <div class='ocr_carea' id='block_1_5' title="bbox 475 794 984 874">
    <p class='ocr_par' dir='ltr' id='par_1_5' title="bbox 475 794 984 874">
     <span class='ocr_line' id='line_1_5' title="bbox 475 794 984 874; baseline -0.018 -17"><span class='ocrx_word' id='word_1_28' title='bbox 475 803 625 874; x_wconf 86' lang='lat' dir='ltr'><strong>psisti</strong></span> <span class='ocrx_word' id='word_1_29' title='bbox 653 794 984 868; x_wconf 83' lang='lat' dir='ltr'><strong>benignum?</strong></span> 
     </span>
    </p>
   </div>
   <div class='ocr_carea' id='block_1_6' title="bbox 544 874 2056 963">
    <p class='ocr_par' dir='ltr' id='par_1_6' title="bbox 544 874 2056 963">
     <span class='ocr_line' id='line_1_6' title="bbox 544 874 2056 963; baseline -0.015 -16"><span class='ocrx_word' id='word_1_30' title='bbox 544 895 630 948; x_wconf 90' lang='lat'><strong>17.</strong></span> <span class='ocrx_word' id='word_1_31' title='bbox 673 889 825 963; x_wconf 85' lang='lat' dir='ltr'><strong>[vers.</strong></span> <span class='ocrx_word' id='word_1_32' title='bbox 858 885 939 959; x_wconf 93' lang='lat'><strong>9.]</strong></span> <span class='ocrx_word' id='word_1_33' title='bbox 980 883 1103 939; x_wconf 83' lang='lat' dir='ltr'><strong>Non</strong></span> <span class='ocrx_word' id='word_1_34' title='bbox 1122 889 1174 937; x_wconf 81' lang='lat' dir='ltr'><strong>in</strong></span> <span class='ocrx_word' id='word_1_35' title='bbox 1202 882 1353 950; x_wconf 84' lang='lat' dir='ltr'><strong>ﬁnem</strong></span> <span class='ocrx_word' id='word_1_36' title='bbox 1373 880 1631 943; x_wconf 78' lang='lat' dir='ltr'><strong>irascetur,</strong></span> <span class='ocrx_word' id='word_1_37' title='bbox 1660 891 1816 945; x_wconf 87' lang='lat' dir='ltr'><strong>neque</strong></span> <span class='ocrx_word' id='word_1_38' title='bbox 1842 874 1894 928; x_wconf 82' lang='lat' dir='ltr'><strong>in</strong></span> <span class='ocrx_word' id='word_1_39' title='bbox 1913 880 2056 927; x_wconf 69' lang='lat' dir='ltr'><strong>teter-</strong></span> 
     </span>
    </p>
   </div>
   <div class='ocr_carea' id='block_1_7' title="bbox 476 965 2060 1052">
    <p class='ocr_par' dir='ltr' id='par_1_7' title="bbox 476 965 2060 1052">
     <span class='ocr_line' id='line_1_7' title="bbox 476 965 2060 1052; baseline -0.013 -13"><span class='ocrx_word' id='word_1_40' title='bbox 476 1002 594 1039; x_wconf 91' lang='lat' dir='ltr'><strong>num</strong></span> <span class='ocrx_word' id='word_1_41' title='bbox 622 980 986 1052; x_wconf 76' lang='lat' dir='ltr'><strong>indignabitur.</strong></span> <span class='ocrx_word' id='word_1_42' title='bbox 1019 975 1149 1044; x_wconf 83' lang='lat' dir='ltr'><strong>Quia</strong></span> <span class='ocrx_word' id='word_1_43' title='bbox 1179 982 1234 1029; x_wconf 89' lang='lat' dir='ltr'><strong>et</strong></span> <span class='ocrx_word' id='word_1_44' title='bbox 1262 971 1403 1042; x_wconf 90' lang='lat' dir='ltr'><strong>quod</strong></span> <span class='ocrx_word' id='word_1_45' title='bbox 1429 971 1655 1024; x_wconf 82' lang='lat' dir='ltr'><strong>vivimus</strong></span> <span class='ocrx_word' id='word_1_46' title='bbox 1681 968 1732 1021; x_wconf 91' lang='lat' dir='ltr'><strong>in</strong></span> <span class='ocrx_word' id='word_1_47' title='bbox 1764 965 1987 1035; x_wconf 89' lang='lat' dir='ltr'><strong>ﬂagellis</strong></span> <span class='ocrx_word' id='word_1_48' title='bbox 2005 971 2060 1019; x_wconf 87' lang='lat' dir='ltr'><strong>et</strong></span> 
     </span>
    </p>
   </div>
   <div class='ocr_carea' id='block_1_8' title="bbox 477 1059 2056 1143">
    <p class='ocr_par' dir='ltr' id='par_1_8' title="bbox 477 1059 2056 1143">
     <span class='ocr_line' id='line_1_8' title="bbox 477 1059 2056 1143; baseline -0.012 -15"><span class='ocrx_word' id='word_1_49' title='bbox 477 1072 851 1143; x_wconf 73' lang='lat' dir='ltr'><strong>rorruptione‘</strong></span> <span class='ocrx_word' id='word_1_50' title='bbox 878 1066 1234 1128; x_wconf 90' lang='lat' dir='ltr'><strong>mortalitatis,</strong></span> <span class='ocrx_word' id='word_1_51' title='bbox 1266 1064 1334 1119; x_wconf 89' lang='lat' dir='ltr'><strong>de</strong></span> <span class='ocrx_word' id='word_1_52' title='bbox 1360 1060 1720 1132; x_wconf 88' lang='lat' dir='ltr'><strong>indignatione</strong></span> <span class='ocrx_word' id='word_1_53' title='bbox 1745 1059 1912 1128; x_wconf 87' lang='lat' dir='ltr'><strong>ipsius</strong></span> <span class='ocrx_word' id='word_1_54' title='bbox 1939 1064 2020 1112; x_wconf 91' lang='lat' dir='ltr'><strong>est</strong></span> <span class='ocrx_word' id='word_1_55' title='bbox 2044 1074 2056 1108; x_wconf 87' lang='lat'><strong><em>:</em></strong></span> 
     </span>
    </p>
   </div>
   <div class='ocr_carea' id='block_1_9' title="bbox 476 1147 2058 1237">
    <p class='ocr_par' dir='ltr' id='par_1_9' title="bbox 476 1147 2058 1237">
     <span class='ocr_line' id='line_1_9' title="bbox 476 1147 2058 1237; baseline -0.015 -13"><span class='ocrx_word' id='word_1_56' title='bbox 476 1169 543 1223; x_wconf 88' lang='lat' dir='ltr'><strong>dc</strong></span> <span class='ocrx_word' id='word_1_57' title='bbox 582 1181 736 1237; x_wconf 72' lang='lat' dir='ltr'><strong>[amna</strong></span> <span class='ocrx_word' id='word_1_58' title='bbox 783 1164 887 1219; x_wconf 91' lang='lat' dir='ltr'><strong>hoc</strong></span> <span class='ocrx_word' id='word_1_59' title='bbox 927 1160 1186 1215; x_wconf 78' lang='lat' dir='ltr'><strong>habemus</strong></span> <span class='ocrx_word' id='word_1_60' title='bbox 1214 1156 1368 1226; x_wconf 86' lang='lat' dir='ltr'><strong>primi</strong></span> <span class='ocrx_word' id='word_1_61' title='bbox 1409 1152 1629 1225; x_wconf 77' lang='lat' dir='ltr'><strong>peccati.</strong></span> <span class='ocrx_word' id='word_1_62' title='bbox 1676 1151 1890 1205; x_wconf 87' lang='lat' dir='ltr'><strong>Fratres</strong></span> <span class='ocrx_word' id='word_1_63' title='bbox 1932 1147 2058 1211; x_wconf 87' lang='lat' dir='ltr'><strong>mei,</strong></span> 
     </span>
    </p>
   </div>
   <div class='ocr_carea' id='block_1_10' title="bbox 482 1239 2063 1325">
    <p class='ocr_par' dir='ltr' id='par_1_10' title="bbox 482 1239 2063 1325">
     <span class='ocr_line' id='line_1_10' title="bbox 482 1239 2063 1325; baseline -0.013 -10"><span class='ocrx_word' id='word_1_64' title='bbox 482 1276 587 1317; x_wconf 92' lang='lat' dir='ltr'><strong>non</strong></span> <span class='ocrx_word' id='word_1_65' title='bbox 616 1260 790 1314; x_wconf 90' lang='lat' dir='ltr'><strong>solum</strong></span> <span class='ocrx_word' id='word_1_66' title='bbox 820 1255 1057 1325; x_wconf 81' lang='lat' dir='ltr'><strong>cogitare</strong></span> <span class='ocrx_word' id='word_1_67' title='bbox 1083 1250 1360 1315; x_wconf 88' lang='lat' dir='ltr'><strong>debemus,</strong></span> <span class='ocrx_word' id='word_1_68' title='bbox 1389 1254 1448 1300; x_wconf 92' lang='lat' dir='ltr'><strong>ut</strong></span> <span class='ocrx_word' id='word_1_69' title='bbox 1477 1244 1679 1298; x_wconf 83' lang='lat' dir='ltr'><strong>futuras</strong></span> <span class='ocrx_word' id='word_1_70' title='bbox 1699 1242 1874 1296; x_wconf 91' lang='lat' dir='ltr'><strong>minas</strong></span> <span class='ocrx_word' id='word_1_71' title='bbox 1897 1239 2063 1309; x_wconf 88' lang='lat' dir='ltr'><strong>ipsius</strong></span> 
     </span>
    </p>
   </div>
   <div class='ocr_carea' id='block_1_11' title="bbox 480 1330 2062 1418">
    <p class='ocr_par' dir='ltr' id='par_1_11' title="bbox 480 1330 2062 1418">
     <span class='ocr_line' id='line_1_11' title="bbox 480 1330 2062 1418; baseline -0.016 -11"><span class='ocrx_word' id='word_1_72' title='bbox 480 1350 787 1418; x_wconf 84' lang='lat' dir='ltr'><strong>evadamus,</strong></span> <span class='ocrx_word' id='word_1_73' title='bbox 826 1345 919 1402; x_wconf 91' lang='lat' dir='ltr'><strong>sed</strong></span> <span class='ocrx_word' id='word_1_74' title='bbox 960 1354 1013 1400; x_wconf 91' lang='lat' dir='ltr'><strong>et</strong></span> <span class='ocrx_word' id='word_1_75' title='bbox 1042 1348 1361 1413; x_wconf 66' lang='lat' dir='ltr'><strong>prmsentem</strong></span> <span class='ocrx_word' id='word_1_76' title='bbox 1402 1338 1565 1400; x_wconf 86' lang='lat' dir='ltr'><strong>iram;</strong></span> <span class='ocrx_word' id='word_1_77' title='bbox 1596 1333 1715 1404; x_wconf 86' lang='lat' dir='ltr'><strong>quia</strong></span> <span class='ocrx_word' id='word_1_78' title='bbox 1747 1340 1802 1386; x_wconf 91' lang='lat' dir='ltr'><strong>et</strong></span> <span class='ocrx_word' id='word_1_79' title='bbox 1846 1331 1944 1384; x_wconf 89' lang='lat' dir='ltr'><strong>ista</strong></span> <span class='ocrx_word' id='word_1_80' title='bbox 1986 1330 2062 1383; x_wconf 89' lang='lat' dir='ltr'><strong>ira</strong></span> 
     </span>
    </p>
   </div>
   <div class='ocr_carea' id='block_1_12' title="bbox 484 1422 2067 1511">
    <p class='ocr_par' dir='ltr' id='par_1_12' title="bbox 484 1422 2067 1511">
     <span class='ocr_line' id='line_1_12' title="bbox 484 1422 2067 1511; baseline -0.014 -15"><span class='ocrx_word' id='word_1_81' title='bbox 484 1443 649 1511; x_wconf 83' lang='lat' dir='ltr'><strong>ipsius</strong></span> <span class='ocrx_word' id='word_1_82' title='bbox 676 1448 776 1503; x_wconf 87' lang='lat' dir='ltr'><strong>est,</strong></span> <span class='ocrx_word' id='word_1_83' title='bbox 810 1438 961 1507; x_wconf 87' lang='lat' dir='ltr'><strong>cujus</strong></span> <span class='ocrx_word' id='word_1_84' title='bbox 989 1443 1043 1490; x_wconf 91' lang='lat' dir='ltr'><strong>et</strong></span> <span class='ocrx_word' id='word_1_85' title='bbox 1080 1448 1139 1488; x_wconf 91' lang='lat' dir='ltr'><strong>se</strong></span> <span class='ocrx_word' id='word_1_86' title='bbox 1168 1440 1222 1487; x_wconf 89' lang='lat' dir='ltr'><strong>et</strong></span> <span class='ocrx_word' id='word_1_87' title='bbox 1260 1444 1358 1485; x_wconf 91' lang='lat' dir='ltr'><strong>nos</strong></span> <span class='ocrx_word' id='word_1_88' title='bbox 1396 1427 1556 1482; x_wconf 76' lang='lat' dir='ltr'><strong>fuisse</strong></span> <span class='ocrx_word' id='word_1_89' title='bbox 1590 1424 1717 1479; x_wconf 90' lang='lat' dir='ltr'><strong>dicit</strong></span> <span class='ocrx_word' id='word_1_90' title='bbox 1760 1422 1895 1477; x_wconf 92' lang='lat' dir='ltr'><strong>ﬁlios</strong></span> <span class='ocrx_word' id='word_1_91' title='bbox 1925 1424 2067 1490; x_wconf 58' lang='lat' dir='ltr'><strong>Apoc</strong></span> 
     </span>
    </p>
   </div>
   <div class='ocr_carea' id='block_1_13' title="bbox 484 1514 2066 1600">
    <p class='ocr_par' dir='ltr' id='par_1_13' title="bbox 484 1514 2066 1600">
     <span class='ocr_line' id='line_1_13' title="bbox 484 1514 2066 1600; baseline -0.015 -12"><span class='ocrx_word' id='word_1_92' title='bbox 484 1533 651 1588; x_wconf 83' lang='lat' dir='ltr'><strong>stolus</strong></span> <span class='ocrx_word' id='word_1_93' title='bbox 674 1549 688 1587; x_wconf 89' lang='lat'>:</span> <span class='ocrx_word' id='word_1_94' title='bbox 716 1529 788 1585; x_wconf 88' lang='lat' dir='ltr'><strong>ait</strong></span> <span class='ocrx_word' id='word_1_95' title='bbox 813 1530 1030 1600; x_wconf 90' lang='lat' dir='ltr'><strong>quippe,</strong></span> <span class='ocrx_word' id='word_1_96' title='bbox 1066 1524 1283 1579; x_wconf 82' lang='lat' dir='ltr'><strong>Fuimus</strong></span> <span class='ocrx_word' id='word_1_97' title='bbox 1312 1521 1444 1574; x_wconf 88' lang='lat' dir='ltr'><strong>enim</strong></span> <span class='ocrx_word' id='word_1_98' title='bbox 1479 1528 1525 1572; x_wconf 90' lang='lat' dir='ltr'><strong>et</strong></span> <span class='ocrx_word' id='word_1_99' title='bbox 1552 1533 1642 1570; x_wconf 88' lang='lat' dir='ltr'><strong>nos</strong></span> <span class='ocrx_word' id='word_1_100' title='bbox 1668 1514 1942 1585; x_wconf 83' lang='lat' dir='ltr'><strong>aliquando</strong></span> <span class='ocrx_word' id='word_1_101' title='bbox 1968 1529 2066 1566; x_wconf 89' lang='lat' dir='ltr'><strong>na-</strong></span> 
     </span>
    </p>
   </div>
   <div class='ocr_carea' id='block_1_14' title="bbox 486 1605 2067 1691">
    <p class='ocr_par' dir='ltr' id='par_1_14' title="bbox 486 1605 2067 1691">
     <span class='ocr_line' id='line_1_14' title="bbox 486 1605 2067 1691; baseline -0.011 -15"><span class='ocrx_word' id='word_1_102' title='bbox 486 1635 602 1676; x_wconf 91' lang='lat' dir='ltr'><strong>tura</strong></span> <span class='ocrx_word' id='word_1_103' title='bbox 627 1622 725 1691; x_wconf 78' lang='lat' dir='ltr'><strong>ﬁlii</strong></span> <span class='ocrx_word' id='word_1_104' title='bbox 753 1622 863 1684; x_wconf 66' lang='lat' dir='ltr'><strong>iras,</strong></span> <span class='ocrx_word' id='word_1_105' title='bbox 888 1620 1016 1673; x_wconf 88' lang='lat' dir='ltr'><strong>sicut</strong></span> <span class='ocrx_word' id='word_1_106' title='bbox 1042 1625 1089 1673; x_wconf 89' lang='lat' dir='ltr'><strong>et</strong></span> <span class='ocrx_word' id='word_1_107' title='bbox 1113 1614 1277 1670; x_wconf 63' lang='lat' dir='ltr'><strong>caeteri</strong></span> <span class='ocrx_word' id='word_1_108' title='bbox 1300 1612 1515 1683; x_wconf 75' lang='lat' dir='ltr'><strong>(Ep/tes.</strong></span> <span class='ocrx_word' id='word_1_109' title='bbox 1542 1625 1597 1671; x_wconf 88' lang='grc' dir='ltr'>ιι,</span> <span class='ocrx_word' id='word_1_110' title='bbox 1632 1609 1710 1678; x_wconf 79' lang='lat'><strong>&#39;5).</strong></span> <span class='ocrx_word' id='word_1_111' title='bbox 1736 1606 1878 1676; x_wconf 87' lang='lat' dir='ltr'><strong>Ergo</strong></span> <span class='ocrx_word' id='word_1_112' title='bbox 1903 1620 1969 1660; x_wconf 76' lang='lat' dir='ltr'><strong>ex</strong></span> <span class='ocrx_word' id='word_1_113' title='bbox 1992 1605 2067 1659; x_wconf 92' lang='lat' dir='ltr'><strong>ira</strong></span> 
     </span>
    </p>
   </div>
   <div class='ocr_carea' id='block_1_15' title="bbox 485 1697 2066 1784">
    <p class='ocr_par' dir='ltr' id='par_1_15' title="bbox 485 1697 2066 1784">
     <span class='ocr_line' id='line_1_15' title="bbox 485 1697 2066 1784; baseline -0.01 -17"><span class='ocrx_word' id='word_1_114' title='bbox 485 1715 652 1784; x_wconf 89' lang='lat' dir='ltr'><strong>ipsius</strong></span> <span class='ocrx_word' id='word_1_115' title='bbox 678 1720 760 1767; x_wconf 90' lang='lat' dir='ltr'><strong>est</strong></span> <span class='ocrx_word' id='word_1_116' title='bbox 786 1710 927 1782; x_wconf 91' lang='lat' dir='ltr'><strong>quod</strong></span> <span class='ocrx_word' id='word_1_117' title='bbox 958 1709 1045 1763; x_wconf 92' lang='lat' dir='ltr'><strong>hie</strong></span> <span class='ocrx_word' id='word_1_118' title='bbox 1074 1707 1233 1763; x_wconf 86' lang='lat' dir='ltr'><strong>homo</strong></span> <span class='ocrx_word' id='word_1_119' title='bbox 1264 1703 1644 1775; x_wconf 80' lang='lat' dir='ltr'><strong>peregrinatur,</strong></span> <span class='ocrx_word' id='word_1_120' title='bbox 1674 1699 1813 1769; x_wconf 90' lang='lat' dir='ltr'><strong>quod</strong></span> <span class='ocrx_word' id='word_1_121' title='bbox 1843 1697 2066 1752; x_wconf 83' lang='lat' dir='ltr'><strong>laborat.</strong></span> 
     </span>
    </p>
   </div>
   <div class='ocr_carea' id='block_1_16' title="bbox 486 1789 2073 1870">
    <p class='ocr_par' dir='ltr' id='par_1_16' title="bbox 486 1789 2073 1870">
     <span class='ocr_line' id='line_1_16' title="bbox 486 1789 2073 1870; baseline -0.014 -7"><span class='ocrx_word' id='word_1_122' title='bbox 486 1806 601 1862; x_wconf 88' lang='lat' dir='ltr'><strong>Non</strong></span> <span class='ocrx_word' id='word_1_123' title='bbox 634 1814 715 1860; x_wconf 86' lang='lat' dir='ltr'><strong>est</strong></span> <span class='ocrx_word' id='word_1_124' title='bbox 748 1820 810 1860; x_wconf 84' lang='lat' dir='ltr'><strong>ex</strong></span> <span class='ocrx_word' id='word_1_125' title='bbox 842 1804 917 1858; x_wconf 90' lang='lat' dir='ltr'><strong>ira</strong></span> <span class='ocrx_word' id='word_1_126' title='bbox 945 1802 1130 1870; x_wconf 87' lang='lat' dir='ltr'><strong>ipsius,</strong></span> <span class='ocrx_word' id='word_1_127' title='bbox 1153 1798 1345 1852; x_wconf 79' lang='lat' dir='ltr'><strong>fratres</strong></span> <span class='ocrx_word' id='word_1_128' title='bbox 1374 1794 1501 1857; x_wconf 88' lang='lat' dir='ltr'><strong>mei,</strong></span> <span class='ocrx_word' id='word_1_129' title='bbox 1533 1791 1598 1845; x_wconf 91' lang='lat' dir='ltr'><strong>In</strong></span> <span class='ocrx_word' id='word_1_130' title='bbox 1626 1792 1807 1846; x_wconf 87' lang='lat' dir='ltr'><strong>sudore</strong></span> <span class='ocrx_word' id='word_1_131' title='bbox 1843 1797 1887 1843; x_wconf 89' lang='lat' dir='ltr'><strong>et</strong></span> <span class='ocrx_word' id='word_1_132' title='bbox 1924 1791 1977 1843; x_wconf 86' lang='lat' dir='ltr'><strong>in</strong></span> <span class='ocrx_word' id='word_1_133' title='bbox 2003 1789 2073 1842; x_wconf 81' lang='lat' dir='ltr'><strong>la-</strong></span> 
     </span>
    </p>
   </div>
   <div class='ocr_carea' id='block_1_17' title="bbox 489 1880 2071 1966">
    <p class='ocr_par' dir='ltr' id='par_1_17' title="bbox 489 1880 2071 1966">
     <span class='ocr_line' id='line_1_17' title="bbox 489 1880 2071 1966; baseline -0.013 -13"><span class='ocrx_word' id='word_1_134' title='bbox 489 1901 605 1953; x_wconf 88' lang='lat' dir='ltr'><strong>bore</strong></span> <span class='ocrx_word' id='word_1_135' title='bbox 626 1898 740 1952; x_wconf 83' lang='lat' dir='ltr'><strong>edes</strong></span> <span class='ocrx_word' id='word_1_136' title='bbox 772 1910 952 1966; x_wconf 80' lang='lat' dir='ltr'><strong>panem</strong></span> <span class='ocrx_word' id='word_1_137' title='bbox 980 1903 1144 1957; x_wconf 89' lang='lat' dir='ltr'><strong>tuum,</strong></span> <span class='ocrx_word' id='word_1_138' title='bbox 1173 1898 1220 1943; x_wconf 86' lang='lat' dir='ltr'><strong>et</strong></span> <span class='ocrx_word' id='word_1_139' title='bbox 1254 1898 1387 1942; x_wconf 88' lang='lat' dir='ltr'><strong>terra</strong></span> <span class='ocrx_word' id='word_1_140' title='bbox 1412 1886 1585 1953; x_wconf 86' lang='lat' dir='ltr'><strong>spinas</strong></span> <span class='ocrx_word' id='word_1_141' title='bbox 1612 1892 1656 1937; x_wconf 88' lang='lat' dir='ltr'><strong>ct</strong></span> <span class='ocrx_word' id='word_1_142' title='bbox 1680 1881 1887 1935; x_wconf 80' lang='lat' dir='ltr'><strong>tribulos</strong></span> <span class='ocrx_word' id='word_1_143' title='bbox 1914 1880 2071 1950; x_wconf 87' lang='lat' dir='ltr'><strong>pariet</strong></span> 
     </span>
    </p>
   </div>
   <div class='ocr_carea' id='block_1_18' title="bbox 489 1972 2069 2061">
    <p class='ocr_par' dir='ltr' id='par_1_18' title="bbox 489 1972 2069 2061">
     <span class='ocr_line' id='line_1_18' title="bbox 489 1972 2069 2061; baseline -0.011 -18"><span class='ocrx_word' id='word_1_144' title='bbox 489 1991 575 2043; x_wconf 87' lang='lat' dir='ltr'><strong>tibi</strong></span> <span class='ocrx_word' id='word_1_145' title='bbox 616 1987 767 2061; x_wconf 84' lang='lat' dir='ltr'><strong>(Gen.</strong></span> <span class='ocrx_word' id='word_1_146' title='bbox 802 2002 878 2052; x_wconf 86' lang='grc' dir='ltr'>ιιι,</span> <span class='ocrx_word' id='word_1_147' title='bbox 911 1985 996 2049; x_wconf 87' lang='lat'><strong>19,</strong></span> <span class='ocrx_word' id='word_1_148' title='bbox 1032 1981 1157 2049; x_wconf 88' lang='lat'><strong>18)?</strong></span> <span class='ocrx_word' id='word_1_149' title='bbox 1198 1979 1416 2034; x_wconf 84' lang='lat' dir='ltr'><strong>Auctori</strong></span> <span class='ocrx_word' id='word_1_150' title='bbox 1461 1974 1680 2030; x_wconf 85' lang='lat' dir='ltr'><strong>nostro’</strong></span> <span class='ocrx_word' id='word_1_151' title='bbox 1723 1972 1923 2027; x_wconf 89' lang='lat' dir='ltr'><strong>dictum</strong></span> <span class='ocrx_word' id='word_1_152' title='bbox 1969 1980 2069 2027; x_wconf 90' lang='lat' dir='ltr'><strong>est.</strong></span> 
     </span>
    </p>
   </div>
   <div class='ocr_carea' id='block_1_19' title="bbox 494 2062 2072 2135">
    <p class='ocr_par' dir='ltr' id='par_1_19' title="bbox 494 2062 2072 2135">
     <span class='ocr_line' id='line_1_19' title="bbox 494 2062 2072 2135; baseline -0.012 0"><span class='ocrx_word' id='word_1_153' title='bbox 494 2083 600 2134; x_wconf 83' lang='lat' dir='ltr'><strong>Aut</strong></span> <span class='ocrx_word' id='word_1_154' title='bbox 641 2078 687 2133; x_wconf 89' lang='lat' dir='ltr'><strong>si</strong></span> <span class='ocrx_word' id='word_1_155' title='bbox 714 2086 796 2132; x_wconf 85' lang='lat' dir='ltr'><strong>est</strong></span> <span class='ocrx_word' id='word_1_156' title='bbox 823 2074 962 2129; x_wconf 87' lang='lat' dir='ltr'><strong>aliud</strong></span> <span class='ocrx_word' id='word_1_157' title='bbox 993 2074 1097 2127; x_wconf 87' lang='lat' dir='ltr'><strong>vita</strong></span> <span class='ocrx_word' id='word_1_158' title='bbox 1128 2079 1340 2134; x_wconf 91' lang='lat' dir='ltr'><strong>nostra;</strong></span> <span class='ocrx_word' id='word_1_159' title='bbox 1383 2068 1427 2122; x_wconf 88' lang='lat' dir='ltr'><strong>si</strong></span> <span class='ocrx_word' id='word_1_160' title='bbox 1466 2075 1638 2135; x_wconf 86' lang='lat' dir='ltr'><strong>potes,</strong></span> <span class='ocrx_word' id='word_1_161' title='bbox 1669 2072 1981 2120; x_wconf 90' lang='lat' dir='ltr'><strong>convertere</strong></span> <span class='ocrx_word' id='word_1_162' title='bbox 2007 2062 2072 2116; x_wconf 88' lang='lat' dir='ltr'><strong>ad</strong></span> 
     </span>
    </p>
   </div>
   <div class='ocr_carea' id='block_1_20' title="bbox 493 2154 2075 2238">
    <p class='ocr_par' dir='ltr' id='par_1_20' title="bbox 493 2154 2075 2238">
     <span class='ocr_line' id='line_1_20' title="bbox 493 2154 2075 2238; baseline -0.009 -14"><span class='ocrx_word' id='word_1_163' title='bbox 493 2170 724 2238; x_wconf 83' lang='lat' dir='ltr'><strong>aliquam</strong></span> <span class='ocrx_word' id='word_1_164' title='bbox 771 2167 1115 2235; x_wconf 87' lang='lat' dir='ltr'><strong>voluptatem,</strong></span> <span class='ocrx_word' id='word_1_165' title='bbox 1158 2161 1247 2216; x_wconf 91' lang='lat' dir='ltr'><strong>ubi</strong></span> <span class='ocrx_word' id='word_1_166' title='bbox 1288 2159 1468 2230; x_wconf 81' lang='lat' dir='ltr'><strong>Spinas</strong></span> <span class='ocrx_word' id='word_1_167' title='bbox 1506 2173 1613 2213; x_wconf 87' lang='lat' dir='ltr'><strong>non</strong></span> <span class='ocrx_word' id='word_1_168' title='bbox 1662 2156 1881 2212; x_wconf 88' lang='lat' dir='ltr'><strong>sentias.</strong></span> <span class='ocrx_word' id='word_1_169' title='bbox 1926 2154 2075 2224; x_wconf 86' lang='lat' dir='ltr'><strong>Elige</strong></span> 
     </span>
    </p>
   </div>
   <div class='ocr_carea' id='block_1_21' title="bbox 495 2246 2073 2330">
    <p class='ocr_par' dir='ltr' id='par_1_21' title="bbox 495 2246 2073 2330">
     <span class='ocr_line' id='line_1_21' title="bbox 495 2246 2073 2330; baseline -0.011 -16"><span class='ocrx_word' id='word_1_170' title='bbox 495 2259 637 2330; x_wconf 90' lang='lat' dir='ltr'><strong>quod</strong></span> <span class='ocrx_word' id='word_1_171' title='bbox 682 2256 933 2319; x_wconf 91' lang='lat' dir='ltr'><strong>volueris,</strong></span> <span class='ocrx_word' id='word_1_172' title='bbox 979 2266 1194 2317; x_wconf 88' lang='lat' dir='ltr'><strong>avarus,</strong></span> <span class='ocrx_word' id='word_1_173' title='bbox 1226 2249 1549 2312; x_wconf 84' lang='lat' dir='ltr'><strong>luxuriosus,</strong></span> <span class='ocrx_word' id='word_1_174' title='bbox 1589 2256 1647 2302; x_wconf 90' lang='lat' dir='ltr'><strong>ut</strong></span> <span class='ocrx_word' id='word_1_175' title='bbox 1686 2246 1793 2301; x_wconf 92' lang='lat' dir='ltr'><strong>duo</strong></span> <span class='ocrx_word' id='word_1_176' title='bbox 1823 2246 1922 2300; x_wconf 88' lang='lat' dir='ltr'><strong>ista</strong></span> <span class='ocrx_word' id='word_1_177' title='bbox 1963 2246 2073 2299; x_wconf 86' lang='lat' dir='ltr'><strong>sola</strong></span> 
     </span>
    </p>
   </div>
   <div class='ocr_carea' id='block_1_22' title="bbox 494 2337 2075 2413">
    <p class='ocr_par' dir='ltr' id='par_1_22' title="bbox 494 2337 2075 2413">
     <span class='ocr_line' id='line_1_22' title="bbox 494 2337 2075 2413; baseline -0.009 -8"><span class='ocrx_word' id='word_1_178' title='bbox 494 2350 732 2405; x_wconf 87' lang='lat' dir='ltr'><strong>dicamus</strong></span> <span class='ocrx_word' id='word_1_179' title='bbox 751 2349 770 2379; x_wconf 81' lang='grc'><strong><em>³</em></strong></span> <span class='ocrx_word' id='word_1_180' title='bbox 796 2365 810 2413; x_wconf 89' lang='grc'>;</span> <span class='ocrx_word' id='word_1_181' title='bbox 843 2345 979 2400; x_wconf 89' lang='lat' dir='ltr'><strong>adde</strong></span> <span class='ocrx_word' id='word_1_182' title='bbox 1004 2354 1056 2399; x_wconf 91' lang='lat' dir='ltr'><strong>et</strong></span> <span class='ocrx_word' id='word_1_183' title='bbox 1097 2341 1332 2407; x_wconf 91' lang='lat' dir='ltr'><strong>tertium,</strong></span> <span class='ocrx_word' id='word_1_184' title='bbox 1358 2339 1670 2395; x_wconf 87' lang='lat' dir='ltr'><strong>ambitiosus</strong></span> <span class='ocrx_word' id='word_1_185' title='bbox 1696 2355 1706 2390; x_wconf 90' lang='lat'>:</span> <span class='ocrx_word' id='word_1_186' title='bbox 1739 2339 1791 2392; x_wconf 92' lang='lat' dir='ltr'><strong>in</strong></span> <span class='ocrx_word' id='word_1_187' title='bbox 1814 2337 2075 2391; x_wconf 88' lang='lat' dir='ltr'><strong>honorum</strong></span> 
     </span>
    </p>
   </div>
   <div class='ocr_carea' id='block_1_23' title="bbox 497 2427 2078 2509">
    <p class='ocr_par' dir='ltr' id='par_1_23' title="bbox 497 2427 2078 2509">
     <span class='ocr_line' id='line_1_23' title="bbox 497 2427 2078 2509; baseline -0.01 -14"><span class='ocrx_word' id='word_1_188' title='bbox 497 2440 789 2509; x_wconf 87' lang='lat' dir='ltr'><strong>cupiditate</strong></span> <span class='ocrx_word' id='word_1_189' title='bbox 811 2445 1023 2507; x_wconf 60' lang='lat' dir='ltr'><strong>quantae</strong></span> <span class='ocrx_word' id='word_1_190' title='bbox 1050 2429 1261 2500; x_wconf 59' lang='lat' dir='ltr'><strong>spina?</strong></span> <span class='ocrx_word' id='word_1_191' title='bbox 1291 2431 1344 2486; x_wconf 90' lang='lat' dir='ltr'><strong>in</strong></span> <span class='ocrx_word' id='word_1_192' title='bbox 1374 2430 1581 2485; x_wconf 76' lang='lat' dir='ltr'><strong>luxurie</strong></span> <span class='ocrx_word' id='word_1_193' title='bbox 1608 2427 1883 2483; x_wconf 90' lang='lat' dir='ltr'><strong>libidinum</strong></span> <span class='ocrx_word' id='word_1_194' title='bbox 1913 2442 2078 2498; x_wconf 86' lang='lat' dir='ltr'><strong>quau-</strong></span> 
     </span>
    </p>
   </div>
   <div class='ocr_carea' id='block_1_24' title="bbox 497 2519 2078 2601">
    <p class='ocr_par' dir='ltr' id='par_1_24' title="bbox 497 2519 2078 2601">
     <span class='ocr_line' id='line_1_24' title="bbox 497 2519 2078 2601; baseline -0.009 -14"><span class='ocrx_word' id='word_1_195' title='bbox 497 2542 564 2587; x_wconf 84' lang='lat' dir='ltr'><strong>tae</strong></span> <span class='ocrx_word' id='word_1_196' title='bbox 589 2528 793 2601; x_wconf 86' lang='lat' dir='ltr'><strong>spinae?</strong></span> <span class='ocrx_word' id='word_1_197' title='bbox 822 2529 873 2583; x_wconf 93' lang='lat' dir='ltr'><strong>in</strong></span> <span class='ocrx_word' id='word_1_198' title='bbox 908 2525 1100 2581; x_wconf 89' lang='lat' dir='ltr'><strong>ardore</strong></span> <span class='ocrx_word' id='word_1_199' title='bbox 1124 2522 1361 2578; x_wconf 60' lang='lat' dir='ltr'><strong>avaritiae</strong></span> <span class='ocrx_word' id='word_1_200' title='bbox 1386 2530 1597 2591; x_wconf 79' lang='lat' dir='ltr'><strong>quantae</strong></span> <span class='ocrx_word' id='word_1_201' title='bbox 1622 2519 1827 2590; x_wconf 72' lang='lat' dir='ltr'><strong>Spinm?</strong></span> <span class='ocrx_word' id='word_1_202' title='bbox 1856 2521 2078 2574; x_wconf 86' lang='lat' dir='ltr'><strong>Amores</strong></span> 
     </span>
    </p>
   </div>
   <div class='ocr_carea' id='block_1_25' title="bbox 498 2610 2078 2692">
    <p class='ocr_par' dir='ltr' id='par_1_25' title="bbox 498 2610 2078 2692">
     <span class='ocr_line' id='line_1_25' title="bbox 498 2610 2078 2692; baseline -0.009 -14"><span class='ocrx_word' id='word_1_203' title='bbox 498 2634 680 2692; x_wconf 88' lang='lat' dir='ltr'><strong>turpes</strong></span> <span class='ocrx_word' id='word_1_204' title='bbox 719 2629 946 2692; x_wconf 88' lang='lat' dir='ltr'><strong>quantas</strong></span> <span class='ocrx_word' id='word_1_205' title='bbox 971 2615 1244 2672; x_wconf 88' lang='lat' dir='ltr'><strong>molestias</strong></span> <span class='ocrx_word' id='word_1_206' title='bbox 1278 2612 1513 2668; x_wconf 89' lang='lat' dir='ltr'><strong>habent?</strong></span> <span class='ocrx_word' id='word_1_207' title='bbox 1549 2620 1776 2682; x_wconf 84' lang='lat' dir='ltr'><strong>quantas</strong></span> <span class='ocrx_word' id='word_1_208' title='bbox 1817 2610 2078 2665; x_wconf 83' lang='lat' dir='ltr'><strong>sollicitu-</strong></span> 
     </span>
    </p>
   </div>
   <div class='ocr_carea' id='block_1_26' title="bbox 496 2696 2076 2775">
    <p class='ocr_par' dir='ltr' id='par_1_26' title="bbox 496 2696 2076 2775">
     <span class='ocr_line' id='line_1_26' title="bbox 496 2696 2076 2775; baseline -0.008 -7"><span class='ocrx_word' id='word_1_209' title='bbox 496 2714 648 2769; x_wconf 83' lang='lat' dir='ltr'><strong>dines</strong></span> <span class='ocrx_word' id='word_1_210' title='bbox 671 2712 757 2767; x_wconf 92' lang='lat' dir='ltr'><strong>hic</strong></span> <span class='ocrx_word' id='word_1_211' title='bbox 784 2712 834 2767; x_wconf 91' lang='lat' dir='ltr'><strong>in</strong></span> <span class='ocrx_word' id='word_1_212' title='bbox 866 2711 965 2765; x_wconf 88' lang='lat' dir='ltr'><strong>ista</strong></span> <span class='ocrx_word' id='word_1_213' title='bbox 995 2708 1139 2763; x_wconf 88' lang='lat' dir='ltr'><strong>vita?</strong></span> <span class='ocrx_word' id='word_1_214' title='bbox 1166 2705 1366 2761; x_wconf 89' lang='lat' dir='ltr'><strong>Omitto</strong></span> <span class='ocrx_word' id='word_1_215' title='bbox 1402 2703 1691 2775; x_wconf 89' lang='lat' dir='ltr'><strong>gehennas.</strong></span> <span class='ocrx_word' id='word_1_216' title='bbox 1722 2700 1855 2756; x_wconf 84' lang='lat' dir='ltr'><strong>Vide</strong></span> <span class='ocrx_word' id='word_1_217' title='bbox 1878 2715 1944 2755; x_wconf 90' lang='lat' dir='ltr'><strong>ne</strong></span> <span class='ocrx_word' id='word_1_218' title='bbox 1967 2696 2076 2771; x_wconf 81' lang='lat' dir='ltr'><strong>jam</strong></span> 
     </span>
    </p>
   </div>
   <div class='ocr_carea' id='block_1_27' title="bbox 499 2792 2081 2875">
    <p class='ocr_par' dir='ltr' id='par_1_27' title="bbox 499 2792 2081 2875">
     <span class='ocr_line' id='line_1_27' title="bbox 499 2792 2081 2875; baseline -0.006 -17"><span class='ocrx_word' id='word_1_219' title='bbox 499 2806 612 2875; x_wconf 89' lang='lat' dir='ltr'><strong>ipse</strong></span> <span class='ocrx_word' id='word_1_220' title='bbox 641 2803 733 2859; x_wconf 91' lang='lat' dir='ltr'><strong>tibi</strong></span> <span class='ocrx_word' id='word_1_221' title='bbox 755 2803 993 2873; x_wconf 87' lang='lat' dir='ltr'><strong>gebenna</strong></span> <span class='ocrx_word' id='word_1_222' title='bbox 1019 2800 1112 2855; x_wconf 90' lang='lat' dir='ltr'><strong>sis.</strong></span> <span class='ocrx_word' id='word_1_223' title='bbox 1137 2798 1251 2853; x_wconf 85' lang='lat' dir='ltr'><strong>iloc</strong></span> <span class='ocrx_word' id='word_1_224' title='bbox 1277 2810 1404 2865; x_wconf 88' lang='lat' dir='ltr'><strong>ergo</strong></span> <span class='ocrx_word' id='word_1_225' title='bbox 1430 2804 1618 2860; x_wconf 91' lang='lat' dir='ltr'><strong>totum,</strong></span> <span class='ocrx_word' id='word_1_226' title='bbox 1648 2792 1839 2847; x_wconf 82' lang='lat' dir='ltr'><strong>fratres</strong></span> <span class='ocrx_word' id='word_1_227' title='bbox 1865 2792 1989 2856; x_wconf 89' lang='lat' dir='ltr'><strong>mei,</strong></span> <span class='ocrx_word' id='word_1_228' title='bbox 2014 2793 2081 2849; x_wconf 90' lang='lat' dir='ltr'><strong>de</strong></span> 
     </span>
    </p>
   </div>
   <div class='ocr_carea' id='block_1_28' title="bbox 501 2884 2078 2963">
    <p class='ocr_par' dir='ltr' id='par_1_28' title="bbox 501 2884 2078 2963">
     <span class='ocr_line' id='line_1_28' title="bbox 501 2884 2078 2963; baseline -0.007 -15"><span class='ocrx_word' id='word_1_229' title='bbox 501 2897 578 2948; x_wconf 89' lang='lat' dir='ltr'><strong>ira</strong></span> <span class='ocrx_word' id='word_1_230' title='bbox 608 2893 771 2963; x_wconf 88' lang='lat' dir='ltr'><strong>ipsius</strong></span> <span class='ocrx_word' id='word_1_231' title='bbox 799 2898 883 2946; x_wconf 88' lang='lat' dir='ltr'><strong>est</strong></span> <span class='ocrx_word' id='word_1_232' title='bbox 911 2906 925 2945; x_wconf 89' lang='lat'><strong>:</strong></span> <span class='ocrx_word' id='word_1_233' title='bbox 954 2898 1008 2945; x_wconf 89' lang='lat' dir='ltr'><strong>et</strong></span> <span class='ocrx_word' id='word_1_234' title='bbox 1050 2904 1170 2943; x_wconf 91' lang='lat' dir='ltr'><strong>cum</strong></span> <span class='ocrx_word' id='word_1_235' title='bbox 1204 2897 1256 2943; x_wconf 91' lang='lat' dir='ltr'><strong>te</strong></span> <span class='ocrx_word' id='word_1_236' title='bbox 1299 2885 1645 2951; x_wconf 89' lang='lat' dir='ltr'><strong>converteris,</strong></span> <span class='ocrx_word' id='word_1_237' title='bbox 1680 2893 1737 2938; x_wconf 91' lang='lat' dir='ltr'><strong>ut</strong></span> <span class='ocrx_word' id='word_1_238' title='bbox 1758 2884 1899 2954; x_wconf 89' lang='lat' dir='ltr'><strong>juste</strong></span> <span class='ocrx_word' id='word_1_239' title='bbox 1935 2899 2078 2953; x_wconf 83' lang='lat' dir='ltr'><strong>agas,</strong></span> 
     </span>
    </p>
   </div>
   <div class='ocr_carea' id='block_1_29' title="bbox 506 2975 2082 3053">
    <p class='ocr_par' dir='ltr' id='par_1_29' title="bbox 506 2975 2082 3053">
     <span class='ocr_line' id='line_1_29' title="bbox 506 2975 2082 3053; baseline -0.007 -15"><span class='ocrx_word' id='word_1_240' title='bbox 506 2998 610 3038; x_wconf 89' lang='lat' dir='ltr'><strong>non</strong></span> <span class='ocrx_word' id='word_1_241' title='bbox 650 2982 848 3053; x_wconf 90' lang='lat' dir='ltr'><strong>poteris</strong></span> <span class='ocrx_word' id='word_1_242' title='bbox 886 2980 989 3035; x_wconf 89' lang='lat' dir='ltr'><strong>nisi</strong></span> <span class='ocrx_word' id='word_1_243' title='bbox 1019 2979 1264 3034; x_wconf 88' lang='lat' dir='ltr'><strong>laborare</strong></span> <span class='ocrx_word' id='word_1_244' title='bbox 1295 2977 1346 3031; x_wconf 90' lang='lat' dir='ltr'><strong>in</strong></span> <span class='ocrx_word' id='word_1_245' title='bbox 1376 2984 1549 3040; x_wconf 89' lang='lat' dir='ltr'><strong>terra;</strong></span> <span class='ocrx_word' id='word_1_246' title='bbox 1579 2984 1627 3029; x_wconf 93' lang='lat' dir='ltr'><strong>et</strong></span> <span class='ocrx_word' id='word_1_247' title='bbox 1662 2990 1766 3029; x_wconf 94' lang='lat' dir='ltr'><strong>non</strong></span> <span class='ocrx_word' id='word_1_248' title='bbox 1798 2975 1978 3029; x_wconf 89' lang='lat' dir='ltr'><strong>linitur</strong></span> <span class='ocrx_word' id='word_1_249' title='bbox 2004 2976 2082 3028; x_wconf 90' lang='lat' dir='ltr'><strong>la-</strong></span> 
     </span>
    </p>
   </div>
   <div class='ocr_carea' id='block_1_30' title="bbox 504 3066 2083 3137">
    <p class='ocr_par' dir='ltr' id='par_1_30' title="bbox 504 3066 2083 3137">
     <span class='ocr_line' id='line_1_30' title="bbox 504 3066 2083 3137; baseline -0.005 -9"><span class='ocrx_word' id='word_1_250' title='bbox 504 3076 621 3137; x_wconf 92' lang='lat' dir='ltr'><strong>bor,</strong></span> <span class='ocrx_word' id='word_1_251' title='bbox 652 3072 752 3127; x_wconf 91' lang='lat' dir='ltr'><strong>nisi</strong></span> <span class='ocrx_word' id='word_1_252' title='bbox 789 3085 908 3126; x_wconf 88' lang='lat' dir='ltr'><strong>cum</strong></span> <span class='ocrx_word' id='word_1_253' title='bbox 941 3069 1090 3125; x_wconf 87' lang='lat' dir='ltr'><strong>ﬁnita</strong></span> <span class='ocrx_word' id='word_1_254' title='bbox 1131 3068 1292 3123; x_wconf 85' lang='lat' dir='ltr'><strong>fuerit</strong></span> <span class='ocrx_word' id='word_1_255' title='bbox 1323 3068 1427 3121; x_wconf 89' lang='lat' dir='ltr'><strong>via.</strong></span> <span class='ocrx_word' id='word_1_256' title='bbox 1475 3067 1699 3135; x_wconf 84' lang='lat' dir='ltr'><strong>Oportet</strong></span> <span class='ocrx_word' id='word_1_257' title='bbox 1740 3067 1792 3120; x_wconf 90' lang='lat' dir='ltr'><strong>in</strong></span> <span class='ocrx_word' id='word_1_258' title='bbox 1827 3067 1909 3119; x_wconf 88' lang='lat' dir='ltr'><strong>via</strong></span> <span class='ocrx_word' id='word_1_259' title='bbox 1935 3066 2083 3121; x_wconf 83' lang='lat' dir='ltr'><strong>labo-</strong></span> 
     </span>
    </p>
   </div>
   <div class='ocr_carea' id='block_1_31' title="bbox 504 3157 2086 3233">
    <p class='ocr_par' dir='ltr' id='par_1_31' title="bbox 504 3157 2086 3233">
     <span class='ocr_line' id='line_1_31' title="bbox 504 3157 2086 3233; baseline -0.006 -12"><span class='ocrx_word' id='word_1_260' title='bbox 504 3180 644 3231; x_wconf 87' lang='lat' dir='ltr'><strong>rare,</strong></span> <span class='ocrx_word' id='word_1_261' title='bbox 676 3172 733 3219; x_wconf 90' lang='lat' dir='ltr'><strong>ut</strong></span> <span class='ocrx_word' id='word_1_262' title='bbox 765 3163 819 3218; x_wconf 89' lang='lat' dir='ltr'><strong>in</strong></span> <span class='ocrx_word' id='word_1_263' title='bbox 865 3163 1031 3233; x_wconf 88' lang='lat' dir='ltr'><strong>patria</strong></span> <span class='ocrx_word' id='word_1_264' title='bbox 1075 3160 1419 3232; x_wconf 78' lang='lat' dir='ltr'><strong>gaudeamus.</strong></span> <span class='ocrx_word' id='word_1_265' title='bbox 1463 3159 1602 3226; x_wconf 82' lang='lat' dir='ltr'><strong>Ergo</strong></span> <span class='ocrx_word' id='word_1_266' title='bbox 1635 3157 1942 3212; x_wconf 84' lang='lat' dir='ltr'><strong>consolatur</strong></span> <span class='ocrx_word' id='word_1_267' title='bbox 1967 3173 2086 3225; x_wconf 91' lang='lat' dir='ltr'><strong>pro-</strong></span> 
     </span>
    </p>
   </div>
   <div class='ocr_carea' id='block_1_32' title="bbox 504 3249 2085 3317">
    <p class='ocr_par' dir='ltr' id='par_1_32' title="bbox 504 3249 2085 3317">
     <span class='ocr_line' id='line_1_32' title="bbox 504 3249 2085 3317; baseline -0.004 -7"><span class='ocrx_word' id='word_1_268' title='bbox 504 3257 757 3311; x_wconf 86' lang='lat' dir='ltr'><strong>missione</strong></span> <span class='ocrx_word' id='word_1_269' title='bbox 795 3269 889 3310; x_wconf 89' lang='lat' dir='ltr'><strong>sua</strong></span> <span class='ocrx_word' id='word_1_270' title='bbox 932 3254 1166 3309; x_wconf 86' lang='lat' dir='ltr'><strong>laborem</strong></span> <span class='ocrx_word' id='word_1_271' title='bbox 1206 3260 1371 3317; x_wconf 85' lang='lat' dir='ltr'><strong>tuum,</strong></span> <span class='ocrx_word' id='word_1_272' title='bbox 1424 3249 1673 3304; x_wconf 88' lang='lat' dir='ltr'><strong>sudorem</strong></span> <span class='ocrx_word' id='word_1_273' title='bbox 1716 3259 1883 3316; x_wconf 91' lang='lat' dir='ltr'><strong>tuum,</strong></span> <span class='ocrx_word' id='word_1_274' title='bbox 1913 3250 2085 3305; x_wconf 85' lang='lat' dir='ltr'><strong>mole-</strong></span> 
     </span>
    </p>
   </div>
   <div class='ocr_carea' id='block_1_33' title="bbox 506 3340 2087 3411">
    <p class='ocr_par' dir='ltr' id='par_1_33' title="bbox 506 3340 2087 3411">
     <span class='ocr_line' id='line_1_33' title="bbox 506 3340 2087 3411; baseline -0.005 -9"><span class='ocrx_word' id='word_1_275' title='bbox 506 3347 635 3402; x_wconf 76' lang='lat' dir='ltr'><strong>stias</strong></span> <span class='ocrx_word' id='word_1_276' title='bbox 667 3357 802 3411; x_wconf 88' lang='lat' dir='ltr'><strong>tuas,</strong></span> <span class='ocrx_word' id='word_1_277' title='bbox 827 3355 878 3401; x_wconf 88' lang='lat' dir='ltr'><strong>et</strong></span> <span class='ocrx_word' id='word_1_278' title='bbox 904 3344 1031 3399; x_wconf 90' lang='lat' dir='ltr'><strong>dicit</strong></span> <span class='ocrx_word' id='word_1_279' title='bbox 1053 3342 1146 3397; x_wconf 88' lang='lat' dir='ltr'><strong>tibi</strong></span> <span class='ocrx_word' id='word_1_280' title='bbox 1173 3358 1185 3395; x_wconf 90' lang='lat'>:</span> <span class='ocrx_word' id='word_1_281' title='bbox 1213 3340 1334 3396; x_wconf 86' lang='lat' dir='ltr'><strong>Non</strong></span> <span class='ocrx_word' id='word_1_282' title='bbox 1362 3341 1414 3395; x_wconf 90' lang='lat' dir='ltr'><strong>in</strong></span> <span class='ocrx_word' id='word_1_283' title='bbox 1452 3342 1605 3409; x_wconf 81' lang='lat' dir='ltr'><strong>ﬁnem</strong></span> <span class='ocrx_word' id='word_1_284' title='bbox 1635 3341 1899 3407; x_wconf 80' lang='lat' dir='ltr'><strong>irascetur,</strong></span> <span class='ocrx_word' id='word_1_285' title='bbox 1930 3356 2087 3411; x_wconf 78' lang='lat' dir='ltr'><strong>neque</strong></span> 
     </span>
    </p>
   </div>
   <div class='ocr_carea' id='block_1_34' title="bbox 504 3435 1201 3504">
    <p class='ocr_par' dir='ltr' id='par_1_34' title="bbox 504 3435 1201 3504">
     <span class='ocr_line' id='line_1_34' title="bbox 504 3435 1201 3504; baseline -0.009 -13"><span class='ocrx_word' id='word_1_286' title='bbox 504 3439 556 3491; x_wconf 86' lang='lat' dir='ltr'><strong>in</strong></span> <span class='ocrx_word' id='word_1_287' title='bbox 577 3447 817 3491; x_wconf 70' lang='lat' dir='ltr'><strong>aeternum</strong></span> <span class='ocrx_word' id='word_1_288' title='bbox 840 3435 1201 3504; x_wconf 84' lang='lat' dir='ltr'><strong>indignabitur.</strong></span> 
     </span>
    </p>
   </div>
   <div class='ocr_carea' id='block_1_35' title="bbox 578 3520 2088 3597">
    <p class='ocr_par' dir='ltr' id='par_1_35' title="bbox 578 3520 2088 3597">
     <span class='ocr_line' id='line_1_35' title="bbox 578 3520 2088 3597; baseline -0.004 -16"><span class='ocrx_word' id='word_1_289' title='bbox 578 3527 664 3581; x_wconf 91' lang='lat'><strong>18.</strong></span> <span class='ocrx_word' id='word_1_290' title='bbox 698 3524 857 3597; x_wconf 84' lang='lat' dir='ltr'><strong>[vcrs.</strong></span> <span class='ocrx_word' id='word_1_291' title='bbox 892 3523 993 3588; x_wconf 90' lang='lat'><strong>10,</strong></span> <span class='ocrx_word' id='word_1_292' title='bbox 1045 3520 1166 3595; x_wconf 87' lang='lat'><strong>11.]</strong></span> <span class='ocrx_word' id='word_1_293' title='bbox 1202 3520 1320 3576; x_wconf 85' lang='lat' dir='ltr'><strong>Non</strong></span> <span class='ocrx_word' id='word_1_294' title='bbox 1356 3521 1630 3576; x_wconf 84' lang='lat' dir='ltr'><strong>secundum</strong></span> <span class='ocrx_word' id='word_1_295' title='bbox 1674 3531 1879 3591; x_wconf 85' lang='lat' dir='ltr'><strong>peccata</strong></span> <span class='ocrx_word' id='word_1_296' title='bbox 1917 3530 2088 3575; x_wconf 86' lang='lat' dir='ltr'><strong>nostra</strong></span> 
     </span>
    </p>
   </div>
   <div class='ocr_carea' id='block_1_36' title="bbox 509 3610 2088 3687">
    <p class='ocr_par' dir='ltr' id='par_1_36' title="bbox 509 3610 2088 3687">
     <span class='ocr_line' id='line_1_36' title="bbox 509 3610 2088 3687; baseline -0.003 -18"><span class='ocrx_word' id='word_1_297' title='bbox 509 3618 623 3687; x_wconf 80' lang='lat' dir='ltr'><strong>fecit</strong></span> <span class='ocrx_word' id='word_1_298' title='bbox 650 3615 809 3669; x_wconf 79' lang='lat' dir='ltr'><strong>nobis.</strong></span> <span class='ocrx_word' id='word_1_299' title='bbox 834 3615 942 3668; x_wconf 90' lang='lat' dir='ltr'><strong>Deo</strong></span> <span class='ocrx_word' id='word_1_300' title='bbox 964 3613 1176 3683; x_wconf 82' lang='lat' dir='ltr'><strong>gratias,</strong></span> <span class='ocrx_word' id='word_1_301' title='bbox 1194 3612 1313 3681; x_wconf 87' lang='lat' dir='ltr'><strong>quia</strong></span> <span class='ocrx_word' id='word_1_302' title='bbox 1334 3611 1437 3665; x_wconf 87' lang='lat' dir='ltr'><strong>hoc</strong></span> <span class='ocrx_word' id='word_1_303' title='bbox 1457 3610 1641 3665; x_wconf 89' lang='lat' dir='ltr'><strong>voluit.</strong></span> <span class='ocrx_word' id='word_1_304' title='bbox 1670 3610 1781 3665; x_wconf 87' lang='lat' dir='ltr'><strong>Non</strong></span> <span class='ocrx_word' id='word_1_305' title='bbox 1807 3610 1949 3681; x_wconf 88' lang='lat' dir='ltr'><strong>quod</strong></span> <span class='ocrx_word' id='word_1_306' title='bbox 1976 3627 2088 3672; x_wconf 85' lang='lat' dir='ltr'><strong>me-</strong></span> 
     </span>
    </p>
   </div>
   <div class='ocr_carea' id='block_1_37' title="bbox 508 3698 2085 3773">
    <p class='ocr_par' dir='ltr' id='par_1_37' title="bbox 508 3698 2085 3773">
     <span class='ocr_line' id='line_1_37' title="bbox 508 3698 2085 3773; baseline -0.001 -14"><span class='ocrx_word' id='word_1_307' title='bbox 508 3706 756 3760; x_wconf 90' lang='lat' dir='ltr'><strong>rebamur</strong></span> <span class='ocrx_word' id='word_1_308' title='bbox 784 3704 1085 3773; x_wconf 88' lang='lat' dir='ltr'><strong>accepimus</strong></span> <span class='ocrx_word' id='word_1_309' title='bbox 1114 3722 1125 3757; x_wconf 88' lang='lat'>:</span> <span class='ocrx_word' id='word_1_310' title='bbox 1158 3722 1175 3753; x_wconf 77' lang='grc' dir='ltr'><strong>ι</strong></span> <span class='ocrx_word' id='word_1_311' title='bbox 1200 3698 1315 3757; x_wconf 83' lang='grc' dir='ltr'>Νοιι</span> <span class='ocrx_word' id='word_1_312' title='bbox 1345 3700 1633 3757; x_wconf 89' lang='lat' dir='ltr'><strong>secundum</strong></span> <span class='ocrx_word' id='word_1_313' title='bbox 1666 3710 1881 3771; x_wconf 87' lang='lat' dir='ltr'><strong>peccata</strong></span> <span class='ocrx_word' id='word_1_314' title='bbox 1908 3711 2085 3758; x_wconf 91' lang='lat' dir='ltr'><strong>nostra</strong></span> 
     </span>
    </p>
   </div>
   <div class='ocr_carea' id='block_1_38' title="bbox 508 3792 2087 3865">
    <p class='ocr_par' dir='ltr' id='par_1_38' title="bbox 508 3792 2087 3865">
     <span class='ocr_line' id='line_1_38' title="bbox 508 3792 2087 3865; baseline -0.002 -14"><span class='ocrx_word' id='word_1_315' title='bbox 508 3795 838 3862; x_wconf 87' lang='lat' dir='ltr'><strong>fecitnobis,</strong></span> <span class='ocrx_word' id='word_1_316' title='bbox 886 3809 1059 3865; x_wconf 88' lang='lat' dir='ltr'><strong>neque</strong></span> <span class='ocrx_word' id='word_1_317' title='bbox 1095 3792 1385 3849; x_wconf 88' lang='lat' dir='ltr'><strong>secundum</strong></span> <span class='ocrx_word' id='word_1_318' title='bbox 1414 3792 1715 3862; x_wconf 83' lang='lat' dir='ltr'><strong>iniquitates</strong></span> <span class='ocrx_word' id='word_1_319' title='bbox 1755 3800 1962 3847; x_wconf 90' lang='lat' dir='ltr'><strong>nostras</strong></span> <span class='ocrx_word' id='word_1_320' title='bbox 2000 3809 2087 3849; x_wconf 88' lang='lat' dir='ltr'><strong>re-</strong></span> 
     </span>
    </p>
   </div>
   <div class='ocr_carea' id='block_1_39' title="bbox 510 3881 2086 3954">
    <p class='ocr_par' dir='ltr' id='par_1_39' title="bbox 510 3881 2086 3954">
     <span class='ocr_line' id='line_1_39' title="bbox 510 3881 2086 3954; baseline -0.003 -12"><span class='ocrx_word' id='word_1_321' title='bbox 510 3886 690 3942; x_wconf 89' lang='lat' dir='ltr'><strong>tribuit</strong></span> <span class='ocrx_word' id='word_1_322' title='bbox 717 3887 888 3942; x_wconf 88' lang='lat' dir='ltr'><strong>nobis.</strong></span> <span class='ocrx_word' id='word_1_323' title='bbox 917 3885 1175 3954; x_wconf 87' lang='lat' dir='ltr'><strong>Quoniam</strong></span> <span class='ocrx_word' id='word_1_324' title='bbox 1221 3882 1515 3939; x_wconf 89' lang='lat' dir='ltr'><strong>secundum</strong></span> <span class='ocrx_word' id='word_1_325' title='bbox 1549 3881 1877 3936; x_wconf 89' lang='lat' dir='ltr'><strong>altitudinem</strong></span> <span class='ocrx_word' id='word_1_326' title='bbox 1906 3881 2027 3937; x_wconf 86' lang='lat' dir='ltr'><strong>coeli</strong></span> <span class='ocrx_word' id='word_1_327' title='bbox 2057 3898 2086 3938; x_wconf 88' lang='lat' dir='ltr'><strong>a</strong></span> 
     </span>
    </p>
   </div>
   <div class='ocr_carea' id='block_1_40' title="bbox 509 3972 2090 4043">
    <p class='ocr_par' dir='ltr' id='par_1_40' title="bbox 509 3972 2090 4043">
     <span class='ocr_line' id='line_1_40' title="bbox 509 3972 2090 4043; baseline -0.003 -10"><span class='ocrx_word' id='word_1_328' title='bbox 509 3988 648 4034; x_wconf 89' lang='lat' dir='ltr'><strong>terra</strong></span> <span class='ocrx_word' id='word_1_329' title='bbox 667 4019 682 4043; x_wconf 92' lang='lat'><strong>,</strong></span> <span class='ocrx_word' id='word_1_330' title='bbox 711 3976 1049 4034; x_wconf 89' lang='lat' dir='ltr'><strong>conﬁrmavit</strong></span> <span class='ocrx_word' id='word_1_331' title='bbox 1084 3975 1337 4030; x_wconf 90' lang='lat' dir='ltr'><strong>Dominus</strong></span> <span class='ocrx_word' id='word_1_332' title='bbox 1368 3972 1784 4027; x_wconf 89' lang='lat' dir='ltr'><strong>misericordiam</strong></span> <span class='ocrx_word' id='word_1_333' title='bbox 1815 3988 1964 4027; x_wconf 89' lang='lat' dir='ltr'><strong>suam</strong></span> <span class='ocrx_word' id='word_1_334' title='bbox 2001 3990 2090 4028; x_wconf 87' lang='lat' dir='ltr'><strong>su-</strong></span> 
     </span>
    </p>
   </div>
   <div class='ocr_carea' id='block_1_41' title="bbox 510 4064 2088 4140">
    <p class='ocr_par' dir='ltr' id='par_1_41' title="bbox 510 4064 2088 4140">
     <span class='ocr_line' id='line_1_41' title="bbox 510 4064 2088 4140; baseline -0.003 -14"><span class='ocrx_word' id='word_1_335' title='bbox 510 4086 605 4140; x_wconf 88' lang='lat' dir='ltr'><strong>per</strong></span> <span class='ocrx_word' id='word_1_336' title='bbox 643 4070 890 4126; x_wconf 88' lang='lat' dir='ltr'><strong>timentes</strong></span> <span class='ocrx_word' id='word_1_337' title='bbox 928 4084 1071 4125; x_wconf 89' lang='lat' dir='ltr'><strong>cum.</strong></span> <span class='ocrx_word' id='word_1_338' title='bbox 1105 4066 1444 4123; x_wconf 89' lang='lat' dir='ltr'><strong>Conﬁrmavit</strong></span> <span class='ocrx_word' id='word_1_339' title='bbox 1492 4064 1743 4119; x_wconf 91' lang='lat' dir='ltr'><strong>Dominus</strong></span> <span class='ocrx_word' id='word_1_340' title='bbox 1782 4065 2088 4121; x_wconf 88' lang='lat' dir='ltr'><strong>misericor-</strong></span> 
     </span>
    </p>
   </div>
   <div class='ocr_carea' id='block_1_42' title="bbox 510 4156 2085 4230">
    <p class='ocr_par' dir='ltr' id='par_1_42' title="bbox 510 4156 2085 4230">
     <span class='ocr_line' id='line_1_42' title="bbox 510 4156 2085 4230; baseline -0.002 -15"><span class='ocrx_word' id='word_1_341' title='bbox 510 4163 648 4216; x_wconf 85' lang='lat' dir='ltr'><strong>diam</strong></span> <span class='ocrx_word' id='word_1_342' title='bbox 677 4176 827 4215; x_wconf 89' lang='lat' dir='ltr'><strong>suam</strong></span> <span class='ocrx_word' id='word_1_343' title='bbox 854 4174 1014 4230; x_wconf 88' lang='lat' dir='ltr'><strong>super</strong></span> <span class='ocrx_word' id='word_1_344' title='bbox 1058 4159 1305 4214; x_wconf 90' lang='lat' dir='ltr'><strong>timentes</strong></span> <span class='ocrx_word' id='word_1_345' title='bbox 1333 4173 1491 4212; x_wconf 90' lang='lat' dir='ltr'><strong>eum:</strong></span> <span class='ocrx_word' id='word_1_346' title='bbox 1524 4175 1542 4208; x_wconf 74' lang='grc' dir='ltr'><strong>ι</strong></span> <span class='ocrx_word' id='word_1_347' title='bbox 1591 4156 1880 4212; x_wconf 92' lang='lat' dir='ltr'><strong>secundum</strong></span> <span class='ocrx_word' id='word_1_348' title='bbox 1924 4157 2085 4228; x_wconf 84' lang='lat' dir='ltr'><strong>quid?</strong></span> 
     </span>
    </p>
   </div>
   <div class='ocr_carea' id='block_1_43' title="bbox 519 4248 2090 4316">
    <p class='ocr_par' dir='ltr' id='par_1_43' title="bbox 519 4248 2090 4316">
     <span class='ocr_line' id='line_1_43' title="bbox 519 4248 2090 4316; baseline 0.001 -12"><span class='ocrx_word' id='word_1_349' title='bbox 519 4273 535 4304; x_wconf 77' lang='grc' dir='ltr'><strong>ι</strong></span> <span class='ocrx_word' id='word_1_350' title='bbox 568 4253 869 4308; x_wconf 91' lang='lat' dir='ltr'><strong>Secundum</strong></span> <span class='ocrx_word' id='word_1_351' title='bbox 908 4251 1239 4307; x_wconf 90' lang='lat' dir='ltr'><strong>altitudinem</strong></span> <span class='ocrx_word' id='word_1_352' title='bbox 1270 4251 1387 4305; x_wconf 82' lang='lat' dir='ltr'><strong>cceli</strong></span> <span class='ocrx_word' id='word_1_353' title='bbox 1423 4263 1452 4302; x_wconf 91' lang='lat' dir='ltr'><strong>a</strong></span> <span class='ocrx_word' id='word_1_354' title='bbox 1495 4259 1655 4303; x_wconf 91' lang='lat' dir='ltr'><strong>terra.</strong></span> <span class='ocrx_word' id='word_1_355' title='bbox 1687 4267 1705 4299; x_wconf 77' lang='grc' dir='ltr'><strong>ι</strong></span> <span class='ocrx_word' id='word_1_356' title='bbox 1739 4248 1875 4316; x_wconf 91' lang='lat' dir='ltr'><strong>Quid</strong></span> <span class='ocrx_word' id='word_1_357' title='bbox 1917 4249 2090 4306; x_wconf 74' lang='lat' dir='ltr'><strong>dixit?</strong></span> 
     </span>
    </p>
   </div>
   <div class='ocr_carea' id='block_1_44' title="bbox 510 4340 2092 4414">
    <p class='ocr_par' dir='ltr' id='par_1_44' title="bbox 510 4340 2092 4414">
     <span class='ocr_line' id='line_1_44' title="bbox 510 4340 2092 4414; baseline -0.001 -14"><span class='ocrx_word' id='word_1_358' title='bbox 510 4346 567 4401; x_wconf 89' lang='lat' dir='ltr'><strong>Si</strong></span> <span class='ocrx_word' id='word_1_359' title='bbox 609 4342 892 4414; x_wconf 83' lang='lat' dir='ltr'><strong>aliquando</strong></span> <span class='ocrx_word' id='word_1_360' title='bbox 929 4351 1101 4412; x_wconf 86' lang='lat' dir='ltr'><strong>potest</strong></span> <span class='ocrx_word' id='word_1_361' title='bbox 1134 4341 1326 4397; x_wconf 64' lang='lat' dir='ltr'><strong>caelum</strong></span> <span class='ocrx_word' id='word_1_362' title='bbox 1364 4340 1652 4395; x_wconf 87' lang='lat' dir='ltr'><strong>abscedere</strong></span> <span class='ocrx_word' id='word_1_363' title='bbox 1694 4355 1724 4394; x_wconf 89' lang='lat' dir='ltr'><strong>a</strong></span> <span class='ocrx_word' id='word_1_364' title='bbox 1763 4342 2092 4410; x_wconf 84' lang='lat' dir='ltr'><strong>protectione</strong></span> 
     </span>
    </p>
   </div>
   <div class='ocr_carea' id='block_1_45' title="bbox 514 4433 2089 4506">
    <p class='ocr_par' dir='ltr' id='par_1_45' title="bbox 514 4433 2089 4506">
     <span class='ocr_line' id='line_1_45' title="bbox 514 4433 2089 4506; baseline -0.001 -14"><span class='ocrx_word' id='word_1_365' title='bbox 514 4450 668 4492; x_wconf 63' lang='lat' dir='ltr'><strong>terra:</strong></span> <span class='ocrx_word' id='word_1_366' title='bbox 688 4478 704 4505; x_wconf 91' lang='lat'><strong>,</strong></span> <span class='ocrx_word' id='word_1_367' title='bbox 751 4434 1035 4506; x_wconf 87' lang='lat' dir='ltr'><strong>aliquando</strong></span> <span class='ocrx_word' id='word_1_368' title='bbox 1075 4434 1267 4503; x_wconf 88' lang='lat' dir='ltr'><strong>poterit</strong></span> <span class='ocrx_word' id='word_1_369' title='bbox 1293 4433 1433 4488; x_wconf 90' lang='lat' dir='ltr'><strong>Deus</strong></span> <span class='ocrx_word' id='word_1_370' title='bbox 1460 4446 1568 4487; x_wconf 92' lang='lat' dir='ltr'><strong>non</strong></span> <span class='ocrx_word' id='word_1_371' title='bbox 1594 4441 1871 4502; x_wconf 84' lang='lat' dir='ltr'><strong>protegere</strong></span> <span class='ocrx_word' id='word_1_372' title='bbox 1897 4434 2089 4490; x_wconf 87' lang='lat' dir='ltr'><strong>timen-</strong></span> 
     </span>
    </p>
   </div>
   <div class='ocr_carea' id='block_1_46' title="bbox 518 4521 2093 4596">
    <p class='ocr_par' dir='ltr' id='par_1_46' title="bbox 518 4521 2093 4596">
     <span class='ocr_line' id='line_1_46' title="bbox 518 4521 2093 4596; baseline -0.001 -13"><span class='ocrx_word' id='word_1_373' title='bbox 518 4537 599 4583; x_wconf 89' lang='lat' dir='ltr'><strong>tes</strong></span> <span class='ocrx_word' id='word_1_374' title='bbox 623 4542 701 4582; x_wconf 88' lang='lat' dir='ltr'><strong>se.</strong></span> <span class='ocrx_word' id='word_1_375' title='bbox 732 4526 963 4581; x_wconf 84' lang='lat' dir='ltr'><strong>Attende</strong></span> <span class='ocrx_word' id='word_1_376' title='bbox 1006 4533 1059 4580; x_wconf 91' lang='lat' dir='ltr'><strong>et</strong></span> <span class='ocrx_word' id='word_1_377' title='bbox 1083 4523 1278 4579; x_wconf 58' lang='lat' dir='ltr'><strong>caelum</strong></span> <span class='ocrx_word' id='word_1_378' title='bbox 1313 4540 1325 4575; x_wconf 93' lang='lat'>:</span> <span class='ocrx_word' id='word_1_379' title='bbox 1355 4522 1573 4593; x_wconf 89' lang='lat' dir='ltr'><strong>ubique,</strong></span> <span class='ocrx_word' id='word_1_380' title='bbox 1604 4521 1837 4592; x_wconf 86' lang='lat' dir='ltr'><strong>undique</strong></span> <span class='ocrx_word' id='word_1_381' title='bbox 1866 4527 2093 4596; x_wconf 78' lang='lat' dir='ltr'><strong>protegit</strong></span> 
     </span>
    </p>
   </div>
   <div class='ocr_carea' id='block_1_47' title="bbox 514 4619 2089 4689">
    <p class='ocr_par' dir='ltr' id='par_1_47' title="bbox 514 4619 2089 4689">
     <span class='ocr_line' id='line_1_47' title="bbox 514 4619 2089 4689; baseline -0.003 -11"><span class='ocrx_word' id='word_1_382' title='bbox 514 4632 740 4688; x_wconf 84' lang='lat' dir='ltr'><strong>terram,</strong></span> <span class='ocrx_word' id='word_1_383' title='bbox 766 4629 820 4677; x_wconf 89' lang='lat' dir='ltr'><strong>et</strong></span> <span class='ocrx_word' id='word_1_384' title='bbox 848 4620 991 4675; x_wconf 90' lang='lat' dir='ltr'><strong>nulla</strong></span> <span class='ocrx_word' id='word_1_385' title='bbox 1021 4633 1141 4689; x_wconf 88' lang='lat' dir='ltr'><strong>pars</strong></span> <span class='ocrx_word' id='word_1_386' title='bbox 1168 4627 1320 4674; x_wconf 62' lang='lat' dir='ltr'><strong>terra:</strong></span> <span class='ocrx_word' id='word_1_387' title='bbox 1347 4626 1430 4674; x_wconf 88' lang='lat' dir='ltr'><strong>est</strong></span> <span class='ocrx_word' id='word_1_388' title='bbox 1466 4633 1585 4688; x_wconf 69' lang='lat' dir='ltr'><strong>qua:</strong></span> <span class='ocrx_word' id='word_1_389' title='bbox 1612 4632 1715 4672; x_wconf 91' lang='lat' dir='ltr'><strong>non</strong></span> <span class='ocrx_word' id='word_1_390' title='bbox 1744 4619 1881 4674; x_wconf 85' lang='lat' dir='ltr'><strong>coelo</strong></span> <span class='ocrx_word' id='word_1_391' title='bbox 1910 4631 2089 4688; x_wconf 86' lang='lat' dir='ltr'><strong>prote-</strong></span> 
     </span>
    </p>
   </div>
   <div class='ocr_carea' id='block_1_48' title="bbox 510 4709 2091 4785">
    <p class='ocr_par' dir='ltr' id='par_1_48' title="bbox 510 4709 2091 4785">
     <span class='ocr_line' id='line_1_48' title="bbox 510 4709 2091 4785; baseline -0.002 -16"><span class='ocrx_word' id='word_1_392' title='bbox 510 4724 684 4785; x_wconf 86' lang='lat' dir='ltr'><strong>gatur.</strong></span> <span class='ocrx_word' id='word_1_393' title='bbox 709 4713 938 4769; x_wconf 87' lang='lat' dir='ltr'><strong>Peccant</strong></span> <span class='ocrx_word' id='word_1_394' title='bbox 959 4711 1201 4766; x_wconf 77' lang='lat' dir='ltr'><strong>homines</strong></span> <span class='ocrx_word' id='word_1_395' title='bbox 1222 4710 1321 4764; x_wconf 88' lang='lat' dir='ltr'><strong>sub</strong></span> <span class='ocrx_word' id='word_1_396' title='bbox 1346 4711 1501 4775; x_wconf 66' lang='lat' dir='ltr'><strong>caelo,</strong></span> <span class='ocrx_word' id='word_1_397' title='bbox 1529 4709 1727 4764; x_wconf 78' lang='lat' dir='ltr'><strong>iaciunt</strong></span> <span class='ocrx_word' id='word_1_398' title='bbox 1751 4710 1927 4764; x_wconf 86' lang='lat' dir='ltr'><strong>omnia</strong></span> <span class='ocrx_word' id='word_1_399' title='bbox 1955 4712 2091 4767; x_wconf 90' lang='lat' dir='ltr'><strong>mala</strong></span> 
     </span>
    </p>
   </div>
   <div class='ocr_carea' id='block_1_49' title="bbox 512 4800 2093 4872">
    <p class='ocr_par' dir='ltr' id='par_1_49' title="bbox 512 4800 2093 4872">
     <span class='ocr_line' id='line_1_49' title="bbox 512 4800 2093 4872; baseline -0.001 -12"><span class='ocrx_word' id='word_1_400' title='bbox 512 4807 613 4860; x_wconf 89' lang='lat' dir='ltr'><strong>sub</strong></span> <span class='ocrx_word' id='word_1_401' title='bbox 641 4804 777 4860; x_wconf 75' lang='lat' dir='ltr'><strong>cmlo</strong></span> <span class='ocrx_word' id='word_1_402' title='bbox 800 4820 815 4870; x_wconf 87' lang='lat'><strong>;</strong></span> <span class='ocrx_word' id='word_1_403' title='bbox 841 4814 1017 4859; x_wconf 91' lang='lat' dir='ltr'><strong>tamen</strong></span> <span class='ocrx_word' id='word_1_404' title='bbox 1046 4810 1394 4872; x_wconf 81' lang='lat' dir='ltr'><strong>proteguntur</strong></span> <span class='ocrx_word' id='word_1_405' title='bbox 1418 4802 1576 4858; x_wconf 64' lang='lat' dir='ltr'><strong>caelo.</strong></span> <span class='ocrx_word' id='word_1_406' title='bbox 1610 4800 1736 4856; x_wconf 83' lang='lat' dir='ltr'><strong>Inde</strong></span> <span class='ocrx_word' id='word_1_407' title='bbox 1763 4801 1851 4857; x_wconf 86' lang='lat' dir='ltr'><strong>lux</strong></span> <span class='ocrx_word' id='word_1_408' title='bbox 1872 4801 1938 4858; x_wconf 89' lang='lat' dir='ltr'><strong>ad</strong></span> <span class='ocrx_word' id='word_1_409' title='bbox 1967 4818 2093 4859; x_wconf 82' lang='lat' dir='ltr'><strong>ocu-</strong></span> 
     </span>
    </p>
   </div>
   <div class='ocr_carea' id='block_1_50' title="bbox 514 4894 2092 4965">
    <p class='ocr_par' dir='ltr' id='par_1_50' title="bbox 514 4894 2092 4965">
     <span class='ocr_line' id='line_1_50' title="bbox 514 4894 2092 4965; baseline 0 -14"><span class='ocrx_word' id='word_1_410' title='bbox 514 4898 622 4963; x_wconf 90' lang='lat' dir='ltr'><strong>los,</strong></span> <span class='ocrx_word' id='word_1_411' title='bbox 669 4895 793 4952; x_wconf 88' lang='lat' dir='ltr'><strong>inde</strong></span> <span class='ocrx_word' id='word_1_412' title='bbox 821 4910 946 4961; x_wconf 89' lang='lat' dir='ltr'><strong>aer,</strong></span> <span class='ocrx_word' id='word_1_413' title='bbox 980 4894 1106 4950; x_wconf 92' lang='lat' dir='ltr'><strong>inde</strong></span> <span class='ocrx_word' id='word_1_414' title='bbox 1141 4894 1359 4964; x_wconf 88' lang='lat' dir='ltr'><strong>spiritus</strong></span> <span class='ocrx_word' id='word_1_415' title='bbox 1384 4936 1398 4962; x_wconf 96' lang='lat'><strong>,</strong></span> <span class='ocrx_word' id='word_1_416' title='bbox 1431 4894 1553 4950; x_wconf 88' lang='lat' dir='ltr'><strong>inde</strong></span> <span class='ocrx_word' id='word_1_417' title='bbox 1583 4895 1759 4965; x_wconf 88' lang='lat' dir='ltr'><strong>pluvia</strong></span> <span class='ocrx_word' id='word_1_418' title='bbox 1801 4895 1867 4951; x_wconf 89' lang='lat' dir='ltr'><strong>ad</strong></span> <span class='ocrx_word' id='word_1_419' title='bbox 1898 4902 2092 4951; x_wconf 88' lang='lat' dir='ltr'><strong>terram</strong></span> 
     </span>
    </p>
   </div>
   <div class='ocr_carea' id='block_1_51' title="bbox 513 4976 2089 5059">
    <p class='ocr_par' dir='ltr' id='par_1_51' title="bbox 513 4976 2089 5059">
     <span class='ocr_line' id='line_1_51' title="bbox 513 4976 2089 5059; baseline 0.001 -17"><span class='ocrx_word' id='word_1_420' title='bbox 513 4998 729 5059; x_wconf 90' lang='lat' dir='ltr'><strong>propter</strong></span> <span class='ocrx_word' id='word_1_421' title='bbox 771 4976 1012 5053; x_wconf 82' lang='lat' dir='ltr'><strong>fruetus,</strong></span> <span class='ocrx_word' id='word_1_422' title='bbox 1058 4985 1181 5041; x_wconf 89' lang='lat' dir='ltr'><strong>inde</strong></span> <span class='ocrx_word' id='word_1_423' title='bbox 1224 4988 1398 5039; x_wconf 92' lang='lat' dir='ltr'><strong>omnis</strong></span> <span class='ocrx_word' id='word_1_424' title='bbox 1446 4987 1809 5042; x_wconf 86' lang='lat' dir='ltr'><strong>misericordia</strong></span> <span class='ocrx_word' id='word_1_425' title='bbox 1850 5001 1880 5041; x_wconf 92' lang='lat' dir='ltr'><strong>a</strong></span> <span class='ocrx_word' id='word_1_426' title='bbox 1932 4988 2089 5043; x_wconf 64' lang='lat' dir='ltr'><strong>coelo.</strong></span> 
     </span>
    </p>
   </div>
   <div class='ocr_carea' id='block_1_52' title="bbox 513 5075 2097 5141">
    <p class='ocr_par' dir='ltr' id='par_1_52' title="bbox 513 5075 2097 5141">
     <span class='ocr_line' id='line_1_52' title="bbox 513 5075 2097 5141; baseline -0.001 -8"><span class='ocrx_word' id='word_1_427' title='bbox 513 5078 663 5133; x_wconf 87' lang='lat' dir='ltr'><strong>Tolle</strong></span> <span class='ocrx_word' id='word_1_428' title='bbox 693 5078 945 5133; x_wconf 79' lang='lat' dir='ltr'><strong>auxilium</strong></span> <span class='ocrx_word' id='word_1_429' title='bbox 976 5077 1098 5133; x_wconf 68' lang='lat' dir='ltr'><strong>cmli</strong></span> <span class='ocrx_word' id='word_1_430' title='bbox 1139 5090 1169 5130; x_wconf 91' lang='lat' dir='ltr'><strong>a</strong></span> <span class='ocrx_word' id='word_1_431' title='bbox 1213 5083 1347 5130; x_wconf 90' lang='lat' dir='ltr'><strong>terra</strong></span> <span class='ocrx_word' id='word_1_432' title='bbox 1374 5116 1388 5141; x_wconf 94' lang='lat'><strong>,</strong></span> <span class='ocrx_word' id='word_1_433' title='bbox 1441 5076 1617 5130; x_wconf 88' lang='lat' dir='ltr'><strong>statim</strong></span> <span class='ocrx_word' id='word_1_434' title='bbox 1666 5075 1896 5133; x_wconf 86' lang='lat' dir='ltr'><strong>deﬁciet.</strong></span> <span class='ocrx_word' id='word_1_435' title='bbox 1948 5076 2097 5132; x_wconf 87' lang='lat' dir='ltr'><strong>Sicut</strong></span> 
     </span>
    </p>
   </div>
   <div class='ocr_carea' id='block_1_53' title="bbox 513 5169 2093 5241">
    <p class='ocr_par' dir='ltr' id='par_1_53' title="bbox 513 5169 2093 5241">
     <span class='ocr_line' id='line_1_53' title="bbox 513 5169 2093 5241; baseline -0.001 -16"><span class='ocrx_word' id='word_1_436' title='bbox 513 5185 642 5239; x_wconf 88' lang='lat' dir='ltr'><strong>ergo</strong></span> <span class='ocrx_word' id='word_1_437' title='bbox 672 5170 929 5241; x_wconf 89' lang='lat' dir='ltr'><strong>protectio</strong></span> <span class='ocrx_word' id='word_1_438' title='bbox 953 5169 1074 5225; x_wconf 79' lang='lat' dir='ltr'><strong>cceli</strong></span> <span class='ocrx_word' id='word_1_439' title='bbox 1105 5176 1381 5239; x_wconf 87' lang='lat' dir='ltr'><strong>permanet</strong></span> <span class='ocrx_word' id='word_1_440' title='bbox 1407 5180 1565 5236; x_wconf 86' lang='lat' dir='ltr'><strong>super</strong></span> <span class='ocrx_word' id='word_1_441' title='bbox 1596 5176 1821 5233; x_wconf 89' lang='lat' dir='ltr'><strong>terram,</strong></span> <span class='ocrx_word' id='word_1_442' title='bbox 1851 5169 1929 5223; x_wconf 92' lang='lat' dir='ltr'><strong>sic</strong></span> <span class='ocrx_word' id='word_1_443' title='bbox 1966 5183 2093 5239; x_wconf 89' lang='lat' dir='ltr'><strong>pro-</strong></span> 
     </span>
    </p>
   </div>
   <div class='ocr_carea' id='block_1_54' title="bbox 515 5258 2095 5333">
    <p class='ocr_par' dir='ltr' id='par_1_54' title="bbox 515 5258 2095 5333">
     <span class='ocr_line' id='line_1_54' title="bbox 515 5258 2095 5333; baseline -0.002 -15"><span class='ocrx_word' id='word_1_444' title='bbox 515 5263 673 5318; x_wconf 88' lang='lat' dir='ltr'><strong>tectio</strong></span> <span class='ocrx_word' id='word_1_445' title='bbox 716 5262 927 5317; x_wconf 91' lang='lat' dir='ltr'><strong>Domini</strong></span> <span class='ocrx_word' id='word_1_446' title='bbox 965 5267 1247 5333; x_wconf 81' lang='lat' dir='ltr'><strong>permanet</strong></span> <span class='ocrx_word' id='word_1_447' title='bbox 1272 5274 1432 5329; x_wconf 85' lang='lat' dir='ltr'><strong>super</strong></span> <span class='ocrx_word' id='word_1_448' title='bbox 1461 5258 1712 5314; x_wconf 90' lang='lat' dir='ltr'><strong>timentes</strong></span> <span class='ocrx_word' id='word_1_449' title='bbox 1741 5274 1880 5314; x_wconf 88' lang='lat' dir='ltr'><strong>eum.</strong></span> <span class='ocrx_word' id='word_1_450' title='bbox 1914 5259 2095 5315; x_wconf 91' lang='lat' dir='ltr'><strong>Times</strong></span> 
     </span>
    </p>
   </div>
   <div class='ocr_carea' id='block_1_55' title="bbox 515 5348 2093 5421">
    <p class='ocr_par' dir='ltr' id='par_1_55' title="bbox 515 5348 2093 5421">
     <span class='ocr_line' id='line_1_55' title="bbox 515 5348 2093 5421; baseline -0.003 -12"><span class='ocrx_word' id='word_1_451' title='bbox 515 5354 680 5409; x_wconf 89' lang='lat' dir='ltr'><strong>Deum</strong></span> <span class='ocrx_word' id='word_1_452' title='bbox 701 5394 716 5419; x_wconf 91' lang='lat'><strong>,</strong></span> <span class='ocrx_word' id='word_1_453' title='bbox 743 5366 899 5421; x_wconf 89' lang='lat' dir='ltr'><strong>supra</strong></span> <span class='ocrx_word' id='word_1_454' title='bbox 926 5361 977 5405; x_wconf 89' lang='lat' dir='ltr'><strong>te</strong></span> <span class='ocrx_word' id='word_1_455' title='bbox 1006 5361 1089 5406; x_wconf 89' lang='lat' dir='ltr'><strong>est</strong></span> <span class='ocrx_word' id='word_1_456' title='bbox 1117 5351 1376 5421; x_wconf 89' lang='lat' dir='ltr'><strong>protectio</strong></span> <span class='ocrx_word' id='word_1_457' title='bbox 1400 5350 1583 5419; x_wconf 87' lang='lat' dir='ltr'><strong>ipsius.</strong></span> <span class='ocrx_word' id='word_1_458' title='bbox 1616 5348 1719 5405; x_wconf 84' lang='lat' dir='ltr'><strong>Sed</strong></span> <span class='ocrx_word' id='word_1_459' title='bbox 1746 5349 1879 5405; x_wconf 81' lang='lat' dir='ltr'><strong>forte</strong></span> <span class='ocrx_word' id='word_1_460' title='bbox 1903 5349 2093 5421; x_wconf 88' lang='lat' dir='ltr'><strong>ﬂagel-</strong></span> 
     </span>
    </p>
   </div>
   <div class='ocr_carea' id='block_1_56' title="bbox 512 5438 2097 5513">
    <p class='ocr_par' dir='ltr' id='par_1_56' title="bbox 512 5438 2097 5513">
     <span class='ocr_line' id='line_1_56' title="bbox 512 5438 2097 5513; baseline -0.002 -14"><span class='ocrx_word' id='word_1_461' title='bbox 512 5445 667 5511; x_wconf 88' lang='lat' dir='ltr'><strong>laris,</strong></span> <span class='ocrx_word' id='word_1_462' title='bbox 698 5450 752 5499; x_wconf 90' lang='lat' dir='ltr'><strong>et</strong></span> <span class='ocrx_word' id='word_1_463' title='bbox 782 5450 933 5513; x_wconf 91' lang='lat' dir='ltr'><strong>putas</strong></span> <span class='ocrx_word' id='word_1_464' title='bbox 954 5441 1076 5511; x_wconf 86' lang='lat' dir='ltr'><strong>quia</strong></span> <span class='ocrx_word' id='word_1_465' title='bbox 1104 5440 1339 5496; x_wconf 89' lang='lat' dir='ltr'><strong>deseruit</strong></span> <span class='ocrx_word' id='word_1_466' title='bbox 1369 5448 1420 5494; x_wconf 89' lang='lat' dir='ltr'><strong>te</strong></span> <span class='ocrx_word' id='word_1_467' title='bbox 1452 5440 1608 5495; x_wconf 91' lang='lat' dir='ltr'><strong>Deus.</strong></span> <span class='ocrx_word' id='word_1_468' title='bbox 1638 5439 1693 5494; x_wconf 91' lang='lat' dir='ltr'><strong>Si</strong></span> <span class='ocrx_word' id='word_1_469' title='bbox 1718 5438 1953 5495; x_wconf 77' lang='lat' dir='ltr'><strong>deseruit</strong></span> <span class='ocrx_word' id='word_1_470' title='bbox 1976 5456 2097 5511; x_wconf 91' lang='lat' dir='ltr'><strong>pro-</strong></span> 
     </span>
    </p>
   </div>
   <div class='ocr_carea' id='block_1_57' title="bbox 575 5589 2093 5662">
    <p class='ocr_par' dir='ltr' id='par_1_57' title="bbox 575 5589 2093 5662">
     <span class='ocr_line' id='line_1_57' title="bbox 575 5589 2093 5662; baseline -0.005 -13"><span class='ocrx_word' id='word_1_471' title='bbox 575 5603 590 5632; x_wconf 76' lang='grc' dir='ltr'><strong>ι</strong></span> <span class='ocrx_word' id='word_1_472' title='bbox 629 5609 729 5649; x_wconf 71' lang='lat' dir='ltr'><strong>Am.</strong></span> <span class='ocrx_word' id='word_1_473' title='bbox 757 5605 811 5649; x_wconf 92' lang='grc' dir='ltr'><strong>ει</strong></span> <span class='ocrx_word' id='word_1_474' title='bbox 853 5596 1036 5662; x_wconf 86' lang='lat' dir='ltr'><strong>aliquot</strong></span> <span class='ocrx_word' id='word_1_475' title='bbox 1054 5601 1143 5644; x_wconf 70' lang='lat' dir='ltr'><strong>Mss</strong></span> <span class='ocrx_word' id='word_1_476' title='bbox 1169 5629 1183 5655; x_wconf 93' lang='lat'><strong>,</strong></span> <span class='ocrx_word' id='word_1_477' title='bbox 1209 5591 1516 5644; x_wconf 84' lang='lat' dir='ltr'><strong>correctione.</strong></span> <span class='ocrx_word' id='word_1_478' title='bbox 1547 5591 1630 5640; x_wconf 81' lang='lat' dir='ltr'><strong>Alii</strong></span> <span class='ocrx_word' id='word_1_479' title='bbox 1661 5589 1827 5657; x_wconf 82' lang='lat' dir='ltr'><strong>plures</strong></span> <span class='ocrx_word' id='word_1_480' title='bbox 1856 5606 1965 5643; x_wconf 91' lang='lat' dir='ltr'><strong>cum</strong></span> <span class='ocrx_word' id='word_1_481' title='bbox 2000 5600 2093 5654; x_wconf 83' lang='lat' dir='ltr'><strong>Er.,</strong></span> 
     </span>
    </p>
   </div>
   <div class='ocr_carea' id='block_1_58' title="bbox 512 5662 818 5725">
    <p class='ocr_par' dir='ltr' id='par_1_58' title="bbox 512 5662 818 5725">
     <span class='ocr_line' id='line_1_58' title="bbox 512 5662 818 5725; baseline -0.003 -15"><span class='ocrx_word' id='word_1_482' title='bbox 512 5662 818 5725; x_wconf 67' lang='lat' dir='ltr'><strong>um&#39;reptimte.</strong></span> 
     </span>
    </p>
   </div>
   <div class='ocr_carea' id='block_1_59' title="bbox 575 5720 1428 5773">
    <p class='ocr_par' dir='ltr' id='par_1_59' title="bbox 575 5720 1428 5773">
     <span class='ocr_line' id='line_1_59' title="bbox 575 5720 1428 5773; baseline -0.009 -2"><span class='ocrx_word' id='word_1_483' title='bbox 575 5726 595 5755; x_wconf 74' lang='grc'>³</span> <span class='ocrx_word' id='word_1_484' title='bbox 630 5720 730 5772; x_wconf 71' lang='lat' dir='ltr'><strong>Am.</strong></span> <span class='ocrx_word' id='word_1_485' title='bbox 759 5730 812 5773; x_wconf 87' lang='lat' dir='ltr'><strong>et</strong></span> <span class='ocrx_word' id='word_1_486' title='bbox 831 5728 925 5771; x_wconf 54' lang='lat' dir='ltr'><strong>Er;</strong></span> <span class='ocrx_word' id='word_1_487' title='bbox 954 5720 1021 5769; x_wconf 76' lang='grc' dir='ltr'><strong>Αὺ</strong></span> <span class='ocrx_word' id='word_1_488' title='bbox 1043 5724 1237 5768; x_wconf 75' lang='lat' dir='ltr'><strong>auctore</strong></span> <span class='ocrx_word' id='word_1_489' title='bbox 1254 5721 1428 5767; x_wconf 85' lang='lat' dir='ltr'><strong>nostra.</strong></span> 
     </span>
    </p>
   </div>
   <div class='ocr_carea' id='block_1_60' title="bbox 577 5774 2101 5839">
    <p class='ocr_par' dir='ltr' id='par_1_60' title="bbox 577 5774 2101 5839">
     <span class='ocr_line' id='line_1_60' title="bbox 577 5774 2101 5839; baseline -0.001 -6"><span class='ocrx_word' id='word_1_490' title='bbox 577 5788 597 5818; x_wconf 79' lang='grc'><strong>⁸</strong></span> <span class='ocrx_word' id='word_1_491' title='bbox 632 5788 704 5833; x_wconf 81' lang='lat' dir='ltr'><strong>ste</strong></span> <span class='ocrx_word' id='word_1_492' title='bbox 726 5791 833 5836; x_wconf 78' lang='lat' dir='ltr'><strong>Mss.</strong></span> <span class='ocrx_word' id='word_1_493' title='bbox 862 5782 1062 5832; x_wconf 77' lang='lat' dir='ltr'><strong>AtEdd.:</strong></span> <span class='ocrx_word' id='word_1_494' title='bbox 1107 5788 1211 5831; x_wconf 59' lang='lat' dir='ltr'><strong>Esto</strong></span> <span class='ocrx_word' id='word_1_495' title='bbox 1249 5790 1421 5829; x_wconf 79' lang='lat' dir='ltr'><strong>arm&#39;us</strong></span> <span class='ocrx_word' id='word_1_496' title='bbox 1460 5774 1771 5839; x_wconf 74' lang='lat' dir='ltr'><strong>luxuriosus;</strong></span> <span class='ocrx_word' id='word_1_497' title='bbox 1796 5781 1845 5829; x_wconf 87' lang='lat' dir='ltr'><strong>ut</strong></span> <span class='ocrx_word' id='word_1_498' title='bbox 1878 5780 1973 5830; x_wconf 81' lang='lat' dir='ltr'><strong>duo</strong></span> <span class='ocrx_word' id='word_1_499' title='bbox 2009 5778 2101 5832; x_wconf 78' lang='lat' dir='ltr'><strong>ista</strong></span> 
     </span>
    </p>
   </div>
   <div class='ocr_carea' id='block_1_61' title="bbox 512 5844 1105 5905">
    <p class='ocr_par' dir='ltr' id='par_1_61' title="bbox 512 5844 1105 5905">
     <span class='ocr_line' id='line_1_61' title="bbox 512 5844 1105 5905; baseline -0.013 -5"><span class='ocrx_word' id='word_1_500' title='bbox 512 5848 612 5901; x_wconf 73' lang='lat' dir='ltr'><strong>sala</strong></span> <span class='ocrx_word' id='word_1_501' title='bbox 634 5860 727 5896; x_wconf 83' lang='lat' dir='ltr'><strong>non</strong></span> <span class='ocrx_word' id='word_1_502' title='bbox 758 5844 988 5905; x_wconf 70' lang='lat' dir='ltr'><strong>dicamus,</strong></span> <span class='ocrx_word' id='word_1_503' title='bbox 1012 5850 1105 5893; x_wconf 79' lang='lat' dir='ltr'><strong>etc.</strong></span> 
     </span>
    </p>
   </div>
   <div class='ocr_carea' id='block_1_62' title="bbox 1705 388 2516 454">
    <p class='ocr_par' dir='ltr' id='par_1_62' title="bbox 1705 388 2516 454">
     <span class='ocr_line' id='line_1_62' title="bbox 1705 388 2516 454; baseline -0.012 -1"><span class='ocrx_word' id='word_1_504' title='bbox 1705 397 1761 454; x_wconf 88' lang='lat' dir='ltr'><strong>S.</strong></span> <span class='ocrx_word' id='word_1_505' title='bbox 1807 390 2173 451; x_wconf 75' lang='lat' dir='ltr'><strong>AUGUSTINI</strong></span> <span class='ocrx_word' id='word_1_506' title='bbox 2214 388 2516 447; x_wconf 83' lang='lat' dir='ltr'><strong>EPlSCOPl</strong></span> 
     </span>
    </p>
   </div>
   <div class='ocr_carea' id='block_1_63' title="bbox 3636 392 3769 448">
    <p class='ocr_par' dir='ltr' id='par_1_63' title="bbox 3636 392 3769 448">
     <span class='ocr_line' id='line_1_63' title="bbox 3636 392 3769 448; baseline 0 -1"><span class='ocrx_word' id='word_1_507' title='bbox 3636 392 3769 448; x_wconf 67' lang='lat'><strong>1532</strong></span> 
     </span>
    </p>
   </div>
   <div class='ocr_carea' id='block_1_64' title="bbox 2160 502 3770 569">
    <p class='ocr_par' dir='ltr' id='par_1_64' title="bbox 2160 502 3770 569">
     <span class='ocr_line' id='line_1_64' title="bbox 2160 502 3770 569; baseline 0.001 -8"><span class='ocrx_word' id='word_1_508' title='bbox 2160 507 2322 562; x_wconf 91' lang='lat' dir='ltr'><strong>teetio</strong></span> <span class='ocrx_word' id='word_1_509' title='bbox 2371 504 2492 561; x_wconf 86' lang='lat' dir='ltr'><strong>coeli</strong></span> <span class='ocrx_word' id='word_1_510' title='bbox 2538 510 2775 559; x_wconf 87' lang='lat' dir='ltr'><strong>terram:</strong></span> <span class='ocrx_word' id='word_1_511' title='bbox 2808 502 3056 569; x_wconf 79' lang='lat' dir='ltr'><strong>Quoniam</strong></span> <span class='ocrx_word' id='word_1_512' title='bbox 3107 504 3396 559; x_wconf 84' lang='lat' dir='ltr'><strong>secundum</strong></span> <span class='ocrx_word' id='word_1_513' title='bbox 3443 504 3770 563; x_wconf 76' lang='lat' dir='ltr'><strong>altitudinem</strong></span> 
     </span>
    </p>
   </div>
   <div class='ocr_carea' id='block_1_65' title="bbox 2158 596 3773 667">
    <p class='ocr_par' dir='ltr' id='par_1_65' title="bbox 2158 596 3773 667">
     <span class='ocr_line' id='line_1_65' title="bbox 2158 596 3773 667; baseline 0.002 -14"><span class='ocrx_word' id='word_1_514' title='bbox 2158 599 2270 653; x_wconf 68' lang='lat' dir='ltr'><strong>caeli</strong></span> <span class='ocrx_word' id='word_1_515' title='bbox 2297 615 2328 652; x_wconf 93' lang='lat' dir='ltr'><strong>a</strong></span> <span class='ocrx_word' id='word_1_516' title='bbox 2357 608 2510 664; x_wconf 87' lang='lat' dir='ltr'><strong>terra,</strong></span> <span class='ocrx_word' id='word_1_517' title='bbox 2543 596 2859 667; x_wconf 81' lang='lat' dir='ltr'><strong>conﬁrmavit</strong></span> <span class='ocrx_word' id='word_1_518' title='bbox 2899 596 3147 652; x_wconf 79' lang='lat' dir='ltr'><strong>Dominus</strong></span> <span class='ocrx_word' id='word_1_519' title='bbox 3174 597 3594 653; x_wconf 81' lang='lat' dir='ltr'><strong>misericordiam</strong></span> <span class='ocrx_word' id='word_1_520' title='bbox 3629 616 3773 656; x_wconf 82' lang='lat' dir='ltr'><strong>suam</strong></span> 
     </span>
    </p>
   </div>
   <div class='ocr_carea' id='block_1_66' title="bbox 2160 690 2951 761">
    <p class='ocr_par' dir='ltr' id='par_1_66' title="bbox 2160 690 2951 761">
     <span class='ocr_line' id='line_1_66' title="bbox 2160 690 2951 761; baseline -0.004 -16"><span class='ocrx_word' id='word_1_521' title='bbox 2160 707 2311 761; x_wconf 83' lang='lat' dir='ltr'><strong>super</strong></span> <span class='ocrx_word' id='word_1_522' title='bbox 2339 690 2567 745; x_wconf 81' lang='lat' dir='ltr'><strong>timentes</strong></span> <span class='ocrx_word' id='word_1_523' title='bbox 2596 706 2729 744; x_wconf 88' lang='lat' dir='ltr'><strong>eum.</strong></span> <span class='ocrx_word' id='word_1_524' title='bbox 2949 733 2951 735; x_wconf 92' lang='lat'><strong>.</strong></span> 
     </span>
    </p>
   </div>
   <div class='ocr_carea' id='block_1_67' title="bbox 2234 779 3771 853">
    <p class='ocr_par' dir='ltr' id='par_1_67' title="bbox 2234 779 3771 853">
     <span class='ocr_line' id='line_1_67' title="bbox 2234 779 3771 853; baseline 0.003 -16"><span class='ocrx_word' id='word_1_525' title='bbox 2234 782 2319 837; x_wconf 89' lang='lat'><strong>19.</strong></span> <span class='ocrx_word' id='word_1_526' title='bbox 2353 780 2522 853; x_wconf 82' lang='lat' dir='ltr'><strong>[vers.</strong></span> <span class='ocrx_word' id='word_1_527' title='bbox 2556 779 2686 853; x_wconf 76' lang='lat'><strong>12.]</strong></span> <span class='ocrx_word' id='word_1_528' title='bbox 2717 781 2786 835; x_wconf 87' lang='lat' dir='ltr'><strong>Et</strong></span> <span class='ocrx_word' id='word_1_529' title='bbox 2812 780 2940 851; x_wconf 88' lang='lat' dir='ltr'><strong>quid</strong></span> <span class='ocrx_word' id='word_1_530' title='bbox 2969 780 3131 836; x_wconf 81' lang='lat' dir='ltr'><strong>fecit?</strong></span> <span class='ocrx_word' id='word_1_531' title='bbox 3159 781 3291 849; x_wconf 87' lang='lat' dir='ltr'><strong>Quia</strong></span> <span class='ocrx_word' id='word_1_532' title='bbox 3327 796 3444 837; x_wconf 92' lang='lat' dir='ltr'><strong>non</strong></span> <span class='ocrx_word' id='word_1_533' title='bbox 3472 784 3771 841; x_wconf 88' lang='lat' dir='ltr'><strong>secundum</strong></span> 
     </span>
    </p>
   </div>
   <div class='ocr_carea' id='block_1_68' title="bbox 2163 873 3774 940">
    <p class='ocr_par' dir='ltr' id='par_1_68' title="bbox 2163 873 3774 940">
     <span class='ocr_line' id='line_1_68' title="bbox 2163 873 3774 940; baseline 0.003 -11"><span class='ocrx_word' id='word_1_534' title='bbox 2163 881 2378 940; x_wconf 84' lang='lat' dir='ltr'><strong>peccata</strong></span> <span class='ocrx_word' id='word_1_535' title='bbox 2406 882 2587 929; x_wconf 88' lang='lat' dir='ltr'><strong>nostra</strong></span> <span class='ocrx_word' id='word_1_536' title='bbox 2614 873 2861 928; x_wconf 89' lang='lat' dir='ltr'><strong>retribuit</strong></span> <span class='ocrx_word' id='word_1_537' title='bbox 2890 874 3063 929; x_wconf 89' lang='lat' dir='ltr'><strong>nobis.</strong></span> <span class='ocrx_word' id='word_1_538' title='bbox 3108 874 3373 939; x_wconf 85' lang='lat' dir='ltr'><strong>Quantum</strong></span> <span class='ocrx_word' id='word_1_539' title='bbox 3416 875 3584 933; x_wconf 80' lang='lat' dir='ltr'><strong>distat</strong></span> <span class='ocrx_word' id='word_1_540' title='bbox 3610 878 3774 934; x_wconf 81' lang='lat' dir='ltr'><strong>oriens</strong></span> 
     </span>
    </p>
   </div>
   <div class='ocr_carea' id='block_1_69' title="bbox 2164 966 3777 1036">
    <p class='ocr_par' dir='ltr' id='par_1_69' title="bbox 2164 966 3777 1036">
     <span class='ocr_line' id='line_1_69' title="bbox 2164 966 3777 1036; baseline 0.004 -16"><span class='ocrx_word' id='word_1_541' title='bbox 2164 966 2227 1020; x_wconf 88' lang='lat' dir='ltr'><strong>ab</strong></span> <span class='ocrx_word' id='word_1_542' title='bbox 2254 966 2505 1020; x_wconf 83' lang='lat' dir='ltr'><strong>occidente</strong></span> <span class='ocrx_word' id='word_1_543' title='bbox 2523 1007 2537 1030; x_wconf 89' lang='lat'><strong>,</strong></span> <span class='ocrx_word' id='word_1_544' title='bbox 2563 967 2710 1036; x_wconf 85' lang='lat' dir='ltr'><strong>longe</strong></span> <span class='ocrx_word' id='word_1_545' title='bbox 2733 966 2848 1036; x_wconf 77' lang='lat' dir='ltr'><strong>fecit</strong></span> <span class='ocrx_word' id='word_1_546' title='bbox 2877 982 2907 1018; x_wconf 91' lang='lat' dir='ltr'><strong>a</strong></span> <span class='ocrx_word' id='word_1_547' title='bbox 2933 966 3075 1021; x_wconf 86' lang='lat' dir='ltr'><strong>nobis</strong></span> <span class='ocrx_word' id='word_1_548' title='bbox 3102 976 3306 1035; x_wconf 84' lang='lat' dir='ltr'><strong>peccata</strong></span> <span class='ocrx_word' id='word_1_549' title='bbox 3333 976 3549 1021; x_wconf 89' lang='lat' dir='ltr'><strong>nostra.</strong></span> <span class='ocrx_word' id='word_1_550' title='bbox 3583 968 3777 1026; x_wconf 87' lang='lat' dir='ltr'><strong>Secun-</strong></span> 
     </span>
    </p>
   </div>
   <div class='ocr_carea' id='block_1_70' title="bbox 2166 1056 3775 1124">
    <p class='ocr_par' dir='ltr' id='par_1_70' title="bbox 2166 1056 3775 1124">
     <span class='ocr_line' id='line_1_70' title="bbox 2166 1056 3775 1124; baseline 0.004 -12"><span class='ocrx_word' id='word_1_551' title='bbox 2166 1056 2290 1112; x_wconf 92' lang='lat' dir='ltr'><strong>dum</strong></span> <span class='ocrx_word' id='word_1_552' title='bbox 2322 1057 2654 1112; x_wconf 89' lang='lat' dir='ltr'><strong>altitudinem</strong></span> <span class='ocrx_word' id='word_1_553' title='bbox 2684 1058 2804 1111; x_wconf 85' lang='lat' dir='ltr'><strong>coeli</strong></span> <span class='ocrx_word' id='word_1_554' title='bbox 2841 1072 2871 1111; x_wconf 88' lang='lat' dir='ltr'><strong>a</strong></span> <span class='ocrx_word' id='word_1_555' title='bbox 2904 1066 3078 1124; x_wconf 91' lang='lat' dir='ltr'><strong>terra,</strong></span> <span class='ocrx_word' id='word_1_556' title='bbox 3128 1058 3483 1113; x_wconf 87' lang='lat' dir='ltr'><strong>conﬁrmavit</strong></span> <span class='ocrx_word' id='word_1_557' title='bbox 3523 1059 3775 1120; x_wconf 90' lang='lat' dir='ltr'><strong>Dominus</strong></span> 
     </span>
    </p>
   </div>
   <div class='ocr_carea' id='block_1_71' title="bbox 2168 1148 3776 1223">
    <p class='ocr_par' dir='ltr' id='par_1_71' title="bbox 2168 1148 3776 1223">
     <span class='ocr_line' id='line_1_71' title="bbox 2168 1148 3776 1223; baseline 0.005 -20"><span class='ocrx_word' id='word_1_558' title='bbox 2168 1148 2584 1204; x_wconf 87' lang='lat' dir='ltr'><strong>misericordiam</strong></span> <span class='ocrx_word' id='word_1_559' title='bbox 2612 1164 2761 1204; x_wconf 91' lang='lat' dir='ltr'><strong>suam</strong></span> <span class='ocrx_word' id='word_1_560' title='bbox 2790 1164 2952 1217; x_wconf 89' lang='lat' dir='ltr'><strong>super</strong></span> <span class='ocrx_word' id='word_1_561' title='bbox 2995 1164 3111 1203; x_wconf 90' lang='lat' dir='ltr'><strong>nos.</strong></span> <span class='ocrx_word' id='word_1_562' title='bbox 3162 1150 3278 1204; x_wconf 77' lang='lat' dir='ltr'><strong>Dixi</strong></span> <span class='ocrx_word' id='word_1_563' title='bbox 3304 1167 3529 1222; x_wconf 88' lang='lat' dir='ltr'><strong>quare:</strong></span> <span class='ocrx_word' id='word_1_564' title='bbox 3563 1165 3776 1223; x_wconf 87' lang='lat' dir='ltr'><strong>propter</strong></span> 
     </span>
    </p>
   </div>
   <div class='ocr_carea' id='block_1_72' title="bbox 2170 1240 3777 1310">
    <p class='ocr_par' dir='ltr' id='par_1_72' title="bbox 2170 1240 3777 1310">
     <span class='ocr_line' id='line_1_72' title="bbox 2170 1240 3777 1310; baseline 0.005 -16"><span class='ocrx_word' id='word_1_565' title='bbox 2170 1241 2571 1310; x_wconf 88' lang='lat' dir='ltr'><strong>protectiouem.</strong></span> <span class='ocrx_word' id='word_1_566' title='bbox 2609 1240 2801 1297; x_wconf 80' lang='lat' dir='ltr'><strong>Unde?</strong></span> <span class='ocrx_word' id='word_1_567' title='bbox 2832 1241 3091 1306; x_wconf 84' lang='lat' dir='ltr'><strong>Quantum</strong></span> <span class='ocrx_word' id='word_1_568' title='bbox 3126 1244 3280 1297; x_wconf 82' lang='lat' dir='ltr'><strong>distat</strong></span> <span class='ocrx_word' id='word_1_569' title='bbox 3326 1245 3510 1299; x_wconf 87' lang='lat' dir='ltr'><strong>oriens</strong></span> <span class='ocrx_word' id='word_1_570' title='bbox 3549 1246 3615 1300; x_wconf 82' lang='lat' dir='ltr'><strong>ab</strong></span> <span class='ocrx_word' id='word_1_571' title='bbox 3650 1249 3777 1302; x_wconf 88' lang='lat' dir='ltr'><strong>occi-</strong></span> 
     </span>
    </p>
   </div>
   <div class='ocr_carea' id='block_1_73' title="bbox 2170 1332 3779 1406">
    <p class='ocr_par' dir='ltr' id='par_1_73' title="bbox 2170 1332 3779 1406">
     <span class='ocr_line' id='line_1_73' title="bbox 2170 1332 3779 1406; baseline 0.005 -19"><span class='ocrx_word' id='word_1_572' title='bbox 2170 1332 2343 1400; x_wconf 88' lang='lat' dir='ltr'><strong>dente,</strong></span> <span class='ocrx_word' id='word_1_573' title='bbox 2374 1333 2521 1403; x_wconf 88' lang='lat' dir='ltr'><strong>longe</strong></span> <span class='ocrx_word' id='word_1_574' title='bbox 2545 1335 2659 1404; x_wconf 79' lang='lat' dir='ltr'><strong>fecit</strong></span> <span class='ocrx_word' id='word_1_575' title='bbox 2685 1348 2803 1389; x_wconf 89' lang='lat' dir='ltr'><strong>esse</strong></span> <span class='ocrx_word' id='word_1_576' title='bbox 2822 1351 2855 1387; x_wconf 89' lang='lat' dir='ltr'><strong>a</strong></span> <span class='ocrx_word' id='word_1_577' title='bbox 2877 1336 3019 1389; x_wconf 81' lang='lat' dir='ltr'><strong>nobis</strong></span> <span class='ocrx_word' id='word_1_578' title='bbox 3044 1347 3247 1406; x_wconf 80' lang='lat' dir='ltr'><strong>peccata</strong></span> <span class='ocrx_word' id='word_1_579' title='bbox 3270 1345 3480 1391; x_wconf 86' lang='lat' dir='ltr'><strong>nostra.</strong></span> <span class='ocrx_word' id='word_1_580' title='bbox 3505 1336 3779 1395; x_wconf 89' lang='lat' dir='ltr'><strong>Noverunt</strong></span> 
     </span>
    </p>
   </div>
   <div class='ocr_carea' id='block_1_74' title="bbox 2170 1426 3779 1498">
    <p class='ocr_par' dir='ltr' id='par_1_74' title="bbox 2170 1426 3779 1498">
     <span class='ocr_line' id='line_1_74' title="bbox 2170 1426 3779 1498; baseline 0.004 -19"><span class='ocrx_word' id='word_1_581' title='bbox 2170 1426 2261 1495; x_wconf 92' lang='lat' dir='ltr'><strong>qui</strong></span> <span class='ocrx_word' id='word_1_582' title='bbox 2305 1436 2638 1481; x_wconf 87' lang='lat' dir='ltr'><strong>sacramenta</strong></span> <span class='ocrx_word' id='word_1_583' title='bbox 2685 1426 2898 1492; x_wconf 90' lang='lat' dir='ltr'><strong>sciunt;</strong></span> <span class='ocrx_word' id='word_1_584' title='bbox 2935 1435 3111 1482; x_wconf 89' lang='lat' dir='ltr'><strong>tamen</strong></span> <span class='ocrx_word' id='word_1_585' title='bbox 3159 1427 3301 1498; x_wconf 88' lang='lat' dir='ltr'><strong>quod</strong></span> <span class='ocrx_word' id='word_1_586' title='bbox 3354 1443 3558 1484; x_wconf 87' lang='lat' dir='ltr'><strong>omnes</strong></span> <span class='ocrx_word' id='word_1_587' title='bbox 3598 1430 3779 1487; x_wconf 84' lang='lat' dir='ltr'><strong>audire</strong></span> 
     </span>
    </p>
   </div>
   <div class='ocr_carea' id='block_1_75' title="bbox 2176 1517 3777 1588">
    <p class='ocr_par' dir='ltr' id='par_1_75' title="bbox 2176 1517 3777 1588">
     <span class='ocr_line' id='line_1_75' title="bbox 2176 1517 3777 1588; baseline 0.004 -17"><span class='ocrx_word' id='word_1_588' title='bbox 2176 1526 2395 1588; x_wconf 91' lang='lat' dir='ltr'><strong>possunt</strong></span> <span class='ocrx_word' id='word_1_589' title='bbox 2420 1517 2558 1573; x_wconf 89' lang='lat' dir='ltr'><strong>dico.</strong></span> <span class='ocrx_word' id='word_1_590' title='bbox 2591 1517 2814 1583; x_wconf 87' lang='lat' dir='ltr'><strong>Quando</strong></span> <span class='ocrx_word' id='word_1_591' title='bbox 2841 1527 3115 1587; x_wconf 90' lang='lat' dir='ltr'><strong>peccatum</strong></span> <span class='ocrx_word' id='word_1_592' title='bbox 3150 1519 3459 1573; x_wconf 88' lang='lat' dir='ltr'><strong>remittitur</strong></span> <span class='ocrx_word' id='word_1_593' title='bbox 3481 1561 3498 1586; x_wconf 89' lang='lat'><strong>,</strong></span> <span class='ocrx_word' id='word_1_594' title='bbox 3531 1521 3777 1577; x_wconf 90' lang='lat' dir='ltr'><strong>occidunt</strong></span> 
     </span>
    </p>
   </div>
   <div class='ocr_carea' id='block_1_76' title="bbox 2175 1609 3776 1683">
    <p class='ocr_par' dir='ltr' id='par_1_76' title="bbox 2175 1609 3776 1683">
     <span class='ocr_line' id='line_1_76' title="bbox 2175 1609 3776 1683; baseline 0.004 -22"><span class='ocrx_word' id='word_1_595' title='bbox 2175 1616 2388 1679; x_wconf 86' lang='lat' dir='ltr'><strong>peccata</strong></span> <span class='ocrx_word' id='word_1_596' title='bbox 2418 1617 2503 1662; x_wconf 88' lang='lat' dir='ltr'><strong>tua</strong></span> <span class='ocrx_word' id='word_1_597' title='bbox 2524 1650 2537 1674; x_wconf 94' lang='lat'><strong>,</strong></span> <span class='ocrx_word' id='word_1_598' title='bbox 2571 1609 2743 1663; x_wconf 91' lang='lat' dir='ltr'><strong>oritur</strong></span> <span class='ocrx_word' id='word_1_599' title='bbox 2768 1610 2936 1679; x_wconf 89' lang='lat' dir='ltr'><strong>gratia</strong></span> <span class='ocrx_word' id='word_1_600' title='bbox 2975 1619 3062 1663; x_wconf 91' lang='lat' dir='ltr'><strong>tua</strong></span> <span class='ocrx_word' id='word_1_601' title='bbox 3089 1628 3102 1664; x_wconf 93' lang='lat'><strong>:</strong></span> <span class='ocrx_word' id='word_1_602' title='bbox 3130 1620 3352 1679; x_wconf 85' lang='lat' dir='ltr'><strong>peccata</strong></span> <span class='ocrx_word' id='word_1_603' title='bbox 3398 1622 3495 1665; x_wconf 87' lang='lat' dir='ltr'><strong>tua</strong></span> <span class='ocrx_word' id='word_1_604' title='bbox 3530 1622 3776 1683; x_wconf 88' lang='lat' dir='ltr'><strong>tanquam</strong></span> 
     </span>
    </p>
   </div>
   <div class='ocr_carea' id='block_1_77' title="bbox 2175 1699 3775 1770">
    <p class='ocr_par' dir='ltr' id='par_1_77' title="bbox 2175 1699 3775 1770">
     <span class='ocr_line' id='line_1_77' title="bbox 2175 1699 3775 1770; baseline 0.003 -16"><span class='ocrx_word' id='word_1_605' title='bbox 2175 1699 2228 1754; x_wconf 92' lang='lat' dir='ltr'><strong>in</strong></span> <span class='ocrx_word' id='word_1_606' title='bbox 2251 1714 2442 1754; x_wconf 89' lang='lat' dir='ltr'><strong>occasu</strong></span> <span class='ocrx_word' id='word_1_607' title='bbox 2468 1708 2623 1765; x_wconf 91' lang='lat' dir='ltr'><strong>sunt;</strong></span> <span class='ocrx_word' id='word_1_608' title='bbox 2652 1701 2818 1769; x_wconf 89' lang='lat' dir='ltr'><strong>gratia</strong></span> <span class='ocrx_word' id='word_1_609' title='bbox 2846 1715 2947 1770; x_wconf 89' lang='lat' dir='ltr'><strong>qua</strong></span> <span class='ocrx_word' id='word_1_610' title='bbox 2975 1700 3223 1756; x_wconf 85' lang='lat' dir='ltr'><strong>liberaris</strong></span> <span class='ocrx_word' id='word_1_611' title='bbox 3251 1745 3265 1768; x_wconf 95' lang='lat'><strong>,</strong></span> <span class='ocrx_word' id='word_1_612' title='bbox 3298 1702 3358 1755; x_wconf 92' lang='lat' dir='ltr'><strong>in</strong></span> <span class='ocrx_word' id='word_1_613' title='bbox 3387 1711 3515 1756; x_wconf 89' lang='lat' dir='ltr'><strong>ortu</strong></span> <span class='ocrx_word' id='word_1_614' title='bbox 3545 1713 3649 1758; x_wconf 87' lang='lat' dir='ltr'><strong>est.</strong></span> <span class='ocrx_word' id='word_1_615' title='bbox 3682 1704 3775 1759; x_wconf 86' lang='lat' dir='ltr'><strong>Ve-</strong></span> 
     </span>
    </p>
   </div>
   <div class='ocr_carea' id='block_1_78' title="bbox 2175 1794 3775 1867">
    <p class='ocr_par' dir='ltr' id='par_1_78' title="bbox 2175 1794 3775 1867">
     <span class='ocr_line' id='line_1_78' title="bbox 2175 1794 3775 1867; baseline 0.003 -20"><span class='ocrx_word' id='word_1_616' title='bbox 2175 1801 2297 1849; x_wconf 85' lang='lat' dir='ltr'><strong>ritas</strong></span> <span class='ocrx_word' id='word_1_617' title='bbox 2323 1796 2384 1848; x_wconf 86' lang='lat' dir='ltr'><strong>de</strong></span> <span class='ocrx_word' id='word_1_618' title='bbox 2413 1804 2544 1849; x_wconf 83' lang='lat' dir='ltr'><strong>terra</strong></span> <span class='ocrx_word' id='word_1_619' title='bbox 2581 1804 2693 1849; x_wconf 89' lang='lat' dir='ltr'><strong>orta</strong></span> <span class='ocrx_word' id='word_1_620' title='bbox 2721 1805 2791 1849; x_wconf 88' lang='lat' dir='ltr'><strong>est</strong></span> <span class='ocrx_word' id='word_1_621' title='bbox 2821 1794 3003 1864; x_wconf 86' lang='lat' dir='ltr'><strong>(Psal.</strong></span> <span class='ocrx_word' id='word_1_622' title='bbox 3036 1810 3269 1863; x_wconf 79' lang='lat' dir='ltr'><strong>Lxmv,</strong></span> <span class='ocrx_word' id='word_1_623' title='bbox 3316 1796 3455 1867; x_wconf 73' lang='lat'><strong>12).</strong></span> <span class='ocrx_word' id='word_1_624' title='bbox 3488 1796 3631 1863; x_wconf 89' lang='lat' dir='ltr'><strong>Quid</strong></span> <span class='ocrx_word' id='word_1_625' title='bbox 3667 1806 3775 1860; x_wconf 84' lang='lat' dir='ltr'><strong>est.</strong></span> 
     </span>
    </p>
   </div>
   <div class='ocr_carea' id='block_1_79' title="bbox 2188 1885 3778 1958">
    <p class='ocr_par' dir='ltr' id='par_1_79' title="bbox 2188 1885 3778 1958">
     <span class='ocr_line' id='line_1_79' title="bbox 2188 1885 3778 1958; baseline 0.004 -19"><span class='ocrx_word' id='word_1_626' title='bbox 2188 1885 2379 1940; x_wconf 81' lang='lat' dir='ltr'><strong>Veritas</strong></span> <span class='ocrx_word' id='word_1_627' title='bbox 2400 1886 2462 1940; x_wconf 89' lang='lat' dir='ltr'><strong>de</strong></span> <span class='ocrx_word' id='word_1_628' title='bbox 2489 1897 2622 1940; x_wconf 89' lang='lat' dir='ltr'><strong>terra</strong></span> <span class='ocrx_word' id='word_1_629' title='bbox 2642 1896 2754 1941; x_wconf 88' lang='lat' dir='ltr'><strong>orta</strong></span> <span class='ocrx_word' id='word_1_630' title='bbox 2770 1896 2843 1942; x_wconf 88' lang='lat' dir='ltr'><strong>est</strong></span> <span class='ocrx_word' id='word_1_631' title='bbox 2864 1887 2889 1940; x_wconf 69' lang='lat'><strong>.9</strong></span> <span class='ocrx_word' id='word_1_632' title='bbox 2918 1886 3047 1941; x_wconf 89' lang='lat' dir='ltr'><strong>Nata</strong></span> <span class='ocrx_word' id='word_1_633' title='bbox 3074 1896 3157 1941; x_wconf 90' lang='lat' dir='ltr'><strong>est</strong></span> <span class='ocrx_word' id='word_1_634' title='bbox 3185 1888 3360 1958; x_wconf 87' lang='lat' dir='ltr'><strong>gratia</strong></span> <span class='ocrx_word' id='word_1_635' title='bbox 3395 1898 3511 1956; x_wconf 89' lang='lat' dir='ltr'><strong>tua,</strong></span> <span class='ocrx_word' id='word_1_636' title='bbox 3535 1889 3778 1946; x_wconf 79' lang='lat' dir='ltr'><strong>occidunt</strong></span> 
     </span>
    </p>
   </div>
   <div class='ocr_carea' id='block_1_80' title="bbox 2178 1979 3779 2051">
    <p class='ocr_par' dir='ltr' id='par_1_80' title="bbox 2178 1979 3779 2051">
     <span class='ocr_line' id='line_1_80' title="bbox 2178 1979 3779 2051; baseline 0.002 -17"><span class='ocrx_word' id='word_1_637' title='bbox 2178 1989 2390 2050; x_wconf 88' lang='lat' dir='ltr'><strong>peccata</strong></span> <span class='ocrx_word' id='word_1_638' title='bbox 2421 1988 2528 2046; x_wconf 89' lang='lat' dir='ltr'><strong>tua,</strong></span> <span class='ocrx_word' id='word_1_639' title='bbox 2551 1981 2820 2035; x_wconf 85' lang='lat' dir='ltr'><strong>iunovaris</strong></span> <span class='ocrx_word' id='word_1_640' title='bbox 2844 1979 3257 2051; x_wconf 88' lang='lat' dir='ltr'><strong>quodammodo.</strong></span> <span class='ocrx_word' id='word_1_641' title='bbox 3279 1980 3368 2035; x_wconf 86' lang='lat' dir='ltr'><strong>Ad</strong></span> <span class='ocrx_word' id='word_1_642' title='bbox 3401 1990 3587 2036; x_wconf 91' lang='lat' dir='ltr'><strong>ortum</strong></span> <span class='ocrx_word' id='word_1_643' title='bbox 3614 1991 3779 2038; x_wconf 87' lang='lat' dir='ltr'><strong>atten-</strong></span> 
     </span>
    </p>
   </div>
   <div class='ocr_carea' id='block_1_81' title="bbox 2178 2072 3775 2143">
    <p class='ocr_par' dir='ltr' id='par_1_81' title="bbox 2178 2072 3775 2143">
     <span class='ocr_line' id='line_1_81' title="bbox 2178 2072 3775 2143; baseline 0.002 -16"><span class='ocrx_word' id='word_1_644' title='bbox 2178 2073 2305 2128; x_wconf 85' lang='lat' dir='ltr'><strong>dere</strong></span> <span class='ocrx_word' id='word_1_645' title='bbox 2332 2072 2496 2128; x_wconf 89' lang='lat' dir='ltr'><strong>debes</strong></span> <span class='ocrx_word' id='word_1_646' title='bbox 2515 2114 2531 2140; x_wconf 90' lang='lat'><strong>,</strong></span> <span class='ocrx_word' id='word_1_647' title='bbox 2574 2073 2641 2127; x_wconf 91' lang='lat' dir='ltr'><strong>ab</strong></span> <span class='ocrx_word' id='word_1_648' title='bbox 2667 2087 2858 2127; x_wconf 88' lang='lat' dir='ltr'><strong>occasu</strong></span> <span class='ocrx_word' id='word_1_649' title='bbox 2890 2074 3055 2127; x_wconf 88' lang='lat' dir='ltr'><strong>averti</strong></span> <span class='ocrx_word' id='word_1_650' title='bbox 3080 2072 3265 2127; x_wconf 88' lang='lat' dir='ltr'><strong>debes.</strong></span> <span class='ocrx_word' id='word_1_651' title='bbox 3298 2075 3571 2128; x_wconf 82' lang='lat' dir='ltr'><strong>Avertere</strong></span> <span class='ocrx_word' id='word_1_652' title='bbox 3600 2088 3629 2127; x_wconf 91' lang='lat' dir='ltr'><strong>a</strong></span> <span class='ocrx_word' id='word_1_653' title='bbox 3655 2088 3775 2143; x_wconf 78' lang='lat' dir='ltr'><strong>pec-</strong></span> 
     </span>
    </p>
   </div>
   <div class='ocr_carea' id='block_1_82' title="bbox 2179 2164 3778 2234">
    <p class='ocr_par' dir='ltr' id='par_1_82' title="bbox 2179 2164 3778 2234">
     <span class='ocr_line' id='line_1_82' title="bbox 2179 2164 3778 2234; baseline 0.001 -16"><span class='ocrx_word' id='word_1_654' title='bbox 2179 2165 2310 2219; x_wconf 91' lang='lat' dir='ltr'><strong>catis</strong></span> <span class='ocrx_word' id='word_1_655' title='bbox 2340 2164 2444 2218; x_wconf 89' lang='lat' dir='ltr'><strong>tuis</strong></span> <span class='ocrx_word' id='word_1_656' title='bbox 2467 2206 2482 2229; x_wconf 90' lang='lat'><strong>,</strong></span> <span class='ocrx_word' id='word_1_657' title='bbox 2529 2174 2841 2219; x_wconf 89' lang='lat' dir='ltr'><strong>convertere</strong></span> <span class='ocrx_word' id='word_1_658' title='bbox 2867 2164 2933 2218; x_wconf 91' lang='lat' dir='ltr'><strong>ad</strong></span> <span class='ocrx_word' id='word_1_659' title='bbox 2959 2164 3181 2234; x_wconf 83' lang='lat' dir='ltr'><strong>gratiam</strong></span> <span class='ocrx_word' id='word_1_660' title='bbox 3216 2164 3309 2219; x_wconf 90' lang='lat' dir='ltr'><strong>Dei</strong></span> <span class='ocrx_word' id='word_1_661' title='bbox 3340 2180 3356 2229; x_wconf 91' lang='lat'><strong>;</strong></span> <span class='ocrx_word' id='word_1_662' title='bbox 3403 2165 3512 2219; x_wconf 93' lang='lat' dir='ltr'><strong>illis</strong></span> <span class='ocrx_word' id='word_1_663' title='bbox 3537 2165 3778 2221; x_wconf 82' lang='lat' dir='ltr'><strong>occiden-</strong></span> 
     </span>
    </p>
   </div>
   <div class='ocr_carea' id='block_1_83' title="bbox 2182 2254 3770 2326">
    <p class='ocr_par' dir='ltr' id='par_1_83' title="bbox 2182 2254 3770 2326">
     <span class='ocr_line' id='line_1_83' title="bbox 2182 2254 3770 2326; baseline 0 -16"><span class='ocrx_word' id='word_1_664' title='bbox 2182 2255 2320 2310; x_wconf 91' lang='lat' dir='ltr'><strong>tibus</strong></span> <span class='ocrx_word' id='word_1_665' title='bbox 2345 2254 2545 2325; x_wconf 83' lang='lat' dir='ltr'><strong>surgis,</strong></span> <span class='ocrx_word' id='word_1_666' title='bbox 2578 2264 2631 2309; x_wconf 90' lang='lat' dir='ltr'><strong>et</strong></span> <span class='ocrx_word' id='word_1_667' title='bbox 2658 2254 2889 2323; x_wconf 88' lang='lat' dir='ltr'><strong>proﬁcis.</strong></span> <span class='ocrx_word' id='word_1_668' title='bbox 2938 2254 3042 2309; x_wconf 86' lang='lat' dir='ltr'><strong>Sed</strong></span> <span class='ocrx_word' id='word_1_669' title='bbox 3088 2267 3210 2325; x_wconf 86' lang='lat' dir='ltr'><strong>pars</strong></span> <span class='ocrx_word' id='word_1_670' title='bbox 3251 2255 3381 2310; x_wconf 64' lang='lat' dir='ltr'><strong>caeli</strong></span> <span class='ocrx_word' id='word_1_671' title='bbox 3421 2271 3547 2326; x_wconf 75' lang='lat' dir='ltr'><strong>qua:</strong></span> <span class='ocrx_word' id='word_1_672' title='bbox 3577 2257 3770 2325; x_wconf 89' lang='lat' dir='ltr'><strong>surgit,</strong></span> 
     </span>
    </p>
   </div>
   <div class='ocr_carea' id='block_1_84' title="bbox 2184 2344 3775 2417">
    <p class='ocr_par' dir='ltr' id='par_1_84' title="bbox 2184 2344 3775 2417">
     <span class='ocr_line' id='line_1_84' title="bbox 2184 2344 3775 2417; baseline 0.001 -16"><span class='ocrx_word' id='word_1_673' title='bbox 2184 2361 2391 2401; x_wconf 89' lang='lat' dir='ltr'><strong>rursum</strong></span> <span class='ocrx_word' id='word_1_674' title='bbox 2424 2347 2475 2399; x_wconf 92' lang='lat' dir='ltr'><strong>in</strong></span> <span class='ocrx_word' id='word_1_675' title='bbox 2506 2360 2754 2401; x_wconf 88' lang='lat' dir='ltr'><strong>occasum</strong></span> <span class='ocrx_word' id='word_1_676' title='bbox 2786 2346 2844 2399; x_wconf 94' lang='lat' dir='ltr'><strong>it.</strong></span> <span class='ocrx_word' id='word_1_677' title='bbox 2887 2344 3000 2399; x_wconf 88' lang='lat' dir='ltr'><strong>Non</strong></span> <span class='ocrx_word' id='word_1_678' title='bbox 3033 2345 3413 2417; x_wconf 87' lang='lat' dir='ltr'><strong>undecumque</strong></span> <span class='ocrx_word' id='word_1_679' title='bbox 3447 2356 3672 2415; x_wconf 88' lang='lat' dir='ltr'><strong>possunt</strong></span> <span class='ocrx_word' id='word_1_680' title='bbox 3707 2348 3775 2403; x_wconf 83' lang='lat' dir='ltr'><strong>si-</strong></span> 
     </span>
    </p>
   </div>
   <div class='ocr_carea' id='block_1_85' title="bbox 2183 2435 3773 2508">
    <p class='ocr_par' dir='ltr' id='par_1_85' title="bbox 2183 2435 3773 2508">
     <span class='ocr_line' id='line_1_85' title="bbox 2183 2435 3773 2508; baseline 0.003 -17"><span class='ocrx_word' id='word_1_681' title='bbox 2183 2436 2508 2491; x_wconf 90' lang='lat' dir='ltr'><strong>militudines</strong></span> <span class='ocrx_word' id='word_1_682' title='bbox 2529 2437 2647 2492; x_wconf 89' lang='lat' dir='ltr'><strong>duci</strong></span> <span class='ocrx_word' id='word_1_683' title='bbox 2670 2436 2736 2490; x_wconf 88' lang='lat' dir='ltr'><strong>ad</strong></span> <span class='ocrx_word' id='word_1_684' title='bbox 2760 2435 3071 2505; x_wconf 82' lang='lat' dir='ltr'><strong>perlectum,</strong></span> <span class='ocrx_word' id='word_1_685' title='bbox 3095 2447 3326 2507; x_wconf 90' lang='lat' dir='ltr'><strong>possunt</strong></span> <span class='ocrx_word' id='word_1_686' title='bbox 3348 2438 3635 2493; x_wconf 90' lang='lat' dir='ltr'><strong>collineari</strong></span> <span class='ocrx_word' id='word_1_687' title='bbox 3656 2439 3773 2508; x_wconf 73' lang='lat' dir='ltr'><strong>ipsa:</strong></span> 
     </span>
    </p>
   </div>
   <div class='ocr_carea' id='block_1_86' title="bbox 2183 2527 3773 2600">
    <p class='ocr_par' dir='ltr' id='par_1_86' title="bbox 2183 2527 3773 2600">
     <span class='ocr_line' id='line_1_86' title="bbox 2183 2527 3773 2600; baseline 0 -17"><span class='ocrx_word' id='word_1_688' title='bbox 2183 2543 2268 2584; x_wconf 91' lang='lat' dir='ltr'><strong>res</strong></span> <span class='ocrx_word' id='word_1_689' title='bbox 2296 2528 2455 2583; x_wconf 87' lang='lat' dir='ltr'><strong>rebus</strong></span> <span class='ocrx_word' id='word_1_690' title='bbox 2483 2528 2549 2581; x_wconf 88' lang='lat' dir='ltr'><strong>ad</strong></span> <span class='ocrx_word' id='word_1_691' title='bbox 2577 2542 2708 2598; x_wconf 88' lang='lat' dir='ltr'><strong>quas</strong></span> <span class='ocrx_word' id='word_1_692' title='bbox 2732 2527 3054 2583; x_wconf 88' lang='lat' dir='ltr'><strong>adhibentur</strong></span> <span class='ocrx_word' id='word_1_693' title='bbox 3083 2546 3096 2582; x_wconf 88' lang='lat'><strong>:</strong></span> <span class='ocrx_word' id='word_1_694' title='bbox 3130 2530 3265 2585; x_wconf 92' lang='lat' dir='ltr'><strong>sicut</strong></span> <span class='ocrx_word' id='word_1_695' title='bbox 3291 2529 3435 2585; x_wconf 83' lang='lat' dir='ltr'><strong>dixit</strong></span> <span class='ocrx_word' id='word_1_696' title='bbox 3465 2530 3534 2585; x_wconf 88' lang='lat' dir='ltr'><strong>de</strong></span> <span class='ocrx_word' id='word_1_697' title='bbox 3575 2531 3738 2600; x_wconf 85' lang='lat' dir='ltr'><strong>aquila</strong></span> <span class='ocrx_word' id='word_1_698' title='bbox 3758 2574 3773 2598; x_wconf 88' lang='lat'><strong>,</strong></span> 
     </span>
    </p>
   </div>
   <div class='ocr_carea' id='block_1_87' title="bbox 2183 2620 3769 2691">
    <p class='ocr_par' dir='ltr' id='par_1_87' title="bbox 2183 2620 3769 2691">
     <span class='ocr_line' id='line_1_87' title="bbox 2183 2620 3769 2691; baseline 0 -15"><span class='ocrx_word' id='word_1_699' title='bbox 2183 2623 2320 2677; x_wconf 91' lang='lat' dir='ltr'><strong>sicut</strong></span> <span class='ocrx_word' id='word_1_700' title='bbox 2371 2620 2438 2676; x_wconf 93' lang='lat' dir='ltr'><strong>de</strong></span> <span class='ocrx_word' id='word_1_701' title='bbox 2481 2621 2603 2675; x_wconf 88' lang='lat' dir='ltr'><strong>luna</strong></span> <span class='ocrx_word' id='word_1_702' title='bbox 2630 2662 2645 2688; x_wconf 94' lang='lat'><strong>,</strong></span> <span class='ocrx_word' id='word_1_703' title='bbox 2688 2620 2767 2677; x_wconf 89' lang='lat' dir='ltr'><strong>sic</strong></span> <span class='ocrx_word' id='word_1_704' title='bbox 2806 2630 2859 2676; x_wconf 90' lang='lat' dir='ltr'><strong>et</strong></span> <span class='ocrx_word' id='word_1_705' title='bbox 2890 2620 2994 2675; x_wconf 92' lang='lat' dir='ltr'><strong>hic.</strong></span> <span class='ocrx_word' id='word_1_706' title='bbox 3042 2621 3245 2677; x_wconf 89' lang='lat' dir='ltr'><strong>Occidit</strong></span> <span class='ocrx_word' id='word_1_707' title='bbox 3289 2637 3427 2691; x_wconf 88' lang='lat' dir='ltr'><strong>pars</strong></span> <span class='ocrx_word' id='word_1_708' title='bbox 3478 2638 3581 2677; x_wconf 88' lang='lat' dir='ltr'><strong>una</strong></span> <span class='ocrx_word' id='word_1_709' title='bbox 3622 2622 3769 2689; x_wconf 64' lang='lat' dir='ltr'><strong>celi,</strong></span> 
     </span>
    </p>
   </div>
   <div class='ocr_carea' id='block_1_88' title="bbox 2183 2712 3773 2784">
    <p class='ocr_par' dir='ltr' id='par_1_88' title="bbox 2183 2712 3773 2784">
     <span class='ocr_line' id='line_1_88' title="bbox 2183 2712 3773 2784; baseline 0.002 -17"><span class='ocrx_word' id='word_1_710' title='bbox 2183 2714 2351 2768; x_wconf 92' lang='lat' dir='ltr'><strong>oritur</strong></span> <span class='ocrx_word' id='word_1_711' title='bbox 2376 2712 2539 2767; x_wconf 91' lang='lat' dir='ltr'><strong>altera</strong></span> <span class='ocrx_word' id='word_1_712' title='bbox 2573 2730 2585 2765; x_wconf 91' lang='lat'><strong>:</strong></span> <span class='ocrx_word' id='word_1_713' title='bbox 2610 2712 2703 2766; x_wconf 89' lang='lat' dir='ltr'><strong>sed</strong></span> <span class='ocrx_word' id='word_1_714' title='bbox 2734 2727 2856 2780; x_wconf 89' lang='lat' dir='ltr'><strong>pars</strong></span> <span class='ocrx_word' id='word_1_715' title='bbox 2884 2728 3002 2782; x_wconf 82' lang='lat' dir='ltr'><strong>quae</strong></span> <span class='ocrx_word' id='word_1_716' title='bbox 3025 2713 3193 2767; x_wconf 92' lang='lat' dir='ltr'><strong>oritur</strong></span> <span class='ocrx_word' id='word_1_717' title='bbox 3215 2713 3417 2777; x_wconf 89' lang='lat' dir='ltr'><strong>modo,</strong></span> <span class='ocrx_word' id='word_1_718' title='bbox 3444 2723 3564 2784; x_wconf 89' lang='lat' dir='ltr'><strong>post</strong></span> <span class='ocrx_word' id='word_1_719' title='bbox 3587 2713 3773 2770; x_wconf 90' lang='lat' dir='ltr'><strong>duode-</strong></span> 
     </span>
    </p>
   </div>
   <div class='ocr_carea' id='block_1_89' title="bbox 2184 2806 3771 2877">
    <p class='ocr_par' dir='ltr' id='par_1_89' title="bbox 2184 2806 3771 2877">
     <span class='ocr_line' id='line_1_89' title="bbox 2184 2806 3771 2877; baseline -0.002 -13"><span class='ocrx_word' id='word_1_720' title='bbox 2184 2808 2285 2864; x_wconf 89' lang='lat' dir='ltr'><strong>cim</strong></span> <span class='ocrx_word' id='word_1_721' title='bbox 2317 2807 2475 2861; x_wconf 88' lang='lat' dir='ltr'><strong>horas</strong></span> <span class='ocrx_word' id='word_1_722' title='bbox 2503 2820 2757 2862; x_wconf 89' lang='lat' dir='ltr'><strong>occasura</strong></span> <span class='ocrx_word' id='word_1_723' title='bbox 2788 2814 2889 2861; x_wconf 91' lang='lat' dir='ltr'><strong>est.</strong></span> <span class='ocrx_word' id='word_1_724' title='bbox 2916 2806 3030 2861; x_wconf 86' lang='lat' dir='ltr'><strong>Non</strong></span> <span class='ocrx_word' id='word_1_725' title='bbox 3061 2808 3136 2861; x_wconf 89' lang='lat' dir='ltr'><strong>sic</strong></span> <span class='ocrx_word' id='word_1_726' title='bbox 3166 2815 3246 2861; x_wconf 90' lang='lat' dir='ltr'><strong>est</strong></span> <span class='ocrx_word' id='word_1_727' title='bbox 3279 2808 3459 2877; x_wconf 89' lang='lat' dir='ltr'><strong>gratia</strong></span> <span class='ocrx_word' id='word_1_728' title='bbox 3492 2822 3610 2877; x_wconf 71' lang='lat' dir='ltr'><strong>qua:</strong></span> <span class='ocrx_word' id='word_1_729' title='bbox 3632 2808 3771 2862; x_wconf 86' lang='lat' dir='ltr'><strong>nobis</strong></span> 
     </span>
    </p>
   </div>
   <div class='ocr_carea' id='block_1_90' title="bbox 2185 2899 3769 2972">
    <p class='ocr_par' dir='ltr' id='par_1_90' title="bbox 2185 2899 3769 2972">
     <span class='ocr_line' id='line_1_90' title="bbox 2185 2899 3769 2972; baseline -0.001 -17"><span class='ocrx_word' id='word_1_730' title='bbox 2185 2900 2353 2955; x_wconf 89' lang='lat' dir='ltr'><strong>oritur</strong></span> <span class='ocrx_word' id='word_1_731' title='bbox 2383 2918 2395 2953; x_wconf 78' lang='grc' dir='ltr'><strong>ε</strong></span> <span class='ocrx_word' id='word_1_732' title='bbox 2425 2909 2479 2955; x_wconf 85' lang='grc' dir='ltr'><strong>ει</strong></span> <span class='ocrx_word' id='word_1_733' title='bbox 2508 2909 2723 2970; x_wconf 88' lang='lat' dir='ltr'><strong>peccata</strong></span> <span class='ocrx_word' id='word_1_734' title='bbox 2761 2900 2813 2954; x_wconf 92' lang='lat' dir='ltr'><strong>in</strong></span> <span class='ocrx_word' id='word_1_735' title='bbox 2844 2907 3102 2955; x_wconf 62' lang='lat' dir='ltr'><strong>aeternum</strong></span> <span class='ocrx_word' id='word_1_736' title='bbox 3131 2899 3417 2966; x_wconf 85' lang='lat' dir='ltr'><strong>occidunt,</strong></span> <span class='ocrx_word' id='word_1_737' title='bbox 3451 2909 3507 2956; x_wconf 87' lang='lat' dir='ltr'><strong>et</strong></span> <span class='ocrx_word' id='word_1_738' title='bbox 3536 2902 3696 2972; x_wconf 86' lang='lat' dir='ltr'><strong>gratia</strong></span> <span class='ocrx_word' id='word_1_739' title='bbox 3725 2901 3769 2955; x_wconf 89' lang='lat' dir='ltr'><strong>in</strong></span> 
     </span>
    </p>
   </div>
   <div class='ocr_carea' id='block_1_91' title="bbox 2187 3001 2671 3048">
    <p class='ocr_par' dir='ltr' id='par_1_91' title="bbox 2187 3001 2671 3048">
     <span class='ocr_line' id='line_1_91' title="bbox 2187 3001 2671 3048; baseline -0.004 0"><span class='ocrx_word' id='word_1_740' title='bbox 2187 3001 2441 3048; x_wconf 64' lang='lat' dir='ltr'><strong>internum</strong></span> <span class='ocrx_word' id='word_1_741' title='bbox 2472 3001 2671 3048; x_wconf 88' lang='lat' dir='ltr'><strong>manet.</strong></span> 
     </span>
    </p>
   </div>
   <div class='ocr_carea' id='block_1_92' title="bbox 2256 3084 3768 3160">
    <p class='ocr_par' dir='ltr' id='par_1_92' title="bbox 2256 3084 3768 3160">
     <span class='ocr_line' id='line_1_92' title="bbox 2256 3084 3768 3160; baseline 0 -21"><span class='ocrx_word' id='word_1_742' title='bbox 2256 3086 2345 3141; x_wconf 73' lang='grc'><strong>20.</strong></span> <span class='ocrx_word' id='word_1_743' title='bbox 2373 3084 2538 3158; x_wconf 61' lang='lat' dir='ltr'><strong>[vers</strong></span> <span class='ocrx_word' id='word_1_744' title='bbox 2572 3085 2693 3160; x_wconf 79' lang='lat'><strong>15.]</strong></span> <span class='ocrx_word' id='word_1_745' title='bbox 2722 3085 2896 3154; x_wconf 89' lang='lat' dir='ltr'><strong>Quare</strong></span> <span class='ocrx_word' id='word_1_746' title='bbox 2925 3094 3123 3151; x_wconf 87' lang='lat' dir='ltr'><strong>autem,</strong></span> <span class='ocrx_word' id='word_1_747' title='bbox 3154 3086 3421 3152; x_wconf 83' lang='lat' dir='ltr'><strong>Quantum</strong></span> <span class='ocrx_word' id='word_1_748' title='bbox 3443 3087 3599 3141; x_wconf 85' lang='lat' dir='ltr'><strong>distat</strong></span> <span class='ocrx_word' id='word_1_749' title='bbox 3620 3087 3768 3139; x_wconf 78' lang='lat' dir='ltr'><strong>oriens</strong></span> 
     </span>
    </p>
   </div>
   <div class='ocr_carea' id='block_1_93' title="bbox 2188 3176 3763 3248">
    <p class='ocr_par' dir='ltr' id='par_1_93' title="bbox 2188 3176 3763 3248">
     <span class='ocr_line' id='line_1_93' title="bbox 2188 3176 3763 3248; baseline -0.001 -18"><span class='ocrx_word' id='word_1_750' title='bbox 2188 3176 2250 3230; x_wconf 88' lang='lat' dir='ltr'><strong>ab</strong></span> <span class='ocrx_word' id='word_1_751' title='bbox 2278 3178 2552 3242; x_wconf 82' lang='lat' dir='ltr'><strong>occidente,</strong></span> <span class='ocrx_word' id='word_1_752' title='bbox 2586 3186 2787 3232; x_wconf 89' lang='lat' dir='ltr'><strong>tantum</strong></span> <span class='ocrx_word' id='word_1_753' title='bbox 2819 3178 2965 3248; x_wconf 85' lang='lat' dir='ltr'><strong>longe</strong></span> <span class='ocrx_word' id='word_1_754' title='bbox 2985 3178 3100 3247; x_wconf 80' lang='lat' dir='ltr'><strong>fecit</strong></span> <span class='ocrx_word' id='word_1_755' title='bbox 3126 3194 3157 3231; x_wconf 90' lang='lat' dir='ltr'><strong>a</strong></span> <span class='ocrx_word' id='word_1_756' title='bbox 3184 3178 3327 3231; x_wconf 87' lang='lat' dir='ltr'><strong>nobis</strong></span> <span class='ocrx_word' id='word_1_757' title='bbox 3352 3188 3563 3248; x_wconf 83' lang='lat' dir='ltr'><strong>peccata</strong></span> <span class='ocrx_word' id='word_1_758' title='bbox 3588 3187 3763 3242; x_wconf 75' lang='lat' dir='ltr'><strong>nostra,</strong></span> 
     </span>
    </p>
   </div>
   <div class='ocr_carea' id='block_1_94' title="bbox 2190 3268 3768 3342">
    <p class='ocr_par' dir='ltr' id='par_1_94' title="bbox 2190 3268 3768 3342">
     <span class='ocr_line' id='line_1_94' title="bbox 2190 3268 3768 3342; baseline -0.002 -17"><span class='ocrx_word' id='word_1_759' title='bbox 2190 3278 2248 3325; x_wconf 85' lang='lat' dir='ltr'><strong>ut</strong></span> <span class='ocrx_word' id='word_1_760' title='bbox 2272 3271 2356 3324; x_wconf 91' lang='lat' dir='ltr'><strong>illa</strong></span> <span class='ocrx_word' id='word_1_761' title='bbox 2380 3270 2642 3333; x_wconf 81' lang='lat' dir='ltr'><strong>occidant,</strong></span> <span class='ocrx_word' id='word_1_762' title='bbox 2663 3281 2715 3326; x_wconf 92' lang='grc' dir='ltr'><strong>ει</strong></span> <span class='ocrx_word' id='word_1_763' title='bbox 2738 3271 2905 3342; x_wconf 89' lang='lat' dir='ltr'><strong>gratia</strong></span> <span class='ocrx_word' id='word_1_764' title='bbox 2932 3271 3172 3326; x_wconf 89' lang='lat' dir='ltr'><strong>oriatur?</strong></span> <span class='ocrx_word' id='word_1_765' title='bbox 3200 3286 3369 3341; x_wconf 86' lang='lat' dir='ltr'><strong>quare</strong></span> <span class='ocrx_word' id='word_1_766' title='bbox 3399 3270 3635 3340; x_wconf 86' lang='lat' dir='ltr'><strong>putatis?</strong></span> <span class='ocrx_word' id='word_1_767' title='bbox 3665 3268 3768 3324; x_wconf 84' lang='lat' dir='ltr'><strong>Sic-</strong></span> 
     </span>
    </p>
   </div>
   <div class='ocr_carea' id='block_1_95' title="bbox 2189 3362 3764 3434">
    <p class='ocr_par' dir='ltr' id='par_1_95' title="bbox 2189 3362 3764 3434">
     <span class='ocr_line' id='line_1_95' title="bbox 2189 3362 3764 3434; baseline -0.003 -17"><span class='ocrx_word' id='word_1_768' title='bbox 2189 3373 2244 3417; x_wconf 90' lang='lat' dir='ltr'><strong>ut</strong></span> <span class='ocrx_word' id='word_1_769' title='bbox 2268 3364 2533 3417; x_wconf 84' lang='lat' dir='ltr'><strong>miseratur</strong></span> <span class='ocrx_word' id='word_1_770' title='bbox 2562 3372 2705 3433; x_wconf 83' lang='lat' dir='ltr'><strong>pater</strong></span> <span class='ocrx_word' id='word_1_771' title='bbox 2734 3365 2864 3434; x_wconf 84' lang='lat' dir='ltr'><strong>ﬁlios</strong></span> <span class='ocrx_word' id='word_1_772' title='bbox 2886 3406 2899 3430; x_wconf 96' lang='lat'><strong>,</strong></span> <span class='ocrx_word' id='word_1_773' title='bbox 2930 3364 3002 3417; x_wconf 87' lang='lat' dir='ltr'><strong>sic</strong></span> <span class='ocrx_word' id='word_1_774' title='bbox 3031 3364 3298 3418; x_wconf 87' lang='lat' dir='ltr'><strong>miseratus</strong></span> <span class='ocrx_word' id='word_1_775' title='bbox 3330 3373 3410 3419; x_wconf 79' lang='lat' dir='ltr'><strong>est</strong></span> <span class='ocrx_word' id='word_1_776' title='bbox 3439 3362 3679 3416; x_wconf 86' lang='lat' dir='ltr'><strong>Dominus</strong></span> <span class='ocrx_word' id='word_1_777' title='bbox 3705 3362 3764 3413; x_wconf 84' lang='lat' dir='ltr'><strong>ti-</strong></span> 
     </span>
    </p>
   </div>
   <div class='ocr_carea' id='block_1_96' title="bbox 2190 3450 3765 3525">
    <p class='ocr_par' dir='ltr' id='par_1_96' title="bbox 2190 3450 3765 3525">
     <span class='ocr_line' id='line_1_96' title="bbox 2190 3450 3765 3525; baseline -0.003 -16"><span class='ocrx_word' id='word_1_778' title='bbox 2190 3466 2377 3510; x_wconf 84' lang='lat' dir='ltr'><strong>mentes</strong></span> <span class='ocrx_word' id='word_1_779' title='bbox 2402 3473 2531 3509; x_wconf 86' lang='lat' dir='ltr'><strong>eum.</strong></span> <span class='ocrx_word' id='word_1_780' title='bbox 2561 3455 2675 3511; x_wconf 71' lang='lat' dir='ltr'><strong>iam</strong></span> <span class='ocrx_word' id='word_1_781' title='bbox 2703 3457 2886 3511; x_wconf 72' lang='lat' dir='ltr'><strong>sreviat</strong></span> <span class='ocrx_word' id='word_1_782' title='bbox 2911 3464 3166 3525; x_wconf 88' lang='lat' dir='ltr'><strong>quantum</strong></span> <span class='ocrx_word' id='word_1_783' title='bbox 3197 3456 3308 3509; x_wconf 91' lang='lat' dir='ltr'><strong>vult</strong></span> <span class='ocrx_word' id='word_1_784' title='bbox 3327 3497 3345 3519; x_wconf 87' lang='lat'><strong>,</strong></span> <span class='ocrx_word' id='word_1_785' title='bbox 3378 3464 3531 3525; x_wconf 88' lang='lat' dir='ltr'><strong>pater</strong></span> <span class='ocrx_word' id='word_1_786' title='bbox 3546 3462 3645 3510; x_wconf 90' lang='lat' dir='ltr'><strong>est.</strong></span> <span class='ocrx_word' id='word_1_787' title='bbox 3672 3450 3765 3506; x_wconf 88' lang='lat' dir='ltr'><strong>Sed</strong></span> 
     </span>
    </p>
   </div>
   <div class='ocr_carea' id='block_1_97' title="bbox 2191 3545 3765 3617">
    <p class='ocr_par' dir='ltr' id='par_1_97' title="bbox 2191 3545 3765 3617">
     <span class='ocr_line' id='line_1_97' title="bbox 2191 3545 3765 3617; baseline -0.003 -17"><span class='ocrx_word' id='word_1_788' title='bbox 2191 3546 2475 3617; x_wconf 84' lang='lat' dir='ltr'><strong>ﬂagellavit</strong></span> <span class='ocrx_word' id='word_1_789' title='bbox 2499 3560 2596 3601; x_wconf 89' lang='lat' dir='ltr'><strong>nos</strong></span> <span class='ocrx_word' id='word_1_790' title='bbox 2620 3588 2634 3611; x_wconf 94' lang='lat'><strong>,</strong></span> <span class='ocrx_word' id='word_1_791' title='bbox 2664 3554 2717 3601; x_wconf 87' lang='lat' dir='ltr'><strong>et</strong></span> <span class='ocrx_word' id='word_1_792' title='bbox 2741 3546 2930 3601; x_wconf 79' lang='lat' dir='ltr'><strong>afﬂixit</strong></span> <span class='ocrx_word' id='word_1_793' title='bbox 2956 3561 3073 3612; x_wconf 86' lang='lat' dir='ltr'><strong>nos,</strong></span> <span class='ocrx_word' id='word_1_794' title='bbox 3101 3554 3155 3601; x_wconf 91' lang='lat' dir='ltr'><strong>et</strong></span> <span class='ocrx_word' id='word_1_795' title='bbox 3185 3545 3444 3600; x_wconf 85' lang='lat' dir='ltr'><strong>contrivit</strong></span> <span class='ocrx_word' id='word_1_796' title='bbox 3467 3559 3563 3600; x_wconf 94' lang='lat' dir='ltr'><strong>nos</strong></span> <span class='ocrx_word' id='word_1_797' title='bbox 3589 3562 3601 3597; x_wconf 91' lang='lat'><strong><em>:</em></strong></span> <span class='ocrx_word' id='word_1_798' title='bbox 3630 3551 3765 3612; x_wconf 87' lang='lat' dir='ltr'><strong>pater</strong></span> 
     </span>
    </p>
   </div>
   <div class='ocr_carea' id='block_1_98' title="bbox 2190 3631 3761 3707">
    <p class='ocr_par' dir='ltr' id='par_1_98' title="bbox 2190 3631 3761 3707">
     <span class='ocr_line' id='line_1_98' title="bbox 2190 3631 3761 3707; baseline -0.004 -16"><span class='ocrx_word' id='word_1_799' title='bbox 2190 3645 2289 3691; x_wconf 91' lang='lat' dir='ltr'><strong>est.</strong></span> <span class='ocrx_word' id='word_1_800' title='bbox 2326 3636 2452 3702; x_wconf 87' lang='lat' dir='ltr'><strong>Fili,</strong></span> <span class='ocrx_word' id='word_1_801' title='bbox 2484 3636 2527 3690; x_wconf 93' lang='lat' dir='ltr'><strong>si</strong></span> <span class='ocrx_word' id='word_1_802' title='bbox 2556 3637 2733 3707; x_wconf 89' lang='lat' dir='ltr'><strong>ploras</strong></span> <span class='ocrx_word' id='word_1_803' title='bbox 2753 3680 2767 3703; x_wconf 94' lang='lat'><strong>,</strong></span> <span class='ocrx_word' id='word_1_804' title='bbox 2799 3637 2899 3690; x_wconf 89' lang='lat' dir='ltr'><strong>sub</strong></span> <span class='ocrx_word' id='word_1_805' title='bbox 2926 3645 3075 3706; x_wconf 88' lang='lat' dir='ltr'><strong>patre</strong></span> <span class='ocrx_word' id='word_1_806' title='bbox 3115 3637 3297 3706; x_wconf 89' lang='lat' dir='ltr'><strong>plora;</strong></span> <span class='ocrx_word' id='word_1_807' title='bbox 3349 3636 3462 3691; x_wconf 92' lang='lat' dir='ltr'><strong>noli</strong></span> <span class='ocrx_word' id='word_1_808' title='bbox 3491 3651 3610 3691; x_wconf 89' lang='lat' dir='ltr'><strong>eum</strong></span> <span class='ocrx_word' id='word_1_809' title='bbox 3640 3631 3761 3686; x_wconf 87' lang='lat' dir='ltr'><strong>indi-</strong></span> 
     </span>
    </p>
   </div>
   <div class='ocr_carea' id='block_1_99' title="bbox 2191 3725 3758 3799">
    <p class='ocr_par' dir='ltr' id='par_1_99' title="bbox 2191 3725 3758 3799">
     <span class='ocr_line' id='line_1_99' title="bbox 2191 3725 3758 3799; baseline -0.002 -18"><span class='ocrx_word' id='word_1_810' title='bbox 2191 3728 2440 3799; x_wconf 89' lang='lat' dir='ltr'><strong>gnatione</strong></span> <span class='ocrx_word' id='word_1_811' title='bbox 2464 3769 2478 3793; x_wconf 89' lang='lat'><strong>,</strong></span> <span class='ocrx_word' id='word_1_812' title='bbox 2513 3727 2617 3781; x_wconf 91' lang='lat' dir='ltr'><strong>noli</strong></span> <span class='ocrx_word' id='word_1_813' title='bbox 2644 3744 2763 3783; x_wconf 92' lang='lat' dir='ltr'><strong>cum</strong></span> <span class='ocrx_word' id='word_1_814' title='bbox 2804 3730 2966 3798; x_wconf 88' lang='lat' dir='ltr'><strong>typho</strong></span> <span class='ocrx_word' id='word_1_815' title='bbox 3006 3728 3290 3797; x_wconf 72' lang='lat' dir='ltr'><strong>superbire.</strong></span> <span class='ocrx_word' id='word_1_816' title='bbox 3343 3727 3501 3796; x_wconf 88' lang='lat' dir='ltr'><strong>Quod</strong></span> <span class='ocrx_word' id='word_1_817' title='bbox 3548 3725 3758 3798; x_wconf 84' lang='lat' dir='ltr'><strong>pateris,</strong></span> 
     </span>
    </p>
   </div>
   <div class='ocr_carea' id='block_1_100' title="bbox 2193 3814 3761 3889">
    <p class='ocr_par' dir='ltr' id='par_1_100' title="bbox 2193 3814 3761 3889">
     <span class='ocr_line' id='line_1_100' title="bbox 2193 3814 3761 3889; baseline -0.003 -16"><span class='ocrx_word' id='word_1_818' title='bbox 2193 3820 2334 3874; x_wconf 92' lang='lat' dir='ltr'><strong>unde</strong></span> <span class='ocrx_word' id='word_1_819' title='bbox 2379 3819 2604 3889; x_wconf 84' lang='lat' dir='ltr'><strong>plangis,</strong></span> <span class='ocrx_word' id='word_1_820' title='bbox 2645 3819 2905 3873; x_wconf 81' lang='lat' dir='ltr'><strong>medicina</strong></span> <span class='ocrx_word' id='word_1_821' title='bbox 2950 3827 3069 3886; x_wconf 90' lang='lat' dir='ltr'><strong>est,</strong></span> <span class='ocrx_word' id='word_1_822' title='bbox 3102 3834 3207 3873; x_wconf 93' lang='lat' dir='ltr'><strong>non</strong></span> <span class='ocrx_word' id='word_1_823' title='bbox 3259 3834 3462 3888; x_wconf 83' lang='lat' dir='ltr'><strong>poena;</strong></span> <span class='ocrx_word' id='word_1_824' title='bbox 3507 3814 3761 3887; x_wconf 87' lang='lat' dir='ltr'><strong>castigatio</strong></span> 
     </span>
    </p>
   </div>
   <div class='ocr_carea' id='block_1_101' title="bbox 2193 3910 3759 3984">
    <p class='ocr_par' dir='ltr' id='par_1_101' title="bbox 2193 3910 3759 3984">
     <span class='ocr_line' id='line_1_101' title="bbox 2193 3910 3759 3984; baseline -0.004 -18"><span class='ocrx_word' id='word_1_825' title='bbox 2193 3919 2309 3976; x_wconf 87' lang='lat' dir='ltr'><strong>est,</strong></span> <span class='ocrx_word' id='word_1_826' title='bbox 2342 3925 2447 3966; x_wconf 93' lang='lat' dir='ltr'><strong>non</strong></span> <span class='ocrx_word' id='word_1_827' title='bbox 2477 3912 2767 3967; x_wconf 86' lang='lat' dir='ltr'><strong>damnatio.</strong></span> <span class='ocrx_word' id='word_1_828' title='bbox 2800 3911 2918 3967; x_wconf 90' lang='lat' dir='ltr'><strong>Noli</strong></span> <span class='ocrx_word' id='word_1_829' title='bbox 2957 3911 3222 3980; x_wconf 87' lang='lat' dir='ltr'><strong>repellere</strong></span> <span class='ocrx_word' id='word_1_830' title='bbox 3260 3910 3529 3984; x_wconf 84' lang='lat' dir='ltr'><strong>ﬂagellum</strong></span> <span class='ocrx_word' id='word_1_831' title='bbox 3553 3953 3566 3973; x_wconf 88' lang='lat'><strong>,</strong></span> <span class='ocrx_word' id='word_1_832' title='bbox 3598 3910 3639 3964; x_wconf 89' lang='lat' dir='ltr'><strong>si</strong></span> <span class='ocrx_word' id='word_1_833' title='bbox 3668 3922 3759 3963; x_wconf 90' lang='lat' dir='ltr'><strong>non</strong></span> 
     </span>
    </p>
   </div>
   <div class='ocr_carea' id='block_1_102' title="bbox 2193 4001 3758 4073">
    <p class='ocr_par' dir='ltr' id='par_1_102' title="bbox 2193 4001 3758 4073">
     <span class='ocr_line' id='line_1_102' title="bbox 2193 4001 3758 4073; baseline -0.001 -17"><span class='ocrx_word' id='word_1_834' title='bbox 2193 4003 2272 4056; x_wconf 90' lang='lat' dir='ltr'><strong>vis</strong></span> <span class='ocrx_word' id='word_1_835' title='bbox 2300 4002 2486 4071; x_wconf 88' lang='lat' dir='ltr'><strong>repelli</strong></span> <span class='ocrx_word' id='word_1_836' title='bbox 2512 4001 2579 4057; x_wconf 91' lang='lat' dir='ltr'><strong>ab</strong></span> <span class='ocrx_word' id='word_1_837' title='bbox 2610 4002 2916 4058; x_wconf 70' lang='lat' dir='ltr'><strong>inmeditate</strong></span> <span class='ocrx_word' id='word_1_838' title='bbox 2950 4020 2964 4058; x_wconf 89' lang='lat'>:</span> <span class='ocrx_word' id='word_1_839' title='bbox 2998 4003 3107 4057; x_wconf 91' lang='lat' dir='ltr'><strong>noli</strong></span> <span class='ocrx_word' id='word_1_840' title='bbox 3149 4002 3435 4058; x_wconf 89' lang='lat' dir='ltr'><strong>attendere</strong></span> <span class='ocrx_word' id='word_1_841' title='bbox 3476 4017 3628 4073; x_wconf 86' lang='lat' dir='ltr'><strong>quam</strong></span> <span class='ocrx_word' id='word_1_842' title='bbox 3659 4013 3758 4069; x_wconf 72' lang='lat' dir='ltr'><strong>[m-</strong></span> 
     </span>
    </p>
   </div>
   <div class='ocr_carea' id='block_1_103' title="bbox 2194 4092 3755 4165">
    <p class='ocr_par' dir='ltr' id='par_1_103' title="bbox 2194 4092 3755 4165">
     <span class='ocr_line' id='line_1_103' title="bbox 2194 4092 3755 4165; baseline -0.004 -17"><span class='ocrx_word' id='word_1_843' title='bbox 2194 4108 2315 4148; x_wconf 89' lang='lat' dir='ltr'><strong>nam</strong></span> <span class='ocrx_word' id='word_1_844' title='bbox 2339 4092 2535 4148; x_wconf 89' lang='lat' dir='ltr'><strong>habeas</strong></span> <span class='ocrx_word' id='word_1_845' title='bbox 2552 4094 2601 4147; x_wconf 91' lang='lat' dir='ltr'><strong>in</strong></span> <span class='ocrx_word' id='word_1_846' title='bbox 2622 4093 2850 4164; x_wconf 87' lang='lat' dir='ltr'><strong>ﬂagello,</strong></span> <span class='ocrx_word' id='word_1_847' title='bbox 2874 4093 2966 4148; x_wconf 88' lang='lat' dir='ltr'><strong>sed</strong></span> <span class='ocrx_word' id='word_1_848' title='bbox 2983 4109 3139 4165; x_wconf 90' lang='lat' dir='ltr'><strong>quem</strong></span> <span class='ocrx_word' id='word_1_849' title='bbox 3154 4094 3336 4149; x_wconf 74' lang='lat' dir='ltr'><strong>iocum</strong></span> <span class='ocrx_word' id='word_1_850' title='bbox 3368 4095 3417 4148; x_wconf 91' lang='lat' dir='ltr'><strong>in</strong></span> <span class='ocrx_word' id='word_1_851' title='bbox 3444 4098 3755 4149; x_wconf 87' lang='lat' dir='ltr'><strong>testamento.</strong></span> 
     </span>
    </p>
   </div>
   <div class='ocr_carea' id='block_1_104' title="bbox 2195 4183 3758 4254">
    <p class='ocr_par' dir='ltr' id='par_1_104' title="bbox 2195 4183 3758 4254">
     <span class='ocr_line' id='line_1_104' title="bbox 2195 4183 3758 4254; baseline -0.004 -15"><span class='ocrx_word' id='word_1_852' title='bbox 2195 4183 2343 4239; x_wconf 86' lang='lat' dir='ltr'><strong>Sicut</strong></span> <span class='ocrx_word' id='word_1_853' title='bbox 2370 4185 2635 4238; x_wconf 87' lang='lat' dir='ltr'><strong>miseratur</strong></span> <span class='ocrx_word' id='word_1_854' title='bbox 2659 4194 2801 4254; x_wconf 84' lang='lat' dir='ltr'><strong>pater</strong></span> <span class='ocrx_word' id='word_1_855' title='bbox 2822 4186 2955 4254; x_wconf 84' lang='lat' dir='ltr'><strong>[illos</strong></span> <span class='ocrx_word' id='word_1_856' title='bbox 2975 4227 2988 4254; x_wconf 95' lang='lat'><strong>,</strong></span> <span class='ocrx_word' id='word_1_857' title='bbox 3021 4186 3094 4239; x_wconf 86' lang='lat' dir='ltr'><strong>sic</strong></span> <span class='ocrx_word' id='word_1_858' title='bbox 3127 4186 3392 4241; x_wconf 83' lang='lat' dir='ltr'><strong>miseratus</strong></span> <span class='ocrx_word' id='word_1_859' title='bbox 3429 4195 3501 4241; x_wconf 89' lang='lat' dir='ltr'><strong>est</strong></span> <span class='ocrx_word' id='word_1_860' title='bbox 3532 4183 3758 4238; x_wconf 72' lang='lat' dir='ltr'><strong>Dominus</strong></span> 
     </span>
    </p>
   </div>
   <div class='ocr_carea' id='block_1_105' title="bbox 2195 4275 2583 4329">
    <p class='ocr_par' dir='ltr' id='par_1_105' title="bbox 2195 4275 2583 4329">
     <span class='ocr_line' id='line_1_105' title="bbox 2195 4275 2583 4329; baseline 0.005 -2"><span class='ocrx_word' id='word_1_861' title='bbox 2195 4275 2421 4328; x_wconf 83' lang='lat' dir='ltr'><strong>timentes</strong></span> <span class='ocrx_word' id='word_1_862' title='bbox 2448 4291 2583 4329; x_wconf 88' lang='lat' dir='ltr'><strong>eum.</strong></span> 
     </span>
    </p>
   </div>
   <div class='ocr_carea' id='block_1_106' title="bbox 2264 4366 3755 4439">
    <p class='ocr_par' dir='ltr' id='par_1_106' title="bbox 2264 4366 3755 4439">
     <span class='ocr_line' id='line_1_106' title="bbox 2264 4366 3755 4439; baseline -0.003 -19"><span class='ocrx_word' id='word_1_863' title='bbox 2264 4366 2353 4422; x_wconf 71' lang='lat'><strong>21.</strong></span> <span class='ocrx_word' id='word_1_864' title='bbox 2396 4366 2562 4439; x_wconf 88' lang='lat' dir='ltr'><strong>[vers.</strong></span> <span class='ocrx_word' id='word_1_865' title='bbox 2599 4366 2722 4439; x_wconf 72' lang='lat'><strong>14.]</strong></span> <span class='ocrx_word' id='word_1_866' title='bbox 2773 4368 3021 4435; x_wconf 84' lang='lat' dir='ltr'><strong>Quoniam</strong></span> <span class='ocrx_word' id='word_1_867' title='bbox 3061 4369 3169 4437; x_wconf 85' lang='lat' dir='ltr'><strong>ipse</strong></span> <span class='ocrx_word' id='word_1_868' title='bbox 3213 4370 3442 4439; x_wconf 80' lang='lat' dir='ltr'><strong>cognovit</strong></span> <span class='ocrx_word' id='word_1_869' title='bbox 3488 4368 3755 4439; x_wconf 77' lang='lat' dir='ltr'><strong>ﬁgmentum</strong></span> 
     </span>
    </p>
   </div>
   <div class='ocr_carea' id='block_1_107' title="bbox 2197 4454 3755 4527">
    <p class='ocr_par' dir='ltr' id='par_1_107' title="bbox 2197 4454 3755 4527">
     <span class='ocr_line' id='line_1_107' title="bbox 2197 4454 3755 4527; baseline -0.004 -16"><span class='ocrx_word' id='word_1_870' title='bbox 2197 4469 2422 4513; x_wconf 88' lang='lat' dir='ltr'><strong>nostrum</strong></span> <span class='ocrx_word' id='word_1_871' title='bbox 2443 4475 2462 4512; x_wconf 90' lang='lat'><strong><em>:</em></strong></span> <span class='ocrx_word' id='word_1_872' title='bbox 2485 4459 2534 4513; x_wconf 82' lang='lat' dir='ltr'><strong>id</strong></span> <span class='ocrx_word' id='word_1_873' title='bbox 2552 4468 2650 4523; x_wconf 86' lang='lat' dir='ltr'><strong>est,</strong></span> <span class='ocrx_word' id='word_1_874' title='bbox 2669 4458 3030 4513; x_wconf 77' lang='lat' dir='ltr'><strong>inﬁrmitatem</strong></span> <span class='ocrx_word' id='word_1_875' title='bbox 3054 4468 3310 4513; x_wconf 90' lang='lat' dir='ltr'><strong>nostram.</strong></span> <span class='ocrx_word' id='word_1_876' title='bbox 3331 4459 3486 4514; x_wconf 89' lang='lat' dir='ltr'><strong>Novit</strong></span> <span class='ocrx_word' id='word_1_877' title='bbox 3501 4456 3618 4527; x_wconf 88' lang='lat' dir='ltr'><strong>quid</strong></span> <span class='ocrx_word' id='word_1_878' title='bbox 3640 4454 3755 4508; x_wconf 84' lang='lat' dir='ltr'><strong>lece-</strong></span> 
     </span>
    </p>
   </div>
   <div class='ocr_carea' id='block_1_108' title="bbox 2195 4544 3748 4621">
    <p class='ocr_par' dir='ltr' id='par_1_108' title="bbox 2195 4544 3748 4621">
     <span class='ocr_line' id='line_1_108' title="bbox 2195 4544 3748 4621; baseline -0.005 -17"><span class='ocrx_word' id='word_1_879' title='bbox 2195 4550 2280 4614; x_wconf 91' lang='lat' dir='ltr'><strong>rit,</strong></span> <span class='ocrx_word' id='word_1_880' title='bbox 2312 4550 2578 4619; x_wconf 88' lang='lat' dir='ltr'><strong>quomodo</strong></span> <span class='ocrx_word' id='word_1_881' title='bbox 2617 4550 2703 4619; x_wconf 92' lang='lat' dir='ltr'><strong>lap</strong></span> <span class='ocrx_word' id='word_1_882' title='bbox 2734 4566 2818 4604; x_wconf 91' lang='lat' dir='ltr'><strong>um</strong></span> <span class='ocrx_word' id='word_1_883' title='bbox 2864 4551 2964 4613; x_wconf 90' lang='lat' dir='ltr'><strong>sit,</strong></span> <span class='ocrx_word' id='word_1_884' title='bbox 2989 4550 3255 4621; x_wconf 88' lang='lat' dir='ltr'><strong>quomodo</strong></span> <span class='ocrx_word' id='word_1_885' title='bbox 3298 4548 3628 4606; x_wconf 90' lang='lat' dir='ltr'><strong>relieiendum</strong></span> <span class='ocrx_word' id='word_1_886' title='bbox 3665 4544 3748 4607; x_wconf 85' lang='lat' dir='ltr'><strong>sit,</strong></span> 
     </span>
    </p>
   </div>
   <div class='ocr_carea' id='block_1_109' title="bbox 2196 4634 3750 4711">
    <p class='ocr_par' dir='ltr' id='par_1_109' title="bbox 2196 4634 3750 4711">
     <span class='ocr_line' id='line_1_109' title="bbox 2196 4634 3750 4711; baseline -0.005 -19"><span class='ocrx_word' id='word_1_887' title='bbox 2196 4641 2462 4709; x_wconf 91' lang='lat' dir='ltr'><strong>quomodo</strong></span> <span class='ocrx_word' id='word_1_888' title='bbox 2500 4640 2854 4709; x_wconf 84' lang='lat' dir='ltr'><strong>adOptandum</strong></span> <span class='ocrx_word' id='word_1_889' title='bbox 2907 4642 3014 4706; x_wconf 89' lang='lat' dir='ltr'><strong>sit,</strong></span> <span class='ocrx_word' id='word_1_890' title='bbox 3059 4642 3326 4711; x_wconf 89' lang='lat' dir='ltr'><strong>quomodo</strong></span> <span class='ocrx_word' id='word_1_891' title='bbox 3368 4640 3631 4697; x_wconf 90' lang='lat' dir='ltr'><strong>ditandum</strong></span> <span class='ocrx_word' id='word_1_892' title='bbox 3675 4634 3750 4687; x_wconf 90' lang='lat' dir='ltr'><strong>sit.</strong></span> 
     </span>
    </p>
   </div>
   <div class='ocr_carea' id='block_1_110' title="bbox 2199 4730 3749 4791">
    <p class='ocr_par' dir='ltr' id='par_1_110' title="bbox 2199 4730 3749 4791">
     <span class='ocr_line' id='line_1_110' title="bbox 2199 4730 3749 4791; baseline -0.002 -7"><span class='ocrx_word' id='word_1_893' title='bbox 2199 4730 2337 4786; x_wconf 88' lang='lat' dir='ltr'><strong>Ecce</strong></span> <span class='ocrx_word' id='word_1_894' title='bbox 2361 4730 2481 4786; x_wconf 85' lang='lat' dir='ltr'><strong>facti</strong></span> <span class='ocrx_word' id='word_1_895' title='bbox 2507 4746 2690 4786; x_wconf 89' lang='lat' dir='ltr'><strong>sumus</strong></span> <span class='ocrx_word' id='word_1_896' title='bbox 2711 4731 2778 4785; x_wconf 94' lang='lat' dir='ltr'><strong>de</strong></span> <span class='ocrx_word' id='word_1_897' title='bbox 2806 4732 2935 4785; x_wconf 87' lang='lat' dir='ltr'><strong>limo</strong></span> <span class='ocrx_word' id='word_1_898' title='bbox 2966 4749 2977 4785; x_wconf 92' lang='lat'>:</span> <span class='ocrx_word' id='word_1_899' title='bbox 3010 4732 3215 4786; x_wconf 86' lang='lat' dir='ltr'><strong>Primus</strong></span> <span class='ocrx_word' id='word_1_900' title='bbox 3237 4736 3384 4787; x_wconf 88' lang='lat' dir='ltr'><strong>ltomo</strong></span> <span class='ocrx_word' id='word_1_901' title='bbox 3411 4733 3472 4786; x_wconf 88' lang='lat' dir='ltr'><strong>de</strong></span> <span class='ocrx_word' id='word_1_902' title='bbox 3495 4740 3636 4791; x_wconf 86' lang='lat' dir='ltr'><strong>terra,</strong></span> <span class='ocrx_word' id='word_1_903' title='bbox 3664 4732 3749 4777; x_wconf 84' lang='lat' dir='ltr'><strong>ter-</strong></span> 
     </span>
    </p>
   </div>
   <div class='ocr_carea' id='block_1_111' title="bbox 2196 4820 3745 4895">
    <p class='ocr_par' dir='ltr' id='par_1_111' title="bbox 2196 4820 3745 4895">
     <span class='ocr_line' id='line_1_111' title="bbox 2196 4820 3745 4895; baseline 0.002 -21"><span class='ocrx_word' id='word_1_904' title='bbox 2196 4838 2385 4887; x_wconf 88' lang='lat' dir='ltr'><strong>renus;</strong></span> <span class='ocrx_word' id='word_1_905' title='bbox 2414 4822 2660 4877; x_wconf 87' lang='lat' dir='ltr'><strong>secundus</strong></span> <span class='ocrx_word' id='word_1_906' title='bbox 2704 4823 2852 4877; x_wconf 83' lang='lat' dir='ltr'><strong>homo</strong></span> <span class='ocrx_word' id='word_1_907' title='bbox 2890 4824 2953 4877; x_wconf 89' lang='lat' dir='ltr'><strong>de</strong></span> <span class='ocrx_word' id='word_1_908' title='bbox 2995 4825 3141 4889; x_wconf 65' lang='lat' dir='ltr'><strong>caelo,</strong></span> <span class='ocrx_word' id='word_1_909' title='bbox 3174 4826 3385 4878; x_wconf 73' lang='lat' dir='ltr'><strong>caelestis</strong></span> <span class='ocrx_word' id='word_1_910' title='bbox 3424 4822 3477 4895; x_wconf 88' lang='grc'><strong>(1</strong></span> <span class='ocrx_word' id='word_1_911' title='bbox 3501 4820 3610 4876; x_wconf 84' lang='lat' dir='ltr'><strong>Cor.</strong></span> <span class='ocrx_word' id='word_1_912' title='bbox 3656 4829 3745 4877; x_wconf 65' lang='lat' dir='ltr'><strong>XV.</strong></span> 
     </span>
    </p>
   </div>
   <div class='ocr_carea' id='block_1_112' title="bbox 2198 4904 3747 4984">
    <p class='ocr_par' dir='ltr' id='par_1_112' title="bbox 2198 4904 3747 4984">
     <span class='ocr_line' id='line_1_112' title="bbox 2198 4904 3747 4984; baseline -0.008 -15"><span class='ocrx_word' id='word_1_913' title='bbox 2198 4914 2325 4984; x_wconf 78' lang='grc'><strong>47).</strong></span> <span class='ocrx_word' id='word_1_914' title='bbox 2354 4913 2496 4968; x_wconf 85' lang='lat' dir='ltr'><strong>Misit</strong></span> <span class='ocrx_word' id='word_1_915' title='bbox 2529 4922 2582 4969; x_wconf 84' lang='lat' dir='ltr'><strong>et</strong></span> <span class='ocrx_word' id='word_1_916' title='bbox 2625 4913 2815 4969; x_wconf 85' lang='lat' dir='ltr'><strong>Filium</strong></span> <span class='ocrx_word' id='word_1_917' title='bbox 2862 4928 3051 4983; x_wconf 91' lang='lat' dir='ltr'><strong>suum,</strong></span> <span class='ocrx_word' id='word_1_918' title='bbox 3083 4914 3170 4983; x_wconf 91' lang='lat' dir='ltr'><strong>qui</strong></span> <span class='ocrx_word' id='word_1_919' title='bbox 3200 4914 3369 4969; x_wconf 87' lang='lat' dir='ltr'><strong>l‘actus</strong></span> <span class='ocrx_word' id='word_1_920' title='bbox 3396 4922 3471 4969; x_wconf 87' lang='lat' dir='ltr'><strong>est</strong></span> <span class='ocrx_word' id='word_1_921' title='bbox 3513 4904 3747 4965; x_wconf 83' lang='lat' dir='ltr'><strong>secundus</strong></span> 
     </span>
    </p>
   </div>
   <div class='ocr_carea' id='block_1_113' title="bbox 2198 4993 3745 5076">
    <p class='ocr_par' dir='ltr' id='par_1_113' title="bbox 2198 4993 3745 5076">
     <span class='ocr_line' id='line_1_113' title="bbox 2198 4993 3745 5076; baseline -0.004 -18"><span class='ocrx_word' id='word_1_922' title='bbox 2198 5004 2360 5061; x_wconf 88' lang='lat' dir='ltr'><strong>homo</strong></span> <span class='ocrx_word' id='word_1_923' title='bbox 2380 5046 2394 5068; x_wconf 89' lang='lat'><strong>,</strong></span> <span class='ocrx_word' id='word_1_924' title='bbox 2437 5006 2528 5076; x_wconf 90' lang='lat' dir='ltr'><strong>qui</strong></span> <span class='ocrx_word' id='word_1_925' title='bbox 2554 5014 2676 5061; x_wconf 91' lang='lat' dir='ltr'><strong>ante</strong></span> <span class='ocrx_word' id='word_1_926' title='bbox 2706 5006 2884 5062; x_wconf 90' lang='lat' dir='ltr'><strong>omnia</strong></span> <span class='ocrx_word' id='word_1_927' title='bbox 2912 5006 3073 5062; x_wconf 91' lang='lat' dir='ltr'><strong>Deus.</strong></span> <span class='ocrx_word' id='word_1_928' title='bbox 3101 5006 3379 5062; x_wconf 89' lang='lat' dir='ltr'><strong>Secundus</strong></span> <span class='ocrx_word' id='word_1_929' title='bbox 3406 5004 3541 5060; x_wconf 91' lang='lat' dir='ltr'><strong>enim</strong></span> <span class='ocrx_word' id='word_1_930' title='bbox 3577 5000 3623 5053; x_wconf 93' lang='lat' dir='ltr'><strong>in</strong></span> <span class='ocrx_word' id='word_1_931' title='bbox 3664 4993 3745 5049; x_wconf 86' lang='lat' dir='ltr'><strong>ad-</strong></span> 
     </span>
    </p>
   </div>
   <div class='ocr_carea' id='block_1_114' title="bbox 2200 5095 3742 5170">
    <p class='ocr_par' dir='ltr' id='par_1_114' title="bbox 2200 5095 3742 5170">
     <span class='ocr_line' id='line_1_114' title="bbox 2200 5095 3742 5170; baseline -0.003 -19"><span class='ocrx_word' id='word_1_932' title='bbox 2200 5107 2389 5166; x_wconf 86' lang='lat' dir='ltr'><strong>ventu,</strong></span> <span class='ocrx_word' id='word_1_933' title='bbox 2440 5099 2585 5168; x_wconf 91' lang='lat' dir='ltr'><strong>prior</strong></span> <span class='ocrx_word' id='word_1_934' title='bbox 2627 5099 2680 5153; x_wconf 94' lang='lat' dir='ltr'><strong>in</strong></span> <span class='ocrx_word' id='word_1_935' title='bbox 2726 5100 2895 5154; x_wconf 91' lang='lat' dir='ltr'><strong>reditu</strong></span> <span class='ocrx_word' id='word_1_936' title='bbox 2926 5118 2939 5154; x_wconf 88' lang='lat'><strong>:</strong></span> <span class='ocrx_word' id='word_1_937' title='bbox 2969 5109 3089 5170; x_wconf 89' lang='lat' dir='ltr'><strong>post</strong></span> <span class='ocrx_word' id='word_1_938' title='bbox 3135 5099 3331 5154; x_wconf 89' lang='lat' dir='ltr'><strong>multos</strong></span> <span class='ocrx_word' id='word_1_939' title='bbox 3379 5105 3603 5154; x_wconf 64' lang='lat' dir='ltr'><strong>mortuus</strong></span> <span class='ocrx_word' id='word_1_940' title='bbox 3642 5095 3742 5147; x_wconf 66' lang='lat' dir='ltr'><strong>est.</strong></span> 
     </span>
    </p>
   </div>
   <div class='ocr_carea' id='block_1_115' title="bbox 2199 5189 3744 5261">
    <p class='ocr_par' dir='ltr' id='par_1_115' title="bbox 2199 5189 3744 5261">
     <span class='ocr_line' id='line_1_115' title="bbox 2199 5189 3744 5261; baseline -0.009 -17"><span class='ocrx_word' id='word_1_941' title='bbox 2199 5199 2323 5245; x_wconf 89' lang='lat' dir='ltr'><strong>ante</strong></span> <span class='ocrx_word' id='word_1_942' title='bbox 2346 5205 2532 5245; x_wconf 88' lang='lat' dir='ltr'><strong>omnes</strong></span> <span class='ocrx_word' id='word_1_943' title='bbox 2569 5190 2876 5245; x_wconf 82' lang='lat' dir='ltr'><strong>resurrexit.</strong></span> <span class='ocrx_word' id='word_1_944' title='bbox 2927 5189 3048 5258; x_wconf 84' lang='lat' dir='ltr'><strong>Ipse</strong></span> <span class='ocrx_word' id='word_1_945' title='bbox 3086 5192 3313 5261; x_wconf 82' lang='lat' dir='ltr'><strong>cognovit</strong></span> <span class='ocrx_word' id='word_1_946' title='bbox 3351 5191 3627 5259; x_wconf 71' lang='lat' dir='ltr'><strong>figmentum</strong></span> <span class='ocrx_word' id='word_1_947' title='bbox 3668 5191 3744 5231; x_wconf 86' lang='lat' dir='ltr'><strong>no-</strong></span> 
     </span>
    </p>
   </div>
   <div class='ocr_carea' id='block_1_116' title="bbox 2200 5266 3740 5351">
    <p class='ocr_par' dir='ltr' id='par_1_116' title="bbox 2200 5266 3740 5351">
     <span class='ocr_line' id='line_1_116' title="bbox 2200 5266 3740 5351; baseline -0.006 -17"><span class='ocrx_word' id='word_1_948' title='bbox 2200 5288 2356 5335; x_wconf 87' lang='lat' dir='ltr'><strong>strum</strong></span> <span class='ocrx_word' id='word_1_949' title='bbox 2382 5298 2399 5334; x_wconf 90' lang='lat'><strong><em>:</em></strong></span> <span class='ocrx_word' id='word_1_950' title='bbox 2429 5280 2571 5351; x_wconf 91' lang='lat' dir='ltr'><strong>quod</strong></span> <span class='ocrx_word' id='word_1_951' title='bbox 2625 5281 2976 5351; x_wconf 87' lang='lat' dir='ltr'><strong>ﬁgmentum?</strong></span> <span class='ocrx_word' id='word_1_952' title='bbox 3012 5282 3140 5337; x_wconf 90' lang='lat' dir='ltr'><strong>Nos.</strong></span> <span class='ocrx_word' id='word_1_953' title='bbox 3194 5281 3346 5337; x_wconf 90' lang='lat' dir='ltr'><strong>Unde</strong></span> <span class='ocrx_word' id='word_1_954' title='bbox 3389 5274 3605 5349; x_wconf 85' lang='lat' dir='ltr'><strong>loqueris</strong></span> <span class='ocrx_word' id='word_1_955' title='bbox 3638 5266 3740 5339; x_wconf 76' lang='lat' dir='ltr'><strong>quia</strong></span> 
     </span>
    </p>
   </div>
   <div class='ocr_carea' id='block_1_117' title="bbox 2201 5364 3742 5443">
    <p class='ocr_par' dir='ltr' id='par_1_117' title="bbox 2201 5364 3742 5443">
     <span class='ocr_line' id='line_1_117' title="bbox 2201 5364 3742 5443; baseline -0.01 -16"><span class='ocrx_word' id='word_1_956' title='bbox 2201 5373 2478 5442; x_wconf 78' lang='lat' dir='ltr'><strong>COguovit?</strong></span> <span class='ocrx_word' id='word_1_957' title='bbox 2503 5371 2635 5439; x_wconf 87' lang='lat' dir='ltr'><strong>Quia</strong></span> <span class='ocrx_word' id='word_1_958' title='bbox 2663 5376 2943 5429; x_wconf 88' lang='lat' dir='ltr'><strong>miseratus</strong></span> <span class='ocrx_word' id='word_1_959' title='bbox 2969 5382 3067 5429; x_wconf 88' lang='lat' dir='ltr'><strong>est.</strong></span> <span class='ocrx_word' id='word_1_960' title='bbox 3098 5373 3350 5429; x_wconf 80' lang='lat' dir='ltr'><strong>Memento</strong></span> <span class='ocrx_word' id='word_1_961' title='bbox 3372 5372 3485 5443; x_wconf 83' lang='lat' dir='ltr'><strong>quia</strong></span> <span class='ocrx_word' id='word_1_962' title='bbox 3508 5364 3742 5440; x_wconf 53' lang='lat' dir='ltr'><strong>pulvinar</strong></span> 
     </span>
    </p>
   </div>
   <div class='ocr_carea' id='block_1_118' title="bbox 2202 5447 3736 5533">
    <p class='ocr_par' dir='ltr' id='par_1_118' title="bbox 2202 5447 3736 5533">
     <span class='ocr_line' id='line_1_118' title="bbox 2202 5447 3736 5533; baseline -0.001 -19"><span class='ocrx_word' id='word_1_963' title='bbox 2202 5478 2332 5515; x_wconf 88' lang='lat' dir='ltr'><strong>mus.</strong></span> <span class='ocrx_word' id='word_1_964' title='bbox 2358 5461 2434 5515; x_wconf 89' lang='lat' dir='ltr'><strong>Ad</strong></span> <span class='ocrx_word' id='word_1_965' title='bbox 2469 5462 2637 5532; x_wconf 89' lang='lat' dir='ltr'><strong>ipsum</strong></span> <span class='ocrx_word' id='word_1_966' title='bbox 2669 5464 2836 5518; x_wconf 88' lang='lat' dir='ltr'><strong>Deum</strong></span> <span class='ocrx_word' id='word_1_967' title='bbox 2865 5478 3155 5520; x_wconf 88' lang='lat' dir='ltr'><strong>conversus</strong></span> <span class='ocrx_word' id='word_1_968' title='bbox 3182 5466 3256 5520; x_wconf 87' lang='lat' dir='ltr'><strong>ait</strong></span> <span class='ocrx_word' id='word_1_969' title='bbox 3280 5508 3294 5533; x_wconf 92' lang='lat'><strong>,</strong></span> <span class='ocrx_word' id='word_1_970' title='bbox 3328 5465 3584 5521; x_wconf 83' lang='lat' dir='ltr'><strong>Memento,</strong></span> <span class='ocrx_word' id='word_1_971' title='bbox 3610 5447 3736 5523; x_wconf 69' lang='grc' dir='ltr'><strong>(ιυαεί</strong></span> 
     </span>
    </p>
   </div>
   <div class='ocr_carea' id='block_1_119' title="bbox 2202 5552 3736 5626">
    <p class='ocr_par' dir='ltr' id='par_1_119' title="bbox 2202 5552 3736 5626">
     <span class='ocr_line' id='line_1_119' title="bbox 2202 5552 3736 5626; baseline -0.002 -17"><span class='ocrx_word' id='word_1_972' title='bbox 2202 5553 2547 5609; x_wconf 87' lang='lat' dir='ltr'><strong>obliviscatur</strong></span> <span class='ocrx_word' id='word_1_973' title='bbox 2588 5554 2726 5610; x_wconf 86' lang='lat' dir='ltr'><strong>Deus</strong></span> <span class='ocrx_word' id='word_1_974' title='bbox 2755 5573 2769 5608; x_wconf 90' lang='lat'><strong>:</strong></span> <span class='ocrx_word' id='word_1_975' title='bbox 2799 5555 2877 5611; x_wconf 91' lang='lat' dir='ltr'><strong>sic</strong></span> <span class='ocrx_word' id='word_1_976' title='bbox 2902 5556 3208 5626; x_wconf 87' lang='lat' dir='ltr'><strong>cognoscit,</strong></span> <span class='ocrx_word' id='word_1_977' title='bbox 3242 5557 3319 5611; x_wconf 91' lang='lat' dir='ltr'><strong>sic</strong></span> <span class='ocrx_word' id='word_1_978' title='bbox 3366 5553 3531 5614; x_wconf 90' lang='lat' dir='ltr'><strong>novit,</strong></span> <span class='ocrx_word' id='word_1_979' title='bbox 3561 5554 3611 5601; x_wconf 77' lang='lat' dir='ltr'><strong>ut</strong></span> <span class='ocrx_word' id='word_1_980' title='bbox 3648 5552 3736 5595; x_wconf 80' lang='grc' dir='ltr'><strong>ηοη</strong></span> 
     </span>
    </p>
   </div>
   <div class='ocr_carea' id='block_1_120' title="bbox 2203 5634 3733 5716">
    <p class='ocr_par' dir='ltr' id='par_1_120' title="bbox 2203 5634 3733 5716">
     <span class='ocr_line' id='line_1_120' title="bbox 2203 5634 3733 5716; baseline -0.01 -17"><span class='ocrx_word' id='word_1_981' title='bbox 2203 5644 2561 5700; x_wconf 85' lang='lat' dir='ltr'><strong>obliviscatur.</strong></span> <span class='ocrx_word' id='word_1_982' title='bbox 2617 5645 2723 5701; x_wconf 88' lang='lat' dir='ltr'><strong>Sed</strong></span> <span class='ocrx_word' id='word_1_983' title='bbox 2771 5646 2898 5716; x_wconf 86' lang='lat' dir='ltr'><strong>quid</strong></span> <span class='ocrx_word' id='word_1_984' title='bbox 2948 5656 3067 5715; x_wconf 90' lang='lat' dir='ltr'><strong>est,</strong></span> <span class='ocrx_word' id='word_1_985' title='bbox 3126 5647 3419 5702; x_wconf 79' lang='lat' dir='ltr'><strong>Memento?</strong></span> <span class='ocrx_word' id='word_1_986' title='bbox 3462 5634 3733 5697; x_wconf 84' lang='lat' dir='ltr'><strong>Perseveret</strong></span> 
     </span>
    </p>
   </div>
   <div class='ocr_carea' id='block_1_121' title="bbox 2204 5734 3731 5811">
    <p class='ocr_par' dir='ltr' id='par_1_121' title="bbox 2204 5734 3731 5811">
     <span class='ocr_line' id='line_1_121' title="bbox 2204 5734 3731 5811; baseline -0.009 -18"><span class='ocrx_word' id='word_1_987' title='bbox 2204 5754 2329 5810; x_wconf 89' lang='lat' dir='ltr'><strong>erga</strong></span> <span class='ocrx_word' id='word_1_988' title='bbox 2354 5752 2452 5793; x_wconf 92' lang='lat' dir='ltr'><strong>nos</strong></span> <span class='ocrx_word' id='word_1_989' title='bbox 2481 5737 2843 5794; x_wconf 91' lang='lat' dir='ltr'><strong>misericordia</strong></span> <span class='ocrx_word' id='word_1_990' title='bbox 2875 5746 2979 5793; x_wconf 90' lang='lat' dir='ltr'><strong>tua.</strong></span> <span class='ocrx_word' id='word_1_991' title='bbox 3006 5737 3309 5811; x_wconf 86' lang='lat' dir='ltr'><strong>Cognovisti</strong></span> <span class='ocrx_word' id='word_1_992' title='bbox 3346 5738 3626 5809; x_wconf 87' lang='lat' dir='ltr'><strong>ﬁgmentum</strong></span> <span class='ocrx_word' id='word_1_993' title='bbox 3650 5734 3731 5777; x_wconf 87' lang='lat' dir='ltr'><strong>n0-</strong></span> 
     </span>
    </p>
   </div>
   <div class='ocr_carea' id='block_1_122' title="bbox 2208 5825 3721 5904">
    <p class='ocr_par' dir='ltr' id='par_1_122' title="bbox 2208 5825 3721 5904">
     <span class='ocr_line' id='line_1_122' title="bbox 2208 5825 3721 5904; baseline -0.004 -16"><span class='ocrx_word' id='word_1_994' title='bbox 2208 5840 2377 5888; x_wconf 87' lang='lat' dir='ltr'><strong>strum</strong></span> <span class='ocrx_word' id='word_1_995' title='bbox 2409 5831 2635 5904; x_wconf 87' lang='lat' dir='ltr'><strong>quodam</strong></span> <span class='ocrx_word' id='word_1_996' title='bbox 2666 5832 2854 5899; x_wconf 85' lang='lat' dir='ltr'><strong>modo;</strong></span> <span class='ocrx_word' id='word_1_997' title='bbox 2889 5847 2953 5889; x_wconf 93' lang='lat' dir='ltr'><strong>nc</strong></span> <span class='ocrx_word' id='word_1_998' title='bbox 2982 5831 3308 5891; x_wconf 82' lang='lat' dir='ltr'><strong>obliviscaris</strong></span> <span class='ocrx_word' id='word_1_999' title='bbox 3344 5832 3619 5903; x_wconf 78' lang='lat' dir='ltr'><strong>ﬁgmentum</strong></span> <span class='ocrx_word' id='word_1_1000' title='bbox 3646 5825 3721 5868; x_wconf 85' lang='grc' dir='ltr'><strong>ἰο·</strong></span> 
     </span>
    </p>
   </div>
  </div>
