4088 6494
378 416 541 471 1333

366 540 565 587 strum
586 574 601 598 ,
633 531 1099 589 ne’obliviseamur
1123 534 1349 605 gratiam
1383 544 1543 589 tuam.
1579 535 1830 591 Memento
1857 538 1974 607 quia

366 624 559 689 pulvis
580 640 774 679 sumus.

448 714 555 768 22.
583 713 745 787 [vers.
793 716 914 790 15.]
949 716 1114 772 Homo
1135 761 1148 783 ,
1182 726 1420 788 tanquam
1458 719 1630 788 fenum
1667 720 1775 774 dies
1812 720 1971 775 illius.

360 804 651 861 Attendat
688 806 812 876 quid
840 808 908 863 sit
936 808 1126 873 homo;
1161 824 1269 864 non
1294 810 1566 880 superbiat
1602 809 1762 865 homo
1794 828 1807 865 :
1856 821 1973 865 tan-

360 913 540 965 quam
564 901 738 970 fenum
759 900 867 955 dies
885 901 1043 955 illius.
1068 901 1202 969 Quid
1223 903 1461 971 superbit
1484 902 1667 957 fenum
1690 903 1850 958 modo
1873 904 1972 959 ﬂo-

360 1005 512 1045 rens
535 1033 551 1057 ,
598 1000 719 1061 post
747 993 1016 1062 paululum
1047 994 1331 1049 arescens?
1371 993 1497 1064 quid
1524 995 1764 1064 superbit
1793 994 1970 1051 fenum

360 1084 437 1136 ad
490 1091 711 1153 tempus
735 1085 912 1139 virens
943 1087 959 1116 ί
990 1125 1005 1151 ,
1038 1094 1091 1139 et
1117 1086 1217 1140 hoc
1244 1086 1311 1140 ad
1341 1100 1564 1156 parvum
1594 1094 1801 1156 tempus
1826 1129 1840 1153 ,
1872 1087 1972 1142 do-

360 1188 478 1228 nec
512 1175 597 1229 sol
621 1174 941 1231 candescat?
978 1176 1182 1231 Bonum
1210 1185 1293 1233 est
1321 1192 1447 1248 ergo
1470 1177 1626 1232 nobis
1662 1188 1721 1233 ut
1757 1179 1972 1233 miseri-

357 1264 566 1319 θοι-δίει
592 1266 758 1337 ipsius
784 1268 851 1321 sit
878 1282 1039 1336 super
1064 1283 1161 1323 nos
1183 1311 1198 1333 ,
1241 1277 1295 1323 et
1318 1269 1383 1324 de
1410 1267 1532 1325 feno
1557 1284 1745 1325 aurum
1788 1270 1965 1327 faciat.

358 1356 512 1412 Nam
545 1359 700 1414 homo
719 1402 733 1427 ,
764 1369 1000 1429 tanquam
1030 1362 1203 1431 fenum
1230 1362 1337 1416 dies
1362 1363 1512 1433 ejus;
1541 1364 1667 1416 sicut
1691 1366 1786 1433 flos
1815 1366 1964 1434 agri,

356 1448 440 1502 ita
483 1450 748 1521 eﬂlorebit.
781 1451 943 1506 Totus
968 1452 1223 1521 splendor
1261 1454 1471 1523 generis
1519 1453 1767 1520 humani;
1797 1454 1966 1509 hono-

357 1555 483 1605 res,
509 1550 809 1609 potestates
832 1585 846 1610 ,
875 1542 1092 1607 divitize,
1125 1544 1293 1613 typhi,
1320 1544 1480 1598 mina:
1503 1546 1523 1575 ²
1554 1586 1568 1609 ,
1600 1544 1696 1599 ﬂos
1725 1545 1830 1599 feni
1862 1554 1963 1599 est.

355 1631 560 1689 Floret
604 1634 695 1688 illa
724 1633 911 1688 domus
932 1677 945 1699 ,
978 1643 1031 1689 et
1076 1649 1264 1703 magna
1310 1635 1396 1690 illa
1425 1635 1648 1701 domus,
1682 1636 1835 1689 ﬂoret
1880 1636 1963 1690 illa

356 1724 616 1791 familia;
651 1734 705 1781 et
745 1740 903 1795 quam
936 1725 1083 1780 multi
1127 1725 1319 1780 ﬂorent
1345 1727 1365 1757 ³
1395 1768 1410 1793 ,
1442 1735 1534 1780 aut
1580 1742 1737 1795 quam
1784 1727 1965 1783 multis

352 1816 528 1870 annis
570 1817 800 1871 vivunt?
840 1816 981 1871 Multi
1023 1817 1149 1872 anni
1194 1816 1320 1881 tibi;
1373 1817 1534 1872 breve
1573 1826 1782 1887 tempus
1832 1818 1959 1873 Deo.

352 1906 509 1962 Deus
537 1922 650 1963 non
672 1909 748 1964 sic
777 1918 1038 1976 numerat,
1069 1910 1336 1981 quomodo
1359 1919 1410 1964 tu
1434 1926 1703 1965 numeras.
1737 1910 1789 1963 lu
1811 1924 1960 1965 com-

348 1998 652 2065 paratione
682 1999 958 2070 longorum
996 2010 1051 2056 et
1094 2002 1250 2072 longe
1282 2001 1572 2056 viventium
1602 2002 1915 2056 saeculorum
1944 2043 1958 2068 ,

347 2092 545 2145 omnis
587 2091 691 2147 ﬂos
733 2093 988 2165 cujusque
1031 2094 1220 2151 domus
1263 2096 1341 2151 sic
1379 2104 1495 2160 est,
1551 2096 1818 2166 quomodo
1861 2097 1960 2152 ﬂos

345 2182 493 2253 agri.
531 2183 640 2238 Vix
689 2193 769 2240 est
799 2201 972 2241 annua
1014 2188 1190 2242 omnis
1234 2188 1569 2258 pulchritudo
1613 2191 1754 2244 anni.
1789 2190 1958 2258 Quid-

344 2274 481 2342 quid
512 2275 590 2330 ibi
624 2276 799 2347 viget,
826 2278 1076 2349 quidquid
1102 2279 1174 2333 ibi
1197 2279 1419 2346 candet,
1456 2279 1708 2351 quidquid
1740 2281 1809 2336 ibi
1842 2283 1958 2351 pul-

342 2364 551 2419 chrum
579 2376 685 2431 est,
734 2382 837 2422 non
884 2378 1140 2438 perarmat
1165 2369 1222 2434 ⁴’ς
1262 2370 1369 2425 imo
1411 2384 1507 2439 per
1548 2379 1715 2426 totum
1756 2387 1954 2427 annum

343 2452 473 2509 duci
540 2471 653 2511 non
694 2466 888 2527 potest.
934 2458 1104 2525 Quam
1153 2461 1346 2531 exiguo
1394 2471 1631 2531 tempore
1681 2472 1957 2519 transeunt

340 2544 544 2615 ﬂores,
570 2558 629 2603 et
654 2548 755 2604 hoc
777 2560 858 2605 est
886 2551 1161 2620 pulchrum
1194 2553 1249 2606 in
1272 2550 1474 2607 herbis.
1501 2554 1611 2610 Hoc
1638 2556 1779 2626 quod
1801 2558 1954 2613 valde

340 2637 651 2704 pulchrum
679 2648 793 2705 est,
826 2640 928 2695 hoc
969 2641 1076 2697 cito
1118 2642 1278 2697 cadit.
1317 2661 1337 2695 ι
1369 2642 1553 2698 Omnis
1581 2659 1706 2700 caro
1736 2648 1913 2701 fenum
1935 2688 1949 2713 ,

339 2736 394 2779 et
425 2726 664 2783 claritas
695 2730 923 2785 hominis
953 2739 1008 2786 ut
1034 2731 1135 2787 ﬂos
1164 2732 1289 2787 feni.
1319 2733 1521 2788 Fenum
1563 2737 1702 2790 aruit
1727 2776 1741 2803 ,
1771 2746 1825 2791 et
1853 2737 1953 2792 ﬂos

339 2816 557 2872 decidit
585 2836 597 2871 :
636 2818 862 2874 Verbum
890 2830 1065 2877 autem
1108 2822 1313 2878 Domini
1344 2833 1523 2880 manet
1549 2825 1602 2880 in
1632 2835 1891 2883 aeternum
1925 2848 1943 2881 ι

339 2905 530 2978 (Isai.
569 2924 670 2975 XL,
716 2910 1001 2981 6-8).Quia
1047 2927 1176 2983 ergo
1227 2914 1497 2983 quomodo
1547 2916 1702 2971 Pater
1754 2933 1950 2988 cogno-

337 2997 413 3052 vit
454 2999 784 3068 figmentum
825 3011 1100 3069 nostrum,
1145 3004 1266 3072 quia
1295 3003 1472 3059 fenum
1519 3020 1740 3074 sumus,
1786 3019 1840 3063 et
1881 3010 1947 3064 ad

339 3101 571 3157 tempus
598 3090 791 3147 ﬂorere
821 3106 1129 3162 possumus;
1161 3094 1299 3149 misit
1328 3096 1482 3149 nobis
1513 3096 1743 3152 Verbum
1768 3114 1944 3166 suum,

336 3194 389 3239 et
424 3185 676 3241 Verbum
706 3200 858 3240 suum
889 3185 1029 3256 quod
1058 3195 1236 3241 manet
1263 3187 1316 3241 in
1343 3196 1625 3256 aeternum,
1657 3186 1778 3243 feno
1807 3193 1947 3260 quod

337 3293 445 3332 non
512 3284 699 3331 manet
738 3277 789 3331 in
817 3284 1076 3332 attentum
1117 3276 1333 3332 fratrem
1384 3277 1511 3334 fecit
1553 3299 1564 3334 :
1598 3290 1784 3335 natura
1813 3281 1945 3338 Uni—

336 3371 596 3440 genitum
621 3412 635 3436 ,
664 3370 875 3425 unicum
906 3378 1084 3425 natum
1125 3371 1192 3427 de
1238 3373 1532 3428 substantia
1582 3388 1676 3428 sua
1726 3374 1943 3432 fratrem

337 3463 627 3534 adaptatis
655 3471 731 3517 tot
758 3462 1009 3518 fratribus
1052 3462 1196 3518 fecit.
1224 3462 1341 3518 Noli
1380 3464 1563 3520 mirari
1607 3467 1727 3537 quia
1778 3469 1942 3536 parti-

338 3571 473 3626 ceps
510 3556 623 3610 eris
646 3555 954 3610 aeternitatis
984 3553 1157 3619 illius;
1188 3554 1359 3610 factus
1385 3564 1468 3611 est
1494 3557 1606 3627 ipse
1634 3558 1781 3627 prior
1815 3574 1941 3629 par-

340 3646 525 3716 ticeps
554 3644 661 3699 feni
692 3645 783 3699 tui.
816 3644 968 3713 Quod
1003 3645 1272 3701 excelsum
1302 3656 1385 3701 est
1407 3662 1437 3700 a
1466 3654 1517 3703 te
1542 3689 1556 3713 ,
1592 3649 1682 3703 tibi
1713 3649 1943 3721 denega-

340 3735 449 3799 bit,
484 3736 581 3806 qui
609 3735 748 3805 quod
778 3736 976 3791 humile
1000 3745 1116 3791 erat
1141 3751 1207 3791 ex
1234 3746 1283 3791 te
1303 3738 1577 3807 suscepit?
1603 3738 1743 3809 Ergo
1768 3742 1940 3808 homo,

338 3836 614 3897 quantum
643 3827 707 3882 ad
730 3827 999 3883 hominem
1024 3827 1214 3883 attinet
1238 3870 1252 3895 ,
1284 3830 1411 3883 sicut
1440 3833 1611 3899 fenum
1638 3830 1743 3885 dies
1785 3832 1893 3903 ejus
1920 3848 1940 3897 ;

341 3915 485 3975 sicu't
519 3922 617 3990 ﬂos
645 3921 775 3992 agri,
805 3920 876 3974 ita
900 3919 1117 3990 ﬂorebit.

408 4014 513 4069 23.
546 4013 711 4087 [vers.
737 4011 823 4068 16.
848 4012 868 4086 ]
899 4012 1149 4079 Quoniam
1184 4014 1388 4084 spiritus
1420 4014 1738 4084 pertransibit
1764 4015 1814 4068 in
1842 4032 1898 4069 eo
1921 4056 1935 4081 ,

341 4115 385 4159 et
435 4120 550 4159 non
597 4105 723 4169 erit,
778 4113 825 4157 et
870 4119 969 4157 non
1016 4112 1275 4174 cognoscet
1313 4103 1531 4173 amplius
1564 4105 1732 4158 locum
1768 4122 1934 4159 suum.

341 4195 515 4262 Quasi
545 4194 770 4263 perditio
795 4193 1059 4264 quaedam,
1086 4194 1237 4263 quasi
1262 4193 1505 4247 interitus
1530 4193 1764 4264 quidam.
1802 4195 1938 4249 Ecce

340 4287 427 4355 qui
463 4300 527 4341 se
558 4284 738 4346 inﬂat,
770 4298 895 4339 ecce
916 4283 1006 4354 qui
1047 4293 1252 4350 tumet,
1293 4298 1420 4339 ecce
1454 4285 1543 4354 qui
1588 4299 1650 4339 se
1686 4284 1933 4352 extollit,

340 4378 582 4449 Spiritus
608 4378 906 4446 pertransiet
926 4376 979 4428 in
1008 4391 1065 4429 eo
1085 4416 1099 4440 ,
1118 4384 1163 4429 et
1193 4393 1294 4429 non
1324 4376 1416 4429 erit
1434 4417 1449 4440 ,
1477 4384 1523 4430 et
1548 4391 1648 4429 non
1673 4386 1936 4446 cognoscet

340 4469 578 4539 amplius
605 4468 771 4521 locum
806 4483 972 4520 suum.
1018 4466 1206 4522 Videte
1249 4467 1486 4537 quotidie
1533 4468 1855 4533 morientes;
1886 4479 1939 4523 et

344 4560 451 4617 hoc
482 4560 582 4616 erit
612 4568 809 4627 totum,
857 4560 970 4628 ipse
996 4558 1098 4614 erit
1128 4559 1267 4613 linis.
1312 4558 1427 4614 Non
1469 4559 1754 4630 alloquitur
1792 4561 1935 4615 enim

344 4652 532 4707 fenum
558 4692 573 4718 ,
603 4651 696 4706 sed
741 4660 957 4722 propter
994 4650 1133 4721 quod
1178 4660 1228 4706 et
1262 4650 1491 4706 Verbum
1528 4652 1704 4705 fenum
1737 4652 1933 4706 factum

345 4754 450 4799 est.
479 4743 557 4797 Tu
586 4744 727 4797 enim
758 4742 950 4808 homo;
978 4752 1194 4812 propter
1226 4751 1277 4798 te
1303 4752 1480 4798 autem
1512 4751 1566 4797 et
1597 4742 1830 4798 Verbum
1858 4743 1935 4798 fa-

346 4843 493 4888 ctum
520 4841 601 4887 est
631 4833 794 4887 homo
827 4851 841 4886 :
874 4840 929 4886 tu
954 4846 1105 4898 caro,
1146 4842 1198 4887 et
1229 4840 1446 4902 propter
1473 4842 1523 4887 te
1556 4833 1785 4888 Verbum
1811 4849 1936 4890 caro

348 4924 548 4979 factum
583 4932 683 4979 est.
718 4923 897 4978 Omnis
923 4940 1041 4977 caro
1063 4928 1252 4993 fenum,
1284 4934 1329 4978 et
1368 4923 1582 4978 Verbum
1606 4941 1724 4979 caro
1748 4934 1821 4979 est
1850 4928 1935 4998 fa-

348 5026 489 5067 ctum
524 5013 702 5084 (Joan.
731 5014 917 5085 1,14).
948 5014 1154 5083 Quanta
1196 5030 1325 5086 ergo
1370 5030 1492 5085 spes
1536 5015 1677 5082 feni,
1723 5018 1937 5087 quando

351 5104 586 5159 Verbum
612 5119 739 5160 caro
766 5104 1007 5160 factum?
1034 5105 1170 5160 lllud
1200 5106 1342 5177 quod
1373 5116 1549 5162 manet
1575 5108 1628 5161 in
1652 5118 1933 5179 aeternum,

352 5210 455 5248 non
485 5194 829 5265 dedignatum
853 5204 937 5251 est
953 5195 1225 5268 suscipere
1244 5195 1447 5266 fenum,
1474 5212 1541 5252 ne
1570 5196 1636 5253 de
1661 5211 1719 5253 se
1748 5198 1934 5269 despeo

354 5297 494 5340 raret
536 5286 738 5343 fenum.

421 5376 511 5431 24.
544 5375 709 5449 [vers.
739 5377 864 5451 17.]
897 5378 1038 5450 Ergo
1063 5378 1202 5450 quod
1231 5378 1297 5433 ad
1338 5388 1388 5434 te
1415 5378 1647 5435 attendis
1668 5421 1683 5446 ,
1718 5380 1936 5436 humili-

364 5477 525 5524 tatem
554 5478 695 5523 tuam
740 5471 911 5540 cogita
930 5511 944 5536 ,
979 5471 1249 5541 pulverem
1279 5480 1424 5526 tuum
1464 5472 1636 5541 cogita
1662 5487 1676 5537 ;
1706 5472 1814 5527 noli
1844 5488 1936 5528 ex-

419 5607 435 5671 !
471 5608 543 5656 sic
564 5606 748 5671 aliquot
758 5614 869 5671 Mss.
891 5606 974 5656 Alii
995 5620 1103 5656 cum
1126 5607 1259 5668 Edd.,
1286 5606 1463 5671 vigens.

418 5670 440 5739 ξ
471 5671 623 5739 giein
646 5669 757 5717 Edd.
784 5670 989 5739 additur,
1010 5677 1214 5739 tumores
1235 5669 1403 5739 :gtiOd
1425 5683 1452 5718 a
1474 5675 1577 5719 Mss.
1603 5669 1759 5718 abest.

422 5730 441 5760 ³
478 5731 609 5788 Edd.,
644 5742 790 5794 quam
823 5730 985 5780 multis
1025 5729 1182 5794 ﬂoret.
1232 5728 1415 5795 Aliquot
1448 5739 1573 5793 Mss,
1614 5744 1757 5794 quam
1802 5728 1939 5779 multi

354 5787 543 5847 ﬂorent,
568 5787 666 5841 etcf
1025 5787 1035 5794 ’

423 5854 442 5883 δ
466 5851 629 5904 melius
650 5852 806 5906 forte:
836 5859 1077 5917 peremat.

1509 419 1904 476 ENARRATIO
1944 420 2007 475 IN
2047 420 2364 480 PSALMUM
2404 423 2512 479 Cll.

3534 436 3669 492 1534

2087 538 2194 592 tolli
2222 540 2507 609 :quidquid
2551 542 2742 598 melius
2761 546 2893 611 eris,’
2914 547 3084 616 gratia
3114 547 3254 603 illius
3283 549 3386 603 eris
3410 592 3424 617 ,
3458 554 3665 608 miseri.

2079 630 2258 683 cordia
2297 630 2436 685 illius
2482 633 2607 687 eris.
2640 635 2773 689 Audi
2806 638 2946 691 enim
2976 638 3118 707 quod
3146 640 3426 710 sequitur:
3469 641 3661 698 Miseri-

2078 719 2250 773 cordia
2262 736 2374 775 vero
2390 719 2593 776 Domini
2610 725 2663 777 in
2674 727 2858 781 saeculo
2872 737 2919 782 et
2932 728 2985 781 in
3003 730 3332 797 steculum,su
3338 748 3425 799 per
3438 734 3664 790 timentes

2078 825 2209 863 eum.
2246 811 2346 879 Qui
2373 827 2479 868 non
2507 814 2703 870 timetis
2722 832 2866 884 eum,
2896 818 3073 874 fenum
3096 862 3111 886 ,
3160 829 3217 876 et
3242 822 3293 876 in
3338 822 3457 879 feno
3484 867 3499 891 ,
3528 836 3582 882 et
3611 828 3662 881 in

2080 910 2344 959 tormento
2385 919 2506 960 cum
2550 905 2673 962 feno
2712 909 2861 964 eritis
2897 927 2911 964 :
2954 923 3198 983 resurget
3238 915 3381 970 enim
3431 931 3557 973 caro
3597 924 3662 973 ad

2078 996 2714 1054 tormentum.Gaudeant
2743 999 2817 1054 illi
2844 1001 2933 1071 qui
2963 1003 3150 1058 timent
3174 1018 3316 1072 eum,
3347 1008 3471 1077 quia
3502 1022 3663 1079 super

2075 1100 2169 1140 eos
2204 1088 2569 1144 misericordia
2601 1090 2735 1160 ejus.

2146 1177 2235 1231 ‘25.
2267 1176 2425 1250 [vers.
2456 1181 2541 1235 18.
2573 1180 2589 1253 ]
2620 1181 2687 1235 Et
2706 1184 2911 1254 justitia
2935 1185 3047 1254 ejus
3072 1202 3223 1256 super
3247 1188 3381 1257 filios
3406 1190 3652 1258 ﬁliorum.

2075 1266 2493 1325 Retributionem
2522 1271 2673 1338 dicit,
2703 1290 2853 1341 super
2879 1273 3013 1343 ﬁlios
3039 1276 3282 1344 ﬁliorum.
3312 1277 3483 1346 Quam
3507 1283 3653 1337 multi

2072 1369 2197 1413 sunt
2219 1363 2356 1415 servi
2391 1362 2479 1416 Dei
2505 1378 2609 1418 non
2638 1364 2894 1421 habentes
2917 1365 3075 1430 filios.
3103 1377 3302 1439 quanto
3324 1372 3503 1427 minus
3522 1374 3656 1441 ﬁlias

2072 1449 2335 1515 ﬁliorum?
2364 1452 2456 1507 sed
2486 1454 2621 1509 lilios
2649 1466 2859 1511 nostros
2906 1457 3033 1512 dicit
3066 1474 3226 1528 opera
3272 1471 3488 1529 nostra;
3519 1466 3653 1533 ﬁlios

2071 1541 2312 1608 filiorum,
2342 1544 2643 1599 mercedem
2687 1560 2908 1615 opcmm
2936 1558 3259 1605 nostrorum.
3299 1553 3510 1607 Iustitia
3537 1556 3647 1625 ejus

2068 1646 2219 1698 super
2245 1632 2377 1700 ﬁlios
2416 1632 2670 1701 ﬁliorum,
2712 1638 3100 1692 custodientibus
3137 1649 3485 1695 testamentum
3521 1646 3651 1714 ejus.

2070 1719 2295 1776 Videant
2322 1738 2388 1778 ne
2410 1732 2596 1792 putent
2618 1740 2804 1782 omnes
2825 1727 2889 1782 ad
2913 1743 2970 1783 se
2992 1730 3256 1797 pertinere
3279 1732 3418 1802 quod
3448 1733 3649 1791 dictum

2068 1820 2149 1866 est
2190 1828 2205 1866 :
2238 1812 2470 1883 eligant,
2519 1830 2639 1870 cum
2688 1818 2824 1872 licet.
2861 1817 3262 1875 Custodientibus
3285 1863 3301 1889 ,
3346 1823 3543 1895 inquit,
3576 1836 3649 1880 te.

2065 1913 2364 1958 stamentum
2389 1907 2498 1975 ejus
2522 1948 2537 1973 ,
2567 1919 2613 1962 et
2640 1911 2879 1963 memoria
2907 1911 3228 1965 retinentibus
3251 1916 3490 1978 mandata
3517 1918 3648 1987 ejus,

2065 2005 2119 2047 ut
2149 1995 2337 2062 faciant
2365 2013 2443 2050 ea.
2473 1998 2589 2053 Jam
2632 2008 2683 2054 te
2718 2000 3037 2071 disponebas
3072 1994 3364 2070 extollere,
3415 2017 3469 2061 et
3515 2008 3649 2063 forte

2064 2084 2290 2141 reddere
2331 2087 2459 2142 mihi
2506 2088 2820 2145 Psalterium
2843 2133 2856 2157 ,
2893 2092 3034 2162 quod
3066 2108 3165 2164 ego
3196 2109 3300 2149 non
3342 2106 3528 2165 teneo,
3558 2108 3651 2153 aut

2063 2182 2226 2230 totam
2258 2176 2449 2247 Legem
2496 2182 2804 2237 memoriter
2846 2186 3212 2252 pronuntiare.
3246 2186 3411 2244 Plane
3447 2189 3498 2243 in
3530 2205 3647 2246 me—

2060 2268 2228 2321 moria
2260 2269 2448 2323 mclior
2476 2285 2584 2336 me,
2614 2272 2804 2327 melior
2832 2275 3018 2343 quovis
3057 2276 3231 2345 justo,
3275 2279 3319 2332 si
3358 2279 3534 2348 justus
3579 2283 3645 2337 ad

2060 2358 2280 2413 verbum
2311 2360 2506 2430 Legem
2538 2378 2644 2417 non
2672 2372 2814 2419 tenet
2848 2384 2861 2419 :
2894 2366 2986 2420 sed
3024 2367 3143 2422 vide
3169 2377 3226 2423 ut
3266 2379 3527 2441 prmcepta
3570 2382 3643 2426 te-

2060 2464 2207 2506 neas.
2238 2450 2343 2507 Sed
2369 2453 2636 2522 quomodo
2665 2456 2886 2511 teneas?
2914 2456 3031 2512 Non
3060 2459 3318 2514 memoria
3336 2502 3352 2528 ,
3384 2461 3478 2517 sed
3516 2463 3643 2517 vita.

2059 2541 2308 2597 Memoria
2332 2547 2655 2602 retinentibus
2675 2548 2915 2603 mandata
2935 2552 3044 2621 ejus
3067 2566 3085 2604 :
3108 2566 3211 2605 non
3233 2561 3286 2605 ut
3303 2552 3527 2608 reddant
3545 2568 3641 2618 ea;

2056 2632 2181 2699 sed,
2206 2644 2261 2687 ut
2281 2635 2471 2703 faciant
2498 2653 2575 2690 ea.
2603 2636 2720 2693 Jam
2747 2638 2882 2694 forte
2908 2639 3067 2695 modo
3090 2641 3429 2710 perturbatur
3459 2644 3644 2699 unius-

2055 2724 2314 2794 cujusque
2342 2726 2541 2783 anima.
2575 2727 2704 2796 Quis
2726 2737 2870 2785 tenet
2888 2732 3064 2785 omnia
3093 2733 3337 2789 mandata
3369 2734 3501 2790 Dei?
3522 2737 3643 2804 quis

2056 2823 2203 2871 tenet
2232 2831 2419 2873 omnes
2446 2818 2675 2875 Litteras
2701 2820 2832 2876 Dei?
2864 2820 3001 2876 Ecce
3032 2823 3153 2877 volo
3181 2838 3289 2878 non
3329 2824 3501 2880 solum
3532 2842 3644 2882 me-

2053 2907 2222 2961 moria
2251 2915 2463 2974 tenere,
2493 2909 2588 2965 sed
2615 2918 2668 2965 et
2697 2912 2949 2980 operibus
2980 2914 3112 2967 meis
3150 2912 3323 2969 facere
3363 2934 3376 2970 :
3404 2916 3496 2970 sed
3522 2917 3641 2985 quis

2055 3004 2200 3053 tenet
2238 3000 2415 3054 omnia
2457 3001 2754 3056 memoria?
2782 3001 2899 3057 Noli
2933 3003 3149 3067 timere;
3192 3018 3299 3059 non
3345 3014 3393 3059 te
3432 3014 3636 3061 onerat.

2052 3086 2119 3143 In
2158 3089 2350 3145 duobus
2394 3093 2658 3162 prazceptis
2703 3100 2807 3147 tota
2847 3092 2956 3147 Lex
3000 3095 3217 3163 pendet,
3266 3104 3313 3149 et
3366 3095 3639 3167 Propheta:

2053 3179 2273 3252 (Matth.
2315 3198 2458 3249 xx",
2490 3183 2623 3255 40).
2671 3182 2774 3239 Sed
2815 3195 2979 3240 totam
3027 3186 3221 3257 Legem
3269 3188 3390 3243 volo
3431 3198 3635 3245 tenere.

2050 3270 2196 3327 Tene
2214 3312 2229 3336 ,
2256 3272 2298 3326 si
2328 3282 2477 3342 potes
2497 3314 2511 3337 ,
2535 3274 2743 3344 quando
2770 3283 2941 3345 potes,
2961 3277 3226 3347 quomodo
3247 3288 3418 3349 potes.
3443 3278 3638 3347 Quam-

2048 3378 2275 3434 cumque
2306 3365 2547 3435 paginam
2589 3366 3028 3437 interrogaveris,
3078 3369 3179 3425 hoc
3209 3370 3302 3425 tibi
3345 3372 3635 3440 responde-

2049 3455 2127 3511 bit
2155 3474 2166 3509 :
2199 3455 2349 3523 Quod
2380 3465 2561 3521 tenes,
2596 3465 2755 3524 tene;
2788 3458 3100 3515 charitatem
3130 3468 3253 3515 tene
3281 3479 3292 3515 :
3322 3460 3468 3516 Finis
3498 3480 3634 3532 prte-

2046 3548 2176 3616 cepti
2205 3556 2276 3600 est
2299 3548 2519 3602 charitas
2545 3548 2564 3621 (
2587 3548 2605 3603 l
2637 3548 2767 3604 Tim.
2802 3566 2853 3617 ι,
2885 3551 2977 3621 5).
3005 3551 3123 3607 Noli
3144 3553 3378 3623 cogitare
3403 3556 3470 3610 de
3491 3557 3634 3611 mul-

2048 3639 2270 3695 titudine
2302 3655 2608 3707 ramorum;
2640 3642 2873 3698 radicem
2918 3652 3061 3711 lene,
3102 3652 3157 3701 et
3189 3654 3297 3701 tota
3323 3647 3481 3702 arbor
3509 3649 3561 3702 in
3584 3658 3647 3703 te

2045 3742 2147 3787 est.
2170 3731 2237 3787 Et
2256 3733 2497 3787 memoria
2520 3734 2844 3789 retinentibus
2861 3736 3101 3790 mandata
3126 3738 3237 3808 ejus
3252 3748 3306 3792 ut
3335 3740 3523 3809 faciant
3551 3756 3628 3793 ea.

2112 3823 2203 3879 26.
2246 3823 2411 3897 [vers.
2452 3825 2579 3899 19.]
2624 3826 2867 3882 Dominus
2910 3830 3186 3899 paravitin
3229 3831 3352 3885 coelo
3398 3831 3633 3885 thronum

2041 3932 2207 3969 suum.
2236 3914 2399 3984 Quis,
2434 3918 2533 3971 nisi
2560 3917 2803 3973 Christus
2826 3959 2841 3984 ,
2879 3920 3085 3988 paravit
3129 3921 3180 3975 in
3210 3921 3349 3978 C(elo
3380 3921 3629 3977 thronum

2042 4005 2232 4059 suum?
2257 4005 2354 4072 Qui
2382 4005 2653 4061 descendit
2682 4016 2736 4062 et
2777 4007 3054 4073 ascendit,
3082 4008 3172 4077 qui
3202 4018 3444 4064 mortuus
3470 4020 3550 4065 est
3578 4021 3631 4065 et

2043 4097 2360 4162 resurrexit,
2392 4095 2481 4164 qui
2514 4095 2783 4151 hominem
2814 4108 3144 4168 assumptum
3174 4099 3227 4153 in
3258 4100 3450 4155 cailum
3484 4101 3628 4157 leva-

2040 4185 2148 4249 vit,
2192 4186 2305 4255 ipse
2344 4185 2547 4255 paravit
2592 4186 2646 4240 in
2693 4187 2832 4241 coelo
2882 4187 3131 4244 thronum
3177 4204 3350 4244 suum.
3385 4190 3630 4248 Tbronus

2040 4277 2194 4333 sech
2236 4287 2317 4332 est
2349 4276 2544 4347 judicis
2576 4297 2589 4331 :
2620 4278 2899 4334 observate
2941 4296 3068 4351 ergo
3110 4282 3199 4352 qui
3242 4282 3435 4338 auditis
3461 4326 3476 4353 ,
3507 4287 3630 4356 quia

2043 4369 2236 4438 paravit
2262 4371 2314 4422 in
2353 4370 2475 4423 caelo
2517 4371 2753 4424 thronum
2798 4388 2964 4425 suum.
2998 4372 3178 4427 Faciat
3222 4374 3447 4445 quisque
3488 4378 3630 4446 quod

2041 4462 2151 4517 vult
2180 4462 2233 4516 in
2261 4471 2400 4518 terra
2418 4506 2433 4526 ,
2467 4478 2572 4518 non
2598 4464 2698 4518 erit
2726 4464 3041 4533 impunitum
3068 4476 3367 4535 peccatum,
3394 4483 3498 4523 non
3529 4470 3632 4524 erit

2040 4554 2364 4609 infructuosa
2403 4554 2643 4624 justitia;
2675 4556 2798 4625 quia
2827 4556 3082 4611 Dominus
3110 4557 3199 4627 qui
3226 4566 3349 4613 ante
3381 4558 3627 4613 thronum

2036 4642 2227 4714 judicis
2258 4645 2489 4701 hominis
2514 4645 2699 4701 irrisus
2729 4655 2812 4702 est
2835 4688 2849 4713 ,
2879 4648 2929 4701 in
2974 4647 3114 4703 cosio
3153 4650 3353 4718 paravit
3382 4650 3627 4705 thronum

2038 4751 2211 4791 suum.
2243 4736 2489 4791 Dominus
2522 4738 2576 4792 in
2615 4739 2740 4793 caelo
2770 4741 2967 4809 paravit
2994 4741 3229 4795 thronum
3254 4758 3437 4807 suum;
3472 4752 3517 4796 et
3545 4760 3627 4796 re—

2038 4842 2192 4895 gnum
2227 4828 2337 4898 ejus
2375 4829 2596 4881 omnium
2634 4828 2990 4884 dominabitur.
3022 4830 3230 4885 Domini
3259 4840 3339 4885 est
3366 4846 3587 4902 regnum
3609 4874 3623 4898 ,

2038 4926 2093 4974 et
2118 4919 2231 4989 ipse
2258 4918 2614 4974 dominabitur
2639 4922 2874 4990 gentium
2912 4922 2929 4991 (
2953 4920 3096 4975 Psal.
3127 4937 3213 4975 xxi
3238 4964 3251 4987 ,
3279 4920 3349 4977 29
3370 4920 3407 4986 ).
3443 4921 3511 4975 Et
3548 4940 3628 4977 re-

2041 5025 2194 5080 gnum
2219 5010 2328 5079 ejus
2349 5012 2573 5064 omnium
2602 5011 2959 5065 dominabitur.
3324 5002 3341 5015 ’
3664 5010 3669 5014 ’

2110 5100 2199 5154 27.
2243 5099 2405 5173 [vers.
2433 5099 2562 5173 20.]
2602 5100 2887 5155 Benedicite
2914 5100 3187 5155 Dominum
3210 5142 3225 5167 ,
3249 5118 3420 5158 omnes
3450 5104 3627 5175 Angcli

2040 5193 2169 5261 ejus,
2202 5200 2424 5260 potentes
2458 5191 2754 5260 fortitudine
2776 5230 2791 5256 ,
2824 5190 3062 5260 facientes
3102 5191 3305 5245 verbum
3328 5193 3453 5263 ejus.
3489 5195 3644 5265 Ergo

2041 5292 2097 5337 tu
2121 5281 2288 5337 verbo
2316 5282 2408 5337 Dei
2440 5280 2672 5336 nondum
2699 5281 2874 5349 justus
2914 5294 2972 5335 es
3001 5290 3092 5336 aut
3138 5280 3308 5338 ﬁdelis
3330 5325 3344 5349 ,
3378 5285 3477 5339 nisi
3505 5300 3626 5341 cum

2040 5376 2190 5432 facis.
2223 5376 2462 5430 Potentes
2486 5374 2782 5446 fortitudine
2804 5414 2819 5437 ,
2860 5374 3099 5444 facientes
3138 5377 3339 5431 uerbum
3381 5380 3493 5449 ejus
3517 5420 3532 5444 ,
3560 5382 3628 5433 ad

2041 5467 2345 5522 audiendam
2366 5482 2533 5520 vacem
2554 5480 2838 5518 sermonum
2868 5466 2975 5537 ejus
3002 5465 3040 5519 ¹.

2111 5559 2200 5615 28.
2243 5556 2406 5629 [vers.
2437 5554 2566 5628 ει]
2606 5554 2891 5612 Benedicite
2911 5556 3205 5625 Dominum,
3230 5575 3402 5613 omnes
3428 5561 3625 5616 virtutes

2047 5653 2171 5723 ejus,
2204 5651 2419 5705 ministri
2447 5652 2576 5722 ejus,
2610 5650 2849 5720 facientes
2877 5650 3183 5706 uoluntatem
3213 5651 3393 5706 iusius.
3426 5653 3624 5708 Omnes

2106 5852 2125 5881 ⁸
2140 5846 2289 5898 Nostri
2300 5853 2405 5897 Mss.
2420 5850 2662 5899 omittunt.
2676 5844 2740 5896 ad
2753 5844 3045 5896 audiendam
3056 5857 3209 5896 vocem
3222 5858 3489 5897 sermonum
3501 5860 3605 5912 ejus
