4088 6448
533 364 669 419 1335

528 478 568 532 A
578 477 734 548 ngeli,
757 490 945 533 omnes
962 477 1204 547 potentes
1224 474 1531 531 fortitudine
1554 474 1593 538 ‘,
1616 472 1869 530 facientes
1890 472 2109 528 verbum

526 572 661 638 ejus,
702 586 889 625 omnes
930 571 1149 624 virtutes
1191 569 1306 637 cjns
1329 609 1344 633 ,
1378 582 1564 633 omnes
1594 567 1819 622 ministri
1848 566 1963 635 ejus
1986 606 2001 633 ,
2032 569 2112 619 fa-

524 662 726 717 cientes
755 662 1077 715 voluntatem
1108 660 1272 727 ipsins
1292 702 1306 725 ,
1336 674 1452 726 vos,
1484 673 1579 714 vos
1605 657 1903 713 benedicite
1936 657 2114 711 Domi-

525 772 671 811 num.
700 756 898 810 Omnes
926 755 1071 808 enim
1102 754 1238 808 male
1262 754 1517 820 viventes,
1541 752 1642 807 etsi
1672 751 1850 821 lingua
1878 760 2105 816 taceant,

521 850 622 901 vita
656 846 880 901 Domino
910 845 1255 901 maledicunt.
1287 845 1422 912 Quid
1453 843 1670 914 prodest
1695 844 1817 914 quia
1848 843 2105 915 hymnum

516 947 694 993 cantat
737 939 912 1007 lingua
959 948 1086 1003 tua,
1117 938 1161 992 si
1208 936 1542 1007 sacrilegium
1588 936 1803 991 exhalat
1827 937 1932 990 vita
1981 937 2106 989 tua?

517 1029 649 1084 Male
676 1028 903 1083 vivendo
931 1028 1125 1082 multas
1164 1027 1369 1097 linguas
1401 1027 1587 1082 misisti
1618 1027 1668 1080 in
1697 1026 2099 1095 blasphemiam.

514 1119 715 1189 Lingua
761 1128 849 1174 tua
878 1126 1030 1173 vacat
1074 1119 1308 1189 hymno,
1340 1125 1394 1171 et
1434 1128 1641 1172 ceterae
1691 1127 1742 1170 te
1785 1112 2099 1171 intuentium

514 1221 701 1265 vacant
729 1210 1093 1280 blasphetniis.
1122 1209 1177 1264 Si
1201 1225 1326 1277 ergo
1348 1210 1425 1263 vis
1453 1209 1769 1263 benedicere
1793 1209 2095 1273 Dominum,

513 1302 595 1356 fac
623 1300 842 1357 verbum
875 1300 989 1370 ejus
1013 1343 1029 1365 ,
1060 1300 1139 1353 iac
1167 1301 1490 1354 voluntatem
1523 1299 1657 1367 ejus.
1704 1298 1756 1351 ln
1788 1309 1935 1368 petra
1966 1298 2097 1353 tedi-

513 1394 608 1445 tica
631 1433 645 1457 ,
675 1392 780 1448 noli
811 1393 861 1447 in
900 1407 1083 1447 arena.
1114 1391 1315 1446 Audire
1358 1400 1410 1444 et
1454 1390 1778 1445 non-facere
1798 1431 1812 1455 ,
1853 1391 1904 1444 in
1933 1405 2096 1447 arena

510 1483 776 1538 :cdiﬁcarc
795 1493 908 1538 est:
934 1483 1118 1537 audire
1138 1492 1189 1536 et
1215 1481 1413 1547 facere,
1440 1482 1489 1535 in
1518 1492 1662 1550 petra
1686 1480 1951 1536 :cdificare
1973 1492 2054 1535 est
2079 1502 2091 1535 :

510 1568 609 1629 nec
627 1575 833 1635 audire,
858 1589 954 1628 nec
982 1573 1177 1637 facere,
1202 1573 1333 1627 nihil
1359 1572 1622 1627 mdilicare
1645 1580 1749 1627 est.
1780 1571 1835 1625 Si
1865 1573 1916 1625 in
1934 1587 2093 1628 arena

505 1668 761 1729 aediﬁcas.
786 1668 991 1721 ruinam
1019 1665 1250 1721 :ediﬁcas
1275 1682 1287 1718 :
1313 1666 1358 1721 si
1386 1665 1515 1718 nihil
1541 1664 1793 1731 azdilicas,
1822 1665 2093 1733 expositus

506 1758 718 1829 plurim,
741 1757 1067 1823 numinibus,
1090 1758 1284 1822 ventis,
1306 1765 1429 1811 ante
1455 1755 1678 1826 rapieris
1697 1770 1855 1826 quam
1880 1757 2092 1812 steteris

507 1846 721 1918 (Matth.
746 1864 837 1911 vn,
851 1847 1018 1901 '24-‘27
1033 1849 1071 1916 ).
1092 1847 1230 1917 Ergo
1247 1862 1350 1901 non
1368 1854 1450 1901 est
1464 1846 1803 1911 cessandum,
1818 1846 1909 1901 sed
1927 1845 2093 1901 tediﬁ-

502 1938 729 1995 eandnm
756 1958 768 1993 :
792 1954 889 1994 nec
910 1940 988 1994 sic
1003 1938 1392 2005 aediﬁcandum,
1412 1948 1469 1993 ut
1488 1939 1637 1994 rttina
1655 1937 1972 2004 aediﬁcetur;
1997 1939 2090 1994 sed

508 2033 556 2085 in
585 2040 735 2100 petra
763 2030 1130 2085 aediﬁcandum
1155 2071 1172 2099 ,
1202 2040 1259 2085 ut
1286 2030 1505 2083 tcutatio
1538 2046 1641 2083 non
1673 2039 1897 2085 evertat.
1925 2030 1981 2086 Si
2012 2030 2092 2085 sic

503 2134 601 2188 est,
637 2124 860 2179 benedic
889 2124 1166 2179 Dominum
1202 2141 1214 2177 ε
1249 2124 1293 2178 si
1325 2140 1429 2180 non
1474 2132 1556 2179 est
1582 2124 1659 2178 sic
1682 2167 1697 2191 ,
1727 2125 1833 2179 noli
1862 2124 2085 2180 blandiri

502 2218 696 2287 lingua».
746 2224 882 2281 tum;
929 2219 1090 2273 vitam
1132 2227 1273 2272 tuam
1317 2219 1625 2288 interroga,
1676 2219 1787 2288 ipsa
1845 2218 1937 2273 tibi
1997 2234 2087 2275 re—

503 2308 781 2378 spondeat.
810 2309 1019 2365 lnvcnis
1043 2313 1063 2342 ²
1093 2310 1218 2381 quid
1266 2309 1339 2364 sis
1379 2311 1537 2374 mali;
1578 2324 1754 2381 geme,
1782 2311 2037 2367 conﬁtere
2070 2328 2083 2365 :

499 2398 764 2458 confessio
796 2410 881 2455 tua
926 2409 1102 2471 potest
1143 2401 1422 2455 Dominum
1454 2401 1805 2468 benedicere;
1850 2402 1943 2458 sed
1971 2418 2060 2457 mu

500 2491 627 2544 tatio
657 2501 741 2544 tua
770 2491 822 2546 in
846 2492 1214 2547 benedictione
1243 2500 1568 2562 perseveret.

567 2582 657 2638 29.
693 2582 853 2657 [vers.
881 2583 1013 2659 22.]
1052 2584 1340 2640 Benedicite
1374 2584 1651 2640 Dominum
1675 2628 1690 2652 ,
1728 2588 1899 2641 omnia
1932 2604 2086 2657 opera

497 2678 627 2747 ejus,
645 2678 696 2730 in
719 2680 854 2731 omni
878 2678 986 2732 loco
1006 2679 1364 2733 dominationis
1387 2680 1515 2749 ejus.
1543 2678 1683 2749 Ergo
1704 2678 1757 2732 in
1778 2680 1925 2734 omni
1945 2680 2081 2734 loco.

497 2765 570 2821 lbi
614 2784 716 2822 non
764 2769 1138 2837 benedicatur,
1182 2769 1268 2823 ubi
1314 2785 1419 2822 non
1467 2770 1811 2825 dominatur:
1844 2770 1910 2824 In
1948 2773 2085 2824 oumi

496 2858 608 2911 toco
647 2859 1003 2913 dominationis
1046 2861 1175 2930 ejus.
1220 2860 1297 2914 Ne
1339 2859 1475 2915 forte
1516 2862 1709 2931 aliquis
1750 2861 1931 2916 dicat:
1964 2862 2082 2918 Non

496 2964 711 3020 possum
742 2951 1057 3007 benedicere
1088 2952 1366 3006 Dominum
1409 2952 1460 3006 in
1488 2952 1714 3018 oriente,
1744 2953 1865 3022 quia
1895 2953 1958 3007 ad
1987 2967 2083 3008 oc-

495 3040 760 3097 cidentem
795 3042 1063 3112 profectus
1105 3054 1219 3106 est;
1267 3052 1396 3106 aut,
1436 3042 1551 3099 Non
1598 3059 1813 3113 possum
1857 3046 1907 3099 in
1938 3045 2083 3099 occi-

493 3132 686 3198 dente,
712 3134 832 3202 quia
867 3134 917 3187 in
949 3135 1154 3189 oriente
1182 3142 1284 3189 est.
1314 3133 1435 3188 Non
1474 3135 1537 3188 ab
1567 3136 1756 3189 oriente
1791 3146 1838 3189 et
1866 3136 1927 3189 ab
1952 3138 2078 3189 occi-

493 3225 655 3286 dente,
680 3242 779 3279 non
801 3243 832 3277 (ι
858 3226 1069 3280 desertis
1094 3229 1378 3293 montibus;
1407 3229 1645 3297 quoniam
1679 3228 1812 3283 Deus
1826 3230 1993 3300 judea:
2011 3240 2083 3284 est

493 3318 676 3384 (Psal.
706 3334 885 3386 Lxxtv,
916 3321 967 3384 7,
998 3320 1088 3392 8).
1122 3320 1211 3375 Sic
1237 3321 1431 3392 ubique
1457 3330 1539 3377 est
1559 3363 1574 3387 ,
1608 3329 1665 3375 ut
1694 3321 1887 3391 ubique
1916 3322 2079 3376 bene-

492 3412 739 3465 dicatur:
773 3412 847 3465 sic
878 3413 1107 3482 undique
1150 3423 1267 3475 est.
1301 3422 1360 3466 ut
1404 3413 1477 3467 illi
1522 3414 1753 3485 undique
1775 3413 2033 3484 jubiletur
2063 3432 2075 3466 :

493 3503 572 3557 sic
620 3502 851 3572 undique
895 3504 1259 3568 benedicitur,
1302 3515 1360 3559 ut
1403 3505 1638 3575 undique
1684 3507 1822 3562 bene
1851 3506 2074 3562 vivatur.

492 3593 777 3647 Benedicite
806 3588 1100 3660 Dominum,
1131 3597 1298 3649 omnia
1327 3612 1480 3666 Opera
1500 3595 1626 3665 ejus.
1659 3596 1790 3664 Quia
1817 3611 1937 3651 cum
1964 3613 2075 3653 ete-

490 3686 634 3757 pcris
663 3685 714 3740 in
744 3687 879 3741 bona
910 3688 1011 3739 \iita
1059 3686 1375 3743 benedicere
1420 3689 1699 3742 Dominum
1724 3730 1737 3754 ,
1768 3704 1929 3759 Opera
1964 3691 2078 3759 ejus

489 3796 611 3839 cum
643 3780 980 3844 benedicunt,
1014 3798 1118 3835 non
1150 3784 1332 3836 merita
1364 3792 1470 3835 tua.
1504 3781 1619 3853 Ipse
1649 3784 1790 3836 enim
1823 3799 1916 3851 per
1946 3792 1996 3838 te
2025 3794 2077 3837 et

490 3878 542 3930 in
571 3886 621 3931 te
646 3877 841 3933 bonum
856 3874 1349 3948 Operalnr,dicente
1373 3874 1659 3949 Apostolo:
1686 3873 1811 3928 Cum
1831 3876 2009 3929 timore
2032 3885 2075 3928 et

487 3978 700 4023 tremore
717 3979 927 4024 vestram
956 3970 1180 4039 ipsorum
1205 3970 1413 4023 salutem
1440 3965 1721 4041 aperamini
1736 3981 1757 4034 ,'
1785 3964 1924 4025 Deus
1945 3966 2074 4019 enim

487 4072 559 4115 est
592 4062 679 4133 qui
707 4073 946 4133 operatur
973 4065 1023 4116 in
1064 4064 1201 4116 vobis
1233 4062 1504 4134 (Philipp.
1540 4079 1573 4117 ll
1596 4104 1610 4129 ,
1648 4064 1748 4129 12,
1779 4064 1905 4136 IS).
1935 4066 2073 4135 Ergo

484 4170 554 4209 ne
580 4164 631 4208 te
657 4155 945 4210 extolleres
969 4197 982 4217 ,
1012 4155 1132 4224 quia
1182 4155 1311 4209 facis
1335 4155 1556 4209 verbum
1604 4158 1721 4225 ejus
1746 4198 1760 4222 ,
1792 4157 1912 4226 quia
1946 4156 2074 4212 iacis

485 4246 808 4300 voluntatem
840 4245 975 4314 ejus,
1002 4245 1166 4299 voluit
1193 4254 1243 4299 te
1273 4244 1558 4312 humiliari,
1588 4246 1922 4315 respiciendo
1947 4262 2072 4317 gra-

484 4339 611 4392 tiam
644 4337 788 4405 ejus,
819 4338 958 4392 unde
988 4339 1087 4392 hoc
1111 4347 1427 4392 consecutus
1454 4352 1531 4392 es.
1567 4337 1633 4391 In
1661 4338 1797 4392 omni
1833 4340 1943 4392 loco
1981 4339 2075 4392 do-

484 4427 778 4481 minationis
800 4428 927 4497 ejus.
964 4426 1182 4481 Benedic
1205 4469 1220 4493 ,
1248 4429 1419 4481 anima
1459 4446 1600 4492 mea,
1630 4424 1925 4482 Dominum.
1956 4429 2072 4499 Ipse

483 4516 701 4571 ultimus
726 4530 911 4570 versus
940 4529 1021 4571 est
1056 4518 1144 4587 qui
1178 4519 1378 4587 primus
1422 4537 1432 4570 :
1477 4518 1776 4574 benedictio
1799 4535 1827 4573 a
1858 4523 2029 4589 capite
2051 4563 2069 4589 ,

486 4606 787 4663 benedictio
816 4608 867 4663 in
898 4608 1037 4673 ﬁne;
1066 4625 1096 4663 a
1125 4609 1495 4665 benedictione
1523 4609 1742 4679 profecti
1770 4626 1972 4677 sumus,
2003 4613 2068 4667 ad

481 4698 904 4755 benedictionem
931 4700 1234 4767 redeamus,
1281 4701 1331 4755 in
1360 4700 1731 4757 benedictione
1763 4718 2066 4773 regnemus.

957 4932 1038 4994 IN
1080 4929 1462 4993 PSALMUM
1502 4931 1639 4993 CIII

1067 5070 1480 5127 ENABRATIO.

1099 5220 1271 5263 saeuo
1300 5222 1313 5263 I
1346 5207 1446 5280 (a).

554 5347 604 5401 ί.
646 5345 741 5401 Die
765 5344 979 5415 quidem
1002 5343 1444 5405 nudiustertiano,
1476 5348 1728 5413 quantum
1760 5342 2064 5399 meminisse

479 5437 807 5509 dignamini,
838 5435 1171 5491 abundanter
1209 5436 1392 5492 refecti
1436 5438 1563 5493 estis
1609 5454 1622 5489 :
1670 5435 1761 5492 sed
1802 5437 1921 5507 quia
1966 5451 2064 5490 nos

542 5599 558 5629 ¹
596 5595 762 5644 Plures
787 5602 914 5653 Mss.,
952 5598 1200 5656 potestates
1223 5590 1517 5654 fortitudinis
1541 5590 1645 5653 Alii,
1670 5596 1939 5654 potestates,
1960 5588 2061 5652 for-

477 5658 718 5709 trtudt‘nes.

542 5724 562 5753 ι
596 5719 783 5781 Aliquot
798 5726 927 5776 Mss,
950 5716 1121 5781 inveni.

543 5783 615 5845 (α)
638 5772 834 5890 Ηεὶιιὲυε
852 5772 1159 5888 (ξὶιιιθεὶηθ,
1186 5791 1251 5828 ex
1290 5791 1339 5825 n.
1369 5777 1455 5837 15;
1493 5778 1754 5837 Augustino
1784 5772 1880 5836 jam
1914 5788 2057 5838 sene,

481 5857 541 5894 ex
568 5856 715 5894 serm.
778 5877 791 5894 .
817 5855 863 5889 n.
928 5877 937 5888 .

1774 362 1830 417 S.
1870 358 2235 418 AUGUSTINI
2278 363 2584 421 EPISCOPI

3671 382 3786 440 1530

2225 476 2384 529 etiam
2417 486 2539 547 post
2568 478 2780 549 longum
2807 494 3108 537 sermonem
3137 485 3427 544 avidissimi
3458 489 3475 521 ‘
3504 490 3787 563 dimisistis,

2222 582 2325 619 non
2355 568 2653 635 putavimus
2668 568 3009 626 Sanctitatcm
3045 572 3282 632 Vestram
3317 578 3558 636 hodierni
3583 583 3679 639 diei
3702 586 3778 642 de.

2221 655 2331 711 hito
2356 656 2703 714 fraudandam
2727 677 2740 724 ;
2774 669 2833 715 ut
2857 662 2955 717 hoc
2977 664 3043 722 sit
3069 664 3137 721 de
3156 666 3357 736 debito,
3392 670 3521 727 illud
3548 674 3614 729 de
3635 675 3775 740 lucro.

2218 747 2457 841 Psalmus
2483 751 2569 819 qtti
2593 750 2761 805 lectus
2778 761 2881 817 est,
2910 768 3075 825 prope
3114 764 3253 811 totus
3280 758 3466 829 ﬁguris
3490 778 3664 821 rerum
3688 784 3767 841 my

2214 839 2494 925 stcriisque
2513 842 2843 906 contexitur,
2867 850 2922 897 et
2945 860 3078 914 Opus
3100 845 3257 903 habet
3278 865 3384 904 non
3411 853 3582 908 solum
3602 839 3784 925 nostra,

2211 932 2303 985 sed
2336 924 2496 987 etiam
2541 945 2718 990 vestra
2762 953 2868 991 non
2918 954 3077 1007 parva
3126 940 3452 1003 intentione:
3504 962 3784 1020 quanquam

2210 1023 2367 1076 ctiam
2400 1034 2587 1081 cuncta
2615 1042 2737 1097 qum
2763 1027 2904 1083 dicta
2933 1039 3075 1095 sunt,
3106 1034 3308 1100 possint
3329 1034 3397 1088 ad
3425 1036 3650 1095 litteram
3676 1044 3785 1098 reli-

2206 1114 2352 1181 ginse
2402 1115 2589 1185 accipi.
2646 1118 3043 1173 Enumerantur
3088 1122 3228 1175 enim
3276 1124 3379 1178 etsi
3433 1141 3537 1180 non
3582 1133 3783 1199 omnia;

2207 1205 2369 1258 multa
2396 1215 2572 1261 tamen
2612 1223 2774 1278 Opera
2820 1209 2949 1273 Dei,
2990 1227 3108 1281 qua:
3140 1223 3260 1267 nota
3288 1223 3417 1269 sttnt
3445 1219 3685 1275 omnibus
3710 1223 3782 1278 in-

2207 1293 2493 1362 tuentibus,
2537 1298 2626 1367 qui
2658 1309 2857 1354 norunt
2884 1310 2937 1354 et
2968 1316 3031 1356 ex
3062 1301 3144 1355 his
3181 1319 3301 1373 quae
3328 1304 3469 1360 facta
3496 1318 3618 1363 sunt
3638 1320 3690 1366 et
3713 1315 3779 1368 vi-

2201 1383 2415 1452 dentur,
2448 1387 2589 1443 illius
2617 1390 2904 1446 invisibilia
2939 1391 3213 1447 intellecut
3256 1398 3573 1465 conspicere
3606 1400 3624 1471 (
3643 1401 3774 1457 Rom.

2201 1492 2236 1537 ι,
2261 1476 2389 1549 9.0).
2415 1479 2669 1537 Videmus
2696 1484 2842 1539 enim
2869 1484 3121 1540 fabricam
3148 1487 3331 1541 mundi
3361 1490 3593 1558 amplam
3618 1508 3778 1562 quam-

2198 1570 2318 1623 dam
2351 1587 2414 1625 εχ
2446 1574 2584 1628 caelo
2613 1584 2666 1628 et
2695 1584 2834 1631 terra
2860 1619 2875 1642 ,
2907 1587 2960 1632 et
2997 1578 3236 1633 omnium
3282 1595 3405 1648 qua:
3450 1581 3501 1634 in
3532 1583 3609 1638 eis
3633 1596 3774 1652 sunt;

2198 1672 2251 1716 et
2279 1679 2345 1718 ex
2378 1664 2534 1735 hujus
2563 1666 2775 1724 fabricae
2792 1670 3155 1740 magnitudine
3183 1686 3247 1727 ac
3273 1672 3682 1742 pulchritudine,
3712 1678 3776 1733 fa-

2197 1754 2477 1812 bricatoris
2504 1758 2670 1827 ipsius
2700 1761 3124 1818 inaestimabilem
3152 1764 3572 1834 magnitudinem
3597 1778 3647 1822 et
3674 1771 3777 1839 pulo

2195 1846 2549 1903 chritudinem
2575 1892 2590 1915 ,
2622 1851 2720 1906 etsi
2749 1852 2982 1907 nondum
3008 1854 3273 1919 videmus,
3299 1854 3413 1924 jam
3443 1865 3614 1911 tamen
3640 1874 3781 1915 amaw

2194 1953 2335 1993 mus.
2365 1939 2479 1994 Non
2522 1942 2664 1997 enim
2708 1944 2975 2011 cessavit,
3017 1946 3104 2016 qui
3137 1945 3378 2000 nondum
3410 1957 3584 2015 potest
3624 1953 3773 2007 nostri

2193 2031 2371 2086 cordis
2400 2034 2629 2103 puritate
2658 2037 2894 2105 conspici
2920 2077 2934 2100 ,
2969 2046 3095 2091 ante
3121 2039 3307 2093 oculos
3353 2051 3565 2095 nostros
3594 2057 3772 2110 ponere

2193 2136 2354 2191 opera
2384 2138 2500 2188 sua,
2525 2132 2584 2178 ut
2609 2124 2851 2180 videntes
2876 2142 2996 2196 quae
3024 2143 3329 2197 possumus,
3365 2144 3605 2185 amemus
3629 2145 3769 2201 quem

2192 2213 2372 2270 videre
2401 2231 2506 2269 non
2554 2232 2872 2285 possumus,
2906 2226 2963 2273 ut
3008 2218 3175 2289 ipsius
3219 2220 3428 2275 amoris
3470 2222 3654 2276 merito
3687 2222 3768 2277 ali-

2191 2306 2403 2376 quando
2432 2307 2612 2362 videre
2641 2310 2929 2376 possimus.
2959 2309 3158 2366 Tamen
3201 2310 3257 2366 in
3286 2312 3542 2367 omnibus
3568 2329 3679 2383 qua:
3700 2314 3768 2368 dio

2189 2409 2273 2452 eta
2290 2406 2434 2465 sunt,
2452 2400 2773 2469 qumrendus
2798 2410 2881 2456 est
2894 2405 3054 2456 etiam
3070 2402 3373 2457 intellectus
3392 2403 3765 2473 Spiritualis,ad

2192 2507 2351 2562 quem
2372 2492 2813 2561 perscrutandum
2828 2494 2892 2548 ad
2893 2494 3156 2563 juvabunt
3175 2510 3271 2549 nos
3285 2496 3338 2549 iu
3354 2495 3552 2551 Christi
3570 2496 3766 2551 nomine

2189 2582 2451 2638 desideria
2469 2594 2679 2651 vestra;
2703 2584 3056 2656 quibusquasi
3079 2587 3322 2642 manibus
3348 2587 3694 2643 invisibilibus
3706 2587 3764 2642 ad

2189 2676 2735 2745 invisibilemjanuam
2749 2678 2988 2746 pulsatis,
3004 2688 3059 2731 ut
3072 2678 3414 2733 invisibiliter
3426 2679 3573 2733 vobis
3584 2695 3610 2732 a
3618 2679 3765 2749 peria-

2190 2775 2276 2820 tur
2295 2809 2309 2832 ,
2335 2775 2385 2820 et
2414 2768 2748 2822 invisibiliter
2778 2768 3016 2833 intretis,
3046 2778 3100 2822 et
3131 2769 3473 2824 invisibiliter
3498 2768 3760 2825 sanentini.

2257 2860 2310 2914 2.
2345 2858 2507 2932 [νει-ε.
2544 2858 2633 2933 1.]
2674 2859 2814 2930 Ergo
2843 2860 3084 2915 dicamus
3114 2876 3304 2916 omnes
3337 2876 3352 2915 :
3390 2862 3626 2927 Benedic,
3657 2861 3761 2914 ani-

2188 2968 2268 3005 ma
2297 2968 2405 3004 mea
2430 2993 2444 3017 ,
2478 2950 2773 3006 Dominum.
2807 2952 3156 3021 Alloquamur
3178 2967 3371 3008 omnes
3414 2953 3641 3007 animam
3677 2965 3764 3007 no-

2188 3051 2350 3095 stram
2379 3061 2391 3096 ι
2415 3043 2537 3112 quia
2563 3043 2799 3095 omnium
2826 3051 3066 3096 nostrum
3090 3042 3288 3107 anima,
3319 3058 3419 3113 per
3440 3060 3595 3098 unam
3617 3042 3759 3098 ﬁdem

2188 3149 2289 3186 una
2319 3134 2489 3186 anima
2518 3146 2630 3197 est;
2662 3141 2716 3187 et
2742 3149 2930 3187 omnes
2954 3148 3054 3189 nos
3078 3133 3406 3203 quicumque
3430 3136 3481 3189 in
3508 3134 3755 3189 Christum

2185 3224 2453 3278 credimus
2476 3265 2490 3285 ,
2524 3234 2742 3293 propter
2769 3224 3022 3278 unitatem
3046 3226 3286 3293 corporis
3311 3226 3432 3294 ejus
3457 3242 3591 3282 unus
3615 3224 3757 3279 homo

2184 3330 2388 3369 sumus.
2418 3315 2706 3371 Benedicat
2742 3316 2919 3370 anima
2945 3326 3124 3369 nostra
3153 3315 3463 3384 Dominum,
3492 3332 3586 3387 pro
3615 3317 3755 3371 tantis

2184 3409 2456 3464 beneﬁciis
2477 3409 2593 3479 ejus
2617 3452 2632 3475 ,
2664 3426 2759 3479 pro
2789 3419 2894 3464 tam
2921 3411 3102 3467 multis
3138 3418 3195 3465 et
3223 3412 3432 3481 magnis
3467 3411 3753 3466 muneribus

2182 3500 2470 3571 gratiarum
2493 3502 2609 3570 ejus
2629 3520 2642 3555 :
2664 3517 2784 3570 qua:
2806 3516 3026 3556 munera
3047 3502 3351 3557 invenimus
3373 3503 3426 3557 in
3452 3502 3550 3558 hoc
3571 3501 3753 3571 psalmo

2185 3594 2394 3656 intenti,
2426 3602 2480 3646 et
2505 3607 2730 3647 excussa
2755 3594 2944 3647 nebula
2967 3593 3198 3648 carnalis
3221 3593 3576 3662 cogitationis,
3600 3606 3751 3661 quan.

2183 3694 2293 3740 tum
2322 3699 2603 3754 possumus
2641 3692 2817 3740 erecta
2862 3695 3075 3752 mente,
3101 3694 3157 3741 et
3192 3694 3449 3755 quantum
3493 3698 3751 3755 possumus

2180 3777 2379 3832 directa
2408 3778 2522 3831 acie
2546 3818 2561 3842 ,
2588 3786 2639 3832 et
2665 3788 2919 3848 quantum
2947 3792 3230 3847 possumus
3256 3792 3392 3846 puro
3418 3776 3570 3832 oculo
3591 3773 3750 3830 cordis

2181 3870 2370 3935 nostri,
2401 3880 2655 3938 quantum
2686 3884 2790 3922 non
2815 3866 3036 3938 impedit
3074 3881 3309 3936 praesens
3335 3868 3443 3921 vita
3467 3908 3483 3933 ,
3513 3873 3747 3937 quantum

2181 3978 2287 4015 non
2313 3970 2572 4033 occupant
2600 3976 2779 4016 rerum
2820 3959 3159 4029 prtesentium
3187 3958 3450 4014 desideria
3473 4001 3487 4025 ,
3514 3963 3746 4028 quantum

2179 4070 2283 4115 non
2312 4064 2548 4115 excaecat
2596 4053 2861 4123 cupiditas
2905 4052 3104 4107 saeculi.
3155 4051 3331 4105 Erecti
3383 4066 3511 4120 ergo
3535 4044 3746 4104 audituri

2176 4168 2360 4207 sumus
2382 4166 2593 4222 magna,
2619 4146 2736 4205 lauta
2758 4153 2811 4205 et
2837 4142 3075 4220 pulchra,
3095 4141 3474 4203 desiderabilia
3495 4142 3514 4170 ²
3535 4148 3587 4193 et
3607 4139 3743 4207 plena

2177 4246 2376 4299 laetitia:
2398 4243 2819 4315 gaudiorumque
2845 4255 3065 4295 munera
3096 4239 3246 4307 ejus;
3275 4248 3397 4307 qua:
3417 4231 3528 4307 jam
3556 4229 3639 4282 ille
3663 4224 3744 4295 qui

2176 4346 2495 4409 conceperat
2519 4332 2677 4391 istum
2705 4334 2967 4406 psalmum
2996 4374 3011 4399 ,
3040 4330 3251 4387 videbat
3278 4330 3458 4385 animo
3477 4370 3492 4395 ,
3519 4331 3572 4383 ct
3596 4319 3746 4390 ipsius

2178 4431 2393 4485 visionis
2424 4429 2773 4484 exsultatione
2802 4424 3045 4481 ructabat
3065 4424 3249 4478 dicens
3278 4439 3294 4477 :
3321 4421 3559 4486 Benedic,
3588 4411 3744 4471 anima

2175 4538 2306 4587 utea,
2334 4521 2625 4574 Daminum.

2245 4616 2298 4669 5.
2339 4612 2558 4667 Domine
2586 4610 2724 4666 Deus
2753 4625 2895 4663 meus
2916 4649 2931 4674 ,
2961 4606 3313 4677 magniﬁcatus
3341 4618 3395 4658 es
3424 4602 3589 4658 nimis.
3623 4594 3738 4651 Vide

2175 4706 2452 4777 magniﬁca
2483 4719 2601 4774 qute
2623 4703 2862 4757 dicturus
2888 4709 3005 4763 est;
3034 4699 3087 4751 in
3116 4697 3308 4767 quibus
3335 4691 3619 4764 magniﬁcis
3644 4701 3734 4741 non

2176 4801 2355 4871 utique
2384 4799 2482 4852 nisi
2532 4796 2620 4851 ille
2668 4792 2964 4849 laudandus
3010 4798 3094 4844 est
3139 4796 3324 4842 auctor
3367 4786 3598 4840 omnium
3632 4792 3735 4835 ma-

2172 4894 2507 4966 gnilieorum.
2539 4888 2913 4957 Confessiouem
2947 4892 3027 4938 et"
3050 4884 3277 4936 decorem
3312 4878 3541 4934 induisti.
3570 4874 3611 4929 Ο

2175 4959 2318 5042 mine
2362 4986 2500 5039 Deus
2546 4996 2734 5044 meus,
2773 4978 2863 5049 qui
2906 4975 3260 5046 magniﬁcatus
3306 4988 3357 5026 es
3402 4969 3585 5031 nimis,
3611 4959 3734 5017 unde

2174 5077 2527 5149 magniﬁcatus
2552 5090 2603 5127 cs
2625 5070 2816 5126 nimis?
2843 5069 3033 5123 Nonne
3056 5079 3269 5135 semper
3294 5059 3550 5134 magnus?
3576 5062 3733 5149 nonne

2174 5148 2385 5237 semper
2414 5162 2756 5234 magniﬁcus?
2802 5155 3066 5227 Numquid
3117 5153 3383 5225 perfectus
3430 5166 3531 5206 non
3570 5160 3670 5237 es:
3686 5148 3732 5237 ut

2171 5228 2416 5316 creseas?
2442 5228 2697 5324 mimquid
2718 5250 2924 5315 deﬁcis,
2954 5257 3012 5303 ut
3034 5244 3319 5317 aliquando
3346 5235 3624 5331 minuaris?

2170 5353 2293 5423 quia
2316 5366 2375 5406 es
2400 5346 2539 5419 quod
2560 5323 2640 5410 es,
2664 5354 2719 5399 et
2738 5358 2864 5397 vere
2885 5357 2967 5407 es,
2991 5340 3176 5409 utique
3194 5351 3388 5393 nomen
3412 5344 3550 5390 tuum
3571 5323 3728 5423 dis-isti

2169 5415 2368 5498 famulo
2394 5415 2482 5495 tuo
2508 5438 2673 5509 Moysi
2699 5480 2713 5503 ,
2741 5435 2852 5507 Ego
2877 5449 2987 5487 sum
3015 5432 3100 5501 qui
3127 5447 3239 5485 sum
3270 5427 3466 5500 (Exod.
3496 5439 3564 5487 tu,
3598 5415 3724 5484 ωε

2170 5540 2352 5609 utique
2376 5549 2598 5606 magnus
2626 5546 2686 5588 es
2707 5574 2721 5599 ,
2751 5538 2806 5585 et
2832 5525 3139 5598 magnitudo
3170 5532 3254 5577 tua
3284 5519 3592 5609 sempiterna
3618 5515 3721 5609 est.

2172 5602 2596 5702 nec-cmpit,‘nec
2619 5624 2848 5687 desinit;
2878 5634 2977 5675 nec
3003 5618 3071 5673 ab
3097 5616 3250 5671 initio
3276 5609 3523 5683 temporis
3547 5602 3722 5670 incipit.

2234 5772 2248 5802 ¹
2287 5767 2419 5825 Edd.,
2443 5762 2737 5815 avidissime.
2758 5756 2927 5825 Helius
2947 5748 3384 5825 nassa.
3424 5808 3437 5825 ε

2234 5834 2253 5863 υ
2290 5811 2636 5897 indiciine,
2651 5817 2908 5885 magnatia,
2932 5823 2978 5867 et
3001 5811 3208 5880 pulchra
3224 5811 3479 5865 desideria-
