4088 6438
273 390 385 445 1337

267 518 349 557 nec
375 515 532 571 usque
556 498 623 555 ad
653 498 811 552 linem
845 497 1098 567 temporis
1127 495 1399 561 excurrit,
1428 511 1528 552 nec
1554 497 1608 551 in
1650 496 1828 552 medio

263 591 436 664 aliquid
465 590 695 661 patitur:
725 587 1173 644 incommutabilis
1207 588 1351 642 enim
1393 587 1699 657 magnitudo
1729 598 1827 644 est.

260 684 515 755 Quomodo
543 698 673 754 ergo
706 683 1061 752 magniﬁcatus
1098 698 1150 736 es
1188 682 1376 736 nimis?
1418 682 1568 736 Alius
1595 682 1832 751 psalmus

256 779 487 834 admonet
513 791 653 842 nos;
686 775 757 830 ait
792 775 967 839 enim,
1001 773 1277 843 Miriﬁcata
1317 783 1389 828 est
1424 775 1633 828 scientia
1658 783 1743 828 tua
1770 791 1835 829 ex

251 886 322 923 me
349 866 522 937 (Psal.
548 882 804 931 cxxxvm,
831 866 918 934 6).
948 863 1002 920 Si
1025 875 1170 921 reete
1194 864 1393 919 dicitur
1412 905 1427 930 ,
1460 864 1733 934 Miriﬁcata
1762 875 1836 920 est

248 959 439 1014 scientia
457 968 545 1012 tua
573 975 638 1013 ea:
664 974 771 1023 me;
799 968 946 1012 recte
970 956 1184 1022 dicitur,
1210 954 1572 1026 Magni/Scalas
1591 973 1641 1010 es
1659 957 1829 1024 nimis,

245 1053 451 1106 Domine
480 1050 617 1105 Deus
644 1067 802 1116 meus,
830 1065 892 1103 ex
928 1063 1034 1105 me.
1059 1047 1164 1104 Sed
1194 1057 1247 1103 et
1267 1048 1370 1103 hoc
1392 1048 1567 1105 adhuc
1590 1064 1835 1119 quaeren-

243 1144 380 1197 dum.
407 1142 486 1196 Ex
514 1158 605 1196 me
633 1140 1000 1211 magnificatur
1022 1140 1163 1194 Deus
1186 1141 1377 1194 meus?
1406 1139 1546 1211 Ergo
1570 1154 1634 1194 ex
1663 1155 1750 1194 me
1776 1140 1835 1195 fit

241 1248 477 1304 magnus.
507 1233 677 1288 Docet
697 1248 793 1288 nos
817 1231 1016 1301 aliquid
1043 1239 1099 1286 et
1124 1230 1431 1300 quotidiana
1452 1230 1625 1285 oratio
1647 1230 1833 1288 salutis

240 1336 451 1381 nostrat.
502 1324 860 1392 Sancti/iactor
908 1338 1089 1377 nomen
1139 1331 1281 1376 tuum
1315 1320 1541 1395 (Matth.
1588 1338 1679 1387 Vl,
1714 1322 1829 1395 9):

239 1417 467 1489 quotidie
508 1417 775 1486 petimus,
806 1416 1044 1487 quotidie
1088 1430 1338 1486 rogamus
1383 1423 1439 1469 ut
1482 1414 1593 1469 fiat.
1635 1414 1691 1470 Si
1735 1429 1832 1469 nos

242 1510 515 1580 quisquam
544 1509 859 1578 interroget,
883 1507 1019 1576 Quid
1041 1516 1125 1563 est
1151 1506 1291 1578 quod
1318 1506 1517 1577 petitis,
1548 1514 1609 1560 ut
1635 1505 1834 1561 sancti-

246 1603 425 1659 ficetur
443 1618 639 1658 nomen
669 1602 804 1656 Dei?
833 1601 1118 1672 aliquando
1150 1602 1292 1657 enim
1321 1609 1563 1655 sanctum
1592 1614 1698 1654 non
1724 1608 1825 1665 est,

249 1705 304 1751 ut
326 1694 477 1753 modo
503 1693 908 1750 sanctificetur‘t
944 1692 1013 1748 Et
1041 1704 1216 1748 tamen
1250 1693 1350 1747 nisi
1386 1692 1647 1748 vellemus
1672 1691 1787 1747 fieri
1810 1734 1825 1757 ,

253 1801 349 1842 non
372 1796 672 1855 peteremus
693 1795 750 1838 ut
774 1784 947 1839 ﬁeret.
978 1783 1092 1838 Alia
1123 1793 1206 1839 est
1230 1783 1374 1838 enim
1395 1783 1702 1852 gratulatio,
1726 1782 1827 1836 alia

258 1881 413 1935 oratio
442 1897 454 1932 :
493 1877 858 1949 gratulamur,
890 1892 954 1931 ex
985 1891 1051 1931 eo
1076 1875 1215 1947 quod
1247 1884 1363 1940 est;
1392 1889 1608 1930 oramus
1632 1914 1647 1941 ,
1682 1883 1738 1929 ut
1764 1874 1832 1928 sit

262 1971 383 2043 quod
411 1970 643 2025 nondum
668 1977 772 2025 est.
802 1968 939 2036 Quid
970 1976 1053 2024 est
1077 1982 1205 2038 ergo
1224 2008 1241 2035 ,
1269 1967 1626 2037 Sanctiﬁcetur
1650 1982 1831 2020 nomen

263 2062 426 2118 (sum?
449 2072 501 2118 et
536 2061 885 2130 intelligimus
904 2102 919 2125 ,
959 2059 1100 2130 quod
1130 2059 1217 2115 hic
1240 2058 1439 2114 dictum
1464 2066 1547 2112 est
1570 2098 1585 2123 ,
1617 2056 1833 2111 Domine

263 2153 383 2210 Deus
404 2170 534 2208 meus
551 2195 567 2219 ,
596 2152 953 2223 magniﬁcatus
976 2168 1027 2205 es
1056 2152 1227 2205 nimis.
1257 2149 1371 2205 Hoc
1397 2157 1500 2215 est,
1528 2147 1827 2216 Sanctiﬁce~

263 2259 334 2301 tur
356 2263 521 2301 nomen
558 2254 701 2299 tuum
725 2285 741 2310 ,
772 2252 1013 2300 sanctum
1055 2244 1125 2298 sit
1169 2242 1307 2313 apud
1349 2241 1592 2297 homines
1634 2255 1829 2295 nomen

266 2349 413 2392 tuum.
440 2337 691 2393 Sanctum
730 2345 813 2390 est
848 2334 991 2390 enim
1031 2348 1245 2404 semper
1280 2347 1473 2387 nomen
1520 2340 1665 2386 tuum
1686 2374 1701 2397 ,
1734 2331 1829 2385 sed

267 2430 547 2502 quibusdam
597 2428 887 2484 immundis
933 2426 1169 2483 nondum
1211 2435 1295 2481 est
1341 2435 1582 2480 sanetum
1633 2439 1826 2479 nomen

268 2530 411 2578 tuum.
440 2523 569 2577 Dicit
606 2524 749 2577 enim
792 2521 1079 2590 Apostolus
1099 2561 1114 2585 ,
1149 2518 1333 2572 Omnia
1373 2517 1563 2571 munda
1589 2515 1789 2569 mundis
1809 2557 1826 2581 ,

269 2618 507 2670 immundis
549 2625 715 2669 autem
759 2622 804 2667 et
842 2611 1133 2681 inﬁdelibus
1174 2610 1302 2664 nihil
1349 2618 1419 2663 est
1462 2608 1727 2661 mundum.
1772 2606 1827 2661 Si

271 2705 524 2761 immundis
562 2715 619 2761 et
662 2703 967 2760 infidelibus
1011 2701 1144 2756 nihil
1194 2710 1272 2757 est
1325 2698 1605 2765 mundum,
1646 2712 1829 2767 quatro

271 2812 453 2851 causam
484 2798 500 2829 ¹
534 2782 549 2849 ὲ
580 2796 687 2851 Sed
717 2795 912 2863 polluta
936 2801 1071 2859 sunt,
1103 2792 1307 2860 inquit,
1340 2805 1512 2843 eorum
1540 2798 1585 2840 et
1618 2805 1754 2843 mens
1782 2796 1829 2844 et

273 2890 536 2944 conscientia
569 2887 701 2957 (Tit.
733 2903 770 2951 ι,
804 2885 925 2955 15).
953 2886 1007 2940 Si
1039 2885 1170 2939 nihil
1198 2892 1281 2937 est
1310 2882 1566 2936 mundum
1597 2882 1695 2946 eis,
1728 2896 1829 2936 nec

275 2983 415 3046 Deus;
442 2981 537 3035 nisi
581 2980 719 3035 forte
760 2978 960 3050 putatis
1002 2975 1257 3031 mundum
1286 2973 1451 3029 videri
1493 2973 1659 3027 Deum
1688 2971 1825 3039 illis,

272 3074 344 3143 qui
367 3073 591 3144 quotidie
636 3070 1012 3140 blasphemant
1034 3084 1176 3124 eum.
1211 3067 1268 3123 Si
1312 3064 1543 3121 mundus
1568 3074 1682 3129 est,
1713 3064 1824 3132 pla-

272 3174 400 3229 crat;
426 3164 466 3217 si
486 3163 671 3233 placet.
701 3159 948 3216 laudetur
972 3160 1045 3213 :si
1071 3167 1249 3212 autem
1274 3157 1694 3226 blasphematur,
1715 3155 1825 3210 dis-

272 3256 435 3326 plicet;
462 3266 513 3311 et
551 3255 594 3309 si
651 3253 933 3323 displicet,
971 3250 1242 3321 quomodo
1274 3250 1363 3305 tibi
1394 3258 1567 3319 potest
1600 3249 1830 3303 mundus

273 3366 373 3405 esse
395 3352 474 3420 qui
504 3348 789 3418 displicet?
815 3346 953 3414 Quid
984 3360 1112 3414 ergo
1152 3359 1401 3413 rogamus
1427 3385 1441 3407 ,
1473 3342 1828 3409 Sanctiﬁcetur

273 3460 426 3497 nomen
448 3444 624 3497 tuum?
653 3441 719 3497 Ut
749 3440 856 3496 illis
882 3438 1189 3494 hominibus
1216 3438 1304 3507 qui
1336 3452 1432 3505 per
1460 3435 1825 3490 infidelitatem

271 3534 473 3588 nondum
487 3533 703 3597 habent,
719 3546 912 3587 nomen
927 3530 1019 3586 Dei
1034 3536 1275 3584 sanctum
1288 3526 1579 3598 sit,quibus
1591 3526 1825 3581 nondum

272 3636 340 3680 est
358 3626 434 3680 ille
452 3634 663 3681 sanctus
688 3624 775 3694 qui
803 3638 899 3694 per
942 3637 1030 3685 se.
1060 3631 1114 3676 et
1135 3621 1185 3674 in
1213 3620 1292 3685 se‘,
1321 3627 1374 3673 et
1399 3620 1449 3673 in
1479 3619 1677 3672 sanctis
1716 3618 1827 3672 suis

270 3727 460 3773 sanctus
482 3728 582 3773 est.
613 3718 885 3788 Rogamus
912 3730 1009 3785 pro
1038 3727 1238 3783 genere
1276 3713 1509 3764 lmmano
1529 3751 1544 3775 ,
1575 3724 1826 3779 rogamus

270 3823 351 3877 pro
378 3808 497 3862 orbe
529 3817 792 3861 terrarum
815 3847 829 3869 ,
860 3818 958 3875 pro
984 3801 1234 3857 omnibus
1269 3800 1518 3870 gentibus
1538 3841 1554 3864 ,
1592 3799 1828 3868 quotidie

269 3898 547 3955 sedentibus
567 3906 623 3954 et
643 3894 1037 3965 disputantibus
1063 3893 1187 3959 quia
1215 3908 1320 3945 non
1351 3900 1431 3947 est
1457 3900 1634 3946 rectus
1663 3890 1823 3955 Deus,

267 4001 312 4045 et
346 4008 440 4047 non
468 4000 611 4047 recte
646 3987 850 4060 iudicat
880 3988 1055 4052 Deus;
1087 3994 1146 4039 ut
1183 3982 1467 4054 aliquando
1496 3984 1594 4053 ipsi
1622 3997 1679 4036 se
1703 3997 1827 4036 cor-

265 4084 449 4154 rigant,
477 4095 529 4140 et
558 4094 764 4141 rectum
794 4098 889 4137 cor
916 4080 983 4135 ad
1014 4079 1153 4134 illius
1184 4077 1553 4133 rectitudinem
1594 4076 1823 4141 ducant;

265 4186 309 4229 et
332 4176 653 4231 adlimrentes
682 4175 752 4239 ci,
782 4172 972 4228 directi
1015 4171 1079 4223 ad
1111 4177 1315 4223 rectum
1345 4170 1388 4234 ¹,
1417 4183 1519 4221 non
1553 4168 1660 4236 jam
1691 4166 1828 4220 vitu-

266 4276 451 4337 pereut,
478 4267 571 4323 sed
603 4266 809 4337 placeat
847 4263 1008 4319 rectis
1038 4270 1215 4317 rectus
1244 4277 1256 4311 :
1287 4259 1409 4328 quia
1432 4300 1445 4319 ,
1481 4258 1645 4325 Quam
1670 4257 1828 4312 bonus

265 4355 385 4413 Deus
412 4358 575 4413 Israel
598 4401 613 4424 ,
645 4358 737 4411 sed
780 4357 925 4410 rectis
961 4354 1112 4407 corde
1142 4351 1317 4424 (Psal.
1347 4366 1484 4405 Lxxu
1511 4391 1524 4414 ,
1556 4347 1639 4418 l).
1686 4347 1827 4418 Ergo

264 4466 367 4505 cum
393 4450 592 4505 videret
620 4451 718 4504 iste
744 4448 832 4518 qui
861 4454 1073 4511 cantat,
1105 4444 1205 4498 iste
1241 4442 1351 4511 ipse
1379 4456 1475 4495 nos
1512 4439 1632 4509 ipsi,
1667 4438 1716 4493 id
1745 4448 1827 4493 est

264 4557 437 4612 corpus
458 4541 678 4604 Christi,
709 4538 946 4594 membra
986 4534 1216 4599 Christi;
1258 4548 1378 4588 cum
1405 4531 1608 4586 videret
1635 4540 1825 4601 quanta

254 4634 551 4706 przestiterit
578 4634 717 4688 Deus
740 4630 922 4702 generi
946 4630 1200 4691 humano,
1224 4625 1308 4679 cui
1336 4633 1490 4679 antea
1518 4633 1607 4678 aut
1628 4623 1823 4689 nullus,

247 4736 327 4779 aut
358 4723 521 4779 falsus
544 4763 560 4788 ,
593 4730 686 4777 aut
724 4736 830 4776 non
861 4728 966 4773 tam
996 4731 1222 4788 magnus
1252 4715 1531 4770 videbatur
1557 4714 1697 4768 Deus
1716 4755 1731 4777 ,
1773 4713 1826 4767 in

241 4815 497 4887 Operibus
534 4814 652 4882 ejus
674 4827 795 4868 eum
814 4808 1030 4874 videns;
1059 4806 1270 4861 Domine
1297 4805 1437 4859 Deus
1456 4822 1615 4869 meus,
1636 4806 1824 4874 inquit,

257 4908 595 4977 nagniﬁcatus
629 4922 680 4959 es
709 4904 858 4958 nimis
886 4918 905 4956 :
933 4902 984 4957 id
1010 4908 1092 4956 est
1111 4942 1125 4966 ,
1152 4900 1241 4970 qui
1289 4898 1523 4954 nondum
1554 4908 1604 4954 te
1634 4899 1830 4954 intelli-

237 4998 427 5069 gebam
453 5038 469 5064 ,
503 4996 740 5065 intelligo
771 5005 822 5049 te
853 5008 1122 5064 magnum.
1153 4991 1372 5061 Magnus
1392 5005 1605 5059 semper
1626 5030 1641 5055 ,
1668 4990 1825 5045 etiam

236 5090 510 5153 occultus;
542 5087 638 5143 sed
666 5086 793 5141 mihi
826 5096 951 5139 tunc
979 5097 1203 5153 magnus
1229 5123 1243 5145 ,
1272 5081 1485 5151 quando
1513 5082 1824 5149 apparuisti.

236 5181 604 5251 Hagnilicatus
634 5194 696 5234 es
716 5193 844 5247 ergo
873 5192 937 5232 ex
970 5191 1056 5231 me
1087 5193 1099 5227 :
1130 5190 1236 5244 quo
1267 5172 1425 5227 modo
1456 5171 1731 5240 Miriﬁcata
1754 5180 1824 5226 est

238 5274 449 5328 scientia
476 5281 563 5325 tua
604 5287 667 5325 ea:
694 5286 809 5335 me;
839 5270 970 5323 mira
1009 5268 1150 5322 enim
1195 5266 1327 5320 facta
1372 5273 1453 5319 est
1482 5280 1548 5319 ex
1577 5280 1682 5319 me.
1717 5264 1829 5334 Ego

240 5359 385 5411 illam
413 5357 582 5411 miror
622 5369 919 5411 conversus
952 5354 1017 5407 ad
1050 5353 1189 5406 illam
1217 5369 1230 5417 ;
1261 5351 1348 5405 illa
1383 5360 1559 5403 autem
1592 5350 1690 5405 etsi
1721 5365 1829 5403 non

224 5457 525 5504 tcouvertar
548 5489 562 5514 ,
593 5447 690 5502 etsi
735 5455 855 5516 post
896 5444 1300 5500 conversionem
1342 5450 1551 5496 avertar
1577 5482 1591 5505 ,
1626 5442 1827 5511 integra

234 5546 536 5610 permanet.
579 5537 685 5592 Sed
718 5551 818 5607 ego
840 5534 951 5605 jam
997 5548 1220 5604 magnus
1250 5532 1419 5586 factus
1459 5533 1510 5585 iu
1553 5544 1613 5585 ea
1640 5573 1653 5597 ,
1685 5539 1739 5586 et
1763 5547 1826 5585 ex

239 5629 515 5684 deminuto
545 5626 712 5681 factus
739 5626 942 5695 integer
969 5626 1021 5678 in
1045 5640 1105 5678 ea
1125 5664 1139 5687 ,
1169 5624 1334 5677 miror
1361 5622 1500 5693 quod
1532 5638 1634 5676 non
1662 5638 1827 5677 nove-

301 5722 318 5752 ⁸
358 5722 441 5769 llic
465 5720 515 5768 in
548 5718 659 5767 edd.
685 5717 891 5775 additur,
915 5716 1002 5767 sed
1025 5714 1310 5779 quibusdam
1332 5714 1592 5765 immundis
1613 5714 1825 5765 nondum

236 5788 306 5832 est
328 5793 476 5830 musa
503 5793 521 5831 :
545 5780 673 5843 quod
697 5793 723 5827 a
746 5779 963 5829 melioris
987 5785 1113 5828 noue
1151 5786 1253 5826 uss.
1280 5779 1436 5843 abest.

296 5846 319 5876 ³
350 5844 424 5891 sic
447 5836 622 5904 (probae
646 5850 772 5891 noue
796 5850 898 5888 uss.
940 5849 994 5891 Al.
1016 5844 1150 5901 Βόα,
1182 5845 1228 5890 et
1249 5838 1551 5890 adiuvantes
1588 5838 1743 5892 eidem
1766 5836 1827 5889 de

235 5912 366 5955 ratio
388 5902 675 5954 ad'rectum.

1325 382 1720 437 ENARRATIU
1758 382 1822 438 IN
1864 384 2187 440 PSALMUM
2226 384 2358 441 Clll.

3400 390 3533 444 1358

1942 536 2053 574 ram
2079 537 2093 585 ;
2127 536 2233 576 non
2257 521 2398 591 quod
2424 522 2584 577 modo
2609 537 2861 592 maguum
2892 523 3086 578 factum
3118 534 3197 580 est
3229 540 3293 580 ex
3324 540 3430 596 quo
3454 525 3535 579 di-

1938 611 2065 680 dici,
2094 611 2188 667 sed
2211 613 2330 682 quia
2359 628 2580 683 magnus
2608 611 2776 668 factus
2800 629 2917 668 sum
2939 630 3009 668 ex
3040 630 3147 685 quo
3170 614 3355 670 didici.
3390 616 3525 671 Audi

1934 705 2043 773 jam
2067 713 2120 758 et
2149 704 2238 759 ubi
2271 704 2481 759 videtur
2505 705 2870 777 magnificatus
2916 708 3055 762 Deus
3082 708 3241 762 nimis
3266 752 3281 775 ,
3314 725 3529 780 semper

1940 810 2199 865 magnus;
2246 796 2615 866 magnificatus
2644 797 2784 852 enim
2831 797 2988 851 nimis
3036 798 3087 853 in
3130 800 3381 869 operibus
3417 802 3528 857 suis

1938 884 2003 940 ad
2051 901 2167 939 nos.

2008 976 2062 1030 4.
2108 975 2481 1047 Confessionem
2520 986 2564 1029 et
2594 977 2822 1030 decorem
2847 975 3076 1031 induisti.
3108 978 3246 1033 Ante
3274 978 3526 1033 decorem

1937 1067 2330 1125 confessionem
2363 1072 2559 1141 posuit,
2593 1071 2755 1126 decus
2783 1070 2836 1124 in
2866 1071 3273 1140 pulchritudine.
3318 1071 3525 1139 Quaeris

1939 1160 2422 1229 pulchritudinem;
2456 1162 2648 1217 bonam
2672 1177 2786 1217 rem
2809 1162 3028 1232 quaeris.
3057 1161 3162 1217 Sed
3188 1176 3353 1232 quare
3382 1177 3528 1232 qua).

1937 1249 2013 1304 ris
2061 1250 2530 1319 pulchritudinem,
2581 1267 2614 1306 ο
2658 1252 2872 1307 anima?
2913 1252 2983 1307 Ut
3019 1261 3162 1308 amet
3209 1262 3259 1306 te
3298 1267 3527 1322 sponsus

1940 1349 2092 1408 tuus;
2136 1343 2330 1399 etenim
2357 1342 2604 1414 displices
2625 1344 2675 1398 ei
2705 1342 2864 1398 fteda.
2918 1343 3008 1398 ille
3031 1344 3172 1398 enim
3198 1344 3368 1413 qualis
3403 1345 3523 1399 est?

1938 1433 2210 1506 Speciosus
2235 1437 2398 1506 forma
2426 1452 2533 1506 pra:
2558 1437 2679 1505 ﬁliis
2705 1436 2986 1489 hominum.
3016 1436 3258 1490 Osculari
3282 1437 3359 1490 vis
3382 1436 3521 1491 fmda

1936 1525 2261 1595 pulchrum;
2315 1526 2408 1581 sed
2454 1541 2559 1581 non
2611 1526 2842 1582 attendis
2886 1527 3008 1596 quia
3055 1534 3109 1580 tu
3158 1526 3527 1597 iniquitatibus

1937 1616 2089 1685 plena
2127 1632 2205 1672 es.
2250 1616 2457 1685 Di/fusa
2484 1627 2556 1672 est
2593 1628 2768 1673 autem
2800 1619 2967 1689 gratia
2995 1619 3047 1673 in
3088 1618 3234 1673 labiis
3270 1619 3390 1671 tuis.
3435 1617 3526 1674 Sic

1937 1707 2082 1763 enim
2122 1707 2193 1762 de
2232 1708 2323 1763 illo
2351 1709 2551 1764 dictum
2583 1720 2667 1765 est
2707 1726 2720 1762 :
2767 1709 3040 1780 Speciosus
3067 1714 3233 1778 forma
3270 1725 3379 1781 pra:
3402 1709 3527 1778 ﬁliis

1937 1801 2228 1868 hominum,
2268 1801 2458 1869 diffusa
2497 1812 2572 1857 est
2615 1803 2781 1873 gratia
2808 1801 2861 1855 in
2893 1802 3039 1856 labiis
3079 1802 3213 1868 tuis;
3259 1812 3523 1874 propterea

1934 1893 2323 1949 adolescentulo:
2360 1894 2644 1949 dilexerunt
2672 1904 2719 1949 te
2757 1893 2942 1964 (Psal.
2974 1910 3114 1960 thv,
3147 1894 3238 1964 5).
3272 1894 3365 1948 Est
3398 1909 3527 1964 ergo

1935 1985 2149 2058 quidam
2182 1984 2448 2043 formosus
2470 2029 2483 2052 ,
2516 1996 2597 2041 est
2634 1987 2847 2057 quidam
2877 1986 3103 2058 pulcher
3134 2003 3239 2057 ριγε
3283 1986 3402 2051 ﬁliis
3427 1986 3523 2040 ho-

1934 2079 2160 2143 minum;
2187 2079 2287 2133 etsi
2316 2079 2455 2134 filius
2485 2078 2739 2145 hominis,
2765 2089 2942 2133 tamen
2965 2094 3072 2150 pra:
3096 2077 3217 2147 ﬁliis
3242 2078 3520 2132 hominum.

1933 2169 2070 2225 Huic
2098 2179 2155 2225 tu
2181 2171 2393 2241 placere
2417 2173 2525 2238 vis,
2555 2188 2588 2226 ο
2616 2175 2790 2227 anima
2821 2172 3048 2226 lmmana
3069 2212 3084 2236 ,
3113 2187 3146 2225 ο
3172 2186 3272 2227 una
3304 2171 3354 2226 in
3385 2172 3492 2225 mul
3512 2201 3527 2212 -

1936 2263 2042 2318 tis?
2080 2265 2367 2319 Audiamus
2406 2264 2740 2331 Ecclesium;
2772 2265 2893 2335 quia
2933 2273 3046 2319 erat
3076 2264 3178 2318 illis
3217 2264 3392 2317 anima
3422 2278 3522 2317 una

1934 2366 1988 2411 et
2015 2371 2110 2411 cor
2139 2372 2302 2411 unum
2331 2357 2382 2411 in
2418 2357 2581 2411 Deum
2619 2357 2759 2426 (Act.
2788 2372 2866 2425 ιν,
2899 2354 2999 2428 52)
3029 2374 3040 2410 :
3076 2356 3213 2409 hanc
3239 2350 3527 2425 alloquitur

1934 2449 2200 2505 Psalmus.
2232 2450 2325 2505 Vis
2352 2451 2399 2504 ei
2433 2451 2681 2520 placere?
2706 2449 2821 2505 Non
2853 2458 3032 2520 potes,
3061 2448 3311 2518 quamdiu
3343 2447 3524 2502 defor-

1936 2541 2036 2594 mis
2064 2556 2122 2594 es
2158 2558 2170 2592 :
2203 2540 2326 2610 quid
2360 2540 2523 2595 facies
2551 2551 2606 2594 ut.
2636 2542 2851 2609 pulchra
2884 2540 2998 2594 sis?
3026 2540 3181 2594 Prius
3213 2538 3306 2592 tibi
3335 2538 3524 2608 displi—

1934 2639 2049 2685 ceat
2076 2630 2389 2684 deformitas
2412 2640 2518 2697 tua,
2544 2640 2597 2686 et
2626 2642 2749 2685 tunc
2772 2631 2838 2683 ab
2861 2631 2952 2685 illo
2975 2631 3089 2700 ipso
3110 2630 3192 2683 cui
3215 2630 3294 2683 vis
3314 2629 3525 2698 placere

1932 2724 2178 2793 pulchra,
2225 2724 2517 2778 mereberis
2559 2722 3030 2793 pulchritudinem.
3078 2722 3193 2792 Ipse
3235 2722 3377 2777 enim
3422 2721 3526 2775 erit

1933 2814 2254 2869 reformator
2284 2824 2405 2869 tuus
2426 2856 2441 2881 ,
2468 2816 2554 2883 qui
2596 2814 2693 2869 fuit
2732 2813 2988 2869 formator
3016 2821 3157 2868 tuus.
3200 2814 3341 2882 Ergo
3375 2812 3527 2882 prius

1932 2905 2148 2960 attende
2182 2921 2299 2975 qua:
2338 2906 2446 2972 sis,
2490 2921 2557 2961 ne
2587 2906 2784 2961 audeas
2812 2907 2888 2960 ire
2926 2905 3063 2961 foeda
3106 2906 3158 2960 in
3199 2903 3405 2975 pulchri
3434 2919 3527 2959 os-

1932 2997 2071 3050 cula.
2105 2998 2167 3051 Et
2199 2996 2324 3066 quid
2359 2998 2590 3064 intuens,
2622 2998 2817 3067 inquis,
2849 3012 2934 3052 me
2960 2997 3190 3051 videbo?
3220 2996 3402 3051 Posuit
3430 2995 3524 3050 tibi

1932 3088 2205 3159 speculum
2233 3088 2560 3158 Scripturam
2587 3104 2735 3143 suam
2759 3106 2773 3155 ;
2808 3089 2998 3159 legitur
3020 3088 3111 3141 tibi
3137 3107 3151 3141 :
3174 3086 3321 3141 Beati
3348 3087 3525 3141 mundi

1933 3181 2104 3247 corde,
2153 3182 2391 3251 quoniam
2440 3182 2540 3251 ipsi
2583 3180 2748 3235 Deum
2790 3181 3023 3233 videbunt
3069 3179 3291 3250 (Matth.
3333 3195 3387 3244 ν,
3428 3177 3522 3249 8).

1935 3273 2220 3342 Speculum
2250 3273 2299 3327 iu
2329 3274 2427 3328 hac
2450 3273 2678 3329 lectione
2704 3273 3033 3343 propositum
3060 3281 3139 3327 est
3168 3289 3181 3324 :
3208 3272 3326 3327 vide
3351 3272 3394 3325 si
3424 3271 3525 3326 hoc

1932 3381 1991 3421 es
2018 3365 2157 3436 quod
2190 3365 2355 3430 dixit;
2387 3367 2431 3419 si
2461 3365 2697 3419 nondum
2728 3380 2810 3433 es,
2840 3379 2994 3436 geme
3023 3374 3081 3418 ut
3110 3364 3202 3418 sis.
3235 3363 3528 3418 Renuntia-

1935 3457 2009 3510 bit
2039 3455 2131 3509 tibi
2173 3455 2447 3525 speculum
2479 3454 2667 3510 faciem
2700 3464 2843 3509 tuam
2877 3473 2891 3507 :
2924 3455 3061 3509 sicut
3100 3454 3377 3523 speculum
3417 3468 3525 3508 non

1933 3548 2133 3604 senties
2159 3548 2516 3613 adulatorem,
2544 3547 2623 3601 sic
2645 3560 2745 3601 nec
2774 3554 2825 3601 te
2850 3546 3054 3616 palpcs.
3082 3544 3193 3599 lloc
3225 3544 3315 3597 tibi
3346 3553 3527 3599 osten-

1932 3640 2011 3695 dit
2043 3640 2185 3694 uitor
2209 3640 2298 3693 ille
2325 3638 2464 3708 quod
2494 3654 2555 3694 es
2583 3655 2596 3692 :
2627 3637 2747 3693 vide
2773 3636 2913 3708 quod
2939 3652 3032 3702 es;
3065 3645 3118 3690 et
3145 3636 3189 3690 si
3223 3635 3312 3690 tibi
3344 3635 3528 3706 displi-

1932 3742 2047 3799 cet,
2088 3748 2268 3803 quzere
2298 3742 2357 3786 ut
2399 3747 2502 3785 non
2533 3732 2625 3786 sis.
2669 3729 2727 3784 Si
2773 3730 2913 3785 enim
2955 3744 3077 3783 cum
3122 3726 3255 3782 fteda
3288 3726 3397 3791 sis,
3431 3726 3524 3780 tibi

1934 3826 2032 3896 ipsi
2059 3825 2233 3881 adhuc
2262 3825 2515 3895 displices
2537 3866 2552 3890 ,
2584 3823 2809 3894 pulchro
2831 3823 2940 3892 jam
2973 3823 3167 3891 places.
3199 3820 3335 3887 Quid
3360 3820 3526 3889 ergo?

1932 3915 2191 3982 Quoniam
2223 3914 2468 3984 displicet
2494 3914 2587 3968 tibi
2618 3913 2831 3968 lmditas
2861 3922 2967 3977 tua,
3022 3911 3212 3980 incipis
3238 3913 3284 3964 ei
3315 3910 3366 3963 in
3392 3924 3524 3964 con-

1934 4008 2166 4063 fessione
2192 4025 2206 4071 ;
2239 4008 2379 4062 sicut
2407 4006 2532 4060 alibi
2561 4006 2759 4060 dicitur
2789 4025 2801 4060 :
2832 4004 3053 4074 Incipite
3078 4003 3296 4057 Domino
3328 4003 3379 4056 in
3404 4018 3527 4056 con-

1933 4100 2150 4169 fessione
2180 4097 2358 4167 (Psal.
2397 4112 2593 4163 CXLVI,
2626 4096 2718 4166 7).
2766 4095 2948 4150 Primo
2992 4109 3185 4149 accusa
3230 4093 3521 4149 fmditatem

1933 4200 2077 4245 tuam
2112 4209 2123 4243 :
2158 4188 2370 4245 fmditas
2399 4190 2541 4244 enim
2570 4187 2763 4242 anima:
2789 4186 2857 4241 de
2883 4187 3116 4256 peccatis
3135 4228 3149 4252 ,
3179 4186 3246 4242 de
3273 4184 3524 4257 iniquita-

1935 4283 2095 4336 tibus.
2133 4280 2450 4336 Accusando
2486 4280 2779 4334 fmditatem
2811 4287 2953 4333 tuam
2985 4277 3161 4348 incipe
3186 4278 3462 4343 confiteri,
3492 4294 3523 4333 a

1932 4372 2271 4428 confessione
2319 4372 2515 4442 incipis
2560 4371 2803 4427 decorari
2851 4388 2863 4424 :
2908 4385 3015 4441 quo
3061 4370 3377 4437 decorante,
3423 4372 3523 4427 nisi

1933 4466 2177 4535 specioso
2208 4462 2380 4518 forma
2408 4478 2519 4533 prce
2547 4462 2672 4517 ﬁliis
2697 4461 3016 4515 hominum?

2004 4558 2057 4612 5.
2100 4556 2167 4612 Ut
2207 4564 2382 4610 autem
2426 4564 2478 4610 et
2522 4554 2772 4609 decoram
2815 4553 3053 4619 faceret,
3094 4554 3270 4609 audeo
3310 4553 3522 4623 dicere,

1934 4649 2131 4703 amavit
2167 4657 2222 4702 et
2268 4646 2485 4703 fcedam.
2530 4646 2666 4714 Quid
2695 4654 2777 4701 est
2798 4689 2813 4713 ,
2843 4646 3042 4699 amavit
3068 4655 3120 4700 et
3148 4645 3384 4700 foedam?
3427 4645 3523 4699 Et-

1932 4742 2066 4795 enim
2085 4740 2309 4795 Christus
2336 4755 2427 4809 pro
2453 4740 2623 4806 impiis
2646 4748 2871 4792 mortuus
2896 4748 2966 4792 est
2988 4736 3165 4806 (Rom.
3184 4753 3231 4801 v,
3252 4735 3329 4806 6).
3354 4735 3523 4801 Quam

1934 4833 2093 4885 vitam
2128 4831 2217 4885 tibi
2249 4839 2426 4885 servat
2448 4829 2740 4899 justiﬁeato
2759 4871 2774 4894 ,
2802 4829 2891 4898 qui
2920 4843 3068 4882 suam
3099 4837 3325 4881 mortem
3352 4824 3523 4878 dona-

1932 4925 2009 4979 vit
2035 4932 2090 4979 et
2115 4922 2316 4993 impio?
2344 4923 2481 4977 Ecce
2505 4920 2735 4991 pulcher
2764 4922 2850 4976 ille
2875 4930 2930 4975 et
2952 4919 3205 4989 speciosus
3227 4921 3391 4988 [arma
3420 4932 3526 4985 pm:

1934 5019 2054 5087 ﬁliis
2085 5017 2345 5071 hominum
2371 5058 2385 5083 ,
2419 5016 2538 5085 quia
2564 5014 2890 5085 justissimus
2919 5028 3027 5082 pm
3057 5009 3178 5064 filiis
3207 5008 3484 5063 hominum
3504 5048 3519 5072 ,

1934 5109 2185 5177 quoniam
2229 5106 2481 5161 veniebat
2525 5104 2589 5159 ad
2622 5103 2815 5160 foedam
2836 5144 2850 5170 ,
2883 5111 2941 5155 ut
2970 5101 3164 5155 faceret
3209 5099 3522 5169 pulchram,

1935 5200 2145 5269 (dicam
2198 5208 2251 5252 et
2297 5197 2430 5262 hoc,
2472 5197 2593 5266 quia
2645 5196 2695 5248 in
2735 5192 3022 5261 Scripturis
3062 5186 3311 5263 invenio)
3353 5189 3562 5245 fmdus'

1933 5290 2103 5345 factus
2127 5298 2227 5345 est.
2259 5288 2373 5343 Non
2400 5304 2484 5341 me
2513 5290 2562 5340 in
2591 5286 2691 5340 hoc
2720 5283 2968 5349 audiatis,
2999 5298 3066 5339 ne
3093 5283 3144 5337 in
3176 5283 3276 5337 hoc
3302 5283 3520 5338 verbum

1934 5390 2135 5437 temere
2160 5382 2337 5451 lapsus
2358 5378 2479 5432 sim.
2504 5377 2649 5432 Sicut
2673 5376 2812 5429 enim
2838 5374 3099 5439 dixeram,
3124 5375 3337 5429 Amavit
3356 5383 3409 5428 ct
3432 5372 3518 5428 Γωι

1932 5474 2090 5539 dam;
2119 5488 2223 5527 non
2252 5479 2428 5526 autem
2461 5469 2611 5538 quasi
2641 5476 2999 5537 congruenter
3027 5467 3266 5521 dixeram
3298 5464 3518 5535 quibus-

1932 5567 2053 5621 dam
2088 5567 2232 5620 illum
2263 5563 2585 5627 amantibus,
2619 5562 2717 5616 nisi
2750 5561 2880 5617 mihi
2910 5562 3061 5616 testis
3091 5558 3436 5630 procederet;
3465 5564 3519 5611 et

1933 5659 2038 5714 dixi
2084 5658 2221 5729 quod
2264 5656 2396 5711 dixit
2422 5655 2712 5726 Apostolus
2745 5672 2757 5706 :
2787 5654 2868 5708 vis
2902 5668 3061 5707 nosse
3085 5650 3225 5722 quod
3255 5648 3443 5703 amarit
3465 5657 3517 5702 et

1934 5752 2167 5808 laedam?
2195 5750 2425 5806 Christus
2457 5766 2548 5821 pro
2579 5749 2748 5821 impiis
2776 5758 3001 5802 mortuus
3026 5753 3097 5799 est
3125 5761 3142 5797 :
3169 5743 3244 5797 sic
3270 5750 3319 5797 ct
3358 5740 3518 5795 modo

1933 5845 2073 5917 quod
2105 5843 2248 5913 dixi,
2292 5842 2361 5899 Ut
2390 5843 2596 5899 veniret
2639 5841 2702 5895 ad
2734 5839 2960 5905 ftedam,
2996 5834 3167 5892 ftedus
3199 5833 3365 5889 factus
3395 5842 3513 5898 est,
