4088 6454
613 397 635 451 l
648 396 751 453 539

609 513 863 568 deformis
895 512 1057 567 factus
1082 518 1165 567 cst
1186 554 1198 576 ,
1229 510 1495 581 quomodo
1527 508 1797 580 probabo;
1826 507 2039 577 quando
2074 506 2184 577 jam

609 604 739 658 mihi
764 604 1007 673 prmdixit
1026 603 1261 657 divinum
1282 601 1573 671 eloquium,
1600 600 1870 669 Speciosus
1893 602 2058 670 [arma
2083 612 2192 669 prie

590 756 594 760 Α
615 697 734 765 ﬁliis
758 696 1059 749 hominum?
1082 693 1184 749 Sed
1217 694 1268 748 in
1296 695 1410 764 ipso
1434 694 1613 747 divino
1644 692 1857 762 eloquio
1882 706 2067 746 rursus
2096 690 2193 745 ha-

586 776 733 851 ‘beo,
772 784 1001 838 Vidimus
1036 802 1178 850 eum,
1206 793 1253 839 et
1278 800 1376 838 non
1404 783 1614 837 habebat
1642 784 1889 852 speciem,
1921 798 2076 852 neque
2098 780 2189 835 de-

607 892 773 930 corem
799 873 960 946 (lsai.
990 892 1098 937 Llll,
1125 874 1219 945 2).
1247 875 1519 944 Speciosus
1550 878 1715 945 [arma
1740 889 1845 942 prie
1869 873 1991 940 ﬁliis
2023 872 2190 925 homi-

605 984 726 1020 num
767 982 786 1020 :
838 965 1065 1020 Vidimus
1103 982 1249 1028 eum,
1292 974 1337 1018 et
1376 982 1474 1018 non
1506 964 1717 1018 habebat
1753 962 2000 1033 speciem,
2033 977 2193 1031 neque

607 1058 857 1112 decorem.
886 1057 1001 1111 Non
1032 1058 1190 1122 dixit,
1221 1056 1336 1110 Non
1368 1055 1616 1119 vidimus,
1657 1064 1712 1109 et
1751 1055 1871 1109 ideo
1912 1054 2194 1108 nescieba-

609 1164 727 1203 mus
759 1159 939 1203 utrum
970 1147 1193 1203 haberet
1218 1148 1449 1217 speciem
1478 1148 1559 1202 vel
1586 1147 1836 1202 decorem
1868 1167 1881 1201 :
1908 1162 2033 1202 ecce
2060 1145 2189 1200 ridi-

610 1256 739 1304 mus,
773 1249 819 1292 et
849 1256 947 1293 non
976 1239 1184 1292 habebat
1210 1240 1443 1307 speciem,
1472 1254 1629 1307 neque
1657 1238 1907 1291 decorem.
1938 1237 2036 1293 Ubi
2063 1252 2192 1307 ergo

611 1330 761 1385 illum
792 1330 923 1384 vidit
943 1330 1033 1399 qui
1062 1330 1234 1397 dixit,
1266 1329 1535 1397 Speciosus
1565 1332 1729 1399 forma
1755 1344 1861 1397 pra:
1886 1328 2005 1396 ﬁliis
2031 1328 2192 1381 homi-

610 1424 770 1477 nunt?
798 1432 850 1477 et
876 1423 964 1477 ubi
992 1423 1138 1476 illum
1184 1421 1311 1475 vidit
1338 1422 1425 1491 qui
1457 1422 1623 1485 dixit,
1671 1420 1793 1474 Non
1839 1419 2048 1474 habebat
2074 1436 2191 1489 spe-

609 1516 732 1568 ciem
754 1557 768 1580 ,
813 1532 968 1586 neque
1010 1514 1279 1567 decorem?
1307 1513 1442 1566 Audi
1476 1513 1561 1565 ubi
1598 1527 1719 1567 eum
1752 1512 1881 1565 vidit
1906 1512 1993 1581 qui
2022 1510 2188 1577 dixit,

608 1604 881 1675 Speciosus
906 1609 1069 1674 forma
1096 1620 1201 1675 pra:
1226 1604 1347 1673 ﬁliis
1375 1604 1653 1657 hominum.
1681 1603 1805 1657 Cum
1828 1605 1879 1656 in
1907 1607 2071 1673 {arma
2099 1602 2191 1656 Dei

605 1706 752 1762 esset,
781 1714 881 1750 non
912 1698 1142 1767 rapinam
1165 1696 1434 1749 arbitratus
1464 1706 1537 1749 est
1561 1713 1667 1750 esse
1688 1696 1897 1765 wqualis
1927 1695 2053 1749 Deo.
2085 1694 2194 1750 Μθ-ιι

607 1788 711 1841 rito
738 1803 844 1858 pra?
865 1786 984 1855 ﬁliis
1007 1787 1281 1850 hominum,
1307 1789 1427 1855 quia
1449 1787 1666 1857 mqualis
1691 1786 1802 1841 Deo
1826 1803 1839 1839 :
1865 1802 1988 1841 ecce
2010 1788 2190 1857 accepi

608 1888 662 1935 et
700 1879 889 1948 agnovi
930 1878 1015 1933 ubi
1045 1894 1165 1933 cum
1201 1878 1391 1933 viderit
1416 1878 1502 1946 qui
1534 1878 1699 1943 dixit,
1731 1877 1997 1947 Speciosus
2027 1883 2190 1948 forma

610 1988 716 2043 prae
745 1972 865 2039 ﬁliis
894 1972 1175 2025 hominum.
1210 1970 1505 2039 Respondit
1534 1970 1676 2024 enim
1704 1969 1877 2035 nobis,
1909 1968 2008 2024 Ubi
2040 1969 2189 2024 vide-

607 2063 731 2125 rim,
763 2065 997 2132 quazris?
1032 2061 1094 2115 In
1125 2066 1291 2133 [arma
1322 2061 1431 2115 Dei.
1476 2062 1541 2114 Et
1570 2060 1706 2114 unde
1733 2060 1915 2113 vidisti
1942 2061 1993 2113 in
2022 2060 2189 2114 forma

610 2154 743 2208 Dei?
782 2154 1047 2219 quomodo
1084 2153 1260 2207 vidisti
1301 2153 1352 2206 in
1399 2152 1565 2205 forma
1608 2150 1738 2205 Dei?
1768 2151 1898 2219 Quia
1926 2152 2191 2206 invisibilia

608 2247 719 2315 ejus
768 2262 855 2314 per
900 2262 959 2297 ea
1010 2260 1124 2314 quae
1174 2247 1308 2315 facta
1353 2252 1469 2297 sunt
1517 2242 1767 2297 intellecta
1814 2243 2191 2313 conspiciuntur

609 2334 783 2406 (Rom.
810 2351 845 2398 ι,
877 2334 991 2402 20).
1026 2336 1187 2400 Bene,
1228 2334 1457 2402 optime;
1488 2333 1696 2401 accepi,
1735 2331 1924 2401 agnovi
1950 2341 2004 2385 et
2030 2346 2189 2401 quem

608 2426 825 2491 videris,
850 2435 903 2481 et
931 2426 1141 2496 qualem
1172 2426 1389 2492 videris,
1421 2436 1474 2480 et
1504 2424 1591 2479 ubi
1623 2424 1841 2491 videris,
1870 2433 1922 2479 et
1951 2423 2090 2479 unde
2115 2425 2191 2479 vi-

608 2518 775 2572 deris.
810 2517 977 2584 Quem
1024 2517 1234 2572 vidisti?
1262 2518 1525 2587 Sponsum
1568 2526 1826 2571 nostrum.
1857 2516 2078 2582 Qualem
2105 2517 2187 2570 vi-

607 2608 771 2663 disti?
796 2608 1104 2677 Speciosum
1144 2610 1309 2678 [arma
1338 2626 1444 2679 pra:
1468 2609 1589 2677 ﬁliis
1614 2610 1894 2662 hominum.
1933 2608 2033 2663 Ubi
2055 2608 2189 2663 vidi-

604 2700 713 2756 sti?
739 2699 864 2753 Cum
890 2702 940 2753 in
972 2702 1136 2772 [arma
1164 2699 1258 2755 Dei
1286 2711 1431 2754 esset.
1459 2700 1611 2756 Unde
1633 2700 1845 2755 vidisti?
1872 2699 1974 2754 Per
1998 2718 2055 2754 ea
2076 2716 2189 2770 qua:

606 2790 744 2859 facta
791 2800 904 2842 sunt
953 2790 1208 2844 intellecta
1250 2792 1649 2859 conspiciuntur.
1700 2790 1983 2845 Videamus
2027 2801 2081 2846 et
2121 2792 2213 2847 de~

605 2881 712 2935 isto
743 2883 760 2912 ¹
789 2881 914 2950 quid
945 2882 1085 2935 dicat
1126 2882 1259 2936 alius
1289 2882 1543 2951 propheta
1563 2924 1577 2947 ,
1606 2881 1697 2935 sed
1730 2897 1836 2936 non
1864 2882 1997 2935 alius
2026 2882 2187 2951 spiri-

608 2984 730 3039 tus;
761 2989 864 3027 non
887 2974 1029 3028 enim
1051 2973 1359 3027 discordant
1380 2974 1518 3028 inter
1542 2988 1619 3027 se.
1648 2972 1899 3027 Exhibuit
1920 2974 2073 3027 nobis
2097 2973 2187 3028 ille

605 3067 906 3135 speciosum
937 3066 1107 3119 forma
1135 3082 1243 3135 pra:
1271 3066 1391 3119 filiis
1416 3066 1685 3120 hominum
1704 3106 1718 3129 ,
1745 3065 1994 3119 exhibeat
2014 3076 2067 3120 et
2087 3066 2186 3121 iste

603 3157 746 3227 quod
772 3158 864 3223 ait,
898 3156 1129 3211 Vidimus
1164 3173 1297 3223 eum,
1326 3166 1370 3210 et
1397 3174 1494 3211 non
1518 3156 1726 3210 habebat
1758 3158 1991 3226 speciem,
2032 3174 2187 3227 neque

604 3254 855 3305 decorem.
886 3251 1035 3306 Unus
1057 3252 1328 3320 apostolus
1350 3251 1542 3304 Paulus
1568 3250 1877 3319 prophetam
1903 3259 2186 3319 utrumque

600 3344 905 3412 conjungit;
952 3358 1112 3397 unum
1156 3341 1442 3410 capitulum
1481 3341 1628 3395 Pauli
1669 3342 1879 3411 utrique
1910 3341 2184 3409 propheta:

600 3435 846 3505 perbibet
869 3433 1251 3488 testimonium.
1276 3432 1348 3486 lbi
1372 3433 1542 3486 habeo
1561 3432 1863 3501 speciosum
1887 3432 2053 3485 forma
2076 3446 2185 3500 prce

602 3527 725 3581 ﬁliis
756 3526 1027 3578 hominum
1071 3540 1085 3578 :
1130 3524 1226 3587 Qui
1252 3540 1364 3577 cum
1392 3524 1443 3576 in
1474 3526 1639 3595 forma
1668 3522 1766 3576 Dei
1793 3532 1937 3587 esset,
1968 3540 2067 3575 non
2096 3539 2185 3575 ra-

602 3618 777 3689 pinam
812 3617 1082 3669 arbitratus
1114 3625 1185 3669 est
1221 3631 1326 3669 esse
1350 3614 1558 3683 a’qualis
1582 3612 1711 3667 Deo.
1744 3614 1814 3667 lbi
1846 3613 2003 3679 dixit,
2042 3612 2183 3683 quod

602 3707 739 3762 vidit
758 3715 806 3761 et
831 3706 983 3770 alius,
1011 3721 1116 3759 non
1142 3705 1422 3759 habentem
1446 3705 1678 3773 speciem
1702 3720 1872 3774 neque
1892 3703 2141 3759 decorem
2166 3722 2179 3757 :

602 3800 722 3872 quia
763 3801 1081 3868 semetipsum
1111 3798 1380 3852 exinanivit
1409 3797 1624 3866 fortnam
1662 3797 1790 3850 servi
1818 3796 2067 3866 accipiens
2086 3837 2100 3863 ,
2130 3797 2185 3851 in

601 3891 928 3946 similitudine
983 3890 1244 3944 hominum
1295 3894 1497 3960 factus,
1548 3897 1594 3941 et
1642 3887 1815 3941 habitu
1862 3888 2087 3941 inventus
2130 3896 2183 3942 ut

602 3984 789 4045 homo;
815 3981 1093 4036 humiliavit
1121 3996 1195 4047 se,
1232 3982 1394 4049 {actus
1420 3979 1653 4033 obediens
1679 3994 1831 4048 usque
1854 3978 1922 4031 ad
1951 3988 2181 4047 mortem,

599 4082 810 4129 mortem
836 4084 1002 4126 autem
1038 4072 1201 4126 crucis
1239 4072 1256 4140 (
1280 4070 1510 4142 Philipp.
1541 4087 1598 4136 tt,
1629 4070 1722 4125 6-8
1748 4070 1786 4141 ).
1820 4070 2004 4125 Merito
2033 4072 2179 4128 vide-

602 4174 729 4221 runt
757 4181 876 4219 eum
898 4206 911 4229 ,
953 4172 1006 4217 et
1047 4179 1154 4217 non
1190 4162 1421 4217 habebat
1448 4164 1680 4231 speciem
1712 4178 1884 4232 neque
1911 4163 2181 4217 decorem.

601 4255 789 4310 Merito
818 4264 940 4308 ante
966 4269 1173 4308 crucem
1204 4253 1472 4320 agitabant
1498 4260 1655 4321 caput
1697 4270 1709 4305 :
1742 4252 1959 4305 lliccine
1986 4262 2070 4307 est
2100 4262 2183 4307 to—

603 4354 687 4401 tus
714 4345 879 4399 Filius
907 4343 1039 4399 Dei?
1070 4344 1127 4399 Si
1169 4343 1332 4396 Filius
1366 4341 1463 4397 Dei
1502 4353 1596 4408 est,
1637 4342 1903 4396 descendat
1942 4342 2003 4395 de
2040 4360 2187 4397 cruce

606 4435 627 4508 (
653 4435 835 4489 Matth.
868 4448 1031 4499 xxvtt,
1063 4436 1131 4490 60
1156 4436 1195 4504 ).
1228 4434 1333 4489 Sed
1365 4450 1468 4487 non
1502 4434 1729 4488 habebat
1753 4434 1985 4503 speciem
2013 4449 2185 4505 neque

603 4528 876 4584 decorem.
906 4527 1077 4581 Etiam
1109 4528 1206 4591 sic,
1237 4541 1269 4581 ο
1295 4526 1484 4596 quibus
1514 4524 1775 4594 displicet,
1808 4526 1927 4594 quia
1957 4540 2060 4580 non
2089 4526 2186 4580 ha-

602 4620 762 4676 bebat
804 4619 1035 4689 speciem
1084 4633 1256 4688 neque
1302 4616 1588 4671 decorem!
1640 4616 1683 4671 0
1727 4616 1986 4687 agitantes
2030 4626 2187 4687 caput

602 4721 725 4766 ante
747 4726 980 4776 crucem,
1023 4718 1076 4764 et
1110 4724 1215 4762 non
1249 4709 1470 4777 ﬁgentes
1506 4716 1663 4777 caput
1696 4710 1715 4739 ’
1752 4708 1801 4761 in
1840 4709 2011 4777 capite
2045 4708 2186 4779 quod

605 4803 871 4872 pendebat
900 4801 954 4855 in
992 4801 1188 4855 cruce!
1220 4800 1404 4853 Merito
1432 4809 1580 4853 nutat
1611 4799 1977 4853 insultantium
2008 4808 2183 4868 caput,

603 4895 773 4952 donec
798 4896 864 4949 sit
890 4910 1072 4950 eorum
1099 4902 1259 4964 caput
1285 4892 1372 4947 ille
1402 4892 1513 4961 ipse
1543 4892 1626 4945 cui
1654 4892 2025 4945 insultabatur.
2050 4892 2187 4948 Ecce

604 4989 831 5043 resumit
870 4988 1139 5053 decorem,
1186 4997 1238 5041 et
1278 5001 1525 5056 magnum
1561 4985 1828 5039 decorem.
1869 4985 2009 5039 Ecce
2046 4984 2186 5054 quod

603 5078 737 5133 dicis
768 5088 843 5144 tu,
876 5079 1051 5134 minus
1077 5088 1158 5133 est
1196 5094 1355 5148 quam
1384 5076 1523 5146 quod
1554 5076 1697 5131 fecit.
1729 5076 1867 5129 Dicis
1894 5084 1968 5139 tu,
2000 5074 2061 5131 Si
2092 5074 2189 5130 Fi-

606 5172 705 5225 lius
740 5172 837 5226 Dei
867 5184 966 5239 est,
1004 5172 1275 5226 descendat
1309 5173 1371 5224 de
1406 5186 1553 5223 cruce
1588 5186 1606 5222 :
1639 5184 1766 5225 ecce
1789 5168 1855 5225 de
1887 5184 2046 5225 cruce
2080 5185 2187 5224 non

606 5262 900 5327 descendit,
926 5263 1018 5318 sed
1039 5263 1106 5318 de
1126 5264 1375 5332 sepulcro
1398 5260 1712 5316 resurrexit.

682 5353 734 5408 6.
778 5353 939 5421 Ergo,
972 5354 1178 5417 anima,
1212 5354 1405 5408 decora
1437 5369 1556 5408 esse
1583 5367 1689 5407 non
1717 5360 1867 5422 potes
1887 5394 1901 5418 ,
1930 5350 2030 5406 nisi
2056 5366 2189 5406 con-

611 5445 749 5507 fessa
801 5445 965 5500 fueris
1008 5444 1296 5499 fteditatem
1344 5444 1393 5499 ei
1436 5445 1524 5515 qui
1574 5459 1785 5513 semper
1830 5443 2084 5513 pulcher,
2137 5452 2191 5498 et

614 5544 833 5610 propter
861 5545 911 5589 te
939 5533 1003 5588 ad
1034 5543 1240 5603 tempus
1268 5549 1370 5588 non
1403 5535 1624 5604 pulcher
1647 5550 1662 5599 ;
1694 5546 1748 5588 et
1776 5534 1853 5588 sic
1879 5534 1943 5588 ad
1982 5543 2191 5603 tempus

612 5644 719 5686 non
748 5625 970 5699 pulcher
998 5625 1050 5679 in
1078 5622 1247 5680 forma
1276 5624 1421 5681 servi
1445 5665 1460 5689 ,
1504 5634 1561 5681 ut
1586 5641 1856 5695 nunquam
1882 5625 2136 5681 defecerit
2160 5640 2190 5680 a

673 5784 687 5813 ¹
723 5784 798 5831 Sio
821 5787 893 5830 Er.
913 5788 1031 5829 Ven.
1060 5786 1111 5829 et
1133 5785 1240 5828 ιον.
1290 5786 1339 5830 to
1372 5786 1439 5840 3.,
1466 5785 1508 5830 et
1532 5778 1619 5831 iste
1642 5777 1759 5841 quid
1782 5777 1930 5830 dicat.
1996 5786 2053 5829 at.

722 5844 910 5908 Aliquot
928 5849 1054 5904 Mss,
1074 5854 1279 5893 crucem.

1850 394 1903 450 S.
1947 387 2309 448 AUGUSTINI
2351 391 2651 453 EPlSCOPl

3716 412 3821 469 l3-l0

2298 507 2693 575 pulchritudine
2723 524 2843 581 quin
2870 518 2951 566 est
2978 510 3030 565 in
3063 510 3230 567 forma
3262 510 3369 566 Dei.
3401 512 3535 584 Ergo
3561 525 3640 581 tu,
3669 517 3820 577 Eccle-

2296 598 2396 665 sia,
2424 599 2587 655 habes
2606 599 2856 656 decorem
2896 618 2912 657 :
2950 601 3145 656 dicitur
3172 610 3225 656 et
3249 601 3341 656 tibi
3375 603 3429 658 in
3449 604 3665 663 Canticis
3686 614 3820 667 canti-

2296 702 2501 757 corum,
2527 688 2572 744 Ο
2601 690 2781 745 decora
2804 691 2931 745 inter
2955 692 3185 746 mulieres
3212 690 3377 764 (Cant.
3402 709 3456 760 ν,
3478 694 3552 766 9).
3580 696 3754 756 Dicitur
3770 701 3821 760 tle

2299 788 2351 837 te
2388 798 2402 835 :
2436 781 2563 848 Qua:
2598 792 2668 837 est
2707 783 2801 837 ista
2836 799 2950 853 quia
2987 784 3209 837 ascendit
3248 784 3479 839 dealbata
3517 785 3627 856 (Id.
3656 805 3753 859 vui,
3779 795 3821 861 5,

2299 891 2399 931 sec.
2450 875 2676 946 LXX)?
2716 875 2852 942 Quid
2896 886 3015 942 est,
3058 875 3330 931 dealbata?
3368 877 3653 935 llluminata
3693 900 3703 936 :
3740 900 3825 941 non

2298 966 2537 1022 dealbata
2562 1008 2579 1035 ,
2629 968 2764 1022 sicut
2794 968 2963 1023 fucata
2990 1010 3005 1034 ,
3053 968 3497 1039 quemadmodum
3529 986 3585 1025 se
3619 972 3827 1032 dealbant

2299 1056 2508 1112 femina:
2539 1074 2656 1128 qua:
2690 1058 2871 1112 volunt
2900 1058 3063 1113 videri
3095 1059 3236 1129 quod
3266 1074 3369 1113 non
3399 1068 3520 1114 sunt
3548 1077 3561 1113 :
3595 1077 3688 1117 non
3711 1064 3825 1121 deal-

2297 1150 2415 1204 bata
2438 1191 2451 1214 ,
2487 1150 2623 1203 sicut
2652 1150 2825 1219 paries
2854 1149 3161 1215 dealbatus;
3189 1150 3489 1206 destruetur
3519 1154 3651 1207 enim
3674 1195 3688 1220 ,
3713 1158 3822 1212 sicut

2296 1239 2425 1293 dicit
2463 1240 2781 1308 Apostolus,
2815 1239 2990 1309 paries
3028 1239 3303 1295 dealbatus
3332 1240 3465 1311 (Act.
3492 1257 3631 1308 xxm,
3662 1244 3728 1311 3),
3754 1246 3826 1317 hy-

2298 1329 2522 1398 pocrisis
2547 1338 2601 1384 et
2637 1330 2924 1384 simulatio.
2965 1329 3146 1385 Paries
3186 1330 3492 1398 dealbatus,
3538 1330 3661 1387 foris
3696 1344 3826 1390 tecto-

2296 1422 2469 1487 rium,
2503 1422 2643 1476 iutus
2670 1423 2858 1476 lutum.
2902 1421 3018 1477 Non
3062 1438 3187 1493 ergo
3218 1422 3306 1477 illa
3348 1424 3425 1479 sic
3463 1413 3827 1491 dealbatafsed

2297 1510 2557 1575 dealbata,
2592 1512 2905 1579 illuminata,
2936 1513 3057 1584 quia
3086 1528 3189 1568 non
3216 1528 3312 1583 per
3337 1528 3397 1570 se
3426 1514 3562 1569 alba.
3587 1514 3746 1582 Prius,
3770 1518 3825 1573 in-

2296 1606 2429 1675 quit,
2460 1606 2536 1678 fui
2561 1605 2882 1676 blasphemus
2907 1607 2923 1675 (
2948 1606 2967 1660 l
2997 1606 3131 1660 Tim.
3156 1622 3194 1671 ι,
3228 1606 3296 1661 15
3317 1606 3370 1675 );
3403 1615 3457 1661 et
3485 1606 3625 1671 item,
3654 1607 3847 1664 Fuimus

2296 1696 2428 1748 enint
2461 1707 2506 1749 et
2541 1713 2631 1751 nos
2664 1696 2940 1766 aliquando
2976 1706 3158 1750 natura
3187 1696 3281 1763 ﬁlii
3315 1696 3438 1763 irte,
3473 1696 3595 1750 sicut
3626 1708 3668 1750 et
3700 1701 3828 1753 (ceteri

2297 1784 2514 1855 (Ep/tes.
2541 1803 2596 1850 ιι,
2626 1786 2704 1857 5).
2736 1786 2957 1841 Accedit
2980 1786 3147 1857 gratia
3176 1785 3481 1840 illuminans
3509 1794 3561 1841 et
3582 1785 3825 1843 dealbans:

2296 1879 2468 1946 primo
2498 1877 2645 1948 nigra
2676 1878 2814 1932 fuisti
2836 1920 2849 1943 ,
2876 1877 2969 1933 sed
3002 1877 3135 1931 facta
3162 1892 3221 1932 es
3260 1876 3380 1931 alba
3419 1892 3485 1931 ex
3511 1878 3665 1946 gratia
3698 1878 3827 1933 illius.

2297 1965 2490 2022 Fuistis
2516 1969 2646 2021 enim
2674 1968 2949 2038 aliquando
2973 1966 3221 2033 tenebrte;
3244 1983 3380 2021 nunc
3401 1976 3563 2021 autem
3585 1967 3666 2021 lux
3683 1970 3726 2021 in
3744 1968 3828 2022 Do-

2295 2060 2452 2115 mino.
2492 2059 2691 2113 Dicitur
2711 2074 2837 2129 ergo
2857 2068 2911 2114 et
2946 2059 3013 2115 de
3042 2068 3114 2125 te,
3142 2059 3269 2124 Quce
3300 2068 3378 2113 est
3410 2060 3508 2113 ista
3526 2075 3632 2130 qua:
3648 2062 3829 2115 ascendit

2295 2151 2527 2204 dealbata
2544 2152 2569 2204 .7
2597 2150 2712 2206 1am
2740 2151 3016 2217 mirabilis,
3039 2150 3149 2221 jam
3172 2150 3257 2205 vix
3283 2150 3717 2220 contemplabilis.
3743 2149 3829 2205 Ad-

2294 2245 2534 2299 mirantis
2572 2253 2655 2299 est
2690 2246 2829 2300 enim
2870 2245 3068 2309 dicere,
3100 2244 3227 2309 Qua:
3261 2253 3337 2297 est
3377 2243 3476 2297 ista
3510 2258 3618 2314 quae
3647 2242 3830 2296 ascendit

2293 2336 2546 2402 dealbata,
2572 2347 2675 2391 tam
2698 2337 2940 2407 pulchra,
2965 2345 3071 2391 tam
3094 2336 3382 2402 luminosa,
3404 2343 3516 2390 tam
3536 2336 3644 2391 sine
3664 2334 3829 2389 macula

2294 2436 2348 2481 et
2374 2440 2503 2497 ruga
2536 2428 2644 2500 (ld.
2678 2446 2729 2494 v,
2763 2431 2815 2495 8,
2839 2428 2971 2499 9.7)?
2998 2427 3184 2483 Nonne
3215 2428 3311 2482 ista
3342 2436 3428 2483 est
3454 2443 3567 2497 qua:
3589 2427 3769 2498 jacebat
3789 2424 3829 2479 in

2292 2534 2448 2574 coeno
2477 2520 2855 2589 iniquitatum?
2882 2534 3058 2575 nonne
3084 2520 3183 2574 ista
3208 2526 3290 2573 est
3315 2532 3437 2588 qua:
3459 2518 3659 2588 jacebat
3681 2516 3725 2570 in
3748 2515 3829 2570 for-

2292 2612 2557 2668 nicatione
2597 2613 2902 2669 idolorum?
2948 2629 3127 2669 nonne
3168 2613 3267 2667 ista
3310 2620 3400 2668 est
3445 2628 3560 2682 qua:
3605 2609 3827 2665 immunda

2291 2717 2406 2761 erat
2430 2707 2482 2761 in
2514 2707 2656 2761 omni
2688 2706 2973 2775 cupiditate
2994 2705 3369 2775 desiderioque
3398 2703 3627 2759 carnali?
3652 2702 3827 2769 Quaest

2292 2816 2419 2871 ergo
2451 2802 2545 2855 ista
2570 2816 2681 2871 quae
2706 2801 2925 2854 ascendit
2954 2799 3189 2852 dealbata
3214 2798 3238 2850 ?
3269 2796 3503 2853 Attende
3526 2796 3637 2866 quis
3672 2795 3731 2848 sit
3758 2793 3827 2847 ille

2291 2894 2379 2964 qui
2411 2908 2506 2963 pro
2546 2908 2607 2947 ea
2635 2892 2804 2946 factus
2838 2899 2921 2945 est
2953 2906 3060 2945 non
3095 2888 3297 2944 habens
3322 2889 3556 2959 speciem
3586 2901 3741 2956 neque
3758 2885 3829 2940 de-

2291 2999 2491 3049 corem,
2518 2991 2573 3037 et
2602 2983 2849 3051 intelligis
2877 2981 3033 3051 hujus
3052 2980 3305 3036 claritatis
3332 2980 3591 3035 honorem
3616 2980 3651 3031 ¹.
3684 2976 3731 3032 Si
3752 2976 3829 3030 mi-

2290 3064 2425 3131 raris
2454 3076 2591 3131 illius
2617 3075 2966 3130 humilitatem
2994 3081 3211 3145 propter
3235 3072 3399 3139 hanc,
3427 3071 3531 3127 noli
3556 3072 3658 3140 jam
3683 3068 3826 3123 mirari

2292 3170 2449 3237 hujus
2483 3168 2855 3222 celsitudinem
2896 3175 3112 3235 propter
3146 3164 3312 3218 illum.
3350 3164 3571 3231 Quanta:
3608 3160 3826 3216 fclicitatis

2291 3270 2372 3317 est
2399 3264 2494 3317 ista
2522 3261 2783 3326 dealbata,
2813 3268 2871 3314 ut
2896 3268 2949 3315 et
2971 3274 3090 3314 cum
3118 3267 3255 3314 esset
3284 3258 3438 3328 nigra
3456 3299 3470 3324 ,
3506 3254 3753 3326 pulchrum
3776 3251 3825 3304 ad

2289 3354 2688 3424 sedeponeret,
2717 3355 2803 3423 qui
2831 3368 2927 3423 pro
2953 3352 3128 3421 impiis
3152 3348 3495 3405 moreretur?
3532 3346 3663 3417 Ergo
3693 3343 3826 3398 induit

2288 3463 2346 3502 se
2378 3447 2633 3501 Dominus
2666 3446 2803 3500 Deus
2832 3454 3015 3500 noster
3051 3443 3445 3498 confessionem
3486 3448 3540 3497 et
3574 3439 3822 3501 decorem,

2289 3540 2459 3595 induit
2483 3555 2541 3594 se
2567 3537 2859 3593 Ecclesiam
2896 3554 2909 3590 :
2943 3538 3054 3606 ipsa
3082 3536 3225 3590 enim
3262 3534 3502 3589 Ecclesia
3527 3529 3765 3587 confessio
3787 3536 3828 3582 ct

2289 3637 2470 3692 decor.
2499 3638 2633 3689 Ante
2657 3612 2941 3697 confessio,
2970 3639 3152 3700 postea
3177 3629 3377 3696 decor;
3401 3628 3653 3683 confessio
3678 3635 3825 3694 pecca-

2292 3740 2486 3793 torum,
2519 3728 2683 3783 decor
2718 3736 2861 3782 recte
2891 3724 3150 3780 factorum
3179 3740 3192 3777 :
3223 3722 3597 3794 Confessionem
3630 3727 3670 3773 et
3704 3715 3825 3769 deco-

2289 3841 2395 3879 rent
2430 3822 2658 3876 induisti.

2361 3917 2412 3969 7.
2455 3911 2619 3988 [vers.
2648 3912 2728 3986 2.]
2766 3908 3178 3968 Circumamictus
3207 3908 3373 3963 lucem
3393 3949 3408 3977 ,
3439 3906 3565 3963 sicut
3603 3902 3825 3959 vestimen-

2291 4018 2416 4063 tunt.
2447 4008 2563 4076 Ipsa
2593 4015 2673 4061 est
2705 4006 2865 4060 vestis
2891 4004 3006 4073 ejus
3027 4045 3041 4070 ,
3070 4002 3136 4057 de
3162 4017 3263 4071 qua
3301 3999 3415 4069 jam
3445 3998 3550 4053 dixi
3579 4014 3593 4051 :
3622 3993 3729 4049 Non
3752 3990 3825 4042 ha-

2290 4102 2407 4154 bens
2436 4099 2706 4164 maculam,
2735 4112 2891 4165 neque
2918 4111 3117 4166 rugam.
3144 4091 3260 4147 Lux
3281 4102 3536 4155 vocatur;
3558 4096 3608 4143 et
3634 4085 3723 4139 hoc
3740 4081 3826 4151 jam

2288 4192 2396 4247 dixi
2443 4211 2455 4247 :
2501 4188 2693 4244 Fuistis
2720 4187 2993 4257 aliquando
3021 4185 3270 4248 tenebrat;
3313 4200 3451 4238 nunc.
3488 4189 3643 4235 autem
3679 4176 3756 4231 lux
3788 4172 3827 4222 in

2296 4284 2529 4339 Domino.
2576 4283 2689 4337 Non
2720 4296 2847 4351 ergo
2875 4281 2928 4334 in
2956 4280 3141 4344 vobis;
3187 4293 3308 4332 nam
3338 4274 3572 4331 tenebra:
3597 4272 3644 4326 in
3673 4266 3826 4329 vobis,

2290 4377 2378 4433 lux
2406 4388 2581 4431 autem
2615 4376 2665 4430 in
2712 4374 2956 4429 Domino.
3000 4366 3141 4442 Ergo
3166 4411 3181 4435 ,
3220 4368 3629 4424 Circw‘wnictus
3667 4362 3824 4419 lucem,

2290 4473 2419 4526 velut
2454 4472 2816 4525 vestimentum.
2855 4466 3098 4521 Extendit
3127 4464 3303 4517 emtum
3335 4464 3465 4517 sicut
3497 4458 3684 4530 pellem.
3710 4450 3827 4518 Quo-

2292 4563 2450 4618 modo
2476 4562 2658 4617 fecerit
2690 4561 2807 4625 hoc,
2842 4568 2898 4612 ut
2936 4556 3182 4611 indueret
3210 4569 3268 4609 se
3310 4551 3451 4607 sicut
3499 4547 3826 4604 vestimentum

2292 4653 2460 4708 lucem
2495 4650 2812 4716 Ecclesium,
2836 4661 3149 4702 enumerare
3171 4645 3279 4698 vult
3302 4641 3536 4713 ﬁguratis
3556 4632 3827 4709 quibusdam

2292 4742 2637 4799 sacramentis
2671 4759 2682 4793 :
2711 4738 2978 4810 quomodo
3007 4737 3094 4791 lux
3136 4736 3271 4790 facta
3319 4734 3391 4789 sit
3434 4728 3677 4791 Ecclesia,
3718 4734 3827 4793 quo-

2291 4834 2449 4890 modo
2477 4833 2609 4889 facta
2633 4832 2702 4887 sit
2730 4832 2844 4887 sine
2870 4831 3072 4885 macula
3096 4838 3149 4885 et
3176 4844 3324 4898 ruga,
3356 4822 3614 4897 quomodo
3637 4819 3756 4874 facta
3776 4812 3830 4868 sit

2293 4927 2535 4991 candida,
2568 4925 2835 4989 dealbata,
2874 4922 3081 4992 fulgens
3117 4922 3169 4975 in
3211 4920 3403 4974 vestitu
3436 4915 3607 4986 sponsi
3648 4907 3738 4975 sui,
3763 4919 3828 4957 nn-

2293 5021 2502 5077 hcerens
2548 5020 2642 5085 illi,
2678 5017 2944 5088 quomodo
2976 5014 3110 5068 facta
3154 5013 3238 5077 sit,
3294 5010 3583 5064 audiamus.
3627 4993 3830 5088 Eztendit

2294 5115 2473 5169 cretum
2498 5084 2635 5166 sicut
2658 5084 2857 5182 pellem.
2886 5108 2951 5162 Et
2980 5106 3081 5159 hoc
3108 5103 3321 5174 quidem
3359 5100 3525 5155 video.
3566 5094 3683 5160 Quis
3713 5084 3827 5182 cuit"

2294 5206 2530 5263 extendit
2576 5174 2678 5259 hoc
2714 5201 2933 5265 malum,
2970 5196 3109 5268 quod
3142 5194 3336 5249 nostris
3368 5187 3658 5246 carnalibus
3691 5174 3830 5268 Oculis

2296 5303 2580 5364 intuemur,
2610 5296 2709 5351 nisi
2742 5296 2880 5350 Deus
2895 5264 2926 5346 ‘tr
2946 5264 3024 5356 Ei,
3056 5287 3292 5344 Extendit
3326 5286 3454 5339 sicut
3484 5268 3750 5367 pellemLad
3770 5264 3830 5367 ζει·

2296 5395 2545 5451 cilitatem
2588 5389 2857 5461 redegit’,
2898 5386 2941 5441 si
2981 5384 3047 5438 ad
3093 5384 3321 5438 litteram
3369 5372 3608 5445 accipias.
3652 5364 3827 5465 Etenim

2296 5503 2416 5543 cum
2466 5484 2663 5539 videris
2704 5482 2859 5536 istam
2890 5476 3142 5532 fabricam
3174 5484 3440 5543 magnam,
3468 5463 3582 5535 quia
3627 5458 3827 5526 qui?»qu

2300 5576 2570 5634 hominum
2606 5586 2763 5627 unam
2798 5568 2879 5623 vel
2908 5579 3119 5637 parvam
3150 5572 3411 5617 cameram
3432 5544 3723 5611 extenderit,
3746 5546 3828 5590 ma-

2361 5714 2377 5745 ¹
2418 5712 2605 5774 Aliquot
2624 5715 2731 5758 Mss.
2755 5704 2999 5760 omittunt,
3024 5705 3070 5751 et
3092 5694 3316 5760 intelligis
3346 5689 3485 5753 hujus
3521 5672 3729 5736 claritati!
3758 5667 3825 5715 Ιιο·

2298 5788 2609 5895 "omium
2632 5839 2759 5891 3155.,
2800 5824 2993 5890 redigit.
3031 5820 3135 5885 Alli,
3160 5818 3354 5883 redigis.
