4088 6440
235 445 359 500 ιδιι

230 576 336 633 gno
360 557 643 624 tnolimine,
665 569 862 627 magno
877 553 1057 610 labore
1078 561 1131 608 et
1155 550 1462 607 difﬁcultate
1485 565 1546 604 ac
1564 548 1809 603 diuturna

232 651 532 723 operatione
575 648 627 704 id
672 647 832 713 facil;
883 662 951 702 ne
982 643 1292 716 hojusmodi
1343 642 1583 698 laborem
1631 641 1685 695 in
1719 639 1811 694 Dei

236 744 481 816 operibus
501 743 548 796 in
560 741 783 796 ﬁrmitas
800 739 1161 810 suspicaretur
1178 737 1426 800 humana,
1448 733 1623 788 attulit
1637 747 1815 802 quam-

237 839 357 893 dam
381 835 682 890 facilitatem
709 847 806 902 pro
837 840 923 886 tua
950 828 1263 900 capacitate,
1289 834 1346 882 ut
1371 825 1448 880 sic
1467 823 1817 896 quodammo-

233 929 304 986 do
331 928 542 996 incipias
579 925 802 981 credere
842 924 996 978 facile
1033 930 1345 992 operantem
1390 919 1578 982 Deum,
1613 925 1667 971 et
1708 930 1815 970 non

233 1027 416 1090 putare
434 1018 508 1072 sic
535 1031 656 1072 cum
685 1015 994 1071 extendisse
1013 1014 1228 1079 coelum,
1251 1011 1385 1066 sicut
1413 1019 1467 1064 tu
1495 1016 1688 1064 tectum
1716 1007 1815 1061 do-

230 1127 354 1168 inus
382 1121 510 1176 ture;
557 1109 648 1164 sed
680 1125 838 1180 quam
871 1108 962 1163 tibi
1006 1106 1165 1162 facile'
1201 1114 1281 1160 est
1327 1094 1614 1158 extendere
1657 1114 1815 1154 unam

229 1191 443 1273 pellem,
473 1209 576 1254 tam
623 1200 775 1254 facile
804 1199 879 1254 illi
922 1197 1085 1252 fuisse
1113 1193 1405 1250 extendere
1423 1182 1535 1247 tam
1567 1204 1815 1260 maguum

229 1293 444 1348 caelum.
491 1290 620 1345 Mira
672 1288 916 1355 facilitas,
964 1295 1018 1343 et
1047 1295 1223 1340 tamen
1253 1283 1426 1338 adhuc
1465 1281 1694 1351 Spiritus
1725 1279 1817 1335 tibi

230 1381 387 1437 tardo
415 1384 430 1413 ¹
465 1380 712 1451 loquitur.
746 1377 901 1442 Tibi,
929 1377 1143 1446 inquam
1163 1416 1177 1441 ,
1208 1373 1382 1428 adhuc
1412 1371 1560 1426 tardo
1589 1370 1821 1440 loquitur

231 1474 481 1544 Spiritus.
506 1471 637 1527 Nam
665 1486 765 1526 nec
793 1472 869 1524 sic
896 1466 1137 1524 extendit
1187 1466 1327 1520 Deus
1355 1462 1568 1528 coelum,
1602 1462 1739 1516 sicut
1767 1468 1821 1515 et

239 1576 298 1621 tu
328 1566 529 1637 pellem.
562 1563 617 1620 Si
646 1563 789 1618 enim
837 1561 914 1616 sic
956 1557 1211 1623 extendit,
1244 1571 1369 1612 ecce
1406 1565 1528 1608 ante
1571 1563 1621 1608 te
1669 1552 1821 1622 pellis

238 1657 327 1714 vel
351 1670 554 1726 rugosa,
603 1653 688 1708 vel
733 1652 925 1722 plicata
965 1649 1212 1720 ponitur;
1255 1646 1341 1701 die
1386 1654 1446 1699 ut
1483 1642 1817 1710 extendatur,

240 1747 382 1804 dicto
409 1756 494 1801 tuo
516 1744 750 1800 extende
779 1742 993 1813 pellem.
1021 1738 1136 1794 Non
1170 1752 1410 1808 possum,
1442 1735 1634 1805 inquis.
1681 1735 1820 1804 Ergo

245 1849 301 1893 et
329 1839 372 1893 in
397 1834 723 1893 extendenda
768 1832 908 1904 pelle
950 1830 1174 1885 multum
1206 1828 1360 1898 longe
1401 1841 1459 1881 es
1502 1841 1529 1878 a
1569 1823 1823 1879 facilitate

249 1931 358 1986 Dei.
389 1928 506 1999 Ipse
542 1928 683 1983 enim
712 1925 860 1989 dixit,
903 1931 950 1978 et
987 1927 1122 1994 facta
1158 1927 1276 1975 sunt
1304 1917 1470 1987 (Psal.
1503 1931 1716 1982 chVtti,
1742 1915 1819 1987 5).

252 2020 401 2086 Dixit,
433 2016 547 2071 Fiat
573 2019 947 2086 ﬁrmamentum
979 2012 1109 2065 inter
1135 2023 1318 2079 aquam
1348 2015 1393 2059 et
1420 2021 1644 2074 aquam;
1681 2012 1726 2057 et
1751 2004 1824 2057 sic

258 2117 430 2185 factum
457 2119 527 2165 est
553 2109 705 2180 (Gen.
745 2123 784 2175 ι,
821 2105 901 2177 6).
937 2104 1137 2159 Tamen
1167 2106 1386 2171 propter
1411 2097 1718 2153 facilitatem
1745 2096 1820 2151 si-

261 2203 612 2278 gniﬁcandam,
646 2199 938 2257 secundum
979 2209 1196 2252 sensum
1237 2200 1382 2247 tuum
1428 2187 1697 2260 acceperis
1723 2186 1825 2241 ali-

263 2298 375 2370 quid
395 2297 598 2352 interim
619 2294 685 2349 ad
717 2294 969 2348 litteram.

325 2392 373 2446 8.
400 2389 638 2460 Figurate
658 2393 834 2439 autem
856 2383 902 2437 si
926 2377 1124 2450 aliquid
1151 2383 1346 2432 tectum
1367 2374 1531 2443 relegi
1555 2370 1822 2438 volumus,

268 2489 314 2536 et
336 2480 530 2549 pulsare
556 2476 622 2532 ad
666 2475 926 2539 clausum,
972 2467 1271 2524 invenimus
1311 2462 1616 2519 extendisse
1656 2461 1825 2515 Deum

270 2574 442 2628 emlum
473 2572 608 2626 sicut
651 2567 860 2640 pellem,
888 2571 949 2619 ut
973 2559 1327 2630 intelligamus
1354 2555 1548 2612 crelum
1587 2560 1824 2607 sanctam

269 2664 590 2733 Seripturam.
624 2661 772 2715 llanc
801 2656 1170 2712 auctoritatem
1201 2649 1372 2720 primo
1406 2645 1584 2717 posuit
1608 2644 1746 2698 Deus
1772 2642 1825 2698 in

271 2756 483 2811 Ecclesia
508 2769 636 2818 sua;
667 2751 789 2805 inde
811 2748 973 2818 coepit
997 2742 1216 2812 exsequi
1243 2749 1436 2796 ecetera
1458 2756 1469 2790 :
1491 2737 1667 2807 posuit
1684 2735 1826 2790 enim

273 2846 458 2909 cretum,
488 2851 541 2899 et
567 2839 806 2896 extendit
843 2839 982 2892 sicut
1015 2834 1226 2904 pellem,
1256 2840 1309 2886 et
1336 2845 1442 2883 non
1469 2827 1666 2882 frustra
1692 2825 1830 2880 sicut

277 2937 460 3007 pellem.
515 2935 692 2989 Primo
734 2931 888 2986 istam
931 2927 1122 2982 famam
1157 2920 1554 2995 prmdicantium
1586 2916 1829 2972 extendit

275 3029 386 3083 sicut
412 3027 596 3099 pellem
623 3042 634 3076 :
658 3021 807 3094 pellis
837 3015 1212 3074 mortalitatem
1243 3011 1505 3083 signiﬁcat
1537 3026 1552 3064 :
1581 3017 1827 3081 propter-

275 3137 323 3176 ea
349 3130 397 3176 et
433 3121 504 3175 illi
549 3119 654 3173 duo
685 3114 928 3172 homines
951 3110 1109 3183 primi
1139 3117 1387 3180 parentes
1421 3105 1611 3170 nostri,
1639 3112 1827 3158 aucto-

275 3227 344 3266 res
368 3212 558 3282 peccati
601 3209 812 3281 generis
846 3203 1091 3268 humani,
1140 3201 1308 3256 Adam
1344 3206 1399 3253 et
1431 3198 1559 3264 Eva,
1608 3211 1728 3251 cum
1773 3195 1827 3250 in

275 3303 510 3372 paradiso,
533 3307 839 3370 contempto
884 3295 976 3350 Dei
1007 3300 1294 3364 prmcepto,
1325 3289 1393 3344 ad
1433 3288 1826 3358 suggestionem

273 3396 649 3464 soasionemque
677 3388 939 3460 serpentis
958 3385 1298 3456 transgressi
1309 3389 1492 3450 essent
1526 3379 1669 3450 quod
1708 3379 1827 3448 jus-

274 3495 396 3541 serat
421 3487 572 3549 Deus,
605 3483 724 3538 facti
754 3480 1005 3534 mortales
1029 3476 1233 3532 dimissi
1274 3482 1398 3528 sunt
1443 3471 1510 3527 de
1539 3471 1823 3542 paradiso;

275 3584 320 3630 ut
343 3585 506 3631 autem
533 3574 922 3645 signiﬁcaretur
950 3569 1061 3640 ipsa
1093 3565 1386 3621 mortalitas
1418 3577 1622 3628 eorum,
1659 3561 1828 3616 induti

273 3676 376 3720 sunt
391 3667 574 3721 tunicis
593 3661 917 3734 pelliceis;de
937 3659 1162 3730 pellibus
1179 3657 1321 3712 enim
1338 3654 1540 3709 tunicas
1561 3652 1725 3708 factas
1736 3667 1828 3708 ac-

271 3767 501 3828 ceperunt
530 3756 640 3831 (Id.
656 3755 732 3826 ιιι)
760 3774 773 3809 :
792 3753 958 3824 pelles
973 3760 1149 3806 autem
1166 3746 1369 3804 detrahi
1388 3762 1494 3800 non
1513 3745 1707 3812 solent,
1725 3743 1830 3798 nisi

273 3853 565 3907 animalibus
590 3848 813 3904 mortuis
839 3864 858 3902 :
885 3861 1013 3916 ergo
1039 3844 1256 3915 pellium
1297 3843 1512 3896 nomine
1538 3840 1831 3896 mortalitas

272 3942 344 3996 illa
373 3943 582 4013 ﬁgurata
605 3947 705 3996 est.
735 3937 871 4007 Quid
899 3952 1044 4007 ergo,
1073 3937 1160 3990 hic
1181 3934 1224 3988 si
1254 3933 1428 3988 divina
1455 3931 1729 4000 Scriptura
1759 3930 1832 3985 si-

266 4037 526 4106 gniﬁcatur
550 4033 702 4106 pellis
723 4031 958 4096 nomine,
989 4026 1256 4099 quomodo
1281 4025 1419 4080 Deus
1449 4023 1517 4079 de
1542 4024 1679 4093 pelle
1709 4023 1832 4078 fecit

265 4127 464 4190 etclam,
491 4136 544 4182 et
573 4123 790 4179 extendit
813 4122 992 4176 cretum
1010 4120 1136 4174 sicut
1164 4117 1387 4188 pellem?
1415 4114 1546 4182 Quia
1576 4129 1671 4184 per
1697 4127 1832 4182 quos

258 4219 405 4275 nobis
431 4217 703 4286 Scriptura
733 4213 1014 4284 prmdicala
1046 4218 1147 4274 est,
1164 4207 1417 4262 mortales
1441 4205 1674 4259 fuerunt.
1699 4203 1829 4258 Illud

253 4309 462 4382 quidem
488 4307 722 4362 Verbum
754 4305 845 4360 Dei
873 4317 1083 4372 semper
1106 4300 1265 4367 idem,
1294 4312 1506 4366 semper
1537 4297 1832 4350 incommu-

252 4377 410 4450 tabile
442 4403 597 4463 atque
629 4389 958 4449 “deficiens.
986 4386 1124 4441 Ecce
1145 4427 1161 4452 ,
1194 4383 1256 4436 In
1292 4381 1541 4453 principio
1564 4388 1672 4434 erat
1709 4377 1831 4433 Ver-

249 4490 382 4550 bum,
407 4495 453 4540 et
495 4483 706 4542 Versum
727 4491 831 4537 erat
853 4478 992 4551 apud
1022 4476 1206 4539 Deum,
1226 4485 1271 4529 et
1292 4473 1430 4527 Deus
1451 4480 1556 4527 erat
1592 4470 1830 4524 Verbum.

247 4575 512 4647 Numquid
538 4582 674 4641 erat,
705 4582 760 4629 et
801 4571 958 4626 modo
1002 4585 1107 4624 non
1151 4565 1267 4622 est?
1306 4565 1369 4619 Et
1396 4571 1496 4625 est,
1540 4572 1592 4617 et
1621 4577 1834 4631 semper

247 4671 366 4724 erit.
399 4667 455 4722 Si
497 4681 624 4736 ergo
649 4673 730 4718 est
754 4661 990 4718 Verbum
1035 4658 1126 4713 Dei
1170 4657 1311 4711 Deus
1335 4654 1472 4724 apud
1502 4653 1691 4717 Deum,
1717 4653 1833 4722 lege

248 4762 290 4814 si
317 4768 488 4829 potes.
515 4756 620 4812 Sed
657 4753 782 4824 quid
806 4751 970 4806 dicis?
998 4749 1119 4819 quia
1162 4761 1370 4801 sursum
1401 4753 1504 4810 est,
1532 4752 1586 4798 et
1614 4743 1733 4798 ideo
1760 4743 1835 4799 le-

251 4867 374 4922 gere
403 4865 507 4905 non
543 4847 724 4918 potes?
753 4844 960 4914 Ubique
997 4849 1078 4896 est
1126 4838 1353 4893 Verbum
1395 4836 1521 4901 Dei;
1567 4833 1836 4904 pertendit

252 4961 278 5000 a
307 4945 410 5000 ﬁne
446 4958 614 5012 usque
645 4940 710 4995 ad
740 4940 897 4993 linem
940 4934 1168 4999 fortiter,
1197 4939 1249 4985 et
1274 4929 1483 4998 attingit
1506 4928 1681 4982 omnia
1705 4941 1832 4997 pro-

255 5046 372 5107 pter
417 5047 566 5088 suam
613 5029 926 5085 munditiam
960 5024 1114 5095 (Sap.
1162 5036 1274 5085 VIII,
1307 5021 1370 5083 l;
1412 5027 1458 5072 et
1487 5033 1580 5084 vn,
1608 5017 1724 5086 ‘24).
1767 5016 1835 5072 In

255 5105 346 5182 ltoe
374 5124 561 5178 nmndo
585 5130 713 5186 erat,
737 5129 784 5174 et
805 5117 1024 5172 mundus
1043 5129 1132 5184 per
1159 5113 1326 5181 ipsum
1352 5109 1515 5178 [actus
1552 5116 1625 5161 est
1654 5105 1832 5177 (Joan.

255 5236 292 5287 t,
325 5220 374 5284 l,
402 5217 512 5288 10):
532 5224 585 5270 et
610 5229 731 5269 cum
755 5209 927 5272 venit,"
951 5208 1037 5263 hic
1062 5216 1195 5260 erat.
1216 5202 1375 5258 Venit
1401 5200 1542 5255 enim
1569 5199 1621 5252 in
1647 5213 1828 5264 carne,

254 5321 518 5378 nunquam
538 5305 730 5359 absens
746 5300 1040 5356 divinitate.
1063 5295 1238 5362 Quare
1257 5305 1384 5362 ergo
1405 5290 1584 5360 legere
1605 5303 1709 5342 non
1737 5301 1835 5357 po-

253 5399 426 5456 teras?
458 5397 589 5465 Quia
612 5396 665 5448 in
691 5391 938 5462 sapientia
969 5388 1068 5441 Dei
1095 5403 1195 5440 non
1225 5382 1490 5454 congnovit
1508 5379 1725 5433 mundus
1746 5394 1834 5449 per

252 5489 551 5560 sapientiam
594 5487 784 5550 Deum,
837 5481 908 5536 ibi
947 5478 1264 5534 constitutus
1301 5474 1356 5528 in
1396 5470 1655 5541 sapientia
1699 5468 1829 5536 Dei;

251 5583 424 5638 omnia
453 5579 595 5634 enim
623 5576 715 5643 ibi,
760 5582 833 5636 et,
879 5573 992 5641 ipsa
1038 5568 1330 5631 subtracta,
1381 5563 1523 5619 nulla
1567 5569 1720 5627 sunt;
1761 5559 1834 5614 ibi

249 5671 568 5729 constitutus
613 5682 718 5720 non
764 5673 978 5734 poteras
1005 5672 1329 5729 cognoscere
1381 5671 1475 5725 per
1518 5651 1830 5724 sapientiam

251 5765 414 5820 Deum
440 5779 454 5816 :
485 5772 614 5828 ergo
637 5754 992 5812 necessarium
1015 5759 1130 5806 erat
1157 5747 1298 5820 quod
1335 5745 1592 5818 sequitur,
1631 5740 1832 5797 Placuit

309 5898 322 5928 ι
362 5893 532 5942 ιἰιιιοε
553 5897 662 5938 Mss.
695 5887 770 5936 hic
794 5892 842 5936 et
866 5883 1001 5942 infra,
1027 5881 1178 5931 tarde.

1346 429 1740 490 ENARRATIO
1780 427 1844 484 IN
1884 428 2203 487 PSALMUM
2242 431 2374 488 Clll.

3363 439 3500 495 ιδιε

1924 549 2034 601 Deo
2066 563 2152 617 per
2178 548 2445 604 stultitiam
2475 546 2846 618 prtedicationis
2879 549 3042 604 salvos
3066 549 3232 619 [acere
3250 553 3504 608 credentes

1923 642 1965 711 (l
1989 642 2106 696 Cor.
2132 657 2168 708 ι,
2199 641 2315 710 Ἡ).
2343 641 2400 696 Si
2424 656 2518 710 per
2545 642 2821 697 stultitiam
2854 643 3244 714 praedicationis
3271 646 3402 702 salvi
3424 646 3507 702 fu-

1925 732 2029 788 turi
2055 740 2209 787 erant
2235 731 2537 798 credentes,
2571 732 2732 803 elegit
2771 733 2914 789 Deus
2955 734 3200 804 quaedam
3240 739 3504 807 mortalia,

1925 824 2086 894 elegit
2116 823 2360 879 homines
2389 823 2641 879 mortales
2667 833 2720 879 et
2765 825 3084 892 morituros;
3130 825 3364 882 adhibita
3404 829 3504 884 lin-

1930 930 2030 986 gua
2060 914 2266 969 mortali
2292 915 2531 970 exhibuit
2552 930 2713 970 sonos
2733 917 3005 982 mortales,
3034 917 3265 972 adhibita
3289 919 3507 990 dispen-

1928 1008 2136 1063 satione
2162 1009 2463 1062 mortalium
2481 1007 3079 1065 adhibuitinstrumenta
3097 1012 3360 1076 mortalia,
3377 1021 3432 1068 et
3452 1015 3506 1068 in

1927 1113 1992 1154 eo
2022 1099 2113 1153 tibi
2143 1099 2337 1154 factum
2367 1108 2448 1155 est
2473 1100 2688 1164 coelum,
2717 1109 2778 1155 ut
2811 1100 2863 1154 in
2892 1115 2950 1155 re
2979 1102 3189 1156 mortali
3219 1118 3509 1173 cognosce-

1927 1205 2014 1246 res
2042 1190 2274 1245 Verbum
2315 1191 2635 1258 immortale,
2673 1198 2726 1245 et
2761 1189 2917 1246 ﬁeres
2947 1199 3000 1245 tu
3026 1206 3237 1262 quoque
3270 1193 3508 1262 ejusdem

1928 1281 2088 1338 Verbi
2134 1281 2540 1352 participatione
2586 1281 2926 1336 immortalis.
2975 1281 3116 1336 Vixit
3143 1285 3158 1313 ¹
3188 1282 3416 1354 Moyses,
3458 1295 3513 1341 et

1927 1382 2169 1430 mortuus
2197 1382 2279 1429 est
2307 1392 2320 1428 :
2353 1374 2427 1427 ait
2455 1374 2596 1428 enim
2631 1374 2707 1428 illi
2738 1373 2897 1440 Deus,
2935 1373 3161 1428 Ascende
3190 1375 3243 1428 in
3268 1385 3509 1444 montem,

1929 1475 1974 1520 et
2014 1482 2204 1520 morere
2233 1465 2409 1536 (Deut.
2441 1481 2607 1530 xxxu,
2643 1464 2758 1532 49).
2785 1464 3021 1519 Mortuus
3050 1476 3130 1520 est
3147 1465 3427 1534 Jeremias,
3456 1476 3513 1524 et

1930 1565 2007 1612 tot
2028 1557 2308 1627 Propheta:
2339 1558 2530 1612 mortui
2557 1565 2712 1621 sunt;
2744 1565 2797 1612 et
2838 1565 3170 1612 mortuorum
3199 1558 3361 1626 dicta,
3388 1560 3511 1629 quia

1931 1665 2034 1704 non
2058 1665 2264 1714 eorum,
2301 1647 2394 1703 sed
2443 1663 2538 1718 per
2566 1663 2660 1703 eos
2686 1648 2829 1702 illius
2853 1657 3025 1712 erant,
3053 1649 3140 1718 qui
3167 1650 3384 1706 extendit
3408 1667 3510 1704 cae-

1931 1743 2055 1809 lum,
2078 1744 2206 1796 sicut
2236 1741 2436 1812 pellem,
2471 1750 2687 1795 manent
2711 1755 2876 1811 usque
2919 1740 2985 1795 ad
3025 1743 3385 1811 pesteritatem
3412 1745 3520 1798 no-'

1930 1845 2115 1890 stram.
2143 1833 2281 1889 Ecce
2307 1833 2592 1903 Apostolus
2636 1832 2844 1886 solutus
2869 1831 2936 1886 de
2964 1831 3061 1887 hac
3088 1833 3213 1899 vita,
3236 1835 3325 1902 qui
3356 1834 3509 1900 dixit,

1930 1926 2145 1981 dissolvi
2175 1933 2227 1980 et
2253 1940 2371 1980 esse
2395 1939 2514 1978 cum
2547 1923 2780 1988 Christo,
2823 1923 2991 1978 multo
3032 1923 3200 1993 magis
3224 1939 3341 1979 esse
3369 1925 3511 1995 opti~

1929 2035 2074 2073 mum
2110 2016 2367 2089 (Philipp.
2400 2032 2437 2083 ι,
2469 2017 2583 2086 25),
2629 2016 2757 2070 vivit
2795 2030 2937 2069 nunc
2967 2031 3086 2070 eum
3112 2014 3344 2082 Christo,
3377 2016 3510 2072 sicut

1932 2109 2007 2165 illi
2057 2109 2338 2178 Propheta:
2374 2122 2561 2162 omnes
2603 2106 2786 2160 vivunt
2826 2119 2945 2160 cum
2987 2103 3200 2160 Christo
3239 2105 3374 2160 :sed
3417 2120 3504 2178 pet

1931 2198 2055 2270 quid
2081 2198 2232 2252 nobis
2257 2195 2587 2267 dispensavit
2617 2195 2668 2250 id
2699 2194 2839 2266 quod
2877 2194 3133 2265 legimus?
3157 2194 3256 2250 Per
3282 2194 3334 2249 id
3371 2195 3512 2266 quod

1931 2293 2246 2348 moriturum
2278 2301 2414 2356 erat,
2443 2305 2536 2360 per
2555 2305 2635 2354 os,
2658 2305 2754 2360 per
2781 2289 3033 2358 linguam,
3060 2288 3266 2354 dentes,
3299 2303 3511 2344 manus.

1931 2383 2122 2439 Omnia
2149 2384 2246 2438 ista
2276 2382 2467 2453 quibus
2493 2388 2743 2452 operatus
2761 2389 2842 2435 est
2865 2380 3149 2450 Apostolus
3180 2389 3344 2435 totum
3373 2379 3513 2449 quod

1930 2476 2173 2547 legimus,
2199 2473 2439 2544 corporis
2460 2469 2633 2526 ofﬁcia
2662 2478 2802 2536 sunt,
2841 2469 2933 2525 sed
2957 2469 3176 2539 jubente
3219 2469 3395 2523 anima
3425 2471 3512 2524 cui

1927 2567 2149 2640 jubebat
2192 2567 2330 2620 Deus
2366 2584 2379 2620 :
2423 2570 2703 2634 propterea
2743 2571 3014 2616 extentum
3045 2570 3128 2615 est
3155 2561 3348 2615 coelum
3379 2562 3512 2617 sicut

1935 2659 2107 2731 pellis.
2132 2655 2240 2711 Nos
2270 2655 2368 2711 sub
2409 2655 2567 2719 caelo,
2615 2661 2860 2721 tanquam
2897 2651 2996 2704 sub
3037 2650 3173 2721 pelle
3217 2650 3512 2706 divinarum

1931 2751 2324 2818 Scripturarum
2365 2745 2590 2814 legimus
2632 2742 2812 2808 modo,
2849 2757 2967 2796 cum
3022 2741 3271 2795 tenditur.
3303 2741 3514 2795 Etenim

1931 2852 2115 2915 postea
2145 2840 2324 2894 coelum
2351 2837 2627 2908 plicabitur
2652 2844 2706 2888 ut
2734 2833 2856 2888 liber
2884 2833 3035 2902 (Isai.
3070 2849 3263 2900 xxxiv,
3295 2832 3371 2904 4).
3399 2833 3514 2888 Νοιι

1932 2934 2150 2996 frustra,
2179 2930 2390 2995 fratres,
2424 2927 2510 2982 hic
2535 2935 2590 2980 ut
2623 2925 2795 2996 pellis,
2829 2924 2899 2978 ibi
2927 2931 2984 2978 ut
3025 2924 3187 2987 liber;
3232 2923 3514 2994 ﬁguratum

1933 3025 2005 3080 ibi
2038 3021 2286 3094 quiddam
2316 3019 2470 3074 nobis
2499 3026 2600 3073 est.
2633 3015 2784 3084 Quod
2816 3013 2881 3068 ad
2924 3013 3155 3068 divinam
3185 3013 3515 3082 Scripturam

1932 3116 2141 3179 attinet,
2173 3111 2476 3168 extenditur
2506 3123 2685 3164 sermo
2712 3114 3076 3160 mortuorum:
3098 3119 3224 3174 ergo
3257 3104 3374 3159 ideo
3399 3114 3514 3159 teu-

1933 3210 2076 3267 ditur
2113 3209 2249 3263 sicut
2295 3204 2482 3274 pellis;
2513 3211 2565 3256 et
2609 3199 2776 3254 multo
2803 3199 2970 3267 magis
3009 3195 3263 3262 tenditur,
3292 3197 3413 3266 quia
3441 3195 3516 3252 illi

1933 3301 2127 3358 mortui
2159 3305 2302 3353 sunt.
2334 3295 2466 3348 Nam
2497 3300 2615 3363 post
2635 3299 2858 3346 mortem
2887 3289 3361 3360 plusinnotuerout
3381 3288 3516 3343 Pro-

1933 3395 2110 3466 pheta:
2139 3403 2192 3447 et
2215 3387 2488 3460 Apostoli;
2517 3399 2622 3440 non
2651 3391 2803 3439 erant
2827 3391 2934 3436 tam
2961 3382 3071 3436 noti
3093 3396 3212 3435 eum
3235 3380 3514 3438 viverent:

1933 3484 2230 3555 Prophetas
2270 3482 2419 3536 vivos
2459 3478 2569 3534 sola
2597 3476 2778 3531 Iudaea
2825 3474 3030 3540 habuit,
3064 3481 3302 3528 mortuos
3329 3489 3517 3530 omnes

1934 3585 2139 3648 gentes.
2194 3572 2324 3628 Cum
2371 3570 2512 3626 enim
2555 3568 2819 3632 viverent,
2868 3565 3102 3620 nondum
3151 3576 3264 3620 erat
3304 3573 3518 3622 extenta

1936 3669 2129 3740 pellis,
2180 3664 2416 3720 nondum
2469 3669 2586 3717 erat
2634 3668 2906 3715 extentum
2959 3658 3198 3726 coelum,
3255 3666 3313 3712 ut
3367 3666 3517 3729 tege-

1933 3768 2017 3815 ret
2055 3758 2238 3814 orbem
2278 3764 2558 3811 terrarum.
2589 3751 2832 3807 Extendit
2874 3765 3002 3822 ergo
3041 3750 3221 3805 cazlum
3255 3749 3384 3803 sicut
3413 3749 3518 3821 pel-

1937 3853 2052 3907 lem.

2005 3946 2059 4002 9.
2089 3943 2240 4016 [vers.
2267 3938 2345 4012 5.]
2382 3938 2480 4006 Qui
2524 3936 2782 4009 protegit’
2820 3935 2873 3987 in
2913 3932 3056 4002 aquis
3091 3930 3352 4001 superiora
3387 3931 3517 4000 ejus.

1936 4037 2006 4092 Et
2049 4035 2151 4088 hoc
2191 4032 2451 4100 legimus,
2503 4037 2557 4083 et
2598 4025 2663 4081 ad
2716 4025 2946 4078 litteram
2994 4023 3134 4076 bene
3183 4021 3517 4091 intelligitur.

1937 4126 2159 4197 Quando
2179 4124 2321 4179 enim
2345 4121 2504 4191 jussit
2527 4129 2581 4174 ut
2610 4119 2759 4172 lieret
2780 4116 3171 4170 ﬁrmamentum
3194 4115 3334 4169 inter
3353 4131 3520 4185 aquas

1937 4229 1989 4275 et
2011 4233 2192 4289 aquas,
2223 4215 2419 4269 factum
2443 4220 2544 4278 est,
2567 4219 2624 4266 ut
2644 4211 2750 4265 sint
2777 4223 2925 4279 aqum
2953 4207 3230 4262 inferiores
3255 4223 3370 4277 quae
3395 4223 3520 4277 per-

1937 4310 2168 4366 fundunt
2215 4316 2404 4370 terras,
2446 4311 2501 4358 et
2538 4303 2643 4357 sint
2673 4316 2822 4371 aqum
2851 4299 3154 4370 superiores
3196 4307 3417 4352 remotae
3454 4298 3522 4355 ab

1937 4400 2260 4474 aspectibus,
2305 4409 2479 4452 tamen
2526 4393 2649 4448 ﬁdei
2691 4390 3094 4447 commendatae.
3140 4389 3208 4444 Et
3246 4407 3412 4461 aquae,
3442 4391 3521 4445 in-

1938 4493 2070 4566 quit,
2111 4507 2224 4563 quae
2265 4505 2412 4560 super
2442 4487 2591 4542 caelos
2620 4493 2754 4549 sunt,
2795 4483 3000 4538 laudent
3051 4500 3229 4537 nomen
3267 4483 3521 4539 Domini:

1936 4586 2171 4656 quoniam
2192 4585 2298 4653 ipse
2317 4581 2464 4647 dixit,
2486 4588 2533 4634 et
2555 4583 2689 4649 facta
2707 4587 2822 4632 sunt
2839 4593 2857 4639 ;
2874 4577 2981 4646 ipse
3001 4575 3274 4641 mandavit,
3293 4585 3340 4629 et
3357 4585 3524 4629 creata

1937 4689 2054 4734 sunt
2081 4675 2251 4744 (Psal.
2289 4688 2502 4738 CXLVIII,
2535 4672 2590 4738 4,
2618 4669 2698 4742 5).
2727 4669 2866 4740 Ergo
2895 4667 3187 4738 explicatus
3222 4676 3303 4721 est
3333 4681 3524 4722 sensus

1938 4771 2004 4826 ad
2035 4771 2293 4833 litteram;
2317 4765 2526 4838 protegit
2553 4763 2695 4820 enim
2718 4764 2770 4816 in
2794 4763 2937 4832 aquis
2955 4762 3215 4832 superiora
3231 4760 3362 4824 eius.
3386 4758 3523 4824 Quid

1939 4865 2005 4919 ad
2053 4859 2315 4933 ﬁguram?
2357 4858 2616 4924 Quoniam
2668 4855 2720 4909 in
2772 4853 2938 4923 ﬁgura
2983 4853 3286 4920 accepimus
3328 4851 3520 4919 pellem

1939 4955 2269 5024 Scripturatn
2297 4957 2558 5014 sanctam,
2577 4955 2630 5001 et
2650 4944 3016 5000 auctoritatem
3043 4939 3204 4994 divini
3234 4940 3383 4992 verbi
3409 4937 3523 4992 dis-

1939 5055 2214 5118 pensatam
2255 5041 2406 5098 nobis
2449 5056 2544 5110 per
2583 5037 2854 5099 mortales,
2899 5033 3091 5104 quibus
3119 5030 3342 5084 mortuis
3373 5030 3523 5100 ejus-

1939 5137 2060 5193 dem
2088 5132 2499 5204 dispensationis
2535 5127 2672 5183 fama
2699 5123 3029 5187 extenditur;
3058 5120 3350 5175 secundum
3397 5119 3520 5187 hoc,

1938 5225 2205 5300 quomodo
2249 5222 2459 5293 protegit
2501 5221 2552 5274 in
2583 5216 2726 5288 aquis
2768 5214 3026 5284 superiora
3057 5211 3208 5283 ejus?
3237 5209 3400 5281 Cujus
3432 5227 3524 5265 su-

1939 5318 2183 5390 periora?
2221 5313 2372 5370 Caeli.
2423 5312 2490 5366 Et
2536 5308 2662 5379 quid
2712 5304 2944 5362 emtum?
2981 5305 3174 5360 Sancta
3222 5302 3519 5373 Scriptura.

1939 5415 2070 5483 Qua:
2111 5418 2236 5467 sunt
2279 5405 2550 5477 superiora
2579 5410 2776 5456 sanctae
2804 5397 3125 5468 Scripturte?
3154 5396 3279 5467 quid
3312 5394 3520 5450 inveni-

1938 5521 2060 5563 mus
2088 5507 2139 5560 in
2168 5498 2455 5571 Scripturis
2485 5495 2682 5550 sanctis
2718 5492 3001 5565 superius?
3027 5491 3248 5546 Paulum
3290 5489 3521 5542 interro-

1937 5611 2001 5668 ga
2030 5614 2044 5650 :
2074 5589 2636 5664 Sapereminentiorem,
2677 5585 2863 5657 inquit,
2895 5584 3024 5637 viam
3063 5581 3198 5635 vobis
3235 5581 3519 5632 demonstro

1938 5691 1983 5765 (l
2012 5689 2129 5746 Cor.
2152 5703 2245 5752 xu,
2278 5684 2388 5756 5t).
2419 5683 2586 5752 Quam
2607 5680 2734 5736 dicit
2759 5674 3336 5750 supereminentiorem
3354 5670 3521 5726 viam?

2005 5805 2020 5834 ι
2056 5807 2270 5851 notiores
2290 5804 2418 5854 Mss,
2444 5795 2588 5846 dixit.
3148 5853 3156 5856 Α
3223 5845 3234 5856 ο

2006 5867 2025 5897 ’
2058 5865 2129 5914 Sic
2153 5871 2248 5937 Am.
2279 5867 2350 5912 Er.
2379 5853 2429 5910 et
2452 5857 2675 5922 plerique
2699 5862 2800 5905 Mss.
2829 5859 2878 5903 At
2902 5859 3030 5910 t.ov.,
3050 5853 3270 5912 protegis.
