4088 6504
491 425 629 481 15ιὸ

498 561 518 595 ι
554 542 611 595 Si
656 536 847 610 linguis
886 531 1158 588 hominum
1208 524 1394 593 loquar
1420 532 1472 575 et
1512 517 1857 587 Angelorum,
1896 509 2073 566 chari-

497 640 658 686 tatem
686 606 860 681 autem
891 639 995 678 non
1028 619 1272 681 habeam,
1304 613 1472 668 factus
1503 623 1619 665 sum
1644 606 1789 660 velut
1812 617 2077 657 :cramen-

499 736 606 778 tum
625 734 840 783 sonans,
858 726 947 769 aut
962 710 1264 785 cymbalum
1289 707 1520 762 tinniens
1550 721 1568 755 ι
1597 698 1770 773 (lCor.
1791 713 1906 761 xm,
1927 694 2003 762 i).
2028 692 2083 747 Si

499 831 627 885 ergo
655 813 785 867 nihil
812 803 1297 879 supereminentius
1333 801 1384 855 in
1411 797 1684 866 Scriptura
1712 799 1892 847 sancta
1940 788 2087 841 inve-

503 877 603 961 niri
646 910 820 974 potest
864 877 1021 970 quam
1053 894 1323 956 charitas;
1366 889 1641 959 superiora
1672 883 1793 939 οωιί
1820 877 2088 951 quomodo

505 998 555 1050 in
589 992 739 1063 aquis
783 996 1152 1061 proteguntur,
1199 984 1243 1040 si
1289 980 1564 1051 superiora
1608 975 1900 1044 Scriptura:
1950 984 2088 1039 prte-

504 1062 655 1155 repta
680 1081 953 1137 charitatis
978 1077 1138 1132 sunt?
1171 1074 1303 1129 Audi
1332 1066 1777 1143 quemadmodum
1801 1083 1814 1119 :
1836 1062 2091 1125 Charitas,

507 1180 695 1247 inquit,
730 1174 828 1229 Dei
855 1171 1044 1238 di/fusa
1068 1178 1138 1223 est
1166 1169 1218 1220 in
1249 1164 1482 1221 cordibus
1508 1160 1690 1216 nostris
1716 1174 1805 1228 per
1843 1154 2096 1224 Spiritum

506 1245 756 1330 sanctum,
786 1266 872 1335 qui
901 1265 1047 1316 datus
1080 1270 1151 1315 est
1178 1259 1319 1313 nobis
1350 1256 1523 1328 (Rom.
1546 1269 1600 1317 ν,
1633 1251 1712 1319 5).
1741 1249 1856 1303 Jam
1883 1245 2097 1300 nomine

511 1358 809 1415 dili‘usionis
835 1356 1068 1425 intellige
1092 1366 1255 1421 aquas
1286 1350 1337 1403 in
1367 1346 1625 1402 charitate
1652 1341 1882 1413 Spiritus
1902 1335 2097 1394 sancti.

517 1453 609 1506 lla:
632 1459 755 1506 sunt
781 1464 951 1518 aquae,
983 1445 1051 1499 de
1077 1443 1268 1514 quibus
1298 1439 1493 1494 dicitur
1526 1439 1578 1491 in
1605 1432 1831 1506 quadam
1863 1429 2104 1499 Scriptu-

514 1559 573 1598 ra
608 1561 619 1596 :
651 1541 717 1595 Et
738 1542 789 1594 in
822 1541 999 1609 plateis
1037 1536 1133 1589 tuis
1153 1534 1439 1588 discurrant
1467 1543 1614 1599 aqua:
1641 1538 1774 1591 tute;
1802 1538 1947 1577 nemo
1977 1522 2103 1574 alie-

517 1650 612 1687 nus
641 1630 965 1685 communicet
1010 1626 1096 1680 tibi
1123 1623 1302 1698 (Prov.
1353 1639 1404 1685 ν,
1436 1620 1501 1675 16
1526 1629 1570 1673 et
1598 1617 1705 1688 l7).
1756 1614 1929 1669 Alieni
1962 1612 2102 1667 enim

518 1738 706 1779 omnes
742 1737 772 1776 a
812 1721 891 1775 via
920 1718 1181 1780 veritatis,
1215 1716 1328 1769 sive
1368 1712 1582 1782 Pagani,
1616 1709 1729 1763 sive
1769 1705 1960 1767 Judzni,
1995 1703 2108 1757 sive

525 1814 780 1878 haeretici,
805 1824 857 1867 et
885 1811 1005 1865 mali
1029 1810 1224 1879 quique
1246 1804 1542 1870 christiani,
1568 1802 1764 1856 habere
1786 1798 1947 1853 multa
1969 1796 2108 1850 dona

527 1916 772 1979 possunt,
804 1905 1119 1959 eharitatem
1150 1916 1257 1955 non
1297 1905 1537 1970 possunt.
1582 1895 1693 1950 Hoc
1734 1895 1907 1962 ipsum
1947 1904 2111 1960 quare

525 2002 725 2056 donum
765 1996 884 2051 est?
928 2004 985 2049 ut
1032 2009 1136 2047 non
1182 1992 1466 2062 loquamur
1510 1987 1578 2043 de
1618 1985 1772 2040 donis
1813 1982 1930 2036 aliis
1962 1980 2108 2045 foris,

526 2108 647 2163 qua:
670 2090 807 2144 dona
848 2086 1045 2141 habent
1073 2097 1261 2139 omnes
1299 2081 1577 2145 homines,
1617 2077 1738 2147 quia
1786 2073 1910 2129 facit
1947 2072 2117 2127 solem

531 2198 688 2237 suum
709 2180 836 2235 oriri
868 2192 1028 2248 super
1050 2177 1220 2231 honos
1240 2184 1294 2229 et
1314 2172 1484 2229 malos
1500 2170 1713 2239 (Matth.
1740 2184 1793 2232 v,
1822 2165 1912 2237 45)
1937 2185 1948 2218 :
1976 2163 2115 2218 dona

534 2274 625 2328 Dei
669 2282 813 2335 sunt,
842 2279 892 2323 et
926 2284 1030 2322 non
1064 2276 1266 2320 tantum
1301 2262 1455 2321 bonis
1498 2270 1552 2316 et
1594 2259 1746 2314 malis
1791 2252 2114 2317 communia,

533 2364 626 2419 sed
658 2364 815 2419 etiam
865 2360 1047 2414 bestiis
1091 2366 1146 2412 et
1193 2355 1495 2427 pecoribus.
1537 2352 1711 2422 lpsum
1740 2362 1880 2412 esse,
1911 2346 2119 2407 vivere,

536 2455 740 2517 videre,
769 2452 987 2516 sentire,
1016 2448 1223 2515 audire,
1249 2457 1303 2502 et
1329 2444 1539 2501 carteris
1564 2442 1711 2513 fungi
1736 2454 1988 2495 sensuum
2009 2452 2123 2489 mu-

538 2545 774 2607 neribus,
803 2542 941 2598 dona
979 2541 1074 2596 Dei
1119 2550 1283 2594 sunt:
1319 2537 1413 2592 sed
1452 2536 1625 2590 videte
1658 2548 1775 2587 cum
1806 2531 2051 2602 qualibus
2072 2538 2125 2583 et

536 2656 695 2710 quant
728 2639 907 2693 multis
939 2634 1261 2699 communia,
1293 2640 1347 2686 et
1374 2645 1493 2685 cum
1535 2629 1614 2683 eis
1640 2641 1775 2698 quos
1822 2625 1959 2679 nolis
2003 2621 2126 2677 imi-

546 2732 667 2785 tari.
702 2730 878 2800 Ipsum
909 2728 1177 2797 ingenium
1217 2733 1430 2778 acutum
1463 2720 1660 2775 habent
1701 2724 1756 2773 et
1784 2715 2000 2787 pessimi
2033 2714 2129 2768 ho-

543 2825 737 2891 mines,
766 2823 1015 2877 solertem
1042 2821 1235 2874 artium
1265 2816 1578 2871 industriam
1624 2811 1821 2866 habent
1853 2820 1905 2864 et
1938 2808 2130 2877 turpis-

546 2916 667 2970 simi
716 2912 934 2977 scenici,
978 2910 1190 2965 divitias
1237 2906 1435 2962 habent
1482 2912 1536 2959 et
1579 2904 1836 2964 latrones,
1866 2898 2131 2969 coniugia,

550 3006 705 3069 ﬁlios,
736 3003 886 3057 multi
926 3002 1048 3056 mali
1096 2999 1312 3054 habent.
1358 2994 1583 3051 Pulchra
1626 2992 1765 3047 dona
1809 2991 1901 3046 Dei
1932 2989 2132 3052 omnia,

551 3111 708 3151 nemo
734 3102 916 3165 negat;
947 3091 1038 3146 sed
1062 3089 1181 3143 vide
1205 3103 1326 3144 eum
1349 3085 1541 3156 quibus
1562 3082 1883 3137 communia.
1912 3078 2137 3147 Respice

550 3187 618 3242 ad
660 3199 878 3240 munera
924 3182 1088 3253 ipsius
1120 3178 1392 3235 Ecclesiae.
1432 3176 1624 3231 Munus
1664 3173 2137 3228 Saeramentorum

553 3281 606 3335 in
642 3279 933 3349 Baptismo,
968 3278 1018 3331 in
1051 3274 1407 3337 Eucharistia,
1459 3271 1509 3324 in
1551 3270 1761 3324 eteteris
1802 3267 1998 3323 sanctis
2044 3265 2142 3320 Sa-

555 3371 863 3437 cramentis,
893 3369 1049 3440 quale
1080 3382 1272 3421 munus
1301 3366 1416 3421 est?
1445 3364 1557 3418 Hoc
1587 3378 1779 3418 munus
1808 3361 2032 3431 adeptus
2060 3369 2143 3414 est

558 3473 611 3517 et
637 3461 820 3516 Simon
840 3476 1021 3531 magus
1040 3458 1177 3528 (Act-
1203 3473 1310 3521 vni,
1340 3458 1449 3526 l3).
1474 3454 1757 3524 Prophetia
1778 3453 1935 3523 quale
1955 3468 2146 3507 munus

561 3553 673 3608 est?
703 3551 1039 3620 Prophetavit
1070 3558 1124 3603 et
1149 3549 1272 3604 Saul
1306 3548 1474 3602 malus
1518 3561 1632 3609 rex,
1669 3555 1724 3600 et
1761 3555 1887 3599 tunc
1912 3545 2145 3615 prophe-

566 3644 712 3707 tavit,
747 3657 866 3696 cum
896 3641 1056 3695 David
1097 3650 1337 3694 sanctum
1382 3646 1807 3709 persequeretur.
1836 3636 2097 3691 lntendite
2133 3654 2146 3690 :

565 3750 671 3790 non
703 3735 829 3802 dixi,
861 3749 980 3788 cum
1010 3743 1319 3804 persecutus
1348 3731 1548 3786 fuisset.
1575 3730 1835 3785 Fortassis
1860 3731 2002 3784 enim
2028 3744 2150 3784 eum

566 3837 878 3899 persecutus
909 3826 1271 3897 paenitentiam
1311 3824 1494 3894 gessit,
1527 3831 1581 3878 et
1607 3822 1794 3892 dignus
1837 3820 1935 3875 fuit
1965 3822 2153 3891 spiritu

571 3917 941 3988 proiihetandi.
990 3916 1107 3971 Non
1164 3922 1491 3985 persecutus,
1538 3927 1712 3983 neque
1758 3921 2152 3983 persecuturus,

570 4010 663 4066 sed
687 4025 1010 4081 persequens
1042 4008 1402 4079 prophetavit.
1434 4005 1574 4060 Misit
1605 4004 1670 4058 ad
1702 4003 2159 4074 comprehenden-

571 4100 698 4156 dum
721 4100 884 4154 David
910 4100 1182 4154 ministros
1207 4113 1332 4153 suos
1357 4115 1371 4152 :
1395 4095 1555 4151 David
1580 4109 1705 4149 vero
1727 4109 1791 4149 eo
1823 4103 2060 4165 tempore
2082 4093 2158 4147 in-

576 4203 658 4247 ter
686 4191 975 4263 prephetas
1004 4200 1137 4256 erat,
1171 4191 1256 4246 ubi
1287 4199 1402 4244 erat
1443 4199 1499 4245 et
1544 4195 1761 4243 sanctus
1787 4187 2035 4254 Samuel;
2064 4188 2162 4242 im-

577 4287 705 4358 pleti
736 4298 857 4342 sunt
893 4288 1078 4356 spiritu
1110 4286 1400 4357 prophetia:
1441 4284 1532 4354 qui
1579 4285 1725 4338 missi
1771 4293 1913 4349 sunt,
1957 4290 2011 4337 et
2036 4298 2160 4352 pro-

580 4379 951 4450 phetaverunt.
976 4378 1081 4433 Sed
1113 4379 1245 4431 forte
1270 4377 1409 4431 bono
1441 4376 1513 4431 illi
1557 4376 1734 4429 animo
1761 4383 2039 4440 venerant,
2077 4375 2164 4429 vel

580 4471 651 4527 ob
679 4471 1047 4528 necessitatem
1079 4469 1238 4523 ofﬁcii
1268 4474 1369 4535 sui,
1403 4469 1486 4523 vel
1528 4484 1631 4523 non
1665 4467 1850 4522 facturi
1882 4465 2021 4536 quod
2054 4467 2169 4534 jus-

581 4579 700 4620 sum
732 4572 833 4618 est.
865 4563 1004 4617 Misit
1043 4572 1097 4617 et
1138 4562 1272 4616 alios
1304 4579 1315 4615 :
1348 4562 1447 4615 hoc
1474 4570 1527 4614 et
1572 4559 1625 4613 in
1654 4560 1731 4613 eis
1760 4557 1953 4612 factum
1985 4567 2093 4622 est;
2117 4568 2169 4613 et

582 4670 769 4711 eorum
817 4654 918 4709 hoc
964 4653 1121 4707 modo
1166 4652 1400 4706 animum
1448 4650 1878 4719 interpretemur.
1919 4648 2054 4702 Cum
2096 4649 2169 4703 illi

587 4746 876 4812 tardarent,
907 4744 1051 4800 venit
1092 4746 1203 4814 ipse
1249 4741 1448 4806 furens,
1481 4740 1738 4795 anhelans
1779 4739 2002 4805 caedem,
2045 4754 2170 4793 san-

585 4839 800 4910 guinem
846 4837 1031 4892 sitiens
1059 4834 1357 4891 innocentis
1387 4834 1578 4899 sancti,
1629 4832 1714 4887 cui
1741 4832 1898 4885 etiam
1938 4832 2174 4901 ingratus

588 4940 732 4995 erat;
761 4938 814 4985 et
843 4929 959 4999 ipse
988 4928 1235 4999 impletus
1263 4935 1346 4982 est
1372 4926 1558 4997 spiritu
1588 4921 1959 4993 prophetandi,
1978 4930 2030 4975 et
2053 4936 2176 4991 pro-

589 5020 827 5091 phetavit
856 5018 898 5091 (l
923 5019 1049 5091 Reg.
1073 5035 1181 5084 XIX,
1216 5015 1429 5088 18-ἳ4).
1465 5015 1579 5070 Νοιι
1605 5027 1735 5085 ergo
1774 5028 1833 5068 se
1856 5012 2061 5083 jactent
2085 5011 2174 5082 qui

595 5114 729 5168 torte
753 5114 869 5168 sine
892 5111 1148 5166 charitate
1168 5108 1451 5165 habuerint
1474 5109 1574 5162 hoc
1593 5119 1786 5160 munus
1805 5104 1895 5159 Dei
1913 5110 2174 5167 sanctum,

596 5206 734 5260 sicut
759 5213 999 5260 sanetum
1027 5205 1382 5275 baptismum;
1415 5201 1508 5258 sed
1540 5199 1754 5255 videant
1780 5197 1988 5268 qualem
2015 5196 2179 5250 ratio-

601 5313 721 5352 nem
753 5298 983 5351 habituri
1030 5306 1300 5352 suntcum
1339 5295 1478 5360 Deo,
1522 5292 1611 5363 qui
1640 5292 1838 5345 sanctis
1865 5305 1967 5343 non
1995 5298 2179 5343 sancte

598 5397 836 5445 utuntur.
869 5389 946 5442 Ex
970 5388 1051 5443 his
1078 5395 1236 5442 erunt
1256 5388 1343 5457 qui
1370 5386 1561 5441 dicturi
1584 5392 1708 5439 sunt
1738 5399 1753 5436 :
1783 5380 1848 5435 lu
1875 5381 2074 5437 nomine
2094 5388 2180 5433 tuo

597 5481 1025 5555 prophetaoimus.
1053 5480 1167 5535 Non
1195 5480 1298 5535 illis
1317 5479 1542 5544 dicetur,
1559 5474 1886 5534 Mentimini;
1914 5471 2009 5527 sed
2034 5472 2179 5527 dice-

597 5586 701 5639 tttr,
734 5572 854 5629 Non
882 5572 994 5627 novi
1024 5588 1141 5636 vos;
1170 5571 1385 5626 recedite
1409 5587 1439 5621 a
1460 5586 1556 5635 me,
1585 5571 1670 5637 qui
1696 5565 1974 5639 operamini
1996 5564 2180 5634 iniqui-

598 5677 747 5721 tatem
773 5663 981 5736 (Matth.
1017 5679 1107 5728 vn,
1134 5662 1224 5729 Ἦ,
1255 5662 1370 5731 23).
1402 5661 1534 5730 Quia
1557 5660 1598 5713 si
1627 5659 1837 5713 habeam
1857 5673 2053 5712 omnem
2072 5672 2183 5727 pro-

600 5760 841 5829 phetiam,
886 5756 1179 5812 charitatem
1212 5764 1377 5809 autem
1424 5769 1524 5807 non
1564 5750 1794 5816 habeam,
1837 5749 1964 5805 nihil
2002 5765 2112 5802 sum
2140 5746 2179 5818 (Ι

603 5848 721 5902 Cor.
750 5865 863 5919 sui,
891 5849 969 5921 2).
1002 5847 1341 5918 Prophetavit
1366 5855 1420 5902 et
1443 5844 1593 5912 Saul,
1618 5842 1712 5901 sed
1734 5843 2053 5913 operabatur
2078 5840 2181 5897 ini-

1695 402 1751 456 S.
1786 400 1823 453 A
1836 391 2149 453 UGUS'l'lNl
2194 389 2493 447 EPISCOPI

3675 396 3801 451 ιδιι

2193 528 2468 597 quitatem.
2497 527 2627 593 Quis
2668 536 2845 581 autem
2869 534 3122 596 operatur
3152 525 3529 598 iniquitatem,
3581 528 3685 583 nisi
3724 533 3804 601 qui

2194 635 2297 673 non
2339 619 2574 673 habuerit
2608 618 2956 673 eharitatem?
2995 617 3276 672 Plenitudo
3304 617 3465 672 enim
3499 617 3659 688 Legis
3684 620 3806 674 eha-

2194 711 2888 783 ritas(Rom..vut,i0).Ergo
2900 712 3110 784 protegit
3127 713 3179 767 in
3196 714 3347 782 aquis
3366 713 3645 782 superiora
3661 714 3767 783 ejus
3795 733 3811 769 :

2194 803 2320 875 quid
2338 802 2495 858 dixit?
2513 803 2567 858 ln
2584 805 2831 859 omnibus
2844 804 3133 874 Seripturis
3152 805 3812 874 supereminentissimam

2201 896 2362 961 viam,
2392 895 3034 965 supereminentissimum
3075 896 3248 950 locum
3287 895 3550 951 charitas
3579 895 3810 963 obtinet;

2200 1003 2307 1041 non
2322 987 2384 1041 ad
2407 1003 2523 1042 eam
2547 989 2790 1057 aspirant
2804 988 2904 1041 nisi
2924 988 3069 1051 boni,
3088 988 3223 1043 hanc
3238 986 3541 1042 nobiscum
3558 1002 3664 1041 non
3680 1002 3813 1041 eom-

2202 1079 2474 1134 municant
2490 1078 2642 1134 mali:
2666 1087 2888 1149 possunt
2902 1079 3302 1134 communicare
3319 1079 3398 1132 Ba
3405 1078 3810 1148 ptismum,pos-

2204 1180 2331 1225 sunt
2357 1171 2751 1226 communicare
2776 1179 2965 1225 cetera
2997 1170 3374 1233 Sacramenta,
3418 1178 3659 1238 possunt
3683 1185 3813 1223 eom-

2205 1266 2479 1320 munieare
2506 1266 2823 1332 orationem,
2854 1274 3077 1334 possunt
3121 1264 3549 1319 communicare
3580 1263 3709 1318 istos
3726 1279 3811 1348 ει-

2208 1361 2389 1423 rietes,
2419 1369 2472 1413 et
2499 1359 2652 1413 istam
2685 1358 3115 1427 conjunctionem
3138 1376 3151 1425 ;
3177 1357 3516 1412 eharitatem
3551 1358 3815 1412 nobiscum

2210 1468 2315 1507 non
2344 1453 2760 1507 communicant.
2794 1450 2909 1520 ipse
2937 1461 3020 1505 est
3046 1452 3188 1505 enim
3219 1451 3345 1505 fons
3377 1450 3641 1521 proprius
3673 1451 3813 1507 bono-

2211 1558 2350 1607 rum,
2383 1540 2628 1611 proprius
2653 1550 2980 1605 sanctorum,
3009 1540 3075 1594 de
3100 1556 3206 1611 quo
3231 1540 3442 1595 dicitur
3468 1558 3483 1594 :
3512 1538 3679 1594 Nemo
3707 1543 3815 1595 alie-

2213 1653 2309 1689 nus
2350 1635 2679 1688 communicet
2710 1634 2815 1686 tibi.
2846 1633 2946 1698 Qui
2976 1641 3097 1686 sunt
3123 1633 3331 1688 alieni?
3362 1631 3576 1687 Omnes
3617 1633 3705 1703 qui
3732 1648 3814 1687 au~

2214 1725 2385 1787 dium,
2418 1723 2536 1779 Non
2564 1724 2680 1777 novi
2723 1740 2825 1777 vos.
2856 1723 2909 1779 Si
2943 1725 3084 1778 enim
3117 1739 3223 1778 non
3263 1733 3696 1795 cognoscuntur,
3726 1724 3815 1777 uti-

2217 1833 2322 1887 que
2352 1816 2506 1870 alieui
2549 1824 2692 1878 sunt,
2728 1815 2922 1885 quibus
2946 1815 3162 1881 dicitur,
3190 1814 3317 1869 Non
3345 1816 3469 1870 novi
3499 1831 3607 1869 vos.
3635 1815 3814 1886 Super-

2220 1908 2462 1964 eminens
2488 1923 2616 1976 ergo
2647 1907 2732 1960 via
2752 1906 3024 1961 charitatis
3049 1914 3185 1960 tenet
3216 1921 3316 1961 eos
3337 1907 3435 1976 qui
3467 1907 3681 1977 proprie
3708 1922 3815 1977 per-

2221 2001 2393 2055 tinent
2427 2000 2493 2055 ad
2523 2015 2744 2071 regnum
2784 2000 3065 2056 etelorum.
3098 1999 3242 2069 Ergo
3280 2008 3624 2070 pra-ceptum
3655 1998 3812 2054 ehari-

2222 2094 2346 2147 tatis
2370 2108 2531 2161 super
2550 2092 2736 2159 caelos,
2774 2108 2937 2161 super
2962 2106 3149 2146 omnes
3180 2091 3353 2145 libros
3382 2108 3398 2139 :
3428 2091 3480 2146 ei
3524 2090 3666 2145 enim
3708 2089 3815 2144 sub-

2223 2184 2422 2240 duntur
2468 2184 2610 2247 libri,
2643 2183 2691 2237 ei
2741 2183 2935 2237 militat
2963 2182 3137 2237 omnis
3181 2182 3365 2251 lingua
3404 2190 3737 2246 sanctorum,
3772 2191 3817 2233 et

2226 2276 2401 2330 omnis
2429 2286 2603 2330 motus
2619 2276 3047 2344 dispensatorum
3073 2275 3187 2341 Dei,
3217 2284 3273 2330 et
3300 2275 3473 2329 animi
3500 2284 3555 2329 et
3576 2276 3812 2343 corporis.

2226 2368 2642 2439 Superemiuens
2671 2376 2754 2424 est
2780 2383 2908 2437 ergo
2929 2368 3032 2435 via,
3057 2376 3112 2423 et
3132 2368 3330 2422 merito
3354 2367 3593 2437 protegit
3620 2367 3667 2419 in
3688 2366 3817 2437 aquis

2229 2460 2501 2528 superiora
2528 2458 2646 2513 caeli
2670 2476 2682 2521 ;
2703 2457 2824 2529 quia
2851 2458 2977 2513 nihil
2996 2458 3199 2513 invenis
3221 2458 3563 2513 eminentius
3583 2456 3815 2511 charitate

2232 2552 2283 2606 in
2311 2552 2502 2606 divinis
2534 2550 2729 2605 Libris.

2306 2665 2393 2720 l0.
2434 2663 2538 2719 Sed
2560 2664 2733 2717 adhuc
2760 2663 3058 2719 evidentius
3084 2662 3205 2718 audi
3237 2661 3372 2730 quid
3401 2676 3541 2732 aqua
3569 2660 3655 2715 sit.
3687 2657 3813 2713 Disi-

2237 2771 2355 2811 mus
2377 2756 2518 2811 enim
2545 2754 2685 2825 quod
2725 2754 2957 2809 charitas
3010 2754 3102 2808 Dei
3140 2752 3338 2809 dilTusa
3385 2754 3460 2807 sit
3498 2752 3550 2806 in
3599 2748 3816 2805 cordibus

2238 2850 2434 2905 nostris
2464 2865 2556 2921 per
2585 2848 2838 2918 Spiritum
2874 2856 3117 2902 sanctum
3140 2888 3156 2912 ,
3183 2847 3273 2916 qui
3321 2845 3485 2900 datus
3521 2852 3603 2900 est
3639 2842 3806 2897 nobis:

2240 2941 2471 2996 diximus
2501 2940 2659 2996 etiam
2682 2982 2697 3008 ,
2732 2938 2796 2993 In
2825 2939 3002 3009 plateis
3027 2939 3318 2993 discurrant
3355 2953 3507 3006 aqua:
3536 2946 3650 2990 tute.
3679 2934 3738 2988 Et
3757 2934 3814 2987 ait

2242 3033 2371 3086 mihi
2422 3032 2646 3100 aliquis,
2700 3030 2814 3084 Non
2866 3029 2937 3083 ibi
2979 3044 3233 3099 expresse
3278 3028 3493 3082 dictum
3539 3034 3639 3090 est,
3669 3035 3813 3078 utrum

2244 3123 2559 3178 eharitatem
2615 3120 2911 3189 intelligere
2955 3119 3180 3173 debeam
3212 3135 3225 3171 :
3254 3117 3391 3188 quid
3432 3118 3476 3172 si
3522 3116 3653 3171 alius
3699 3111 3816 3167 aliud

2245 3215 2438 3287 aliquid
2464 3213 2756 3281 intelligat?
2778 3212 3003 3266 Tantum
3027 3220 3301 3266 memento
3329 3209 3475 3281 quod
3516 3208 3594 3263 ait
3619 3208 3814 3276 Aposto-

2248 3310 2350 3374 lus,
2381 3307 2613 3362 Charitas
2640 3305 2736 3359 Dei
2756 3303 2946 3371 di/fusa
2986 3314 3056 3357 est
3081 3304 3134 3357 in
3165 3302 3412 3356 cordibus
3436 3300 3635 3354 nostris.
3658 3295 3819 3353 Unde?

2251 3402 2355 3457 Per
2397 3401 2647 3470 Spiritum
2677 3408 2927 3464 sanctum,
2965 3399 3049 3467 qui
3093 3396 3241 3450 datus
3263 3406 3342 3450 est
3372 3394 3535 3448 nobis.
3565 3390 3691 3447 Audi
3729 3388 3817 3457 jam

2255 3495 2533 3550 Dominum
2577 3492 2885 3562 magistrum
2926 3490 3312 3559 Apostolorum
3384 3506 3398 3539 :
3457 3485 3518 3540 Si
3570 3483 3674 3555 quis
3719 3478 3818 3543 sitit,

2252 3587 2436 3649 veniat,
2467 3594 2512 3637 et
2542 3584 2695 3637 bibat.
2726 3583 2875 3635 Dicat
2898 3580 3071 3635 adhuc
3107 3598 3121 3635 :
3152 3578 3252 3644 Qui
3270 3578 3438 3632 credit
3459 3578 3510 3630 in
3532 3591 3624 3639 me,
3641 3570 3819 3643 ﬂumina

2254 3693 2397 3746 aqua!
2419 3676 2540 3728 viva:
2569 3676 2724 3744 ﬂuent
2746 3673 2809 3726 de
2828 3682 2996 3727 centre
3020 3672 3148 3743 ejus.
3178 3670 3321 3738 Quid
3350 3668 3595 3725 esthoc?
3617 3665 3822 3731 Exponat

2262 3766 2597 3836 Evangelista
2620 3784 2631 3818 :
2658 3784 2674 3815 ι
2702 3765 2811 3818 Iloc
2836 3772 3014 3818 autem
3028 3762 3256 3825 dicebat,
3281 3778 3299 3811 ι
3334 3760 3524 3831 inquit,
3549 3757 3639 3811 ide
3654 3753 3819 3823 Spiritu

2258 3876 2416 3930 quem
2439 3858 2704 3926 accepturi
2728 3865 2873 3909 erant
2902 3854 3184 3910 credentes
3215 3854 3265 3906 in
3290 3868 3439 3907 eum.
3466 3850 3682 3919 Spiritus
3702 3842 3817 3899 enim

2260 3950 2494 4008 nondum
2517 3959 2627 4005 erat
2668 3949 2826 4003 datus
2852 3990 2867 4013 ,
2899 3946 3021 4018 quia
3053 3946 3211 4000 Jesus
3246 3943 3487 3999 nondum
3515 3947 3626 3995 erat
3646 3930 3815 4006 gloriﬁ-

2261 4051 2432 4098 catus.
2469 4060 2488 4092 ι
2518 4041 2659 4109 Ergo
2684 4081 2698 4102 ,
2730 4038 2941 4104 fratres,
2980 4036 3023 4090 si
3055 4043 3339 4104 propterea
3368 4030 3595 4102 Spiritus
3621 4022 3816 4080 nondum

2264 4143 2380 4189 erat
2434 4133 2607 4196 datus,
2655 4131 2777 4201 quia
2824 4129 2980 4185 Jesus
3036 4126 3272 4181 nondum
3326 4134 3446 4181 erat
3494 4118 3814 4194 gloriﬁcatus;

2265 4225 2560 4295 gloriﬁcato
2611 4238 2676 4277 eo
2718 4232 2774 4278 et
2824 4219 3147 4275 ascendente
3202 4219 3255 4273 iu
3295 4217 3482 4280 caelos,
3539 4211 3718 4268 missus
3755 4212 3819 4259 cst

2266 4316 2491 4386 Spiritus
2537 4322 2753 4368 sanctus
2781 4310 2961 4383 (Joan.
2992 4326 3087 4374 vit,
3116 4309 3331 4381 57-59),
3366 4317 3423 4363 et
3458 4304 3704 4361 charitate
3736 4298 3815 4349 im-

2272 4411 2393 4481 pleti
2439 4418 2563 4463 sunt
2594 4406 2869 4477 Apostoli,
2906 4405 3092 4460 dili‘usa
3146 4405 3197 4459 in
3246 4403 3499 4459 cordibus
3542 4409 3710 4454 eorum
3744 4403 3818 4460 per

2270 4502 2523 4570 Spiritum
2550 4506 2815 4561 sanctum,
2843 4498 2929 4566 qui
2962 4496 3114 4552 datus
3143 4504 3227 4551 est
3261 4495 3372 4560 eis;
3428 4492 3546 4563 quia
3586 4486 3815 4570 superiora

2272 4567 2393 4648 coeli
2426 4593 2576 4661 aquis
2628 4598 2992 4659 proteguntur.
3033 4589 3095 4642 Et
3135 4588 3291 4651 bene,
3344 4586 3466 4656 quia
3512 4576 3741 4635 Dominus
3776 4567 3814 4621 in

2274 4688 2441 4742 caelos
2462 4683 2722 4745 aScendit,
2757 4690 2815 4735 ut
2834 4696 3079 4749 SUpCI‘ittl‘
3103 4690 3246 4734 esset
3271 4678 3440 4741 caelis,
3470 4683 3521 4727 et
3538 4668 3647 4724 inde
3671 4662 3815 4755 mitte:

2277 4788 2358 4833 ret
2382 4775 2715 4831 eharitatem.
2739 4773 2852 4827 Non
2884 4772 3026 4826 enim
3058 4770 3137 4825 sic
3171 4769 3310 4824 Deus
3348 4763 3604 4838 protegit,
3630 4764 3677 4809 ul
3695 4762 3815 4819 (ιυαει

2279 4877 2608 4925 sustentetur
2626 4865 2693 4920 ab
2718 4880 2783 4917 eo
2812 4879 2967 4933 quem
2994 4860 3225 4930 protegit
3257 4878 3269 4912 :
3299 4858 3690 4920 sublevatquem
3716 4853 3811 4909 [πῖθ’

2282 4962 2430 5033 tegit,
2458 4977 2563 5015 non
2601 4968 2806 5013 onerat.
2840 4957 2909 5009 Ita
2933 4971 3061 5026 ergo
3085 4954 3279 5009 caelum
3324 4950 3474 5021 aquis
3517 4936 3735 5033 pmlcgll.
3773 4935 3814 4978 ιιι

2282 5027 2450 5125 magis
2476 5051 2603 5107 illud
2634 5050 2816 5105 divino
2841 5047 3040 5118 Spiritu
3069 5046 3397 5101 sublevetur.
3424 5034 3567 5106 Quod
3594 5027 3810 5085 sublevat.

2282 5124 2489 5201 sursum
2512 5153 2621 5210 est;
2654 5141 2795 5213 quod
2827 5141 3156 5206 sublevatur,
3190 5137 3322 5191 infra
3343 5142 3425 5188 est
3454 5150 3465 5183 :
3493 5124 3609 5184 illud
3629 5126 3811 5213 suspen-

2284 5239 2383 5307 dit,
2418 5237 2519 5291 hoc
2548 5204 2764 5307 pendet.
2791 5232 2847 5291 Si
2877 5247 3005 5303 ergo
3034 5204 3162 5284 illud
3191 5224 3481 5297 suspendit.
3513 5220 3604 5272 hoc
3623 5204 3808 5281 pendet;

2285 5331 2404 5386 audi
2432 5331 2551 5401 quia
2583 5329 2681 5383 hoc
2702 5329 2893 5383 cmlum
2933 5325 3324 5395 Scripturarum
3359 5333 3421 5374 ex
3453 5309 3685 5369 charitate

2286 5424 2395 5479 del.
2427 5385 2539 5476 Duo
2579 5432 2703 5474 sunt
2741 5433 2933 5487 nempe
2977 5385 3067 5469 illa
3110 5415 3380 5469 notissima
3430 5403 3667 5476 pnccepta
3694 5385 3807 5487 illic:

2287 5517 2479 5573 ctionis
2509 5533 2521 5569 ε
2552 5534 2570 5567 ‹
2596 5513 2651 5568 lu
2685 5513 2766 5568 his
2787 5511 2994 5566 duobus
3025 5509 3304 5579 praeceptis
3335 5513 3436 5558 tota
3463 5499 3561 5554 lict
3589 5480 3804 5573 Pendet?

2292 5609 2572 5681 Propheta:
2604 5607 2813 5680 (Matth.
2849 5620 2983 5667 χχιι,
3022 5578 3135 5671 iO).
3187 5601 3283 5670 Qui
3340 5588 3552 5668 protegit
3595 5583 3640 5635 in
3688 5578 3805 5638 aqu"

2290 5704 2559 5776 superiora
2584 5699 2717 5770 ejus.
2762 5718 2778 5750 ι

2371 5816 2454 5869 ll.
2508 5811 2605 5878 Qui
2631 5811 2770 5881 ponit
2792 5809 2941 5862 nubes
2971 5822 3232 5861 ascensum
3255 5804 3377 5873 ejus.
3400 5784 3638 5856 Accii’itur
3658 5780 3699 5829 θ’
3723 5768 3800 5819 hoc
