4088 6448
222 398 356 452 BL")

215 515 351 567 bene
372 508 434 562 ad
470 507 727 561 litteram.
759 504 1017 559 Dominus
1046 501 1322 555 \isibililer
1342 497 1579 554 ascendit
1616 498 1667 553 in
1696 512 1802 553 co:-

215 605 347 658 lum.
402 597 683 667 Quomodo
728 595 916 666 posita:
962 601 1085 648 sunt
1133 592 1300 647 nubes
1341 605 1593 645 ascensus
1644 589 1805 643 caeli?

222 693 345 748 Haec
403 707 517 744 cum
558 689 804 751 dixisset,
859 686 1011 740 nubes
1060 683 1278 754 suscepit
1332 698 1445 736 eum
1496 680 1631 753 (Act.
1659 678 1800 749 v.9).

217 784 391 840 llabes
418 781 541 835 item
572 778 641 834 de
667 776 1060 833 resurrectione
1087 784 1266 829 nostra
1296 772 1605 843 praedictum
1639 789 1651 824 :
1691 788 1709 823 ι
1739 770 1804 825 Et

218 874 479 938 mortuis,
525 871 729 941 inquit,
776 888 795 922 ι
850 868 902 922 in
957 867 1202 931 Christo,
1252 871 1532 934 resurgent
1583 861 1740 932 primi
1785 878 1800 928 ;

221 965 412 1022 deinde
440 974 492 1019 et
514 979 613 1018 nos
633 962 723 1033 qui
760 961 1007 1026 vivimus,
1041 960 1199 1015 simul
1245 973 1367 1013 cum
1395 956 1500 1011 illis
1534 957 1803 1026 rapiemar

218 1062 274 1115 in
303 1058 525 1114 nubibus
546 1056 759 1109 obviam
788 1052 1002 1108 Christo
1042 1052 1094 1106 in
1134 1066 1279 1117 aera,
1308 1058 1465 1119 atque
1494 1050 1561 1103 ita
1590 1063 1803 1117 semper

218 1166 341 1205 cum
358 1148 576 1203 Domino
595 1146 795 1201 erimus
816 1163 833 1196 ι
860 1139 1414 1215 (lThess.tv,15,l6).
1438 1140 1613 1195 Habes
1634 1140 1801 1194 nubes

220 1254 492 1297 ascensum
515 1238 636 1293 οωιί
671 1254 683 1289 :
712 1235 987 1291 ostendam
1034 1243 1091 1290 et
1124 1234 1293 1289 nubes
1348 1247 1630 1287 ascensum
1679 1229 1798 1283 cceli

224 1332 397 1402 hujus,
428 1330 477 1384 id
508 1336 593 1384 est
617 1327 917 1383 divinarum
944 1325 1359 1394 Scripturarum.
1391 1322 1527 1392 Quid
1555 1332 1638 1377 est
1668 1321 1797 1387 hoc,

226 1422 446 1478 fratres?
467 1420 678 1477 Utinam
712 1434 797 1474 me
837 1418 1095 1473 Dominus
1123 1417 1262 1471 Deus
1304 1429 1455 1469 meus
1511 1414 1647 1468 inter
1683 1412 1800 1467 illas

229 1515 625 1584 qualescumque
638 1509 807 1565 nubes
824 1522 1109 1563 numerare
1129 1506 1376 1576 dignetur
1397 1522 1410 1569 ;
1430 1504 1622 1559 viderit
1640 1518 1797 1574 quam

231 1608 468 1662 nebulosa
497 1604 666 1659 nubes
695 1603 795 1658 sim
828 1616 844 1655 :
876 1616 1063 1656 omnes
1094 1610 1267 1654 tamen
1287 1597 1663 1669 praedicatores
1678 1610 1799 1650 ver-

233 1700 283 1754 bi
310 1698 532 1754 veritatis
571 1696 741 1751 nubes
776 1694 1021 1764 accipite.
1053 1693 1382 1762 Quicumque
1427 1706 1555 1760 ergo
1603 1687 1795 1743 inﬁrmi

236 1807 335 1845 non
363 1799 569 1860 possunt
596 1787 889 1843 ascendere
922 1785 974 1840 in
1002 1785 1103 1840 hoc
1130 1784 1345 1847 coelum,
1381 1782 1433 1837 id
1476 1790 1559 1837 est
1605 1780 1671 1836 ad
1720 1780 1799 1834 in-

237 1882 483 1937 tellectum
523 1879 938 1949 Scripturarum,
964 1892 1063 1948 per
1098 1876 1265 1930 nubes
1294 1873 1601 1929 ascendant.
1637 1870 1799 1926 Forte

235 1974 363 2028 enim
383 1982 432 2027 et
464 1972 621 2026 modo
647 1970 706 2024 lit
733 1969 886 2024 vobis
908 1970 925 2001 ί
949 1985 963 2033 ;
992 1968 1035 2022 si
1071 1965 1267 2036 aliquid
1298 1965 1501 2035 agimus
1523 2007 1537 2031 ,
1564 1964 1609 2018 si
1644 1964 1799 2019 labor

236 2068 477 2136 sudorque
506 2071 820 2118 nosternon
866 2069 950 2117 est
989 2059 1369 2123 infructuosus,
1411 2056 1700 2111 ascenditis
1743 2055 1794 2110 in

237 2161 408 2216 caelum
450 2158 839 2228 Scripturarum
868 2154 1185 2217 divinarum,
1219 2151 1321 2206 hoc
1364 2160 1444 2205 est
1490 2151 1542 2204 in
1586 2149 1794 2203 intelle-

241 2264 367 2308 ctum
388 2266 563 2305 earum
591 2265 687 2320 per
706 2246 1139 2320 pnedicationem
1155 2254 1411 2298 nostram.
1431 2242 1599 2311 Quam
1630 2241 1794 2295 altum

240 2354 335 2399 erat
357 2344 537 2397 etelum
570 2341 622 2395 in
654 2339 858 2410 psalmo
886 2338 989 2392 isto
1019 2337 1033 2392 !
1071 2334 1240 2391 Nemo
1269 2334 1414 2389 enim
1444 2342 1679 2388 vestrum
1716 2333 1795 2386 vi-

240 2436 376 2490 debat
412 2434 532 2504 quid
594 2442 737 2489 esset
787 2432 839 2486 in
893 2431 1059 2502 figura
1100 2446 1114 2483 ε
1160 2427 1400 2482 Extendit
1451 2425 1630 2481 caelum
1669 2426 1796 2480 sicut

243 2528 411 2596 pellem,
439 2526 520 2596 qui
546 2525 757 2597 protegit
784 2524 835 2576 in
861 2523 1004 2592 aquis
1032 2521 1295 2592 superiora
1318 2520 1447 2589 ejus.
1484 2519 1594 2573 lloc
1621 2519 1793 2588 ipsum

244 2617 361 2687 quod
397 2616 591 2671 dictum
641 2625 743 2679 est,
789 2614 890 2680 Qui
943 2613 1081 2682 ponit
1134 2610 1287 2664 nubes
1337 2625 1599 2663 ascensum
1646 2609 1793 2678 ejus;

247 2723 345 2763 ecce
366 2709 466 2779 jam
496 2706 818 2761 intellectum
847 2714 949 2769 est,
979 2710 1231 2773 quantum
1266 2700 1518 2753 Dominus
1544 2698 1782 2763 donavit,

250 2798 619 2870 pndicantibus
649 2796 832 2861 nobis;
864 2809 969 2849 non
993 2794 1135 2848 enim
1167 2792 1335 2845 nubes
1362 2788 1429 2843 de
1456 2805 1553 2843 suo
1575 2802 1793 2843 munere

252 2895 424 2963 pluunt.
453 2892 555 2947 Vos
581 2889 923 2960 intelligendo
950 2886 1219 2943 ascendite
1239 2926 1253 2951 ,
1287 2885 1337 2938 in
1371 2882 1641 2937 intellectu
1679 2881 1793 2951 ipso

252 2986 558 3050 fntctilicate;
588 2999 655 3038 ne
680 2983 796 3038 sitis
821 2980 991 3050 qualis
1019 2979 1108 3035 illa
1138 2978 1290 3031 vinea
1310 3020 1324 3042 ,
1354 2975 1423 3031 de
1459 2989 1559 3044 qua
1601 2973 1793 3027 dicitur

250 3076 357 3146 apud
402 3078 705 3147 prophetam
742 3090 755 3125 :
797 3068 1052 3125 Mandabo
1093 3066 1303 3122 nubibus
1342 3065 1464 3120 meis
1509 3081 1570 3119 ne
1616 3064 1791 3135 pluant

249 3187 369 3241 super
394 3187 515 3224 eam.
548 3166 911 3223 Accusabatur
955 3162 1097 3218 enim
1140 3160 1381 3231 quaedam
1430 3159 1601 3220 vinea,
1650 3156 1788 3227 quod

249 3278 320 3331 pro
346 3278 432 3316 uva
452 3263 628 3331 spinas
648 3257 908 3321 dederat,
938 3268 1040 3309 non
1074 3250 1378 3308 reddiderat
1418 3249 1631 3319 dignam
1666 3262 1791 3317 gra-

248 3357 345 3411 tiam
394 3356 525 3411 dulci
571 3353 785 3424 pluvize.
830 3350 929 3417 Qui
970 3348 1111 3402 enim
1162 3347 1297 3401 bona
1345 3343 1512 3410 audit,
1558 3352 1611 3398 et
1652 3343 1789 3396 mala

244 3459 473 3518 Operatur,
497 3447 636 3502 dulci
668 3444 842 3516 pluvia
870 3441 1212 3510 compluitur,
1240 3450 1291 3494 et
1327 3438 1505 3509 spinas
1547 3446 1785 3507 generat.

245 3541 332 3595 Non
356 3552 426 3596 est
454 3549 507 3594 ut
532 3539 882 3609 suspicemur,
909 3536 1120 3598 fratres,
1160 3531 1225 3587 de
1276 3530 1449 3600 aliqua
1477 3530 1687 3584 terrena
1736 3537 1791 3583 et

245 3636 321 3688 ista
347 3635 525 3689 visibili
556 3634 709 3687 vinea
744 3630 1025 3685 Dominum
1054 3628 1311 3681 locutum.
1345 3623 1585 3692 Namque
1624 3622 1691 3677 ibi
1723 3638 1789 3678 ne

242 3724 319 3778 sub
340 3724 652 3779 obscuritate
676 3720 940 3777 sermonis
970 3721 1157 3772 lateret
1178 3716 1449 3771 excusatio
1471 3713 1783 3783 iniquitatis,

241 3816 329 3886 ipse
356 3817 596 3870 Dominus
621 3830 712 3884 per
729 3815 896 3883 ipsum
916 3810 1222 3881 pmphetam
1246 3807 1489 3875 exposuit
1513 3807 1595 3858 cui
1617 3806 1786 3859 vinea:

242 3908 531 3979 loqueretur,
563 3917 616 3961 et
646 3906 711 3960 de
747 3920 847 3974 qua
876 3904 1029 3958 vinea
1069 3902 1169 3955 ista
1200 3901 1402 3954 diceret
1429 3915 1441 3951 :
1483 3896 1670 3959 Vinea,
1705 3896 1787 3950 in-

237 4000 345 4068 quit,
370 3997 566 4051 Domini
588 3996 834 4059 Sabaoth,
861 3995 1038 4047 domus
1059 3990 1219 4045 Israel
1248 3999 1337 4043 est.
1357 3988 1491 4056 Quid
1513 3998 1785 4057 vagantur,

234 4107 259 4141 o
282 4091 451 4161 iniqui,
482 4090 643 4144 corda
663 4098 837 4142 vestra
864 4102 957 4156 per
971 4095 1178 4139 montes
1199 4090 1254 4135 et
1277 4081 1441 4135 colles
1463 4078 1790 4132 vinitorum?

231 4183 361 4246 Novi,
390 4184 575 4254 inquit,
604 4182 671 4236 de
702 4197 801 4250 qua
828 4180 977 4233 vinea
996 4178 1202 4246 loquar,
1226 4176 1346 4227 novi
1368 4172 1454 4227 ubi
1481 4171 1783 4242 quiet-chum

229 4285 455 4341 uram,et
477 4274 655 4331 inveni
682 4274 901 4343 spinas;
931 4271 1047 4325 sine
1080 4282 1239 4323 causa
1277 4266 1415 4321 aliud
1455 4275 1611 4332 atque
1645 4264 1787 4319 aliud

221 4369 541 4441 suspicamiui
593 4376 649 4422 et
701 4363 990 4434 upinamini
1024 4404 1039 4427 ,
1093 4361 1334 4415 nolentes
1388 4358 1682 4426 intelligere
1730 4368 1787 4411 ut

213 4465 336 4520 bene
360 4464 547 4534 agatis.
577 4460 711 4517 Nam
742 4467 797 4513 et
826 4458 926 4510 hoc
954 4455 1209 4523 scriptum
1233 4460 1314 4506 est
1348 4468 1361 4506 :
1398 4449 1578 4503 Noluit
1598 4448 1787 4501 intelli-

207 4569 384 4629 gerent
417 4555 539 4609 bene
582 4562 751 4624 ageret
799 4548 967 4622 (Psal.
1012 4563 1187 4608 xxxv,
1244 4546 1320 4614 4).
1366 4542 1557 4597 Tollite
1603 4556 1790 4595 omnes

204 4647 532 4717 suSpicioncs
560 4652 761 4699 vestras
791 4643 857 4696 de
887 4639 1060 4693 medio
1084 4654 1096 4689 :
1131 4635 1286 4690 Vinea
1312 4634 1513 4687 Domini
1539 4632 1785 4699 Sabaoth,

201 4747 378 4797 domus
407 4738 573 4793 Israel
615 4746 723 4799 est;
754 4747 798 4791 et
845 4735 994 4788 homo
1036 4730 1205 4793 Juda,
1260 4729 1508 4781 novellum
1556 4726 1789 4779 dilectum

201 4835 355 4903 (Isai.
382 4849 432 4897 v,
463 4833 606 4902 1-7).
642 4830 925 4891 Dilectum,
950 4840 1071 4880 cum
1102 4824 1390 4893 plantatum
1418 4830 1533 4882 est;
1567 4820 1789 4873 damna-

204 4938 334 4987 tum,
364 4939 487 4978 cum
518 4923 697 4991 Spiuas
726 4920 946 4975 creavit.
980 4916 1120 4984 Ergo
1141 4957 1155 4981 ,
1198 4914 1410 4977 fratres,
1460 4911 1595 4965 forte
1639 4911 1789 4965 vinea

205 5014 299 5068 fuit
323 5016 516 5069 domus
546 5012 727 5076 lsrael,
772 5021 823 5065 et
874 5024 972 5061 nos
1027 5022 1130 5060 non
1181 5021 1367 5057 sumus
1414 5004 1606 5057 vinea?
1657 5000 1788 5055 Cum

205 5108 395 5161 timore
426 5105 703 5159 audiamus
724 5101 864 5171 quod
887 5099 1085 5155 ludatis
1112 5097 1310 5152 dictum
1344 5094 1603 5147 videmus.
1634 5093 1791 5148 Vide-

206 5208 254 5253 te
292 5195 737 5268 quemadmodum
786 5192 1074 5263 Apostolus
1106 5198 1300 5244 terreat
1344 5200 1523 5241 ramos
1563 5184 1791 5239 insertos

206 5290 270 5345 de
293 5290 456 5344 ramis
481 5288 685 5352 fractis,
718 5294 773 5340 et
811 5285 862 5338 in
907 5284 1071 5338 ramis
1118 5280 1299 5335 fractis
1344 5277 1684 5333 commendet
1726 5276 1791 5330 ti-

208 5382 448 5436 mendam
490 5380 849 5439 severitatem,
894 5376 944 5428 in
985 5374 1146 5429 rantis
1199 5372 1410 5426 insertis
1453 5368 1793 5424 commendet

207 5472 481 5526 amandum
506 5470 796 5524 bonitatem
827 5465 1002 5539 (Rom.
1022 5481 1098 5531 χι,
1120 5461 1331 5534 20-22).
1354 5461 1467 5516 Noli
1491 5475 1610 5515 esse
1630 5459 1794 5514 infru-

206 5575 418 5620 ttuosus
450 5561 501 5617 in
528 5561 790 5620 bonitate,
820 5575 885 5613 ne
930 5557 1125 5612 Sterilis
1177 5556 1375 5611 sentias
1426 5553 1789 5608 severitatem.

206 5654 307 5711 Sed
337 5670 444 5708 non
470 5668 589 5707 sum
616 5652 765 5716 vitis,
792 5648 924 5704 dicis
954 5647 1106 5702 mihi.
1134 5645 1229 5702 Ubi
1279 5654 1360 5700 est
1393 5642 1599 5699 Domini
1646 5657 1744 5697 vox
1775 5657 1787 5693 :

263 5792 280 5823 ¹
316 5790 392 5849 Sic
414 5786 641 5849 plerique
664 5790 791 5843 Mss,
820 5790 870 5833 At
905 5792 1003 5831 Am.
1032 5789 1085 5833 et
1118 5787 1211 5845 Er.,
1236 5780 1352 5831 satis
1390 5780 1450 5831 sit
1474 5775 1619 5838 tabis,
1660 5783 1794 5836 Lov.,

202 5850 315 5906 ldis
335 5848 393 5915 ﬁt
414 5846 561 5899 nobis.

1350 380 1743 437 ENAllllATIO
1782 381 1847 438 IN
1888 382 2209 438 PSALMUM
2251 383 2382 439 Clll.

3365 381 3502 438 1546

1917 497 2025 568 Ego
2056 516 2165 553 sum
2192 499 2324 563 vitis,
2356 515 2440 551 vos
2465 500 2581 553 estis
2609 510 2897 564 sarmenta;
2929 499 3085 554 Pater
3110 517 3247 554 meus
3272 502 3500 571 agricola

1914 587 2092 660 (Joan.
2136 605 2222 654 xv,
2274 591 2321 651 l.
2366 590 2460 661 5)?
2508 590 2605 647 Ubi
2656 606 2755 646 vox
2811 592 3049 661 Apostoli
3082 609 3095 644 :
3131 591 3254 654 Quis
3303 593 3499 663 plantat

1910 685 2126 750 vineam,
2157 697 2204 739 et
2245 685 2307 738 de
2331 684 2499 752 fructu
2532 685 2641 752 eius
2681 700 2782 738 non
2830 686 3037 757 percipit
3087 685 3265 758 (lCor.
3295 704 3369 754 ix,
3402 688 3501 755 7)?

1912 774 2076 830 Vinea
2107 792 2233 847 ergo
2257 790 2338 841 cs,
2364 792 2397 830 ο
2418 775 2676 838 Ecclesia,
2709 788 2761 830 et
2795 776 2961 833 habes
2985 778 3272 847 agricolam
3302 778 3490 834 Deum.

1911 866 2078 922 Nemo
2106 868 2332 937 agricola
2366 866 2528 922 homo
2554 867 2810 936 compluit
2840 869 3047 922 vineam
3075 884 3245 922 suam.
3280 868 3497 925 Fratres

1909 974 2037 1029 ergo
2066 959 2416 1023 dilectissimi,
2441 959 2643 1014 viscera
2665 958 2941 1027 Ecclesiae,
2971 960 3188 1029 pignora
3216 960 3491 1026 Ecclesiae,

1912 1051 2004 1105 ﬁlii
2027 1052 2210 1105 matris
2230 1051 2484 1113 celestis.
2523 1050 2724 1115 audite,
2754 1064 2874 1105 cum
2903 1060 3111 1120 tempus
3131 1059 3233 1106 est.
3265 1052 3490 1105 Minatus

1908 1149 1992 1195 est
2014 1142 2156 1196 Deus
2183 1142 2255 1196 illi
2288 1143 2456 1196 vinea:
2485 1142 2815 1196 atrocissima
2846 1142 3299 1197 comminatione:
3334 1142 3495 1196 Man-

1908 1234 2038 1287 aabo
2074 1232 2285 1288 nubibus
2331 1234 2474 1299 meis,
2513 1234 2701 1303 inquit,
2734 1252 2797 1287 ne
2840 1244 3019 1304 putant
3066 1251 3217 1305 super
3251 1252 3379 1288 eam.
3431 1236 3495 1290 Et

1909 1325 2102 1380 factum
2135 1337 2216 1382 est
2246 1346 2258 1381 :
2292 1340 2549 1383 venerunt
2571 1330 2807 1399 Apostoli
2827 1329 2891 1383 ad
2911 1328 3144 1393 Iudaeos,
3170 1337 3490 1398 respuerunt

1907 1434 2034 1485 eos;
2065 1429 2120 1473 et
2149 1420 2394 1475 dixerunt
2419 1422 2541 1486 illis,
2568 1422 2649 1475 Ad
2676 1437 2761 1476 vos
2800 1423 2939 1476 missi
2982 1440 3214 1489 eramus,
3251 1424 3339 1478 sed
3377 1425 3495 1495 quia

1906 1512 2162 1580 repulistis
2183 1512 2383 1566 verbum
2418 1512 2532 1578 Dei,
2562 1514 2693 1568 imus
2727 1514 2795 1566 ad
2825 1512 3007 1569 Gentes
3038 1514 3172 1582 (Act.
3208 1530 3321 1580 xtn,
3374 1515 3491 1583 46).

1908 1600 2114 1656 Videtis
2140 1602 2409 1672 quomodo
2449 1605 2500 1657 in
2532 1604 2721 1658 eodem
2749 1604 2949 1673 Spiritu
3000 1606 3114 1669 Dei,
3160 1606 3250 1660 illo
3273 1605 3494 1676 jubente

1907 1692 2228 1749 intrinsecus
2253 1695 2343 1765 qui
2382 1694 2586 1749 habitat
2616 1696 2666 1748 in
2695 1696 2943 1749 cordibus
2973 1710 3190 1750 suorum
3217 1737 3231 1761 ,
3276 1697 3494 1751 manda-

1909 1795 2018 1840 tum
2047 1787 2117 1840 sit
2153 1787 2381 1842 nubibus
2428 1787 2520 1843 Dei
2569 1803 2636 1842 ne
2683 1788 3051 1857 compluerent
3097 1788 3329 1855 vineam,
3374 1806 3493 1858 qth

1907 1891 2028 1932 cum
2056 1887 2461 1947 exspectaretur
2486 1889 2542 1932 ut
2564 1877 2759 1933 faceret
2788 1894 2963 1944 uvam,
2993 1879 3116 1933 fecit
3144 1880 3344 1949 spinas.
3371 1879 3494 1934 Ideo

1905 1979 1961 2027 et
1990 1972 2158 2027 nubes
2185 1971 2309 2028 fecit
2339 1988 2619 2027 ascensum
2651 1972 2788 2040 ejus,
2816 1981 2869 2027 et
2894 1972 3089 2028 ctelum
3124 1972 3345 2028 tetendit
3383 1973 3492 2027 sic-

1906 2072 1962 2117 ut
2009 2064 2223 2132 pellem.
2282 2062 2397 2119 Non
2443 2072 2525 2117 est
2588 2063 2730 2134 quod
2786 2064 3083 2133 queramini
3133 2081 3147 2118 :
3201 2064 3489 2118 auctoritas

1904 2155 2296 2224 Scripturarum
2346 2164 2559 2211 extenta
2607 2164 2691 2210 est
2743 2170 2906 2224 super
2954 2156 3138 2210 orbem
3184 2164 3483 2220 terrarum,

1905 2247 2074 2302 nubes
2115 2264 2223 2302 non
2271 2248 2507 2314 desunt,
2567 2248 2888 2319 prmdicatur
2940 2249 3158 2303 verbum
3204 2248 3442 2303 veritatis
3472 2290 3487 2313 ,

1903 2349 2241 2410 exponuntur
2257 2341 2433 2393 omnia
2465 2356 2581 2409 qtue
2608 2340 2829 2394 obscura
2871 2349 3013 2404 sunt,
3040 2348 3097 2395 ut
3124 2340 3285 2395 corda
3314 2350 3487 2394 vestra

1903 2448 1999 2502 per
2020 2433 2187 2487 nubes
2208 2432 2516 2487 ascendant.
2538 2431 2726 2487 Videte
2750 2432 3017 2501 quomodo
3035 2433 3286 2498 credatis,
3313 2433 3489 2487 videte

1902 2524 2026 2594 quid
2071 2525 2411 2594 suscipiatis:
2447 2534 2566 2594 post
2614 2524 3013 2594 praedicatorem
3070 2524 3247 2579 veniet
3298 2524 3480 2592 judex,

1904 2627 2023 2687 post
2046 2617 2469 2686 dispensatorem
2500 2616 2673 2672 veniet
2720 2626 2958 2671 exactor.
3011 2615 3109 2682 Qui
3154 2616 3295 2686 ponit
3333 2614 3486 2669 nubes

1899 2725 2159 2763 ascensum
2182 2710 2311 2780 ejus.

1974 2800 2060 2855 Η.
2105 2800 2206 2865 Qui
2235 2800 2459 2855 ambulat
2504 2816 2657 2869 super
2684 2816 2877 2870 pennas
2919 2807 3196 2853 ventorum.
3230 2798 3340 2854 [loc
3373 2798 3483 2868 jam

1900 2893 2254 2962 periculosum
2285 2901 2369 2948 est
2394 2893 2636 2963 accipere
2673 2892 2739 2947 ad
2783 2894 3035 2947 litteram.
3069 2894 3175 2947 Aut
3212 2909 3331 2963 qua:
3359 2901 3485 2947 sunt

1903 3001 2089 3054 penna:
2132 2987 2564 3040 ventornm?aut
2611 3001 2737 3040 vero
2785 2987 2801 3017 ί
2857 2985 3127 3053 quomodo
3167 2986 3217 3040 in
3255 2987 3479 3056 pictura,

1900 3078 2085 3133 facturi
2113 3080 2267 3134 nobis
2294 3094 2476 3133 smnus
2520 3088 2706 3133 ventos
2738 3079 2998 3143 volantes,
3039 3088 3093 3133 et
3129 3078 3241 3133 alas
3285 3078 3483 3133 haben-

1901 3172 2012 3224 tes?
2042 3170 2240 3225 Ventus
2288 3178 2519 3237 nonest,
2568 3168 2780 3235 fratres,
2834 3171 2934 3224 nisi
2987 3184 3144 3240 quem
3199 3171 3479 3235 sentimus,

1904 3272 2078 3317 motus
2106 3262 2319 3332 quidam
2342 3270 2395 3317 et
2417 3263 2566 3332 quasi
2601 3261 2791 3317 ﬂuctus
2814 3263 2975 3326 aeris,
3022 3262 3299 3331 impellens
3340 3262 3480 3332 quod

1900 3362 2074 3421 potest
2111 3368 2207 3423 pro
2242 3352 2461 3407 viribus.
2485 3352 2613 3419 Qum
2653 3367 2844 3422 pcnnre
2872 3360 3152 3406 ventorum
3188 3353 3344 3405 sunt?
3374 3352 3479 3407 Sed

1900 3454 1952 3498 et
1981 3460 2100 3514 qua:
2143 3445 2240 3497 alte
2291 3443 2423 3497 Dei?
2465 3444 2528 3497 Et
2557 3454 2729 3498 tamen
2760 3443 2956 3497 dictum
2997 3452 3076 3497 est
3114 3463 3126 3497 :
3158 3442 3265 3497 Sub
3306 3445 3481 3497 umbra

1899 3536 2101 3590 alarum
2144 3546 2344 3589 tuarum
2386 3536 2655 3606 sperabunt
2702 3534 2874 3604 (Psal.
2904 3552 3064 3599 xxxv,
3097 3536 3173 3606 8).
3216 3535 3485 3592 Conemur

1896 3643 2024 3698 ergo
2043 3637 2097 3682 et
2123 3626 2223 3683 hoc
2238 3628 2481 3697 accipere
2500 3628 2565 3681 ad
2598 3628 2848 3692 litteram,
2874 3628 3037 3681 veluti
3057 3629 3270 3698 proprie
3286 3629 3481 3684 factum

1898 3721 1949 3774 in
1981 3731 2222 3775 creatura
2252 3721 2371 3775 ista.
2406 3721 2749 3776 Velocitatem
2779 3721 2926 3775 verbi
2956 3721 3181 3777 fortasse
3206 3737 3482 3777 commen-

1896 3811 1987 3866 dat
2007 3812 2312 3881 Scriptura;
2341 3812 2408 3866 de
2448 3829 2548 3881 qua
2596 3812 2879 3866 velocitate
2928 3814 3246 3881 jampridem
3285 3815 3337 3868 in
3379 3815 3484 3867 alio

1899 3903 2101 3972 psalmo
2140 3903 2304 3958 locuti
2351 3918 2556 3965 sumus,
2614 3904 2700 3957 ubi
2750 3905 3005 3970 scriptum
3053 3914 3176 3958 est:
3215 3903 3384 3972 Usque
3428 3906 3481 3958 in

1896 3995 2204 4048 velocitatem
2226 3993 2382 4047 currit
2411 3995 2615 4047 verbum
2642 3995 2752 4064 ejus
2784 3992 2954 4059 (Psal.
2983 4008 3181 4057 chvn,
3217 3994 3325 4063 15).
3347 3995 3481 4063 Quia

1900 4083 2025 4137 nihil
2066 4084 2239 4139 ventis
2270 4083 2506 4137 velocius
2542 4096 2739 4137 norunt
2786 4083 3050 4138 homines.
3080 4084 3360 4152 Quomodo
3391 4087 3478 4141 illa

1900 4177 2121 4232 facilitas
2150 4179 2171 4208 ²
2206 4175 2681 4231 commendabatur
2720 4175 2771 4229 in
2801 4175 2972 4244 pelle;
3013 4176 3143 4229 nihil
3170 4176 3311 4231 enim
3348 4177 3479 4232 faci-

1900 4271 1999 4323 lius
2041 4268 2109 4323 ab
2158 4268 2373 4321 homine
2411 4282 2566 4336 quam
2609 4267 2760 4335 pellis
2785 4267 3131 4322 extenditur:
3163 4269 3241 4322 sic
3289 4280 3344 4324 et
3396 4271 3480 4325 hic

1900 4360 2173 4415 insinuans
2205 4359 2369 4413 Deum
2391 4360 2477 4414 vel
2498 4358 2729 4414 Verbum
2750 4358 2770 4389 ³
2791 4359 2908 4428 ejus
2925 4359 3116 4429 ubique
3140 4373 3478 4430 praesentem,

1900 4450 2179 4506 velocitate
2207 4457 2383 4504 motus
2411 4448 2540 4503 nihil
2568 4448 2814 4504 deserere
2833 4491 2846 4515 ,
2872 4450 2992 4518 quia
3029 4459 3080 4503 tu
3127 4466 3231 4506 non
3259 4468 3482 4508 noveras

1898 4542 2095 4612 aliquid
2123 4552 2284 4597 vento
2309 4542 2564 4605 velocius,
2595 4542 2850 4607 Ambulat,
2878 4542 3082 4611 inquit,
3114 4559 3267 4613 super
3293 4561 3484 4615 pennas

1897 4647 2176 4701 uentorum,
2225 4635 2277 4690 id
2304 4644 2405 4701 est,
2440 4634 2691 4690 velocitas
2734 4635 2849 4701 ejus
2893 4644 3109 4705 supcrat
3145 4636 3481 4691 velocitatem

1901 4738 2179 4783 ventorum
2215 4744 2227 4780 :
2261 4736 2319 4781 ut
2350 4742 2442 4797 per
2468 4742 2668 4796 pennas
2698 4737 2971 4781 ventorum
2996 4727 3259 4797 intelligas
3284 4728 3447 4780 veloci
3466 4759 3479 4766 -

1902 4830 2061 4874 tatem
2093 4828 2392 4884 ventorum,
2434 4829 2488 4871 et
2517 4818 2737 4872 verbum
2791 4819 2879 4871 Dei
2929 4818 3191 4885 intelligas
3244 4818 3482 4872 velocius

1898 4911 2148 4965 omnibus
2196 4911 2391 4964 ventis.
2447 4908 2517 4964 Et
2568 4911 2645 4964 sic
2696 4909 2746 4962 in
2784 4911 2949 4978 prima
3005 4909 3137 4963 facie
3175 4908 3482 4962 considera-

1903 5004 2061 5057 tionis
2109 5018 2123 5055 :
2171 5003 2443 5071 pulsemus
2490 5000 2557 5055 ad
2610 5001 2808 5071 aliquid
2856 5001 3110 5068 interius,
3166 5012 3219 5054 et
3260 5002 3482 5070 figurate

1901 5097 2099 5167 aliquid
2127 5096 2280 5151 nobis
2309 5096 2542 5151 indicent
2570 5096 2685 5149 istm
2710 5096 2919 5149 litterae.

1975 5190 2062 5244 15.
2106 5189 2305 5244 Ventos
2333 5186 2544 5257 quidem
2588 5186 2929 5254 intelligimus
2966 5186 3016 5239 in
3048 5188 3212 5256 figura
3250 5202 3354 5240 non
3391 5186 3487 5241 ab-

1900 5280 2062 5335 surde
2091 5282 2297 5334 animas
2329 5298 2341 5333 :
2378 5294 2480 5332 non
2510 5278 2635 5347 quia
2675 5285 2863 5331 ventus
2892 5288 2973 5332 est
3003 5279 3176 5332 anima
3198 5321 3212 5346 ,
3241 5279 3335 5334 sed
3361 5281 3481 5350 quia

1903 5373 2184 5427 invisibilis
2203 5382 2286 5427 est
2318 5381 2526 5435 ventus,
2562 5370 2804 5440 quamvis
2832 5386 2916 5424 res
2945 5387 3231 5442 corporea,
3262 5388 3481 5442 corpora

1902 5468 2202 5538 impellens,
2239 5478 2414 5521 tamen
2440 5465 2563 5534 quia
2588 5464 2803 5519 humani
2831 5467 2969 5520 oculi
2996 5468 3164 5522 aciem
3205 5466 3370 5537 fugit;
3404 5475 3485 5519 est

1965 5650 1981 5681 1

1964 5712 1984 5740 θ
2002 5655 2452 5757 εέῐῇἶέεῗΐέιῖίιχρτο
2466 5718 2477 5752 :
2493 5702 2611 5762 ()ttitt
2625 5700 2744 5753 nihil
2763 5703 2909 5754 ventis
2925 5704 3142 5755 velocius.
3167 5700 3309 5753 Vastis
3327 5704 3484 5754 emota

1901 5775 2128 5835 quantum
2146 5766 2232 5817 illa
2255 5764 2479 5835 facilitas,
2509 5772 2604 5816 etc.

1966 5835 1985 5865 ⁸
2018 5833 2089 5882 sic
2113 5838 2217 5881 Mss.
2246 5825 2300 5880 At
2324 5829 2456 5889 ald,
2490 5836 2636 5878 neum
2658 5840 2744 5891 per
2770 5825 2981 5877 verbum.
