4088 6448
636 359 659 412 i
672 357 774 413 547

632 482 811 529 autem
835 471 1009 528 anima
1032 468 1339 532 invisibilis,
1374 474 1655 537 propterea
1691 466 1823 521 bene
1870 466 2211 537 intelligimus

631 567 839 621 animas
866 572 1070 620 ventos.
1104 561 1229 617 Inde
1254 568 1333 615 est
1362 558 1501 630 quod
1540 568 1593 614 et
1625 559 1761 613 Deus
1792 557 2093 613 insufﬂasse
2130 557 2213 612 di-

629 658 769 714 citur
788 656 1028 727 spiritum
1050 654 1169 708 vita:
1197 653 1422 707 formato
1441 651 1669 713 homini;
1692 660 1737 704 et
1758 654 1922 721 factus
1948 659 2020 703 est
2062 650 2211 704 homo

630 750 681 803 in
723 748 945 802 animam
973 748 1209 800 viventem
1240 742 1389 816 (Gen.
1421 759 1480 810 ιι,
1512 741 1588 815 7).
1622 742 1762 811 Ergo
1809 741 1972 805 venti,
2020 741 2213 795 anima:

630 842 681 895 in
713 841 961 911 allegoria
985 854 1088 895 non
1109 838 1340 894 absurde
1362 837 1709 905 accipiuntur.
1736 835 1922 890 Videte
1943 842 2117 889 autem
2144 849 2211 889 ne

626 934 823 1003 putetis
854 932 1124 986 nominata
1143 931 1412 1001 allegoria,
1447 928 1757 999 pantomimi
1794 926 1991 996 aliquid
2014 942 2100 981 me
2126 924 2211 980 di-

627 1028 787 1083 xisse.
806 1028 939 1084 Nam
965 1028 1209 1098 quaedam
1240 1027 1421 1089 verba,
1445 1027 1696 1096 quoniam
1721 1026 1878 1080 verba
1907 1033 2050 1090 sunt,
2065 1032 2119 1078 et
2144 1039 2210 1079 ex

630 1119 807 1189 lingua
842 1119 1156 1188 procedunt,
1184 1118 1483 1174 communia
1523 1117 1676 1171 nobis
1716 1125 1841 1171 sunt
1879 1116 2037 1169 etiam
2086 1129 2207 1168 cum

624 1214 785 1269 rebus
814 1212 1052 1277 ludicris,
1082 1220 1135 1267 et
1174 1227 1279 1266 non
1316 1211 1594 1265 honestis:
1622 1218 1797 1264 tamen
1838 1208 2011 1262 locum
2052 1222 2207 1261 suum

624 1304 823 1359 habent
845 1304 1004 1358 verba
1033 1306 1130 1358 i5ta
1154 1304 1203 1357 in
1224 1303 1478 1365 Ecclesia,
1500 1311 1552 1357 et
1579 1302 1751 1356 locum
1775 1316 1928 1355 suum
1958 1300 2009 1355 in
2026 1315 2203 1354 scena.

622 1395 738 1450 Non
767 1396 906 1449 enim
931 1410 1028 1465 ego
1055 1394 1160 1449 dixi
1191 1393 1330 1461 quod
1360 1392 1647 1462 Apostolus
1676 1407 1779 1445 non
1810 1391 1964 1455 dixit,
1991 1405 2111 1444 cum
2140 1388 2208 1444 de

621 1486 827 1541 duobus
858 1486 981 1539 ﬁliis
1024 1485 1252 1539 Abrahae
1295 1484 1532 1538 diceret:
1560 1482 1687 1549 Quae
1732 1493 1868 1551 sunt,
1918 1483 2108 1552 inquit,
2154 1482 2206 1535 in

620 1577 863 1647 allegoria
889 1575 1080 1644 (Galat.
1103 1591 1176 1641 tv,
1197 1574 1314 1647 2i).
1340 1576 1605 1645 Allegoria
1628 1575 1984 1647 dicitur,_cum
2004 1573 2205 1643 aliquid

619 1642 760 1722 aliud
790 1642 997 1722 videtur
1028 1682 1219 1722 sonare
1263 1642 1313 1721 in
1356 1642 1529 1720 verbis
1551 1708 1565 1733 ,
1596 1674 1649 1721 et
1672 1664 1814 1719 aliud
1842 1642 1897 1718 λι
1926 1642 2195 1719 intellectu

618 1759 938 1828 signiﬁcare.
972 1757 1250 1827 Quomodo
1274 1756 1466 1812 dicitur
1486 1771 1653 1826 agnus
1673 1756 1915 1809 Christus
1945 1755 2125 1825 (Joan.
2164 1770 2201 1820 ι,

619 1850 712 1919 29)
747 1868 761 1904 :
792 1850 1048 1919 numquid
1107 1848 1305 1918 pecus?
1352 1848 1460 1902 Leo
1501 1847 1744 1901 Christus
1788 1846 1973 1917 (Apoc.
2022 1862 2072 1912 ν,
2097 1848 2151 1915 5)
2186 1862 2199 1899 :

619 1941 875 2013 numquid
905 1942 1109 1997 bestia?
1144 1940 1297 1996 Petra
1344 1940 1584 1995 Christus
1617 1939 1659 2009 (Ι
1687 1938 1805 1994 Cor.
1834 1956 1885 2005 x,
1910 1940 1967 2008 4)
1997 1957 2011 1993 :
2043 1954 2201 1993 num-

619 2036 745 2106 quid
768 2035 994 2090 duritia?
1029 2034 1178 2088 Mons
1212 2032 1454 2087 Christus
1495 2030 1653 2104 (Dan.
1685 2048 1741 2089 ιι.
1776 2030 1865 2102 '53)
1903 2048 1915 2084 :
1944 2030 2200 2101 numquid

620 2135 797 2181 tumor
828 2127 1021 2181 terrae?
1064 2126 1132 2180 Et
1179 2125 1256 2179 sic
1296 2124 1459 2178 multa
1501 2122 1642 2177 aliud
1691 2123 1935 2177 videntur
1985 2137 2197 2189 sonare,

617 2217 761 2272 aliud
786 2216 1116 2286 signiﬁcare;
1147 2224 1201 2270 et
1228 2225 1448 2269 vocatur
1476 2215 1749 2284 allegoria.
1773 2213 1903 2268 Nam
1933 2215 2021 2283 qui
2050 2222 2198 2283 putat

618 2324 705 2364 me
732 2308 798 2363 de
830 2308 1035 2362 theatro
1065 2307 1263 2362 dixisse
1286 2307 1617 2376 allegoriam,
1650 2313 1796 2374 putet
1825 2314 1879 2360 et
1911 2304 2193 2359 Dominum

616 2400 685 2455 de
726 2400 1120 2470 amphitheatro
1157 2398 1356 2453 dixisse
1378 2398 1702 2467 parabolam.
1739 2397 1939 2452 Videtis
1972 2398 2095 2468 quid
2126 2397 2198 2451 fa-

616 2494 918 2548 ciatcivilas
935 2491 1007 2564 (a)
1024 2492 1110 2547 ubi
1124 2490 1702 2560 abundantspectacula
1720 2507 1732 2543 :
1751 2490 1799 2544 in
1813 2504 1941 2559 agro
1961 2490 2199 2545 securius

618 2584 896 2655 loquerer;
926 2584 1051 2654 quid
1078 2584 1148 2639 sit
1175 2584 1315 2638 enim
1347 2582 1619 2652 allegoria,
1650 2598 1756 2637 non
1787 2583 1857 2636 ibi
1886 2581 2024 2637 forte
2055 2582 2194 2637 didi-

618 2678 819 2733 cissent
849 2676 1090 2731 homines
1115 2717 1130 2743 ,
1163 2675 1263 2730 nisi
1293 2674 1344 2728 in
1372 2673 1659 2743 Scripturis
1701 2673 1813 2727 Dei.
1863 2674 2001 2743 Ergo
2034 2674 2194 2743 'quod

615 2768 842 2823 dicimus
870 2768 1178 2838 allegoriam
1210 2766 1429 2835 ﬁguram
1456 2781 1577 2820 csse
1599 2805 1614 2829 ,
1645 2774 2036 2820 sacramentum
2066 2765 2196 2835 ﬁgu-

612 2867 785 2912 ratum
816 2857 1068 2925 allegoria
1100 2865 1200 2912 est.
1235 2856 1302 2910 Et
1325 2856 1447 2923 quid
1476 2854 1562 2911 hic
1589 2855 1878 2924 accipimus
1901 2897 1916 2921 ,
1956 2855 2195 2910 Ascendit

612 2965 762 3020 super
790 2964 980 3017 pennas
1000 2950 1295 3002 ventorum?
1329 2948 1587 3014 Diximus,
1620 2946 1757 3002 bene
1787 2948 1949 3016 accipi
1973 2947 2195 3017 ﬁgurate

612 3049 798 3095 ventos
817 3039 1041 3093 animas.
1074 3038 1269 3094 Pennze
1297 3046 1575 3093 ventorum
1601 3078 1616 3103 ,
1662 3053 1849 3105 penna:
1896 3038 2189 3092 animarum

610 3145 730 3201 qua:
760 3139 904 3195 sunt,
934 3129 1033 3184 nisi
1077 3145 1108 3184 a
1148 3130 1337 3200 quibus
1371 3143 1580 3184 sursum
1621 3129 1975 3184 attolluntur?
1998 3130 2193 3186 Penus:

609 3238 736 3293 ergo
760 3223 1056 3277 animarum
1087 3221 1327 3287 virtutes,
1359 3220 1495 3276 bona
1526 3236 1709 3292 opera,
1747 3230 1892 3277 recte
1934 3220 2091 3276 facta.
2131 3222 2188 3278 ln

607 3315 813 3370 duabus
850 3315 949 3369 alis
976 3314 1171 3369 habent
1195 3328 1384 3369 omnes
1414 3329 1644 3384 pennas;
1678 3314 1856 3369 omnia
1883 3314 2024 3369 enim
2055 3330 2191 3383 prac-

609 3418 761 3478 cepta
790 3408 843 3462 in
874 3407 1080 3462 duobus
1118 3408 1399 3476 prmceptis
1447 3415 1590 3461 sunt.
1649 3406 1900 3477 Quisquis
1943 3406 2191 3462 dilexerit

609 3500 775 3556 Deum
806 3508 860 3555 et
883 3498 1205 3569 proximum,
1234 3499 1466 3552 animam
1497 3499 1656 3555 habet
1679 3508 1985 3568 pennatam,
2010 3501 2189 3556 liberis

608 3592 729 3655 alis,
761 3598 948 3645 sancto
977 3604 1159 3644 amore
1188 3590 1456 3644 volantem
1500 3590 1566 3644 ad
1598 3590 1901 3644 Dominum.
1933 3591 2186 3658 Quicum-

604 3698 710 3753 quc
731 3682 1033 3751 implicatur
1072 3695 1253 3735 amore
1300 3679 1519 3745 carnali,
1544 3680 1744 3734 viscum
1777 3680 1934 3735 habet
1964 3683 2013 3734 iu
2059 3696 2189 3751 pen-

609 3773 712 3828 nis.
740 3772 874 3827 Nam
897 3772 941 3827 si
965 3773 1139 3827 anima
1168 3786 1270 3825 non
1298 3769 1456 3825 habet
1479 3771 1591 3825 alas
1616 3780 1668 3826 et
1691 3786 1910 3841 pennas,
1938 3772 2079 3827 unde
2102 3774 2187 3828 illc

602 3881 822 3939 gemens
865 3865 918 3920 in
977 3864 1406 3919 tribulationibus
1455 3863 1585 3918 dicit
1626 3881 1638 3916 :
1678 3882 1697 3915 ς
1722 3865 1851 3931 Quis
1877 3865 2022 3919 dabit
2058 3865 2187 3921 mihi

601 3972 824 4029 pennas,
854 3957 990 4010 sicut
1014 3954 1319 4011 columbae?
1343 3973 1362 4006 ι
1393 3954 1458 4009 Ει
1482 3957 1720 4025 sequitur
1750 3975 1763 4009 :
1803 3976 1821 4009 ι
1858 3956 1924 4011 Et
1952 3958 2140 4013 volabo
2166 3999 2180 4023 ,

601 4060 655 4107 et
683 4051 1011 4121 requiescam
1048 4068 1067 4101 ι
1099 4048 1271 4119 (Psal.
1300 4065 1403 4115 Liv,
1431 4047 1505 4120 7).
1533 4049 1660 4105 Item
1688 4050 1793 4105 alio
1819 4051 1939 4105 loco
1973 4068 1988 4106 :
2026 4070 2044 4103 ι
2070 4051 2186 4117 Quo

601 4145 689 4198 ibo
714 4159 744 4198 a
765 4142 952 4212 spiritu
972 4151 1083 4207 tuo,
1110 4150 1163 4197 et
1182 4158 1288 4212 quo
1310 4157 1337 4195 a
1370 4141 1505 4197 facie
1542 4151 1626 4197 tua
1658 4143 1892 4214 fugiam?
1917 4144 1969 4199 Si
2005 4159 2186 4199 ascen-

600 4235 798 4290 dcroiu
826 4235 1041 4297 uelum,
1067 4242 1119 4287 tu
1151 4233 1221 4287 ibi
1244 4249 1337 4296 es;
1364 4234 1409 4287 si
1439 4234 1767 4289 descendcro
1797 4234 1862 4289 ad
1895 4235 2181 4303 infernum,

601 4326 763 4387 ades;
795 4325 839 4378 si
865 4338 1124 4392 accepero
1157 4338 1357 4392 pennas
1383 4336 1529 4377 meas
1555 4324 1693 4378 sicut
1720 4325 1985 4390 columba,
2010 4335 2065 4381 et
2088 4341 2182 4380 vo-

604 4416 726 4470 labo
755 4416 807 4469 in
824 4424 1063 4470 extrema
1085 4414 1266 4469 maris.
1292 4414 1591 4484 i'l‘anquam
1613 4414 1815 4470 diceret
1834 4432 1847 4468 :
1866 4416 2180 4486 Sic-possum

600 4504 783 4577 fugere
810 4520 840 4559 a
868 4503 1001 4559 facie
1033 4505 1126 4559 ira:
1150 4512 1274 4571 tute,
1304 4505 1350 4559 si
1374 4519 1631 4575 accepero
1664 4522 1864 4575 pennas
1890 4517 1945 4561 ut
1978 4509 2183 4563 colum-

600 4600 690 4665 ba,
722 4606 775 4653 et
795 4596 1045 4651 volavcro
1084 4596 1137 4650 in
1185 4606 1421 4651 extrema
1452 4597 1634 4651 maris.
1669 4597 1723 4650 In
1754 4606 1986 4653 extrema
2018 4600 2182 4655 maris

600 4689 799 4754 volare,
845 4696 928 4742 est
956 4702 1105 4757 spem
1146 4686 1254 4757 jam
1308 4688 1638 4757 prmtcndcre
1680 4689 1730 4742 in
1775 4689 1930 4743 ﬁnem
1977 4692 2177 4757 saeculi,

599 4778 866 4852 quomodo
911 4779 997 4833 ille
1039 4780 1128 4850 qui
1154 4779 1226 4833 ait
1258 4798 1271 4831 :
1311 4778 1424 4832 Hoc
1464 4780 1602 4834 labor
1645 4790 1715 4835 est
1746 4790 1861 4834 ante
1893 4800 1990 4850 me,
2022 4784 2180 4838 donec

596 4874 847 4927 introeam
866 4871 920 4925 in
937 4871 1284 4926 sanctuarium
1308 4869 1421 4937 Dei,
1448 4880 1492 4924 et
1514 4872 1792 4943 intelligant
1825 4873 1878 4928 in
1913 4875 2179 4929 novissima

600 4965 769 5036 (Psal.
809 4980 957 5020 Lxxn
978 5008 991 5031 ,
1023 4964 1111 5030 16,
1145 4966 1255 5035 l7).
1281 4964 1347 5019 Et
1376 4965 1643 5034 quomodo
1670 4966 1814 5021 venit
1859 4967 1909 5020 in
1940 4978 2176 5022 extrema

600 5060 782 5123 maris,
826 5059 984 5114 etiam
1031 5058 1261 5129 acceptis
1299 5058 1526 5129 pennis?
1575 5058 1772 5112 Etenim
1814 5059 1956 5124 illuc,
1988 5061 2175 5131 inquit,

603 5167 783 5204 manus
837 5162 924 5203 tua
960 5151 1169 5206 deducet
1217 5167 1328 5214 me,
1357 5161 1404 5205 et
1446 5151 1680 5221 perducet
1720 5169 1797 5205 me
1837 5153 2040 5207 dextera
2092 5164 2178 5207 tua

606 5242 773 5313 (Psal.
798 5258 1056 5309 cxxxvm,
1090 5243 1265 5315 7-10).
1292 5244 1425 5300 Nam
1453 5254 1507 5300 et
1536 5260 1655 5300 cum
1698 5246 1885 5315 pennis
1917 5248 2048 5302 meis
2090 5263 2179 5302 ca-

601 5350 726 5389 sura
754 5349 892 5401 sum,
922 5336 1020 5389 nisi
1051 5346 1104 5389 tu
1133 5336 1383 5392 deducas.
1409 5339 1546 5408 Ergo
1575 5339 1685 5393 alas
1709 5338 1903 5393 habent
1936 5340 2101 5393 bonas
2125 5349 2180 5395 et

604 5425 823 5489 liberas,
847 5433 901 5478 ct
923 5424 1067 5478 nullo
1080 5425 1228 5481 visco
1243 5427 1520 5498 obligatas,
1536 5430 1727 5483 animae
1744 5429 1878 5483 bene
1896 5438 2177 5500 operantes

599 5525 869 5591 prmcepta
921 5517 1033 5583 Dei,
1082 5517 1339 5574 habentes
1385 5520 1693 5577 charitatem
1740 5522 1807 5577 de
1852 5525 2176 5579 conscientia

600 5628 729 5684 pura
760 5619 814 5667 et
837 5610 940 5666 ﬁde
974 5625 1078 5666 non
1120 5612 1239 5667 ﬁcta
1281 5612 1325 5681 (Ι
1352 5613 1483 5666 Tim.
1518 5630 1554 5680 ι,
1579 5617 1655 5685 5).
1693 5616 1796 5671 Sed
1840 5618 2177 5686 quantumvis

600 5704 705 5758 sint
735 5703 969 5771 praedita:
992 5703 1277 5759 virtutibus
1298 5704 1589 5773 charitatis,
1619 5708 1742 5779 quid
1777 5707 1839 5762 ad
1872 5708 2012 5763 illam
2047 5708 2173 5765 dile-

662 5808 735 5873 (ιι)
768 5809 1010 5873 Carthago.

1874 352 1930 408 S.
1972 351 2338 410 AUGUSTINI
2380 353 2681 411 EPISCOPI

3737 377 3839 434 i558

2327 466 2558 522 ctionem
2578 467 2692 533 Dei,
2720 481 2822 537 qua
2849 475 2973 523 sunt
2988 468 3214 538 dilectio,
3232 472 3390 528 etiam
3412 488 3527 531 cum
3549 480 3679 538 visco
3697 498 3839 546 essent

2321 559 2640 629 implicatae?
2683 562 2851 632 Major
2894 578 3020 633 ergo
3066 564 3119 619 in
3174 580 3272 620 nos
3308 567 3517 624 dilectio
3561 572 3664 641 Dci,
3713 594 3836 649 quam

2324 659 2506 704 nostra
2536 652 2587 704 in
2614 652 2782 706 illum.
2810 652 3001 708 Nostra
3040 653 3254 710 dilectio
3283 672 3471 727 penna:
3498 673 3677 721 nostra:
3706 682 3837 728 sunt:

2319 740 2414 796 sed
2446 741 2533 797 ille
2560 742 2784 797 ambulat
2818 753 2873 799 et
2898 761 3051 814 super
3071 762 3262 814 pennas
3300 760 3573 807 ventorum.

2390 833 2477 887 M.
2506 833 2622 888 Jam
2660 834 2866 891 dicebat
2904 836 3214 905 quibusdam
3258 839 3536 909 Apostolus
3575 861 3588 896 :
3632 865 3649 898 ι
3697 849 3839 910 Flecte

2317 939 2484 994 genua
2512 941 2626 981 mea
2653 942 2748 996 pro
2777 928 2926 983 vobis
2949 929 3014 983 ad
3043 929 3251 985 Patrem
3272 972 3286 995 ,
3326 941 3381 986 ut
3407 932 3495 988 det
3526 936 3661 993 vobis
3686 955 3838 1000 secun-

2315 1016 2439 1070 dum
2489 1018 2792 1073 interiorem
2834 1019 3099 1076 hominem
3144 1022 3383 1079 habitare
3410 1024 3661 1084 Christum
3696 1037 3839 1101 ρετίῖ.

2315 1108 2435 1163 dem
2465 1110 2515 1163 in
2552 1111 2803 1166 cordibus
2831 1113 3055 1179 vestris,
3098 1121 3155 1167 ut
3198 1114 3250 1169 in
3297 1115 3550 1173 charitate
3589 1122 3775 1179 radicati
3799 1139 3838 1183 et

2313 1198 2534 1256 fundati.
2568 1222 2587 1254 ι
2618 1202 2732 1257 Jam
2755 1203 2847 1257 dat
2874 1204 2977 1257 illis
3002 1204 3310 1260 charitatem
3341 1207 3509 1276 ‘,jam
3534 1209 3618 1265 dat
3641 1212 3727 1268 illis
3750 1217 3835 1273 alas

2311 1301 2365 1347 ct
2416 1308 2635 1362 pennas.
2687 1293 2753 1349 Ut
2800 1296 3035 1364 possitis,
3081 1298 3281 1367 inquit,
3320 1302 3717 1368 comprehendere
3754 1325 3837 1377 qua

2311 1383 2375 1437 sit
2405 1383 2638 1449 latitudo,
2666 1385 2948 1456 longitudo,
2981 1387 3194 1441 altitudo
3218 1398 3265 1441 et
3281 1390 3599 1459 profundum.
3628 1393 3838 1456 Fortassis

2310 1487 2523 1530 crucem
2555 1475 2762 1530 Domini
2791 1476 3075 1546 signiﬁcat.
3107 1478 3234 1533 Erat
3256 1481 3397 1535 enim
3428 1481 3669 1551 latitudo,
3693 1486 3737 1541 in
3760 1505 3834 1560 qua

2310 1576 2568 1634 porrectae
2606 1576 2729 1621 sunt
2764 1583 2981 1633 manus;
3016 1570 3284 1641 longitudo
3313 1586 3341 1625 a
3378 1582 3514 1629 terra
3544 1589 3765 1647 surgens,
3797 1582 3834 1636 in

2307 1671 2409 1727 qua
2449 1667 2562 1713 erat
2586 1674 2779 1729 corpus
2815 1660 3071 1727 inﬁxum;
3100 1662 3324 1718 altitudo
3344 1706 3357 1731 ,
3386 1664 3453 1721 ab
3483 1666 3567 1723 illo
3593 1668 3768 1728 devexo
3790 1675 3834 1727 li-

2306 1764 2411 1819 gno
2440 1765 2649 1805 sursum
2691 1752 2833 1821 quod
2874 1754 3112 1819 eminet;
3151 1756 3487 1824 profundum,
3522 1760 3602 1815 ubi
3640 1762 3727 1818 fixa
3750 1778 3835 1821 erat

2305 1854 2432 1895 crux
2456 1884 2470 1906 ,
2500 1851 2554 1896 et
2582 1843 2652 1897 ibi
2679 1845 2855 1897 omnis
2885 1858 3008 1913 spes
3044 1845 3165 1899 vita:
3203 1856 3421 1902 nostrze.
3465 1849 3693 1906 Latitudo
3724 1857 3831 1911 enim

2304 1940 2387 1987 est
2435 1933 2488 1987 in
2544 1933 2697 1989 bonis
2742 1935 3034 2005 operibus,
3090 1937 3366 2008 longitudo
3397 1940 3449 1994 in
3501 1948 3834 2012 perseverando

2304 2036 2471 2092 usque
2502 2022 2551 2076 in
2577 2024 2757 2091 tinem,
2776 2026 2998 2081 altitudo
3028 2036 3245 2098 propter
3264 2028 3485 2085 Sursum
3503 2047 3609 2100 cor,
3631 2044 3680 2089 ut
3697 2039 3829 2093 omnia

2304 2112 2442 2167 bona
2468 2129 2629 2183 opera
2658 2123 2837 2171 nostra
2864 2159 2879 2183 ,
2910 2116 2962 2171 in
2994 2119 3188 2187 quibus
3213 2134 3612 2189 perseveramus
3634 2140 3773 2195 usque
3793 2128 3831 2181 in

2304 2204 2486 2274 ﬁnem,
2514 2208 2769 2264 habentes
2790 2210 3122 2265 latitudinem
3148 2227 3251 2282 qua
3277 2214 3296 2244 ²
3326 2214 3464 2269 bene
3488 2231 3767 2285 operamur,
3792 2230 3831 2274 et

2305 2299 2685 2370 longitudinem
2724 2318 2825 2372 qua
2852 2318 3255 2371 perseveramus
3286 2320 3457 2376 usque
3481 2307 3530 2361 in
3559 2307 3730 2375 ﬁnem,
3753 2326 3828 2364 non

2301 2389 2555 2446 faciamus
2596 2394 2695 2447 nisi
2748 2408 2843 2463 spe
2890 2395 3185 2451 cmlestium
3234 2399 3591 2467 praemiorum.
3634 2400 3731 2471 ipsa
3767 2413 3828 2458 εει

2299 2485 2438 2538 enim
2465 2485 2688 2540 altitudo
2708 2528 2721 2554 ,
2753 2501 2858 2541 non
2892 2487 2978 2541 hic
3003 2503 3242 2558 qurerere
3272 2491 3602 2557 mercedem,
3631 2494 3711 2548 sed
3748 2510 3829 2547 sur-

2298 2588 2448 2641 sum;
2490 2591 2555 2630 ne
2585 2577 2791 2631 dicatur
2817 2578 2969 2633 nobis
3001 2596 3012 2631 :
3038 2582 3196 2633 Amen
3219 2579 3338 2634 dico
3363 2582 3495 2635 vobis
3514 2624 3527 2649 ,
3563 2594 3829 2655 perceperunt

2298 2670 2570 2721 mercedem
2611 2686 2757 2723 suam
2801 2668 3011 2739 (Matth.
3056 2685 3105 2724 vn
3133 2712 3148 2738 ,
3202 2670 3282 2741 Ξ).
3343 2672 3648 2727 Profundum
3690 2683 3825 2727 autem

2297 2759 2436 2828 quod
2466 2759 2594 2824 dixi,
2621 2760 2708 2814 ubi
2740 2759 2840 2814 ﬁxa
2866 2770 2980 2816 erat
3006 2776 3128 2831 pars
3161 2763 3360 2828 crucis,
3386 2772 3439 2819 et
3461 2780 3560 2819 non
3588 2765 3825 2829 videbatur;

2296 2850 2421 2906 inde
2441 2852 2726 2923 surgebant
2756 2868 2873 2924 qua:
2896 2853 3233 2909 videbantur.
3263 2856 3404 2923 Quid
3434 2868 3512 2913 est
3534 2858 3661 2927 quod
3686 2859 3824 2913 occul-

2298 2952 2406 2998 tum
2431 2954 2543 3010 est,
2574 2955 2626 3001 et
2652 2961 2757 3001 non
2788 2947 3051 3015 publicum
3086 2948 3137 3002 in
3168 2949 3449 3006 Ecclesia?
3485 2952 3824 3008 Sacrameutum

2296 3034 2570 3105 Baptismi,
2599 3047 2989 3092 sacramentum
3024 3038 3398 3096 Eucharistite.
3428 3041 3590 3112 Opera
3613 3042 3732 3096 enim
3752 3056 3823 3095 no-

2292 3134 2401 3181 stra
2432 3127 2570 3181 bona
2610 3129 2791 3185 vident
2818 3142 2868 3185 et
2901 3130 3090 3201 Pagani
3113 3174 3127 3198 ,
3157 3130 3505 3190 Sacramenta
3534 3150 3653 3190 vero
3690 3135 3824 3189 occul-

2296 3228 2474 3274 tantur
2501 3220 2604 3275 illis
2635 3240 2648 3276 :
2678 3222 2769 3277 sed
2803 3223 2871 3278 ab
2908 3225 2991 3279 his
3018 3241 3137 3294 qua:
3166 3241 3271 3281 non
3301 3228 3521 3294 vident,
3549 3239 3740 3300 surgunt
3760 3229 3823 3282 illa

2292 3327 2411 3381 quae
2440 3312 2621 3367 vident
2647 3313 2701 3378 ³;
2735 3314 2873 3369 sicut
2914 3330 2943 3368 a
2976 3316 3239 3385 profundo
3264 3320 3447 3375 crucis
3472 3320 3602 3389 quod
3646 3321 3689 3373 in
3716 3327 3820 3373 terra

2293 3402 2468 3473 ﬁgitur
2489 3444 2502 3469 ,
2532 3405 2700 3474 surgit
2740 3414 2843 3459 tota
2875 3421 3001 3461 crux
3042 3423 3160 3477 qua:
3188 3419 3416 3479 apparet
3443 3419 3496 3465 et
3520 3412 3745 3466 cernitur.
3776 3409 3823 3463 Et

2291 3496 2418 3566 quid
2456 3498 2673 3567 postea?
2716 3498 2845 3552 Cum
2893 3498 2995 3555 hoc
3019 3500 3243 3556 dixisset
3289 3504 3607 3573 Apostolus,
3633 3504 3819 3573 adjecit,

2293 3586 2439 3642 Scire
2462 3589 2611 3643 etiam
2640 3591 3087 3660 super-eminentem
3113 3594 3381 3649 scientiam
3417 3597 3660 3649 charitatis
3679 3595 3823 3649 Christi

2292 3677 2509 3751 (Ephes.
2539 3696 2593 3734 tu
2616 3721 2629 3745 ,
2661 3682 2881 3754 14-19);
2909 3698 3028 3739 cum
3051 3684 3162 3754 jam
3186 3685 3391 3741 dictum
3415 3689 3620 3755 fuisset,
3648 3687 3704 3741 In
3726 3688 3821 3740 cha-

2290 3771 2437 3825 ritate
2478 3771 2693 3826 radicati
2727 3783 2775 3828 et
2806 3776 3026 3844 fundati.
3070 3778 3275 3832 Amatis
3312 3781 3459 3834 enim
3488 3780 3762 3845 Christum,
3783 3787 3823 3831 et

2290 3860 2411 3916 ideo
2440 3861 2493 3916 in
2520 3877 2678 3919 cruce
2706 3866 3017 3934 operamini.
3048 3866 3152 3922 Sed
3192 3871 3452 3941 numquid
3480 3872 3653 3925 amatis
3686 3884 3820 3939 quan-

2290 3960 2401 4007 tum
2423 3968 2518 4008 vos
2539 3954 2626 4010 ille
2646 3956 2883 4010 amavit?
2909 3958 3150 4013 Amando
3178 3970 3359 4015 autem
3390 3972 3819 4032 quantumcumque

2288 4045 2499 4111 amatis,
2527 4047 2714 4101 volatis
2734 4047 2799 4103 ad
2839 4048 3011 4119 ipsum
3034 4092 3048 4116 ,
3081 4060 3139 4105 ut
3163 4054 3499 4122 cognoscatis
3524 4052 3817 4125 quemadmo-

2288 4134 2413 4189 dum
2445 4136 2558 4205 ipsc
2579 4153 2673 4192 vos
2697 4140 2988 4205 amaverit;
3014 4140 3113 4196 hoc
3138 4152 3219 4197 est
3238 4184 3251 4207 ,
3282 4153 3344 4198 ut
3375 4146 3548 4201 sciatis
3572 4144 3817 4216 superemi-

2287 4230 2521 4285 ncntiam
2549 4230 2820 4286 charitatis
2845 4232 3061 4288 Christi.
3094 4235 3296 4290 Amatis
3326 4239 3467 4293 enim
3497 4254 3585 4293 vos
3611 4245 3816 4308 quantum

2287 4322 2528 4391 potestis,
2553 4330 2606 4377 et
2627 4323 2815 4378 volatis
2836 4334 3088 4393 quantum
3116 4328 3341 4395 potestis
3371 4347 3385 4384 :
3407 4330 3496 4385 sed
3524 4331 3606 4384 ille
3627 4327 3817 4383 ambulat

2286 4419 2341 4467 ει
2374 4427 2533 4483 super
2562 4428 2762 4484 pennas
2789 4424 3089 4471 ventorum.
3122 4416 3224 4484 Qui
3249 4422 3475 4475 ambulat
3500 4437 3640 4491 super
3664 4432 3816 4489 pennas

2285 4513 2564 4557 uentorum.

2357 4596 2444 4649 15.
2478 4593 2625 4666 [vers.
2655 4595 2732 4669 4.]
2765 4597 2866 4664 Qui
2893 4598 3014 4669 facit
3035 4598 3240 4669 angelos
3260 4616 3378 4655 suos
3396 4602 3614 4671 spiritus,
3642 4610 3680 4653 et
3697 4597 3814 4651 mini-

2284 4695 2413 4739 stros
2438 4703 2555 4741 suos
2579 4688 2742 4758 ignem
2768 4691 3087 4759 ﬂagrantem.
3122 4691 3189 4745 Et
3220 4691 3341 4757 hoc,
3373 4694 3604 4763 quamvis
3632 4706 3721 4746 non
3750 4688 3811 4743 vi-

2284 4774 2503 4829 deamus
2523 4778 2906 4847 apparitioncm
2923 4780 3265 4849 Angelorum;
3290 4782 3588 4837 abscondita
3608 4792 3681 4836 est
3699 4779 3811 4835 enim

2285 4863 2352 4919 ab
2391 4865 2562 4920 oculis
2586 4867 2783 4921 nostris
2805 4908 2819 4933 ,
2849 4876 2902 4922 ει
2921 4877 3003 4923 est
3030 4869 3081 4922 in
3109 4869 3335 4940 quadam
3367 4872 3625 4941 republica
3660 4881 3813 4938 magna

2285 4958 2619 5028 imperatoris
2642 4961 2732 5016 Dei
2754 5002 2768 5027 ,
2794 4971 2966 5016 tamen
2990 4976 3109 5017 esse
3129 4963 3359 5033 Angelos
3380 4965 3611 5019 novimus
3626 4976 3686 5018 ex
3714 4959 3810 5020 fide,

2284 5060 2338 5106 ct
2363 5053 2541 5106 multis
2578 5054 2887 5122 apparuisse
2925 5054 3181 5123 scriptum
3209 5054 3463 5126 legimus,
3493 5064 3541 5109 et
3581 5062 3811 5111 tenemus,

2285 5160 2384 5201 nec
2425 5146 2548 5202 inde
2576 5146 2821 5202 dubitare
2851 5146 2929 5201 fas
2958 5148 3110 5204 nobis
3139 5157 3241 5205 est.
3284 5150 3506 5219 Spiritus
3544 5156 3700 5203 autem
3734 5143 3797 5195 An

2283 5240 2385 5309 geli
2407 5251 2564 5305 sunt;
2592 5250 2646 5296 et
2672 5256 2790 5295 cum
2816 5242 3033 5311 spiritus
3058 5251 3200 5309 sunt,
3231 5258 3336 5299 non
3362 5252 3481 5298 sunt
3502 5240 3690 5312 angeli;
3713 5246 3809 5289 cum

2285 5333 2597 5399 mittuntur,
2630 5334 2761 5388 ﬁunt
2800 5336 2990 5406 angeli.
3023 5338 3258 5409 Angelus
3294 5340 3430 5394 enim
3470 5337 3617 5393 ofﬁcii
3651 5341 3809 5388 nomen

2285 5434 2365 5479 est
2385 5466 2399 5491 ,
2432 5441 2537 5479 non
2567 5436 2789 5480 naturze.
2819 5427 3025 5495 Quteris
3054 5445 3245 5485 nomen
3269 5431 3420 5500 hujus
3447 5438 3633 5483 natura:
3653 5465 3664 5487 ,
3686 5417 3809 5489 spiri-

2285 5528 2370 5575 tus
2395 5528 2494 5583 cst;
2526 5520 2718 5588 qttazris
2741 5520 2998 5589 ofﬁcium,
3021 5524 3240 5595 angelus
3266 5532 3346 5580 est
3375 5541 3386 5575 :
3414 5539 3475 5578 ex
3503 5535 3563 5575 eo
3583 5515 3707 5589 quod
3726 5519 3805 5574 cst.

2352 5632 2367 5663 ί
2402 5632 2485 5695 llic
2506 5632 2553 5680 in
2576 5631 2687 5681 Edd.
2712 5632 2917 5695 additur,
2946 5643 3074 5687 Deus
3097 5649 3116 5687 :
3138 5638 3262 5695 quod
3286 5650 3313 5686 a
3334 5644 3434 5686 Mss.
3458 5634 3602 5683 abest.

2351 5696 2369 5759 ξ
2404 5693 2589 5759 Aliquot
2610 5701 2715 5744 Mss.
2740 5695 2831 5759 hoc
2850 5693 2910 5746 et
2924 5701 3139 5759 proximo
3156 5693 3283 5759 loco,
3304 5697 3429 5759 quia.
3647 5756 3652 5759 η
3715 5747 3724 5759 ,

2352 5756 2372 5787 ⁸
2404 5756 2475 5803 sic
2493 5744 2602 5825 bks.
2628 5764 2683 5805 At
2705 5758 2838 5817 Edd,
2866 5744 3132 5812 siadd/“iii
3157 5744 3448 5825 ᾖέἴιυῖάέήι,
3473 5756 3652 5819 surgunt
3668 5747 3724 5797 ad
3741 5744 3808 5795 illa

2289 5830 2395 5879 ηραν
2410 5830 2499 5866 non
2525 5817 2630 5868 ride
2648 5825 2698 5868 tt.
