4088 6448
241 376 371 434 1549

245 492 448 565 spiritus
483 495 597 552 est;
625 500 691 542 ex
721 498 789 541 eo
816 484 959 557 quod
987 483 1125 557 agit,
1155 481 1372 554 angelus
1398 490 1501 538 est.
1530 479 1664 536 Vide
1691 476 1821 534 illud

249 586 297 639 in
326 579 549 637 homine.
583 577 793 633 Nomen
824 585 1027 632 natura:
1069 574 1232 630 homo
1252 614 1266 639 ,
1294 573 1458 628 officii
1486 573 1638 627 miles
1672 588 1683 624 :
1724 584 1823 626 no-

250 692 366 733 men
388 680 581 729 natura:
602 671 707 739 vir,
736 669 899 725 ofﬁcii
938 683 1144 740 pneco;
1178 667 1338 722 homo
1360 667 1503 722 enim
1530 664 1589 719 ﬁt
1608 678 1783 736 prisco
1801 704 1816 731 ,

251 770 299 827 id
336 779 443 835 est,
470 768 559 837 qui
585 766 746 821 homo
785 773 900 820 erat
925 762 983 818 ﬁt
1021 776 1225 832 prareo;
1253 775 1358 815 non
1390 761 1479 830 qui
1504 768 1620 814 erat
1645 770 1821 827 praeco

252 864 306 917 fit
346 860 516 916 homo.
559 856 651 913 Sic
677 870 805 926 ergo
843 854 936 925 qui
964 861 1117 907 erant
1150 851 1260 922 jam
1299 850 1517 921 spiritus
1553 846 1751 903 conditi
1790 861 1820 901 a

250 961 476 1010 creatore
500 949 645 1015 Deo,
676 946 803 1001 facit
830 961 924 1001 eos
959 944 1198 1014 angelos,
1246 939 1506 996 mittendo
1546 954 1643 995 eos
1684 953 1821 993 nuu-

254 1047 377 1101 tiare
413 1041 548 1113 quod
582 1039 834 1111 jusserit;
874 1047 927 1094 et
957 1037 1133 1107 ignem
1162 1034 1473 1105 ﬂagrantem
1514 1030 1639 1085 facit
1667 1028 1824 1084 mini-

252 1151 381 1194 stros
413 1149 553 1190 suos.
598 1131 845 1202 Legimus
861 1128 1172 1199 apparuisse
1198 1126 1373 1195 ignem
1392 1125 1444 1178 in
1466 1122 1601 1177 rubo
1626 1118 1818 1193 (Exod.

255 1246 335 1295 ιιι,
361 1227 436 1297 2),
464 1226 690 1295 legimus
717 1223 875 1277 etiam
903 1221 1123 1275 missum
1151 1219 1325 1288 ignem
1341 1216 1609 1316 .desuper,
1644 1221 1699 1267 et
1720 1212 1824 1316 im-

253 1321 414 1391 plesse
432 1316 567 1387 quod
597 1322 918 1384 prmceptum
940 1323 1041 1367 est.
1065 1308 1381 1365 Miuistravit
1399 1322 1547 1377 ergo,
1570 1320 1693 1409 cum
1719 1308 1820 1409 im:

257 1412 412 1481 pleret
439 1428 450 1462 :
477 1423 597 1463 cum
624 1415 788 1470 esset,
824 1405 875 1459 in
904 1413 1090 1459 natura
1111 1417 1205 1456 sua
1228 1408 1369 1465 erat;
1402 1414 1521 1455 cum
1542 1396 1651 1499 egit
1678 1395 1821 1499 quod

256 1504 444 1573 jussum
468 1509 575 1565 est,
602 1496 959 1553 ministerium
989 1494 1246 1565 implevit.
1278 1492 1368 1548 Sic
1395 1488 1690 1546 secundum
1729 1488 1818 1542 lit-

256 1604 409 1649 teram
430 1592 481 1646 in
502 1599 765 1646 creatura.

319 1685 401 1740 16.
426 1682 555 1751 Quid
585 1689 669 1737 est
693 1688 870 1735 autem
910 1678 962 1733 in
991 1676 1225 1732 Ecclesia
1255 1673 1513 1746 ﬁgurate?
1541 1668 1820 1740 Quomodo

253 1778 522 1848 accipimus
540 1815 557 1841 ,
591 1774 690 1842 Qui
721 1774 843 1845 facit
870 1771 1075 1842 angelos
1102 1786 1220 1824 suos
1236 1768 1463 1837 spiritus,
1491 1775 1536 1819 et
1566 1765 1821 1818 ministros

255 1884 365 1923 suos
382 1868 539 1937 ignem
560 1863 890 1935 flagrantem?
916 1862 1146 1932 Spiritus
1171 1856 1472 1957 spirituales
1503 1856 1653 1957 dicit.-
1678 1852 1821 1957 Deae

251 1959 365 2015 facit
387 1957 603 2027 angelos
628 1970 752 2010 suos
772 1952 1097 2024 spirituales,
1126 1950 1176 2005 id
1199 1957 1281 2005 est
1309 1947 1524 2003 nuntios
1546 1946 1691 2001 verbi
1713 1946 1816 2048 sui.

245 2052 532 2121 Spiritualis
565 2050 698 2104 enim
738 2047 908 2102 omnia
935 2045 1176 2116 judicat;
1201 2043 1311 2113 ipse
1346 2049 1512 2094 autent
1553 2054 1586 2091 a
1624 2043 1822 2093 nemine

237 2143 544 2214 dijudicatur
570 2140 610 2213 (l
657 2138 777 2194 Cor.
808 2153 878 2202 ιι,
925 2134 1037 2209 15).
1085 2128 1221 2189 Vide
1266 2130 1592 2232 spiri‘tual-em
1624 2128 1819 2232 factum

230 2236 478 2306 angelum
510 2233 628 2288 Dei.
657 2231 778 2285 Non
806 2229 966 2301 potui,
990 2226 1159 2298 inquit
1177 2223 1355 2323 ,‘uo-bis
1382 2223 1515 2323 loqui
1543 2223 1688 2323 quasi
1715 2223 1821 2323 spi-

225 2326 500 2379 ritualibus
524 2366 539 2390 ,
583 2323 673 2378 sed
698 2322 844 2391 quasi
880 2319 1167 2374 carnalibus
1195 2314 1304 2389 (Id.
1338 2330 1427 2381 ιιι,
1460 2311 1539 2385 1).
1564 2314 1635 2368 De
1659 2311 1821 2383 Spiri-

224 2416 353 2470 tuali
385 2413 616 2484 quadam
643 2412 923 2468 affectione
948 2412 965 2442 ί
990 2409 1183 2464 missus
1204 2415 1284 2462 est
1312 2405 1379 2461 ad
1405 2405 1666 2471 carnales,
1698 2412 1819 2458 tan-

224 2521 386 2577 quam
416 2506 643 2577 angelus
668 2504 733 2559 de
754 2503 892 2559 cmlo
917 2500 983 2555 ad
1014 2509 1230 2554 terram.
1262 2496 1542 2566 Quomodo
1577 2496 1738 2562 dicit,
1769 2505 1821 2549 et

225 2599 488 2651 ministros
516 2612 635 2651 suos
656 2597 821 2665 ignem
859 2595 1161 2664 ﬂagrantem
1181 2630 1196 2657 ,
1227 2588 1325 2643 nisi
1358 2586 1625 2658 quomodo
1654 2585 1816 2653 dicit,

227 2692 433 2764 Spiritu
477 2693 719 2763 ferventes
764 2687 943 2759 (Rom.
989 2700 1098 2751 xu,
1150 2681 1283 2752 ll)?
1316 2680 1405 2736 Sic
1435 2680 1577 2735 enim
1607 2680 1818 2733 fervens

225 2783 418 2854 spiritu
438 2823 453 2847 ,
486 2780 625 2851 ignis
652 2778 845 2833 ardens
873 2784 955 2832 est
994 2774 1166 2831 omnis
1206 2773 1447 2827 minister
1472 2771 1588 2826 Dei.
1629 2768 1819 2825 Nonne

226 2870 820 2941 ardebat‘Stephanus?
862 2868 977 2936 Quo
1007 2868 1127 2937 igne
1169 2863 1423 2919 ardebat?
1465 2871 1518 2918 et
1561 2862 1680 2933 quis
1727 2862 1817 2918 ille

227 2964 367 3034 ignis
395 2970 547 3026 erat,
578 2959 790 3031 quando
832 2956 1286 3053 lapidabaturtet
1311 2968 1428 3053 "pro
1466 2952 1599 3053 eis-tt
1627 2951 1817 3053 quibus

226 3054 567 3124 lapidabatur
595 3051 811 3122 rogabat
836 3048 971 3123 (Act.
1006 3063 1078 3101 vn
1100 3089 1115 3114 ,
1147 3044 1236 3116 59)
1258 3046 1280 3099 ?
1305 3044 1436 3099 Cum
1467 3043 1617 3098 audis
1637 3084 1652 3109 ,
1677 3043 1817 3113 Ignis

229 3157 316 3202 est
339 3146 582 3201 minister
620 3144 712 3199 Dei
738 3158 753 3209 ;
782 3142 1121 3197 incensurum
1151 3139 1301 3193 illum
1342 3136 1537 3206 putas?
1566 3134 1819 3189 lneendat

229 3238 376 3304 licet,
408 3236 504 3293 sed
534 3237 711 3291 fenum
736 3245 902 3298 tuum;
933 3232 985 3287 id
1013 3239 1115 3293 εει,
1144 3228 1375 3285 carnalia
1402 3228 1575 3283 omnia
1601 3227 1815 3283 deside-

229 3328 312 3383 ria
342 3338 426 3383 tua
469 3336 589 3382 urat
631 3326 876 3381 minister
914 3323 1045 3390 Dei,
1092 3321 1387 3392 praedicans
1431 3320 1649 3374 verbum
1701 3320 1815 3374 Dei.

232 3419 373 3475 Audi
401 3420 546 3473 illum
577 3436 591 3471 :
631 3417 721 3472 Sic
760 3432 851 3470 nos
887 3414 1136 3469 existimet
1165 3412 1314 3466 homo
1334 3453 1349 3478 ,
1391 3411 1534 3481 quasi
1560 3410 1817 3465 ministros

230 3512 441 3579 Christi,
474 3521 521 3566 et
545 3511 913 3581 dispensatores
934 3507 1284 3578 mysteriorum
1310 3504 1405 3559 Dei
1427 3504 1467 3578 (Ι
1492 3503 1608 3560 Cor.
1636 3521 1705 3569 tv,
1740 3503 1816 3569 l).

236 3605 513 3676 Quomodo
542 3614 719 3659 autem
764 3601 1020 3667 ardebat,
1048 3614 1168 3655 cum
1197 3599 1399 3654 diceret
1429 3618 1441 3652 :
1476 3596 1545 3653 0s
1592 3606 1819 3652 nostrum

237 3710 372 3769 patet
394 3698 461 3751 ad
481 3714 565 3753 vos
585 3739 599 3763 ,
622 3713 649 3750 o
676 3694 954 3758 Corinthii;
989 3709 1076 3748 cor
1101 3702 1324 3746 nostrum
1359 3690 1625 3744 dilatatam
1653 3699 1725 3743 est
1752 3688 1818 3761 (ll

236 3789 355 3846 Cor.
376 3804 448 3856 v1,
484 3786 573 3860 11)
591 3788 613 3841 ?
633 3786 868 3842 Ardebat
893 3793 945 3838 et
965 3782 1217 3853 ﬂagrabat
1246 3780 1524 3844 cliaritate,
1547 3789 1600 3834 ει
1624 3780 1732 3834 ibat
1758 3778 1811 3833 in

238 3897 367 3946 eos,
393 3889 447 3935 ut
485 3878 809 3934 incenderet.
839 3876 990 3930 Hunc
1026 3875 1201 3944 ignem
1232 3888 1289 3927 se
1316 3873 1601 3926 missurum
1632 3872 1817 3926 Domi-

238 3989 339 4027 nus
377 3971 428 4025 in
461 3979 653 4025 terram
684 3967 927 4033 dicebat,
968 3980 1089 4020 cum
1117 3965 1191 4018 ait
1224 3980 1238 4018 :
1271 3961 1450 4033 Ignem
1478 3963 1589 4016 veni
1627 3964 1819 4016 mittere

237 4067 294 4117 in
323 4075 505 4117 terram
532 4059 679 4130 (Luc.
718 4074 830 4124 xu,
860 4057 972 4127 49).
1011 4054 1287 4123 Quomodo
1326 4053 1556 4123 gladium
1600 4052 1815 4123 (Matth.

238 4172 295 4222 ιι,
316 4152 407 4224 54)
427 4195 442 4219 ,
468 4153 545 4208 sic
573 4152 767 4222 ignem.
796 4148 1016 4205 Gladius
1039 4146 1224 4200 dividit
1249 4144 1495 4199 allectum
1526 4144 1815 4210 carnalem,

240 4250 374 4318 lgnis
401 4246 651 4301 absumit.
676 4243 865 4297 Totum
892 4242 947 4296 in
980 4240 1143 4295 verbo
1175 4238 1265 4294 Dei
1290 4238 1541 4307 intelligo,
1568 4244 1737 4291 totum
1766 4237 1817 4291 in

242 4340 428 4410 Spiritu
474 4337 565 4392 Dei
611 4348 896 4405 cognosce.
944 4331 1120 4400 Incipe
1168 4330 1377 4385 fervere
1423 4329 1684 4384 eharitate
1722 4344 1821 4398 per

240 4430 456 4485 verbum
497 4426 634 4497 qmd
673 4425 861 4489 audis,
900 4432 955 4478 et
994 4421 1113 4477 vide
1140 4420 1265 4491 quid
1304 4422 1355 4475 in
1387 4431 1436 4475 te
1470 4420 1657 4475 fecerit
1683 4421 1820 4490 ignis

242 4521 480 4575 minister
506 4517 620 4571 Dei.
655 4516 756 4582 Qui
787 4514 906 4585 facit
942 4514 1147 4583 angelos
1172 4528 1290 4565 suos
1319 4511 1528 4581 spiritus
1549 4552 1563 4578 ,
1591 4520 1638 4563 et
1674 4511 1821 4564 mini-

242 4626 366 4667 stros
393 4627 513 4665 suos
532 4611 697 4678 ignem
725 4610 1045 4679 ﬂagrantem.

311 4708 397 4761 17.
426 4706 573 4778 [vers.
603 4702 683 4776 5.]
712 4701 965 4756 Fundavit
995 4709 1178 4753 (errant
1200 4712 1348 4767 super
1372 4695 1663 4765 ﬁrmitatem
1688 4696 1820 4765 ejus;

241 4814 339 4853 non
364 4796 686 4852 inclinabitur
712 4793 765 4847 in
791 4790 1033 4846 swculum
1075 4789 1266 4843 swculi.
1298 4788 1375 4841 Do
1410 4797 1549 4842 terra
1580 4787 1677 4841 ista
1719 4785 1822 4841 hoc

242 4891 479 4960 accipere
503 4930 520 4955 ,
547 4887 727 4944 nescio
746 4874 929 4941 utruni
956 4882 1147 4937 habeat
1177 4881 1338 4935 ullum
1369 4881 1568 4935 exitum
1596 4922 1610 4946 ,
1644 4888 1820 4934 utrum

243 4994 383 5039 recte
407 4983 636 5049 dicatur,
667 4978 789 5033 Non
820 4976 1148 5032 inclinabitur
1173 4975 1227 5027 in
1252 4975 1491 5028 steculum
1518 4973 1729 5037 oraculi;
1756 4973 1823 5029 de

244 5092 343 5146 qua
367 5074 563 5129 dictum
581 5080 682 5138 est,
700 5069 889 5125 Cwlum
916 5079 962 5121 et
981 5077 1115 5122 terra
1135 5067 1376 5120 transient
1398 5063 1509 5135 (Id.
1533 5080 1684 5129 xxxv,
1709 5064 1819 5136 55).

246 5166 534 5221 Laboratur
562 5163 647 5217 hic
666 5201 680 5226 ,
713 5160 757 5215 si
787 5158 853 5214 ad
883 5159 1112 5213 litteram
1152 5169 1361 5227 quazras
1400 5154 1661 5223 accipere.
1688 5154 1821 5210 Nam

245 5255 377 5326 quod
405 5255 511 5321 ait,
548 5251 591 5306 F
593 5251 799 5306 undavit
830 5259 1015 5303 terram
1052 5264 1203 5317 super
1228 5247 1517 5315 firmitatem
1541 5247 1686 5315 ejus;
1712 5245 1820 5300 for-

247 5356 382 5402 tasse
409 5343 652 5416 quasdam
680 5352 761 5398 est
787 5340 1008 5395 ﬁrmitas
1033 5338 1236 5393 occulta
1284 5336 1437 5390 nobis
1457 5376 1470 5401 ,
1505 5350 1622 5405 quae
1653 5336 1823 5390 conti-

246 5449 329 5494 net
354 5446 573 5502 terram,
599 5433 778 5490 ethoc
799 5432 950 5499 dixit,
980 5429 1257 5484 Fundavit.
1285 5428 1454 5496 Super
1475 5427 1629 5497 quid?
1654 5427 1824 5499 Super

247 5528 544 5583 ﬁrmitatem
577 5524 743 5595 ipsius
773 5532 949 5585 terrm,
982 5536 1137 5590 quam
1164 5518 1213 5574 ci
1244 5518 1538 5587 supposuit,
1568 5527 1624 5572 ut
1648 5519 1820 5573 conti-

244 5631 478 5684 neretur,
508 5632 625 5687 qua:
652 5616 779 5671 latet
811 5613 946 5668 forte
967 5612 1150 5666 oculos
1182 5622 1316 5665 tuos.
1346 5610 1460 5665 Sint
1490 5612 1584 5665 ista
1612 5612 1819 5666 occulta

244 5715 291 5769 in
330 5724 577 5768 creatura
597 5750 613 5777 ,
644 5722 748 5763 non
776 5706 843 5763 de
869 5706 1189 5762 obscuritate
1212 5714 1467 5759 creatura:
1494 5703 1714 5759 Creator
1744 5704 1820 5758 la-

299 5854 311 5883 ι
356 5849 543 5911 aliquot
565 5853 689 5905 ιιςε..
718 5842 975 5906 effectione.

1326 363 1720 450 ΕΝΑΒΒΛῘΓΙΟ
1761 360 1825 415 ΙΝ
1867 357 2186 420 PSALMUM
2215 362 2344 423 Clll.

3377 389 3514 448 1550

1932 475 2065 533 tebit
2091 495 2104 533 :
2132 496 2251 552 quae
2279 499 2563 554 possumus
2590 490 2882 564 videamus,
2911 512 2975 554 ει
3006 499 3090 558 bis
3109 517 3226 574 quae
3246 508 3510 571 videmus'

1929 567 2080 624 illum
2127 571 2404 633 laudemus
2448 590 2503 636 et
2552 597 2813 643 amemus.
2860 588 3244 656 Convertamus
3297 619 3396 659 nos
3444 608 3512 663 ad

1927 668 2272 733 quaerendum
2313 674 2509 746 aliquid
2553 679 2638 735 hic
2682 683 2732 739 in
2766 684 2930 757 ﬁgura
2960 693 3208 759 positum.
3254 695 3514 757 Fundavit

1929 764 2113 812 terram
2133 801 2148 827 ,
2178 762 2418 837 intelligo
2441 768 2754 829 Ecclesiam.
2790 777 2995 837 Domini
3015 794 3085 837 est
3112 794 3243 841 terra
3268 800 3315 843 et
3358 791 3515 859 pleni-

1927 851 2047 941 tudo
2061 854 2172 924 ejus
2192 855 2359 927 (Psal.
2389 876 2518 916 xxm
2540 905 2553 929 ,
2586 866 2675 935 1);
2708 868 2942 941 intelligo
2968 874 3259 934 Eeclcsiam
3291 851 3507 940 terram.

1926 938 2043 1012 Ipsa
2082 954 2164 1000 est
2190 955 2329 1004 terra
2366 952 2553 1008 sitiens
2578 998 2591 1022 ,
2619 956 2730 1026 ipsa
2759 971 2840 1015 est
2862 938 2979 1032 qua:
3006 967 3131 1023 dicit
3157 971 3209 1025 in
3240 972 3467 1031 Psalmis
3493 994 3508 1042 ;

1926 1048 2028 1088 una
2054 1036 2196 1091 enim
2241 1038 2372 1095 dicit
2410 1058 2473 1098 ex
2518 1049 2766 1105 omnibus
2798 1069 2811 1105 :
2839 1055 3022 1109 Anima
3050 1075 3160 1114 mea
3203 1064 3331 1118 sicut
3378 1076 3512 1121 terra

1924 1125 2033 1227 sine
2056 1144 2187 1199 aqua
2225 1132 2312 1185 tibi
2342 1132 2509 1204 (Psal.
2538 1153 2712 1207 CXLII,
2743 1141 2819 1214 6).
2863 1144 2995 1212 Quid
3028 1161 3142 1218 εει,
3184 1155 3292 1208 sine
3338 1160 3512 1227 aqua?

1923 1212 2139 1273 Sitieus.
2171 1220 2261 1275 Sic
2283 1224 2583 1283 sititanima
2613 1247 2726 1286 mea
2750 1212 2814 1288 ad
2844 1244 2913 1303 te,
2946 1212 3196 1311 tanquam
3225 1254 3365 1302 terra
3382 1212 3508 1307 'sine

1922 1321 2057 1377 aqua
2083 1327 2095 1362 :
2124 1311 2222 1365 nisi
2254 1316 2393 1369 enim
2422 1318 2601 1387 sitiat,
2634 1339 2739 1378 non
2765 1338 2910 1384 recte
2949 1331 3270 1402 irrigabitur.
3301 1340 3509 1399 Anima:

1923 1398 2083 1453 ebriae
2114 1402 2285 1470 pluvia
2314 1405 2566 1465 diluvium
2594 1423 2711 1480 est;
2742 1418 2886 1474 sitiat
2909 1398 3120 1490 oportet
3148 1445 3161 1481 :
3189 1427 3335 1484 Beati
3365 1398 3507 1490 enim

1921 1494 2006 1563 qui
2028 1497 2252 1551 esuriant
2277 1508 2322 1554 et
2344 1503 2517 1559 sitiunt
2532 1507 2787 1576 justitiam
2816 1511 3026 1582 (Matth.
3055 1534 3107 1583 ν,
3138 1520 3192 1591 6)
3220 1540 3235 1576 :
3268 1534 3320 1577 et
3342 1525 3504 1597 dicat,

1922 1584 2107 1640 Anima
2134 1605 2245 1642 mea
2270 1600 2508 1661 tanquam
2552 1605 2685 1654 terra
2725 1602 2832 1657 sine
2877 1622 3009 1676 aqua
3044 1608 3169 1677 tibi;
3211 1615 3333 1683 quia
3380 1618 3507 1675 dicit

1921 1677 2066 1747 alibi,
2101 1681 2272 1738 Sitivit
2297 1687 2468 1741 anima
2492 1707 2603 1745 mea
2630 1693 2683 1746 in
2716 1694 2874 1749 Deum
2903 1698 3066 1755 vivum
3091 1677 3259 1775 (Psal.
3285 1724 3393 1775 xu,
3423 1711 3503 1782 5).

1921 1768 2141 1826 Terram
2189 1790 2315 1846 ergo
2358 1778 2594 1852 intelligo
2633 1784 2945 1843 Ecclesium.
2989 1768 3119 1859 Quae
3160 1808 3239 1851 est
3284 1768 3506 1858 ﬁrmitas

1920 1859 2036 1929 ejus
2056 1877 2218 1934 super
2241 1883 2399 1937 quam
2427 1870 2644 1928 fundata
2669 1887 2770 1943 est,
2799 1881 2900 1934 nisi
2928 1881 3325 1944 fundamentum
3352 1893 3506 1961 ejus?

1920 1965 1989 2007 an
2014 1954 2299 2026 incongrue
2328 1960 2669 2034 intelligimus
2690 1967 2989 2027 ﬁrmitatem
3018 1989 3178 2046 super
3202 1995 3357 2050 quam
3380 1954 3504 2039 fun-

1922 2040 2041 2097 data
2071 2054 2154 2099 est
2181 2056 2339 2115 terra,
2372 2050 2770 2114 fundamentum
2798 2062 2884 2117 ubi
2912 2040 3193 2124 constituta
3218 2040 3301 2126 est
3326 2074 3505 2133 Eccle-

1924 2134 2040 2188 sia?
2082 2136 2232 2205 Quod
2284 2152 2367 2197 est
2407 2144 2538 2201 illud
2579 2146 3016 2210 fundamentum?
3060 2158 3500 2235 Fundamentum,

1921 2225 2123 2297 inquit,
2155 2247 2298 2286 nemo
2338 2245 2498 2305 potest
2541 2255 2726 2309 ponere
2749 2257 3085 2318 praterquam
3111 2255 3247 2322 quod
3285 2225 3504 2325 positum

1921 2328 2025 2386 est,
2053 2329 2188 2391 quod
2215 2334 2288 2379 est
2331 2326 2559 2386 Christus
2584 2332 2733 2390 Iesus
2760 2337 2812 2408 (l
2838 2338 2955 2395 Cor.
2984 2358 3068 2410 ιιι,
3109 2346 3220 2417 11).
3257 2347 3332 2404 lbi
3376 2369 3503 2423 ergo

1920 2410 2111 2469 ﬁrmati
2139 2431 2340 2473 sumus.
2371 2420 2560 2478 Merito
2588 2428 2708 2496 quia
2737 2428 2805 2482 ibi
2840 2432 3051 2502 ﬁrmati,
3083 2410 3187 2492 non
3219 2410 3501 2499 inclinabi-

1919 2520 2041 2560 mur
2064 2507 2116 2562 in
2145 2512 2395 2567 saeculum
2441 2518 2657 2583 smculi;
2690 2520 2817 2576 nibil
2849 2525 2989 2579 enim
3024 2528 3223 2585 ﬁrmius
3252 2533 3351 2586 isto
3378 2534 3501 2589 fun-

1919 2594 2189 2653 damento.
2213 2600 2460 2659 Inﬁrmus
2489 2614 2543 2660 tu
2564 2622 2714 2675 eras,
2737 2611 2830 2666 sed
2863 2614 3069 2671 ﬁrmum
3101 2618 3499 2681 fundamentum

1919 2696 1972 2745 te
2003 2702 2195 2761 portat.
2226 2695 2281 2749 ln
2312 2706 2362 2751 te
2393 2698 2575 2755 ﬁrmus
2609 2717 2728 2759 esse
2755 2721 2867 2761 non
2898 2718 3149 2778 poteras;
3184 2714 3366 2772 ﬁrmus
3395 2721 3501 2775 eris

1919 2798 2167 2856 semper,
2208 2790 2251 2844 si
2282 2789 2349 2844 ab
2394 2792 2484 2846 illo
2523 2793 2675 2851 ﬁrmo
2719 2798 3063 2860 fundamento
3112 2822 3216 2863 non
3255 2812 3496 2869 recedas.

1920 2873 2041 2929 Non
2067 2878 2392 2935 inclinabitur
2410 2885 2462 2939 in
2488 2888 2731 2942 saxulum
2756 2893 2947 2946 saeculi.
2979 2895 3094 2964 lpsa
3119 2908 3199 2953 est
3220 2902 3500 2969 praedesti-

1919 2976 2040 3023 nata
2065 2970 2307 3026 columna
2331 2982 2383 3027 ct
2410 2974 2799 3034 ﬁrmamentum
2817 2984 3052 3041 veritatis
3071 2987 3112 3058 (Ι
3133 2987 3262 3043 Tim.
3287 3007 3361 3055 ιιι,
3384 2993 3495 3065 15).

1990 3058 2075 3113 18.
2109 3058 2258 3131 [vers.
2290 3063 2470 3138 6-17.]
2505 3084 2524 3119 ι
2557 3069 2793 3141 Abyssus
2822 3074 2954 3129 sicut
2976 3079 3345 3136 vestimentum
3368 3058 3501 3139 ami-

1918 3155 2034 3203 ctus
2062 3148 2228 3219 ipsius
2258 3168 2457 3225 :super
2478 3168 2686 3214 montes
2717 3161 2929 3218 stabunt
2953 3181 3124 3238 aqum.
3155 3171 3236 3224 Ab
3263 3174 3502 3245 increpa-

1921 3240 2063 3295 tione
2103 3249 2190 3296 tua
2238 3242 2474 3314 fugient,
2521 3263 2551 3302 a
2582 3265 2713 3306 voce
2745 3254 2971 3311 tonitrus
3001 3259 3073 3312 tui
3116 3240 3496 3322 formidabant.

1919 3330 2228 3387 Ascendunt
2268 3345 2497 3405 montes,
2527 3348 2582 3394 et
2621 3340 2953 3401 descendunt
2994 3351 3205 3421 campi,
3246 3353 3297 3408 in
3326 3354 3498 3413 locum

1920 3436 2077 3491 quem
2126 3422 2355 3480 fundasti
2403 3428 2504 3483 eis.
2552 3429 2858 3489 Terminum
2890 3440 3147 3508 posuisti,
3195 3458 3350 3513 quem
3396 3463 3502 3503 non

1921 3515 2392 3584 transgredientur,
2414 3535 2585 3590 neque
2610 3534 2944 3581 revertentur
2969 3538 3143 3602 tegere
3165 3542 3377 3591 terram.
3402 3539 3502 3607 Qui

1921 3606 2118 3661 emittis
2146 3606 2321 3663 fontes
2346 3610 2397 3664 in
2424 3614 2784 3683 convallibus;
2816 3618 2956 3675 inter
2979 3623 3209 3679 medium
3245 3606 3501 3685 montium

1919 3703 2313 3768 pertransibunt
2335 3720 2503 3776 aqua}.
2533 3706 2999 3769 Potabuntomnes
3018 3716 3198 3773 bestiae
3225 3723 3356 3791 agri,
3387 3740 3498 3778 sus-

1919 3792 2116 3861 cipient
2162 3798 2344 3865 onagri
2398 3798 2449 3851 in
2509 3801 2649 3855 sitim
2695 3818 2866 3858 suam.
2899 3806 3071 3877 Super
3120 3810 3239 3865 illos
3266 3815 3501 3870 volatilia

1919 3882 2040 3935 ραιιί
2069 3883 2457 3953 inbabitabunt,
2494 3892 2561 3944 de
2588 3893 2765 3947 medio
2788 3905 3057 3973 petrarum
3092 3900 3293 3955 dabunt
3317 3919 3500 3959 vocem

1920 3985 2090 4027 suam.
2114 3976 2313 4047 Rigans
2336 3990 2543 4035 montes
2574 3984 2640 4038 de
2668 3988 3030 4053 superioribus
3055 3993 3164 4046 suis
3195 4010 3209 4046 :
3240 3993 3306 4049 de
3329 3996 3501 4051 fructu

1919 4080 2138 4134 Operum
2186 4076 2391 4123 tuorum
2440 4073 2718 4129 satiabitur
2757 4085 2918 4132 terra.
2970 4079 3276 4140 Producens
3320 4085 3499 4143 fenum

1915 4154 2200 4225 jumentis,
2232 4168 2287 4213 et
2315 4159 2534 4216 herbam
2564 4166 2803 4220 servituti
2834 4168 3130 4226 hominum.
3165 4174 3229 4230 Ut
3266 4177 3457 4234 educat
3483 4182 3501 4213 ¹

1922 4265 2112 4320 panem
2143 4250 2209 4306 de
2243 4262 2414 4319 terra;
2447 4265 2500 4311 et
2530 4257 2709 4311 vinum
2742 4259 2969 4317 lmtiﬁcat
2995 4266 3015 4295 ‘
3041 4279 3134 4318 cor
3162 4266 3409 4325 hominis.
3432 4272 3503 4329 Ut

1920 4341 2185 4398 exhilaret
2223 4342 2415 4399 faciem
2456 4347 2507 4400 in
2537 4348 2690 4413 oleo;
2723 4358 2777 4404 ct
2815 4353 2967 4422 panis
2996 4370 3089 4410 cor
3118 4356 3346 4416 hominis
3375 4378 3504 4419 con-

1921 4433 2116 4488 ﬁrmat.
2143 4436 2483 4493 Satiabuntur
2503 4440 2523 4470 ³
2547 4440 2683 4511 ligna
2706 4447 2897 4514 campi,
2921 4456 2976 4501 et
3000 4449 3145 4504 cedri
3167 4451 3350 4508 Libani
3373 4472 3503 4525 quas

1922 4526 2199 4597 plantavit.
2246 4529 2361 4585 lllic
2408 4546 2651 4601 passeres
2698 4534 3074 4605 uidiﬁcabunt;
3106 4540 3275 4598 fulicae
3316 4545 3504 4603 domus

1922 4617 2027 4673 dux
2055 4628 2136 4673 est
2181 4635 2388 4674 eorum.
2420 4640 2439 4673 ι
2474 4623 2908 4681 Animadvertitis
2952 4639 3223 4687 extentum
3268 4636 3459 4689 coelum
3486 4679 3500 4703 ,

1922 4711 2078 4765 vultis
2106 4712 2379 4766 intellectu
2405 4714 2715 4780 ascendere,
2739 4726 2792 4771 et
2811 4732 2909 4787 ego
2936 4720 3110 4776 video.
3138 4723 3303 4789 Quam
3330 4735 3501 4779 tamen

1922 4803 2087 4858 altum
2108 4804 2176 4857 sit
2198 4813 2324 4874 puto
2344 4805 2483 4875 quod
2505 4822 2711 4862 mecum
2728 4810 3028 4867 consideret
3045 4813 3283 4869 Charitas
3306 4826 3500 4870 vestra.

1923 4896 2052 4950 Nam
2083 4897 2201 4951 ideo
2228 4898 2421 4953 multos
2452 4913 2637 4954 versus
2662 4901 2801 4955 volui
2828 4903 3192 4971 pronuntiare,
3235 4915 3293 4959 ut
3321 4906 3501 4959 videa-

1927 4986 1993 5042 tis
2019 5002 2174 5057 quam
2206 4989 2309 5043 alte
2337 4988 2442 5041 sint
2472 4991 2640 5057 posita
2668 4999 2995 5045 sacramenta
3028 4992 3152 5054 Dei;
3178 5009 3242 5047 ne
3273 4993 3501 5048 fastidia-
3536 5000 3547 5070 ζ

1925 5092 2046 5131 mus
2070 5076 2267 5141 oblata,
2297 5093 2364 5132 nc
2394 5087 2636 5147 prompta
2667 5080 2937 5143 vilescunt,
2972 5089 3028 5133 ut
3052 5096 3263 5149 semper
3286 5085 3505 5151 qumsita
3540 5084 3543 5087 ⁷

1925 5166 2025 5223 etsi
2073 5182 2193 5222 cum
2224 5167 2532 5222 difﬁcultate
2557 5210 2571 5234 ,
2612 5183 2732 5222 cum
2766 5168 2953 5236 majori
2992 5169 3323 5239 jucunditate
3352 5173 3504 5230 inve-

1926 5260 2156 5314 niantur.
2191 5258 2333 5314 Inter
2353 5268 2542 5313 cratera
2574 5268 2769 5322 tamen,
2794 5259 3003 5326 fratres,
3032 5278 3149 5331 qua:
3177 5274 3395 5334 possunt
3419 5282 3505 5321 ae-

1924 5351 2027 5421 cipi
2069 5350 2134 5406 ad
2182 5350 2446 5416 litteram;
2479 5349 2730 5419 nun’iquid
2762 5358 2816 5405 et
2850 5351 2951 5407 hoc
2978 5353 3119 5424 quod
3152 5355 3349 5412 dictum
3390 5368 3502 5426 est,

1992 5521 2004 5549 ¹
2044 5527 2141 5567 Am.
2169 5525 2244 5568 Er.
2270 5526 2323 5568 et
2345 5516 2511 5580 plures
2532 5521 2658 5580 Mss,
2688 5520 2738 5565 ut
2756 5516 2951 5580 educas.

1989 5585 2009 5614 ³
2044 5582 2176 5641 Edd.,
2200 5588 2245 5645 et
2264 5575 2422 5645 vinum
2454 5575 2661 5645 lwtiﬁwt
2683 5592 2765 5628 cor
2788 5578 2990 5645 lumiinis
3014 5594 3028 5631 :
3053 5583 3292 5645 pauloque
3316 5590 3438 5644 post,
3462 5591 3503 5634 et

1923 5645 2061 5709 panis
2084 5637 2172 5692 σοι·⁷
2190 5641 2389 5709 honintis
2420 5637 2684 5709 confirmet.
2721 5648 2775 5689 Αι
2797 5642 3013 5692 melioris
3033 5637 3155 5692 n'otae
3308 5637 3503 5709 Habent,

1924 5701 2156 5769 'laftiﬁcat,
2180 5701 2451 5769 conﬁrmat,
2461 5701 2599 5763 juxta
2617 5710 2827 5751 Graecum
2850 5710 2952 5751 LXX
2980 5721 2992 5752 :
3019 5718 3165 5767 quem
3182 5705 3490 5756 bebraisuiut:

1925 5764 2038 5823 esse
2062 5764 2286 5815 observat
2307 5764 2532 5813 Nobilius.

1993 5836 2011 5865 ³
2045 5830 2123 5877 uie
2146 5829 2190 5876 in
2218 5827 2325 5875 Fdd.
2352 5826 2555 5883 additur,
2579 5825 2737 5874 omnia
2759 5837 2776 5873 :
2798 5825 2923 5886 quod
2955 5827 3129 5876 abesto
3156 5834 3259 5879 ιῗεε.
