4088 6450
676 329 804 383 1551

674 443 699 496 Ι
703 444 789 499 llic
808 461 1032 515 passeres
1053 444 1411 512 uidi/imbuat;
1432 445 1600 514 fulica:
1622 444 1800 497 domus
1820 444 1927 497 dua:
1941 454 2013 498 est
2036 444 2247 497 eorum?

670 535 931 606 Numquid
960 536 1150 590 domus
1177 535 1346 589 fulica:
1367 534 1471 588 dux
1499 545 1582 589 est
1611 537 1921 605 passerum?
1945 547 2036 591 aut
2060 536 2250 592 domus

671 628 840 684 fulica:
866 628 971 682 dux
1001 635 1083 681 est
1110 626 1430 681 cedrorum?
1461 626 1527 680 Et
1554 628 1655 682 hoc
1679 627 1821 683 enim
1853 627 1922 683 ibi
1950 636 2051 691 est,
2089 628 2149 681 Et
2169 645 2250 681 ce-

668 722 748 775 dri
775 719 956 773 Libani
1001 735 1126 789 quas
1170 719 1417 788 plantavit
1447 733 1463 773 :
1491 719 1597 773 illic
1627 735 1853 789 passeres
1883 720 2247 788 nidi/icabunt;

665 813 834 883 fulica
860 812 1038 865 domus
1067 810 1174 865 dua:
1216 820 1289 866 est
1317 827 1507 865 eorum.
1543 810 1611 864 Et
1638 810 1849 881 quidem
1894 810 2054 864 latina
2097 811 2244 865 locu-

664 905 805 959 tione
828 945 841 966 ,
887 919 1060 957 eorum
1084 900 1364 957 Cedrorum
1390 943 1406 967 ,
1458 916 1559 956 non
1603 916 1886 971 possumus
1914 902 2239 972 intelligere;

662 995 807 1051 cedri
838 996 980 1049 enim
1010 993 1248 1049 feminini
1278 994 1489 1064 generis
1530 1002 1671 1048 sunt.
1703 992 1899 1048 Fulica:
1940 994 2115 1062 itaque
2143 993 2241 1048 do-

663 1103 781 1142 mus
811 1086 1077 1157 quomodo
1106 1095 1186 1141 est
1231 1086 1336 1140 dux
1386 1085 1698 1156 passerum?
1734 1084 1846 1139 Hoc
1880 1085 2020 1139 enim
2052 1085 2103 1138 in
2142 1086 2239 1139 ista

661 1186 940 1244 creatura,
970 1194 1087 1247 qua:
1129 1176 1296 1231 oculis
1324 1176 1523 1230 nostris
1560 1175 1795 1244 adjacet,
1839 1174 2057 1244 intelligi
2096 1174 2240 1229 nullo

662 1280 817 1341 pacto
842 1279 1030 1340 potest.
1066 1270 1272 1324 Fulicas
1300 1270 1438 1323 enim
1467 1284 1593 1322 aves
1620 1283 1739 1322 esse
1765 1267 1997 1321 marinas
2026 1267 2105 1321 vel
2132 1276 2241 1321 sta-

659 1382 889 1437 gnenses
935 1367 1195 1420 novimus.
1250 1363 1447 1419 Domus
1485 1364 1657 1419 iuliae
1702 1364 1772 1420 sit
1819 1362 1973 1418 nidus
2015 1362 2233 1419 fulicze:

658 1458 924 1529 quomodo
960 1474 1088 1527 ergo
1132 1457 1320 1511 domus
1364 1454 1537 1511 fulicae
1565 1456 1666 1511 dux
1718 1456 2028 1527 passerum?
2063 1456 2236 1523 Quare

656 1551 897 1620 quzedam
947 1550 997 1603 in
1038 1550 1198 1604 rebus
1247 1548 1539 1602 visibilibus
1581 1548 1734 1618 quasi
1774 1547 2005 1603 absurda
2049 1546 2235 1603 miscet

653 1639 879 1711 Spiritus
905 1654 1137 1703 sanctus,
1171 1640 1267 1693 nisi
1291 1647 1349 1693 ut
1371 1654 1439 1694 ex
1462 1654 1526 1694 eo
1545 1638 1686 1709 quod
1715 1654 1818 1693 non
1844 1653 2126 1708 possumus
2146 1652 2234 1691 ac-

657 1733 833 1803 cipere
873 1735 935 1787 ad
967 1733 1198 1786 litteram
1219 1774 1233 1796 ,
1264 1739 1420 1800 cogat
1452 1745 1549 1785 nos
1578 1730 1677 1786 ista
1719 1731 2063 1803 spiritualiter
2090 1745 2233 1801 quaa-

654 1842 774 1882 rere
788 1830 811 1879 ’ἐ

728 1918 813 1971 19.
848 1916 989 1986 Ergo
1015 1916 1059 1970 si
1088 1915 1153 1969 ad
1196 1916 1387 1971 ccelnm
1418 1915 1687 1969 intellectu
1708 1957 1723 1979 ,
1763 1922 1821 1968 ut
1858 1913 1999 1980 dixi,
2030 1913 2095 1967 ad
2139 1929 2230 1968 ex-

658 2021 854 2066 tentam
889 2011 1076 2080 pellem
1104 2010 1260 2064 vultis
1286 2008 1596 2072 ascendere,
1622 2018 1674 2063 et
1703 2008 1869 2062 nubes
1896 2007 2017 2061 fecit
2040 2021 2230 2061 ascen-

652 2102 855 2159 sionem
886 2102 1028 2172 ejus;
1062 2102 1229 2157 nubes
1263 2102 1362 2157 ista
1398 2116 1517 2171 qua:
1543 2100 1694 2156 vobis
1718 2100 1965 2170 loquitur,
1995 2098 2219 2153 invalida

654 2202 738 2249 est
765 2192 922 2249 hodie
951 2193 1014 2247 ad
1041 2194 1218 2247 omnia
1246 2193 1344 2248 ista
1368 2191 1699 2263 exponenda.
1726 2191 1855 2245 Date
1879 2191 2105 2253 veniam,
2128 2190 2226 2244 etsi

651 2301 758 2339 non
782 2293 990 2349 vestrm,
1016 2300 1147 2340 mea:
1175 2294 1318 2339 certe
1340 2282 1646 2337 infirmitati.
1672 2282 1988 2336 Aviditatem
2012 2281 2223 2350 quidem

651 2386 879 2432 vestram
912 2384 1109 2431 tantam
1137 2375 1313 2440 video,
1341 2385 1395 2429 ut
1421 2390 1632 2442 semper
1660 2372 1828 2444 parati
1856 2373 1971 2427 sitis
1999 2371 2183 2426 audire
2208 2392 2220 2425 :

646 2469 741 2524 sed
761 2469 879 2524 dua:
905 2484 990 2523 res
1010 2478 1150 2532 sunt,
1175 2483 1395 2537 quarum
1420 2466 1553 2520 ratio
1572 2482 1676 2519 non
1699 2464 2083 2520 contemnenda
2116 2475 2219 2518 est.

647 2560 777 2615 Nam
803 2569 857 2615 et
880 2559 1158 2614 infirmitas
1181 2560 1421 2630 corporis
1446 2559 1611 2614 nostri
1633 2557 2017 2613 consideranda
2038 2566 2141 2623 est,
2169 2566 2223 2613 et

646 2654 876 2722 ipsarum
919 2667 1097 2706 rerum
1142 2666 1259 2721 qua:
1299 2659 1637 2723 exponuntur
1680 2650 1953 2705 memoria.
2003 2648 2219 2705 Interim

643 2760 761 2814 qua:
795 2743 1014 2798 audistis
1050 2744 1295 2813 cogitate.
1343 2743 1479 2810 Quid
1518 2743 1663 2797 dixi?
1691 2740 1819 2809 Quae
1860 2742 2219 2797 manducastis

643 2836 922 2889 ruminatc.
968 2833 1057 2889 Sic
1099 2833 1241 2890 enim
1279 2834 1428 2889 eritis
1455 2834 1650 2889 munda
1680 2833 1945 2895 animalia,
1999 2840 2054 2887 et
2094 2840 2217 2901 apta

641 2926 809 2995 epulis
832 2925 940 2980 Dei.
962 2924 1214 2981 Fructum
1240 2940 1413 2980 autem
1428 2934 1659 2979 vestrum
1685 2925 1737 2977 in
1759 2923 2010 2993 Operibus
2027 2922 2216 2976 vestris

642 3018 918 3073 advertite.
947 3016 1110 3071 Valde
1139 3016 1279 3071 enim
1305 3016 1443 3071 male
1479 3015 1669 3086 digerit
1696 3014 1741 3069 is
1760 3015 1848 3085 qui
1890 3012 2024 3067 bene
2044 3012 2210 3078 audit,

639 3120 818 3166 etnon
842 3110 978 3165 bene
999 3119 1251 3179 operatur
1276 3127 1290 3163 :
1316 3109 1438 3178 quia
1465 3108 1719 3162 Dominus
1741 3107 1877 3161 Deus
1899 3116 2080 3161 noster
2106 3121 2210 3159 non

637 3206 787 3261 deest
808 3218 1044 3273 pascere.
1073 3203 1265 3258 Notum
1291 3210 1373 3257 est
1394 3201 1639 3256 omnibus
1659 3199 1777 3270 quia
1809 3198 1875 3254 de
1897 3214 2029 3268 pane
2050 3212 2208 3267 quem

636 3295 956 3365 accepimus,
987 3303 1042 3347 et
1080 3308 1237 3363 quem
1266 3307 1567 3362 erogamus,
1610 3289 1862 3345 reddituri
1904 3303 2086 3342 sumus
2120 3303 2206 3341 ra-

640 3386 856 3440 tionem.
889 3385 1098 3455 Optime
1120 3384 1264 3439 novit
1283 3382 1525 3439 Charitas
1545 3393 1714 3437 vestra
1738 3398 1751 3445 ;
1781 3396 1887 3434 non
1909 3381 2047 3434 enim
2073 3388 2210 3435 tat-et

636 3479 791 3533 nobis
811 3478 1001 3546 Pagina
1034 3477 1230 3542 divina,
1261 3488 1352 3530 aut
1375 3474 1618 3528 adulatur
1641 3474 1656 3504 ¹
1683 3490 1779 3527 nos
1808 3473 1965 3527 Deus.
2012 3472 2083 3527 De
2107 3473 2207 3526 isto

636 3572 751 3623 loco
770 3584 924 3638 quam
954 3566 1104 3621 liberi
1130 3568 1294 3620 simus
1321 3564 1387 3619 ad
1411 3579 1523 3627 vos,
1567 3563 1789 3633 potestis
1813 3562 2090 3617 advertere
2116 3581 2128 3615 :
2152 3573 2206 3617 et

632 3659 675 3715 si
707 3658 842 3714 forte
867 3672 964 3727 ego
1004 3657 1178 3711 minus
1219 3654 1353 3709 liber
1391 3668 1531 3719 sum,
1562 3652 1645 3706 vel
1682 3665 1870 3707 omnes
1890 3651 1978 3720 qui
2024 3652 2076 3705 in
2104 3650 2207 3708 hoc

634 3752 750 3805 loco
767 3748 914 3804 vobis
934 3749 1241 3818 loquuntur,
1264 3746 1307 3800 si
1338 3745 1511 3799 minus
1532 3742 1680 3797 liberi
1700 3756 1902 3805 sumus,
1927 3749 2071 3796 certe
2092 3742 2204 3812 ipse

631 3858 807 3897 sermo
834 3842 923 3897 Dei
948 3841 1210 3895 neminem
1237 3839 1403 3894 timet.
1431 3836 1538 3893 Nos
1563 3847 1743 3892 autem
1763 3835 1877 3891 sive
1899 3836 2200 3903 timeamus,

628 3939 740 3993 sive
760 3936 912 3992 liberi
939 3936 1125 4000 simus,
1151 3944 1277 3989 eum‘
1294 3933 1533 4005 cogimur
1552 3931 1888 3997 annuntiare,
1916 3930 2005 4000 qui
2032 3931 2201 3985 nemi-

630 4044 753 4085 nem
793 4028 980 4082 timet:
1010 4028 1110 4082 hoc
1136 4026 1285 4081 vobis
1311 4040 1414 4080 non
1460 4024 1723 4086 homines,
1768 4024 1859 4078 sed
1891 4023 2027 4077 Deus
2063 4038 2201 4093 prae-

628 4124 783 4187 stitit,
808 4129 866 4174 ut
894 4130 947 4175 et
973 4135 1067 4189 per
1102 4118 1329 4172 tumidos
1356 4117 1581 4172 liberum
1621 4114 1866 4171 audiatis.
1899 4115 2203 4170 Excusatio-

629 4228 751 4269 nem
791 4214 842 4265 in
865 4211 1062 4281 judicio
1104 4211 1196 4265 Dei
1235 4225 1341 4264 non
1377 4209 1655 4275 habebitis,
1706 4209 1808 4263 nisi
1845 4224 1940 4262 vos
1967 4209 2018 4262 in
2050 4208 2201 4262 bonis

628 4303 877 4374 operibus
897 4301 1263 4367 exercueritis,
1303 4311 1353 4355 et
1374 4317 1557 4355 eorum
1580 4317 1695 4366 qua:
1713 4300 1931 4355 audistis
1952 4310 2199 4369 tanquam

631 4398 818 4467 pluvia:
836 4396 1061 4451 fructum
1082 4409 1372 4463 congruum
1394 4393 1668 4448 dederitis.
1694 4393 1915 4447 Fructus
1936 4409 2201 4463 congruus

628 4502 789 4557 opera
805 4485 940 4539 bona
960 4502 974 4549 ;
1002 4486 1201 4540 fructus
1220 4499 1487 4552 congruus
1503 4484 1707 4538 sincera
1728 4483 1963 4549 dilectio,
1984 4500 2087 4537 non
2110 4500 2199 4538 so-

629 4578 735 4632 lum
757 4576 956 4641 fratris,
979 4575 1071 4630 sed
1092 4583 1146 4629 et
1168 4574 1385 4628 inimici.
1414 4573 1715 4643 Supplicem
1739 4574 1940 4628 nullum
1958 4590 2196 4643 spernas,

626 4676 680 4722 et
694 4667 776 4722 cui
794 4666 923 4721 dare
940 4681 1043 4720 non
1062 4674 1211 4735 potes
1230 4664 1368 4734 quod
1391 4664 1727 4733 petierit,non
1747 4681 1867 4719 cum
1883 4681 2106 4735 spernas
2126 4684 2135 4717 :
2153 4666 2198 4721 si

630 4769 779 4830 potes
793 4758 940 4822 dare,
963 4757 1057 4822 da;
1078 4757 1120 4809 si
1140 4771 1243 4811 non
1266 4764 1435 4827 potes,
1453 4754 1712 4810 alfabilem
1731 4766 1781 4811 te
1800 4767 2007 4825 priesta.
2028 4758 2196 4812 Coro-

629 4851 870 4905 natDeus
889 4849 1027 4903 intus
1040 4849 1362 4901 voluntatem
1377 4848 1419 4909 ',
1435 4846 1525 4902 ubi
1540 4863 1643 4901 non
1663 4848 2196 4905 invenitfacultatetn.

625 4939 793 4996 Nemo
811 4940 953 4993 dicat
983 4956 995 4992 :
1014 4938 1127 4993 Non
1158 4939 1346 4992 habeo.
1366 4938 1609 4993 Charitas
1626 4955 1729 4993 non
1757 4940 1824 4994 de
1849 4942 2073 4998 saccetlo
2086 4958 2201 4998 ero-

622 5042 778 5103 gatur
808 5050 821 5085 :
850 5032 970 5101 quia
992 5029 1243 5101 quidquid
1268 5029 1514 5096 dicimus,
1537 5032 1857 5101 etquidquid
1881 5033 2129 5099 diximus,
2146 5044 2201 5090 et

622 5126 877 5195 quidquid
903 5125 1079 5180 dicere
1101 5124 1449 5195 potuerimus,
1477 5125 1559 5178 vel
1588 5140 1704 5191 nos,
1727 5125 1809 5179 vel
1834 5134 1951 5194 post
1976 5143 2091 5192 uos,
2114 5128 2198 5182 vel

623 5216 713 5284 qui
741 5227 865 5270 ante
888 5231 1005 5283 nos,
1039 5216 1197 5272 tinem
1224 5234 1331 5271 non
1363 5216 1558 5271 habent
1583 5217 1681 5271 nisi
1702 5217 2011 5273 charitatem
2037 5237 2050 5269 :
2074 5220 2197 5289 quia

625 5306 747 5362 linis
768 5311 1015 5378 praecepti
1036 5311 1263 5366 charitas
1281 5320 1382 5375 est,
1406 5311 1475 5366 de
1501 5311 1662 5366 corde
1685 5325 1835 5382 puro,
1858 5321 1912 5367 et
1932 5314 2197 5368 conscien-

626 5401 696 5455 tia
740 5401 900 5465 bona,
931 5410 985 5455 et
1003 5402 1105 5457 fide
1130 5420 1237 5458 non
1266 5405 1382 5459 ficta
1409 5404 1449 5476 (l
1480 5405 1609 5459 Tim.
1641 5423 1679 5470 ι,
1712 5406 1792 5477 5).
1836 5407 2191 5479 lnterrogate,

622 5491 835 5561 quando
860 5492 1056 5561 rogatis
1080 5494 1266 5561 Deum,
1305 5495 1468 5550 corda
1490 5506 1660 5551 vestra
1687 5512 1702 5560 ;
1730 5496 1905 5553 videte
1929 5502 2195 5568 quomodo

622 5582 993 5640 transmittatis
1008 5598 1217 5639 versum
1239 5586 1395 5640 istum
1417 5603 1431 5639 :
1450 5586 1655 5642 Dimitte
1667 5589 1808 5645 nobis
1823 5588 1987 5644 debita
2002 5600 2190 5656 nostra,

684 5718 701 5750 ί
738 5715 903 5767 Plures
924 5723 1050 5775 Mss,
1074 5715 1257 5766 adulat.

683 5777 704 5810 '
740 5790 836 5827 tun.
861 5785 933 5827 Er.
959 5785 1011 5828 et
1034 5778 1255 5844 plerique
1272 5786 1400 5839 Mss,
1426 5778 1688 5831 bonitatem.

1903 329 1959 384 S.
2002 328 2362 385 AUGUSTINI
2404 332 2704 392 EPISCOPI

3757 369 3863 425 1352

2363 446 2493 542 sicut
2520 460 2566 501 et
2608 467 2698 506 nos
2734 453 3032 510 dimittimus
3062 459 3360 517 debitoribus
3399 468 3571 521 nostris
3597 471 3833 542 (Battum

2358 537 2467 610 η).
2484 539 2597 595 Non
2625 544 2732 599 eris
2751 561 2929 613 orans,
2955 549 3055 605 nisi
3073 551 3225 607 istam
3243 554 3317 625 (a)
3337 556 3480 613 dicas
3498 529 3716 622 :siaiiam

2356 646 2460 687 non
2487 643 2539 689 te
2562 637 2777 692 exaudit
2814 639 2901 695 ille
2926 656 2939 706 ;
2965 643 3088 712 quia
3116 660 3220 699 non
3249 622 3415 716 ipsam
3445 652 3532 706 tibi
3565 622 3861 720 diClIViiWJ—t:

2352 721 2629 821 risperitus
2660 744 2816 821 quem
2844 732 3006 787 misit.
3030 734 3262 793 Necesse
3287 750 3370 795 est
3395 757 3519 812 ergo
3553 758 3609 801 ut
3630 759 3677 803 et
3695 758 3860 821 quando

2352 815 2510 913 verba
2550 828 2728 873 nostra
2772 820 2999 879 dicimus
3037 826 3088 879 in
3132 830 3392 896 oratione,
3435 815 3857 913 secundum'ipsam

2349 902 2707 974 dicamus;et
2751 914 2964 979 quando
3013 916 3125 985 ipsa
3156 920 3312 975 verba
3363 922 3601 989 dicimus,
3646 902 3761 988 bene
3794 936 3853 991 in-

2350 995 2646 1065 telligamus
2668 1001 2811 1071 quod
2840 1004 3085 1072 dicimus,
3108 1010 3230 1078 quia
3260 1012 3585 1070 manifestam
3614 1017 3738 1076 illam
3767 1041 3855 1083 esse

2347 1086 2487 1141 Deus
2515 1091 2697 1145 voluit.
2728 1094 2788 1148 Si
2819 1111 2948 1166 ergo
2976 1114 3079 1153 non
3106 1104 3402 1170 oraveritis,
3436 1121 3577 1175 spem
3604 1127 3695 1166 non
3730 1114 3851 1173 habe-

2346 1175 2467 1233 bitis
2491 1196 2506 1270 ς
2528 1182 2571 1234 si
2601 1182 2759 1239 aliter
2792 1202 2949 1256 quam
2976 1189 3224 1260 Magister
3251 1193 3431 1250 docuit
3469 1202 3739 1270 oraveritis,
3774 1222 3850 1262 non

2342 1269 2695 1327 exaudietnini
2726 1290 2741 1340 ;
2778 1286 2870 1331 aut
2894 1279 2938 1333 si
2968 1280 3021 1334 in
3046 1282 3286 1339 oratione
3313 1288 3514 1341 mentiti
3554 1290 3752 1359 fueritis,
3775 1313 3850 1352 non

2342 1359 2713 1431 impetrabilis.
2744 1368 2907 1439 Ergo,
2934 1380 2988 1427 et
3010 1374 3291 1441 orandum,
3325 1386 3381 1433 et
3417 1395 3593 1436 verum
3628 1384 3850 1444 dicendum

2339 1460 2441 1518 est,
2472 1464 2528 1509 et
2564 1456 2641 1512 sic
2667 1461 2925 1515 orandum
2954 1472 3057 1531 est,
3096 1468 3363 1535 quomodo
3400 1470 3486 1526 ille
3528 1473 3709 1530 docuit.
3746 1477 3850 1536 Veiis

2339 1546 2495 1613 nolis,
2523 1551 2758 1617 quotidie
2798 1554 3035 1611 dicturus
3063 1574 3125 1614 es
3153 1579 3166 1613 ι
3197 1561 3407 1618 Dimitte
3431 1566 3567 1621 nobis
3607 1570 3751 1626 debita
3781 1591 3849 1628 no-

2336 1648 2459 1703 stra,
2493 1641 2622 1694 sicut
2668 1652 2714 1697 et
2750 1662 2841 1699 nos
2883 1648 3182 1706 dimittimus
3228 1653 3531 1713 debitoribus
3575 1665 3752 1721 nostris.
3786 1667 3849 1722 Vis

2336 1745 2555 1787 securus
2583 1733 2796 1792 dicere?
2821 1738 2927 1795 Fac
2963 1744 3103 1811 quod
3129 1745 3281 1801 dicis.

2992 1870 3163 1913 SERHO
3191 1874 3245 1915 ΙΙ.

2407 1967 2456 2049 i.
2489 1954 2611 2011 Scio
2637 1960 2756 2029 quia
2786 1964 3050 2021 debitores
3080 1985 3175 2025 nos
3202 1972 3417 2042 tenetis,
3444 1992 3546 2032 non
3571 1983 3845 2049 necessitate,

2334 2044 2426 2099 sed
2452 2049 2591 2117 quod
2622 2059 2703 2105 est
2729 2053 3112 2124 vehementius,
3142 2063 3422 2120 charitate.
3451 2068 3691 2127 Debemus
3712 2044 3846 2133 autern

2333 2135 2435 2193 hoc
2465 2140 2636 2209 primo
2677 2144 2903 2203 Domino
2947 2150 3055 2205 Deo
3098 2163 3313 2223 nostro,
3347 2161 3434 2229 qui
3478 2162 3702 2219 habitans
3737 2169 3844 2222 etin

2331 2229 2480 2285 vobis
2509 2235 2670 2330 exigit
2701 2237 2796 2293 ista
2826 2240 2893 2296 de
2934 2245 3085 2300 nobis
3111 2263 3124 2301 :
3153 2247 3351 2307 deinde
3378 2252 3608 2310 domuo‘
3636 2266 3683 2313 et
3714 2263 3843 2330 patri,

2329 2327 2576 2391 przesenti
2619 2336 2673 2382 et
2694 2330 2899 2399 jubenti
2928 2345 2978 2389 et
3005 2338 3177 2392 oranti
3218 2356 3316 2410 pro
3360 2359 3473 2410 me;
3503 2346 3679 2403 deinde
3700 2327 3845 2407 vestra:

2327 2417 2591 2474 violentia:
2618 2437 2720 2491 qua
2751 2430 3079 2497 extorquetis
3118 2432 3277 2486 etiam
3323 2435 3544 2493 inﬁrmis
3568 2441 3743 2497 viribus
3770 2459 3841 2498 no-

2325 2510 2470 2604 stris.
2503 2512 2701 2569 Tamen
2722 2557 2735 2579 ,
2765 2528 3018 2587 quantum
3048 2523 3303 2604 Dominus
3344 2528 3536 2596 donat,
3567 2533 3647 2601 qui
3673 2543 3717 2588 et
3738 2534 3843 2604 ipsas

2324 2601 2464 2696 vires
2485 2604 2632 2661 vobis
2652 2610 2925 2666 orantibus
2945 2592 3165 2671 donare.
3163 2618 3433 2689 dignetur,
3453 2592 3681 2693 quoniam
3696 2592 3841 2696 psalmi

2324 2692 2483 2763 hujus
2524 2700 2719 2767 primas
2757 2713 2934 2773 partes
2961 2706 3047 2761 die
3070 2708 3179 2778 jam
3209 2729 3385 2782 nuper
3428 2692 3731 2785 praecedente
3765 2731 3842 2773 tra-

2320 2789 2610 2856 ctavimus;
2644 2794 2801 2849 etiam
2844 2802 3116 2869 sequentia
3164 2807 3500 2876 suscipienda
3531 2821 3670 2877 sunt,
3709 2821 3753 2868 et
3775 2813 3838 2868 illo

2317 2878 2628 2946 adiuvante,
2678 2884 2728 2939 in
2773 2888 2923 2957 cujus
2970 2893 3181 2949 nomine
3228 2898 3524 2967 cepimus,
3570 2903 3837 2957 terminanda

2318 2977 2459 3023 sunt.
2506 2971 3084 3037 Commendaveramus
3136 2994 3313 3041 autem
3371 2989 3618 3047 Cbaritati
3659 3003 3834 3059 vestrm.

2318 2998 2459 3023 auus.
2506 2998 3084 3037 hUllllllenUilvel'amllS
3136 2998 3313 3041 autem
3371 2998 3618 3047 (Jbaritati
3659 3003 3834 3059 νθειηε.

2315 3058 2404 3162 qui
2447 3059 2688 3118 adfuistis
2708 3108 2723 3132 ,
2759 3076 2923 3123 totum
2954 3072 3110 3127 istum
3142 3077 3410 3146 psalmum
3440 3082 3660 3151 figuratis
3681 3093 3834 3153 myste-
4010 2998 4021 3169 Ι

2314 3148 2408 3204 riis
2434 3165 2552 3244 esse
2580 3164 2909 3215 contextum.
2946 3162 3097 3221 Unde
3135 3168 3274 3238 quod
3314 3148 3578 3228 difﬁcilius
3604 3148 3832 3244 quaeritur,

2314 3188 2408 3204 ...ο
2434 3188 2552 3207 που
2580 3188 2909 3215 υυιιιειιιιιιιο
2950 3188 3097 3221 unue
3135 3188 3274 3238 quod
3314 3188 3578 3228 ottucmus
3604 3188 3832 3244 quaeritur.

2313 3243 2450 3297 solet
2475 3243 2681 3303 dulcius
2711 3249 2952 3308 inveniri.
2988 3254 3094 3312 Nec
3124 3262 3321 3328 putetis
3355 3263 3452 3317 ista
3483 3265 3623 3320 vobis
3647 3266 3835 3321 obscuri.
4006 3188 4020 3367 1

2313 3342 2418 3367 lnln
2444 3334 2707 3367 οιιιιιιρηιιοιι
2766 3346 2859 3367 -..Α
2895 3343 2998 3367 ,15ης
3012 3350 3106 3367 --_I.
3126 3366 3130 3367 ,
3150 3360 3189 3367 ,γ
3353 3354 3401 3367 ιι-
3550 3356 3563 3367 ι
3592 3357 3604 3367 ·
3822 3356 3832 3367 “

2313 3342 2419 3389 tale
2443 3334 2732 3405 subtracta,
2765 3346 2859 3397 sed
2889 3343 3199 3404 difﬁcultate
3225 3354 3473 3420 condita;
3501 3356 3564 3409 ad
3592 3357 3703 3422 hoc,
3726 3356 3833 3427 quod

2310 3427 2582 3497 saepeiam
2614 3429 2876 3501 diximus,
2910 3445 2967 3489 ut
2994 3436 3148 3493 detur
3180 3443 3511 3510 petentibus,
3541 3447 3831 3502 inveniatura

2310 3521 2691 3587 qumrentibus,
2710 3523 2934 3581 intretur
2949 3543 2975 3581 a
2998 3532 3335 3598 pulsantibus
3352 3535 3558 3606 (Matth.
3577 3553 3639 3591 vn
3651 3580 3664 3604 ,
3680 3538 3709 3593 Ἰ
3723 3548 3759 3591 et
3772 3536 3829 3603 8).

2309 3609 2411 3666 Sed
2437 3626 2573 3682 opus
2602 3623 2686 3669 est
2731 3617 2885 3672 nobis
2922 3620 3191 3692 aliquanto
3229 3626 3435 3696 majore
3464 3638 3516 3683 et
3552 3629 3737 3684 silentio
3760 3643 3830 3681 ve-

2308 3711 2440 3769 stro,
2471 3712 2526 3758 et
2549 3705 2795 3774 patientia
2828 3719 3021 3777 vestra,
3056 3722 3110 3766 ut
3136 3728 3301 3783 pauca
3331 3734 3449 3786 qum
3469 3719 3644 3775 dicturi
3668 3731 3829 3781 Sumus,

2308 3806 2412 3847 non
2445 3808 2541 3863 per
2579 3797 2855 3866 strepitum
2892 3809 3097 3871 tempus
3136 3806 3371 3876 amplius
3406 3820 3669 3880 occupent.
3696 3809 3827 3863 Pauca

2306 3885 2447 3939 enim
2476 3901 2572 3942 nos
2596 3887 2775 3945 dicere
2815 3895 3065 3963 temporis
3091 3899 3231 3967 cogit
3271 3902 3542 3971 angustia,
3571 3901 3692 3972 quod
3718 3898 3830 3954 novit

2305 3985 2358 4031 et
2379 3976 2619 4033 Charitas
2643 3990 2816 4037 vestra
2844 3983 3039 4039 debere
3074 4002 3170 4042 nos
3199 3992 3468 4060 exsequiis
3498 3992 3653 4046 tidelis
3675 4004 3825 4057 οοτροα

2307 4069 2381 4123 ris
2405 4070 2642 4126 solemne
2667 4072 2997 4143 obsequium.
3033 4076 3172 4133 Ecce
3192 4080 3302 4149 jam
3336 4097 3455 4152 qua:
3479 4082 3607 4138 dicta
3634 4089 3737 4136 sunt
3760 4095 3825 4131 re-
4012 4128 4013 4149 ᾗ

2304 4168 2486 4229 petere
2507 4203 2519 4223 ,
2551 4170 2605 4214 et
2647 4178 2831 4217 rursus
2859 4180 3124 4234 exponere
3154 4184 3259 4223 non
3300 4186 3582 4243 cogamur:
3614 4173 3653 4227 si
3683 4169 3825 4226 defue

2305 4168 2486 4229 petere
2507 4203 2519 4223 ,
2551 4170 2605 4214 et
2647 4178 2831 4217 rursus
2859 4180 3124 4234 exponere
3154 4184 3259 4223 non
3300 4186 3582 4243 cogamur:
3614 4173 3653 4227 si
3683 4169 3825 4226 defue

2305 4262 2427 4306 runt
2452 4253 2629 4322 aliqui,
2658 4255 2745 4324 qui
2771 4272 2873 4311 non
2896 4257 3193 4320 audierunt,
3222 4277 3327 4316 non
3354 4264 3623 4328 deessent;
3653 4261 3825 4333 prodest

2305 4349 2481 4396 autem
2510 4342 2615 4396 illis
2644 4343 2900 4411 fortasse,
2947 4346 3087 4416 quod
3130 4364 3232 4403 non
3270 4354 3489 4408 audiunt
3516 4354 3690 4407 modo'
3715 4348 3822 4421 quod

2306 4431 2583 4471 nlldiarnnl
2630 4436 2716 4471 nni
2767 4434 3044 4471 «uir-Insonuqu
3134 4451 3183 4471 ΙΙΙ
3227 4450 3277 4471 ιη
3315 4444 3410 4471 ἕηκε
3440 4444 3627 4471 Αειυυιηι
3656 4441 3806 4471 ..Αρριη

2304 4349 2481 4396 autem
2510 4342 2615 4396 illis
2644 4343 2900 4411 fortasse,
2947 4346 3087 4416 quod
3130 4364 3232 4403 non
3270 4354 3489 4408 audiunt
3516 4354 3690 4407 modo'
3715 4348 3822 4421 quod

2305 4431 2586 4487 audierunt
2630 4436 2717 4503 qui
2766 4434 3082 4501 adfuerunt,
3134 4451 3189 4493 ut
3225 4450 3279 4495 et
3315 4444 3410 4513 ipsi
3439 4444 3630 4498 discant
3655 4441 3820 4496 adesse.

2306 4523 2565 4593 Legamus
2589 4542 2715 4595 ergo
2745 4530 2962 4583 cursim.
4002 4522 4007 4595 ἶ

2372 4615 2425 4669 2.
2471 4616 2619 4688 [vers.
2672 4620 2723 4684 1,
2770 4618 2851 4693 2.]
2901 4621 3136 4689 Benedic,
3185 4626 3355 4678 anima
3405 4643 3533 4687 mea,
3570 4624 3817 4679 Dominum.

2303 4703 2548 4761 Omnium
2582 4720 2823 4765 nostrum
2854 4713 3025 4766 anima
3054 4714 3224 4779 dicat,
3256 4732 3356 4770 una
3386 4715 3518 4772 facta
3560 4719 3605 4770 in
3629 4713 3819 4768 Christo.

2303 4799 2518 4854 Domine
2543 4801 2681 4856 Deus
2704 4820 2841 4857 meus
2860 4846 2874 4869 ,
2925 4807 3273 4882 magniﬁcatus
3297 4824 3347 4863 es
3373 4811 3536 4863 nimis.
3577 4807 3710 4864 Unde
3730 4817 3819 4859 ma-

2300 4890 2580 4961 gniﬁcatus
2607 4892 2703 4947 es?
2731 4892 3106 4960 Confessionem
3135 4905 3181 4949 et
3209 4896 3434 4951 decorem
3470 4897 3680 4951 induisti.
3706 4891 3821 4947 Con-

2302 4980 2544 5046 ﬁtemini,
2574 4992 2629 5036 ut
2653 4982 3000 5051 decoremini,
3029 4997 3087 5040 ut
3114 4986 3295 5041 induat
3320 5003 3434 5042 vos.
3462 4984 3821 5043 Circumamictus

2302 5071 2459 5127 lucem
2501 5072 2629 5127 sicut
2676 5075 3041 5129 vestimentum.
3094 5075 3525 5133 Circumamictus
3578 5072 3819 5132 Ecclesia!"

2302 5177 2480 5228 suam;
2512 5163 2636 5234 quia
2678 5164 2790 5234 ipsa
2822 5166 2953 5220 facta
2984 5176 3064 5222 est
3106 5168 3192 5222 lux
3234 5169 3285 5223 in
3318 5171 3426 5233 illo,
3452 5185 3564 5239 quae
3588 5167 3712 5237 prius
3731 5165 3819 5215 erat

2304 5255 2535 5309 tenebrae
2583 5256 2633 5309 in
2681 5272 2768 5319 se,
2814 5257 3025 5312 dicente
3060 5259 3349 5327 Apostolo:
3378 5260 3558 5315 Fuisti:
3594 5247 3820 5323 aliquando

2302 5344 2530 5411 tenebrm,
2548 5364 2680 5400 nunc
2692 5358 2855 5401 autem
2869 5349 2959 5403 tua;
2974 5350 3025 5403 in
3046 5349 3260 5404 Domino
3274 5353 3293 5418 (
3303 5350 3484 5419 Ephes.
3504 5366 3551 5414 v,
3567 5348 3636 5416 8).
3662 5342 3817 5397 Exten-

2302 5449 2425 5493 a‘ens
2449 5440 2626 5493 emtum
2652 5441 2778 5493 sicut
2804 5441 3022 5512 pellem:
3044 5442 3127 5496 vel
3159 5451 3261 5497 tam
3289 5442 3440 5497 facile
3472 5453 3618 5511 quam
3656 5445 3701 5489 tu
3726 5428 3817 5501 pe"

2366 5545 2382 5573 ι
2416 5544 2487 5591 Sic
2508 5549 2614 5591 Mss.
2644 5550 2695 5591 At
2716 5543 2845 5601 Edd.,
2871 5544 3077 5596 domino.

2302 5665 2385 5735 qui
2404 5663 2793 5735 ngnimtdientnt,
2814 5667 2896 5730 qui
2913 5669 3095 5735 utinam
3127 5682 3219 5735 non
3243 5663 3452 5720 deessent
3469 5679 3486 5717 :
3504 5663 3677 5731 prode“
3692 5663 3811 5707 aut!!!

2304 5723 2400 5775 illis
2423 5726 2620 5787 fortasse
2636 5727 2721 5838 qui
2743 5723 2836 5778 non
2866 5730 3067 5782 audiunt
3091 5732 3246 5790 modo,
3272 5738 3364 5780 etc.

2375 5787 2445 5838 la)
2479 5790 2635 5838 Subau
2674 5791 2702 5838 i.
2731 5803 2936 5838 prerem.

2375 5787 2445 5850 (a)
2479 5787 2702 5849 Subaudi,
2731 5803 2936 5851 prerem.
3233 5787 3242 5790 ⁷
3966 5802 4028 6351 J

2367 5604 2386 5668 ξ
2417 5589 2488 5652 sic
2681 5589 2944 5668 aciein;
2953 5589 3077 5658 cdd:
3091 5615 3272 5667 autem,
3283 5608 3366 5659 sed
3388 5607 3430 5657 si
3451 5602 3670 5668 defuerint
