4088 6444
303 469 442 535 1353

301 586 424 651 Ian,
450 580 497 639 si
517 588 630 636 tam
651 577 814 635 facile
841 577 933 646 sit,
965 585 1214 648 tanquam
1241 574 1309 630 ad
1336 574 1568 630 litteram
1593 571 1824 644 accipias
1866 587 1881 624 :

303 675 389 735 vel
410 671 778 729 auctoritatem
798 668 1192 739 Seripturarum
1218 665 1576 737 intelligamus
1598 664 1886 720 distentam

304 781 395 838 per
419 771 585 820 tam
644 760 902 817 mundum
948 759 1166 815 nomine
1200 758 1388 829 pellis;
1427 757 1552 829 quia
1593 755 1888 812 mortalitas

302 859 354 915 in
392 854 535 927 pelle
581 851 948 924 signiﬁcatur,
1004 849 1310 920 dispensata
1363 858 1447 905 est
1495 857 1673 904 autem
1720 847 1889 903 nobis

296 947 468 1003 amis
485 942 776 1000 auctoritas
794 940 1195 1013 Scripturarum
1212 939 1513 995 divinarum
1534 954 1627 1010 per
1643 938 1887 995 homines

293 1037 546 1093 mortales
564 1077 580 1102 ,
610 1049 839 1106 quorum
877 1032 989 1103 jam
1016 1041 1349 1087 mortuorum
1377 1031 1517 1086 fama
1540 1028 1881 1087 distenditur.

371 1130 422 1185 3.
463 1126 613 1201 [ocrs.
640 1123 722 1197 5.]
765 1124 865 1193 Qui
911 1124 1127 1196 protegit
1168 1124 1222 1177 in
1267 1124 1415 1193 aquis
1451 1122 1715 1193 superiora
1752 1122 1883 1192 ejus.

307 1221 460 1291 Cujus
496 1217 813 1289 superiora?
856 1215 1011 1272 lei.
1063 1214 1202 1283 Quid
1246 1223 1331 1271 est
1356 1213 1589 1270 coelum?
1638 1213 1888 1284 Figurate

308 1313 552 1369 duntaxat
567 1310 800 1366 diximus
819 1309 1151 1379 Seripturam
1175 1307 1432 1363 divinam.
1458 1306 1588 1375 Qua:
1609 1304 1886 1376 superiora

304 1404 585 1475 Scriptura:
605 1401 840 1457 divinae?
866 1401 1218 1470 Praeceptum,
1248 1414 1355 1470 quo
1383 1397 1515 1453 nihil
1537 1406 1620 1453 est
1646 1395 1887 1453 eminen-

305 1500 441 1566 tius,
486 1497 781 1554 eharitatis.
821 1495 999 1565 Quare
1037 1502 1217 1548 autem
1264 1492 1417 1563 aquis
1458 1500 1762 1561 comparata
1804 1498 1889 1546 est

299 1590 566 1648 eharitas?
614 1588 753 1655 Quia
794 1586 1018 1642 cliaritas
1060 1583 1159 1638 Dei
1205 1582 1397 1651 diffusa
1440 1591 1513 1636 est
1556 1582 1610 1637 in
1652 1580 1886 1636 cordibus

299 1682 479 1738 nostris
502 1697 592 1751 per
622 1676 875 1751 Spiritum
900 1684 1153 1743 sanctum,
1173 1674 1261 1745 qui
1282 1674 1432 1728 datus
1451 1680 1524 1727 est
1546 1671 1687 1727 nobis
1708 1671 1882 1740 (Rom.

302 1789 357 1841 ν,
387 1774 459 1845 5).
492 1771 646 1827 Unde
678 1784 812 1841 aqua
844 1770 958 1839 ipse
976 1766 1248 1839 Spiritus?
1274 1765 1407 1832 Quia
1437 1763 1601 1820 stabat
1624 1761 1808 1828 Jesus,
1839 1770 1886 1815 et

301 1864 586 1920 clamabat:
608 1862 671 1919 Si
689 1862 800 1932 quis
826 1861 950 1927 sitit,
974 1860 1137 1915 veniat
1165 1858 1232 1912 ad
1257 1874 1337 1911 me
1355 1865 1403 1911 et
1429 1855 1585 1909 bibat.
1609 1853 1707 1921 Qui
1728 1853 1885 1906 credit

302 1961 352 2015 in
381 1976 483 2025 me,
514 1958 733 2029 ﬂumina
757 1970 903 2025 aqua:
942 1957 1067 2009 viva:
1093 1955 1251 2023 fluent
1289 1952 1351 2005 de
1380 1959 1549 2005 ventre
1577 1949 1704 2016 ejus.
1733 1945 1886 2003 Unde

299 2051 587 2124 probamus
636 2049 760 2120 quia
803 2047 870 2103 de
918 2045 1121 2116 Spiritu
1168 2043 1370 2100 dictum
1414 2042 1530 2097 est?
1574 2040 1725 2095 Dicat
1770 2039 1887 2109 ipse

293 2144 634 2215 Evangelista
656 2183 670 2209 ,
706 2141 797 2213 qui
827 2140 1068 2210 sequitur
1096 2147 1151 2193 et
1177 2137 1255 2191 ait
1286 2152 1299 2189 :
1333 2134 1451 2190 Hoc
1493 2144 1661 2188 autem
1691 2131 1887 2187 dicebat

286 2238 356 2291 de
385 2236 617 2300 Spiritu,
644 2250 789 2302 quem
812 2230 1066 2301 accepturi
1094 2238 1237 2284 erant
1268 2229 1320 2283 Iri
1344 2229 1429 2299 qui
1459 2226 1512 2281 in
1541 2243 1654 2280 eum
1684 2228 1885 2296 fuerant

289 2326 537 2383 credituri
565 2323 743 2389 (Joan.
785 2340 857 2387 γι,
880 2321 1092 2392 57οὸ9).
1124 2319 1227 2387 Qui
1263 2318 1489 2372 ambulat
1514 2332 1666 2387 super
1695 2330 1885 2387 pennas

288 2428 557 2473 siculorum
577 2433 595 2472 :
617 2416 666 2471 id
706 2423 827 2480 est,
860 2429 1020 2485 super
1049 2412 1272 2467 virtutes
1298 2409 1619 2463 animarum.
1649 2407 1780 2475 Quae
1804 2414 1888 2462 est

286 2513 467 2567 virtus
509 2509 744 2563 animai?
787 2507 902 2577 Ipsa
945 2506 1199 2563 charitas.
1251 2502 1531 2570 Quomodo
1574 2512 1750 2557 autem
1796 2501 1886 2557 ille

282 2618 458 2673 super
487 2600 634 2656 illam
663 2599 940 2655 ambulat?
965 2598 1098 2667 Quia
1126 2595 1296 2667 major
1325 2604 1410 2651 est
1436 2592 1671 2650 cliaritas
1701 2593 1794 2649 Dei
1829 2592 1886 2648 in

287 2710 415 2761 nos,
437 2710 602 2766 quam
632 2703 812 2750 nostra
838 2693 889 2748 in
918 2693 1107 2748 Deum.

366 2788 425 2843 4.
458 2786 625 2861 [κη.
654 2785 753 2860 4.]
787 2785 884 2853 Qui
910 2784 1031 2856 facit
1059 2781 1267 2855 angelos
1295 2797 1411 2836 suos
1459 2781 1685 2852 spiritus,
1716 2788 1760 2832 et
1786 2778 1882 2832 mi-

300 2885 496 2941 nistros
520 2896 638 2935 suos
657 2878 822 2950 ignem
845 2878 1146 2946 ﬂagrantem
1166 2889 1184 2928 :
1207 2872 1258 2928 id
1289 2881 1393 2938 est,
1419 2886 1513 2926 eos
1533 2870 1622 2941 qui
1644 2870 1755 2940 jam
1776 2869 1886 2939 spi-

300 2977 442 3033 ritus
474 2980 619 3037 sunt,
650 2970 741 3042 qui
771 2967 1097 3039 spirituales,
1139 2979 1245 3021 non
1281 2962 1526 3018 carnales
1578 2968 1723 3026 sunt,
1760 2958 1888 3015 facit

301 3067 528 3139 angelos
543 3077 689 3129 suos,
716 3057 976 3115 mittendo
992 3065 1051 3112 ut
1073 3054 1361 3127 praedicent
1374 3053 1491 3121 ejus
1513 3050 1883 3122 Evangelium.

301 3159 373 3215 Et
400 3157 657 3212 ministros
677 3168 795 3207 suos
819 3150 985 3222 ignem
1009 3149 1333 3219 ﬂagrantem.
1379 3142 1491 3199 Nisi
1533 3143 1676 3198 enim
1704 3140 1889 3196 ardeat

303 3249 547 3306 minister
578 3242 894 3316 przedicans,
924 3254 1032 3295 non
1059 3236 1302 3295 accendit
1339 3250 1463 3291 eum
1498 3232 1584 3290 cui
1609 3231 1886 3304 przedicat.

376 3340 429 3396 5.
455 3339 476 3411 [
503 3354 631 3393 vers.
660 3336 714 3401 5,
742 3333 795 3390 6.
826 3331 848 3405 ]
898 3330 1155 3385 Fundavit
1193 3338 1381 3382 terram
1420 3341 1571 3395 super
1596 3323 1890 3393 ﬁrmamen-

306 3445 417 3489 tum
442 3432 574 3502 ejus.
631 3424 885 3483 Firmavit
940 3420 1237 3477 Ecclesiam
1293 3432 1453 3487 super
1492 3415 1888 3470 ﬁrmamentqu
1928 3447 1952 3469 ο

310 3524 587 3583 Ecclesize.
617 3519 771 3588 Quod
808 3526 893 3574 est
921 3516 1316 3571 ﬁrmamentum
1337 3510 1612 3575 Ecclesiaa,
1644 3507 1744 3563 nisi
1776 3508 1890 3561 luu-

306 3617 610 3672 damentum
637 3608 935 3667 Ecclesiae?
964 3606 1114 3675 Quod
1142 3613 1224 3660 est
1251 3602 1650 3658 fundamentum
1700 3598 1887 3655 Eccle-

310 3708 422 3770 εἰπε,
451 3704 552 3760 nisi
572 3703 638 3758 de
658 3716 762 3773 quo
789 3700 919 3756 dicit
939 3696 1227 3768 Apostolus
1257 3714 1269 3751 :
1297 3695 1715 3749 Fundamentum
1743 3707 1889 3746 nemo

313 3805 469 3866 potest
514 3809 699 3864 ponere
737 3802 1075 3861 prwterquam
1099 3786 1233 3857 quod
1274 3786 1491 3857 positum
1519 3792 1610 3849 est,
1637 3783 1770 3853 quod
1819 3788 1891 3835 est

313 3886 546 3942 Christus
572 3883 718 3938 Jesus
742 3881 784 3954 (l
808 3880 928 3935 Cor.
958 3896 1036 3945 ut,
1063 3876 1192 3946 li)?
1215 3877 1280 3931 Et
1309 3875 1429 3930 ideo
1461 3874 1549 3928 tali
1576 3872 1892 3927 fundamen-

316 3986 371 4032 to
400 3975 635 4038 suffulta,
665 3973 792 4044 quid
822 3970 1018 4027 meruit
1048 3966 1277 4024 audire?
1317 3966 1434 4020 Non
1479 3964 1803 4019 inclinabitur
1838 3963 1892 4016 in

314 4068 557 4125 saxulum
580 4064 769 4121 seaculi.
799 4062 848 4117 F
849 4062 1058 4117 undavit
1083 4071 1267 4115 terram
1285 4075 1435 4129 super
1455 4057 1741 4127 ﬁrmitatem
1759 4056 1889 4127 ejus,

310 4161 366 4218 id
394 4170 498 4227 est,
531 4158 757 4213 lirmavit
782 4156 1075 4213 Ecclesiam
1105 4167 1267 4222 super
1297 4150 1695 4206 fundamentum
1749 4148 1894 4204 Cbri—

308 4264 473 4309 stum.
501 4248 713 4305 Nutabit
727 4247 957 4303 Ecclesia
976 4246 1022 4302 si
1043 4243 1309 4299 nutaverit
1334 4241 1733 4297 fundamentum
1761 4256 1772 4292 :
1797 4237 1893 4294 sed

308 4344 454 4399 unde
480 4341 684 4398 nulabit
704 4339 966 4403 Christus,
998 4336 1088 4407 qui
1116 4344 1401 4404 antequam
1432 4333 1635 4388 veniret
1663 4330 1730 4386 ad
1754 4344 1851 4385 nos
1873 4370 1889 4396 ,

306 4445 364 4491 et
390 4448 609 4491 carnem
633 4431 945 4501 susciperet,
979 4427 1149 4482 omnia
1179 4442 1267 4497 per
1290 4426 1456 4495 ipsum
1508 4426 1643 4495 facta
1665 4431 1802 4487 sunt,
1846 4429 1893 4475 et

306 4529 417 4584 sine
440 4527 552 4598 ipso
576 4526 768 4595 factum
787 4533 857 4579 est
884 4521 1011 4576 nihil
1041 4519 1219 4592 (Joau.
1246 4534 1282 4584 ι,
1307 4516 1363 4589 5)
1387 4533 1402 4582 ;
1441 4518 1530 4587 qui
1556 4516 1735 4570 omnia
1758 4530 1891 4570 con-

310 4619 450 4675 tinet
478 4617 755 4686 majestate
780 4656 796 4680 ,
827 4622 881 4681 et
908 4628 1008 4668 nos
1034 4609 1315 4667 bonitate?
1344 4608 1459 4664 Non
1487 4615 1706 4662 nutante
1731 4605 1890 4661 Chri-

313 4718 419 4776 sto,
449 4725 551 4763 non
576 4706 900 4762 inclinabilur
920 4707 975 4757 in
1018 4701 1259 4756 steculum
1285 4698 1477 4754 surculi.
1504 4697 1605 4754 Ubi
1635 4708 1759 4752 sunt
1800 4696 1894 4767 qui

310 4802 497 4858 dicunt
535 4799 738 4869 perisse
766 4796 834 4853 de
859 4796 1059 4851 mundo
1098 4792 1411 4858 Ecclesiam,
1440 4788 1652 4861 quando
1674 4803 1773 4845 nec
1806 4788 1891 4845 in-

311 4893 502 4950 clinari
532 4891 741 4962 potest?

384 4986 440 5042 6.
472 4984 578 5041 Sed
604 4982 746 5038 unde
768 4980 931 5051 etrapit
960 4978 1217 5035 Dominus
1245 4990 1486 5032 asserere
1520 4973 1674 5030 istam
1703 4971 1895 5027 Ecclec

314 5078 469 5143 siam,
494 5076 756 5141 revelare,
782 5074 1039 5145 incipere,
1067 5069 1370 5135 ostendere,
1396 5067 1727 5124 dill‘uudere‘!
1757 5065 1897 5121 unde

316 5173 479 5242 σαξρῆ
504 5169 647 5224 hoc?
675 5166 802 5240 quid
845 5174 961 5222 erat
1004 5162 1223 5235 primo?
1254 5161 1386 5227 Quia
1436 5159 1667 5230 fundavit
1712 5168 1898 5212 terram

317 5277 470 5330 super
493 5261 869 5332 [irritamentum
894 5257 1004 5324 ejus
1023 5297 1038 5320 ,
1089 5271 1191 5310 non
1220 5251 1542 5307 inclinabitur
1569 5251 1623 5304 in
1658 5251 1899 5305 scutulam

316 5354 512 5410 muli.
557 5351 785 5424 Abgssus
804 5350 934 5404 sicut
970 5346 1314 5403 vestimentum
1339 5344 1552 5397 amictus
1580 5343 1764 5414 ipsius.
1796 5342 1901 5397 Cu-

311 5444 729 5521 jus?numquid
759 5444 900 5498 forte
940 5441 1075 5497 Dei?
1122 5438 1229 5495 Sed
1276 5437 1386 5508 jam
1424 5436 1493 5491 de
1535 5435 1730 5491 amictu
1784 5435 1899 5503 ejus

313 5540 542 5603 dixerat,
574 5534 992 5591 Circumamictus
1030 5532 1212 5597 lucem,
1241 5530 1372 5584 velut
1398 5528 1757 5583 vestimentum.
1788 5529 1901 5580 Au-

313 5631 407 5688 dio
430 5631 596 5687 Deum
625 5629 746 5683 luce
780 5625 1057 5689 vestitum,
1090 5631 1144 5677 et
1174 5623 1263 5677 lux
1285 5622 1396 5693 ipsa
1423 5621 1466 5676 si
1512 5620 1777 5683 volumus,
1803 5632 1901 5673 nos

311 5738 521 5781 sumus.
552 5720 692 5789 Quid
740 5728 843 5782 est,
897 5718 942 5773 si
974 5716 1260 5771 volumus?
1288 5715 1343 5772 Si
1376 5714 1486 5785 jam
1518 5713 1749 5768 tenebrae
1794 5727 1899 5766 non

310 5828 501 5872 sumus
524 5819 565 5865 ι.
599 5812 740 5882 Ergo
767 5810 812 5865 si
844 5808 988 5864 Deus
1011 5807 1130 5862 luce
1146 5806 1367 5861 vestitus
1386 5813 1488 5868 est,
1514 5803 1665 5872 cujus
1689 5817 1898 5858 rursum

376 5928 392 5959 ι
424 5922 656 5992 pteliores
676 5930 802 5971 Mss:
826 5929 874 5972 St
896 5919 1003 5982 jam
1016 5917 1219 5968 tenebrw
1236 5917 1429 5981 mimus.
1455 5912 1701 5966 Nonnulli:
1730 5913 1778 5965 si
1790 5912 1901 5976 jam

304 5986 532 6048 tenebras
553 5986 777 6049 (agnitus.

564 6070 795 6141 Sacr.
850 6072 1125 6136 Ληουεῖ.
1160 6067 1267 6133 IV.

1932 378 1935 381 ν
1958 375 1987 382 ,κ

1417 456 1815 517 ENARRATIO
1853 456 1917 514 IN
1958 456 2280 515 PSALMUM
2315 458 2446 515 CIII.

3443 462 3587 521 135‘

1999 569 2375 626 vestimentum
2395 579 2479 627 est
2499 571 2767 644 abyssus?
2797 573 3041 645 Abyssus
3069 573 3214 630 enim
3252 572 3446 629 dicitur
3475 573 3584 633 im-

1991 675 2180 717 mensa
2207 677 2468 732 aquarum
2497 662 2651 733 cepia
2680 680 2693 717 :
2721 665 2898 720 omnis
2947 679 3083 734 aqua
3106 705 3123 732 ,
3153 666 3330 720 omnis
3359 665 3581 723 humida

1991 761 2202 820 natura,
2251 762 2411 822 atque
2458 754 2755 810 substantia
2810 756 3223 828 circumquaque
3247 756 3439 813 diﬁ‘usa
3483 774 3581 829 per

1990 844 2181 912 maria,
2218 852 2274 900 et
2298 843 2537 911 ﬁumina,
2570 854 2625 900 et
2668 855 2823 901 antra
2859 847 3100 913 occulta,
3143 847 3305 903 simul
3336 863 3443 904 uno
3479 864 3580 906 no-

1989 934 2135 990 mine
2165 935 2391 1007 abyssus
2424 946 2664 991 vocatur.
2700 936 2845 1008 Ergo
2866 945 3063 993 terram
3090 939 3466 1010 intelligimus,
3510 940 3581 995 de

1988 1041 2092 1098 qua
2123 1026 2277 1093 dixit,
2308 1027 2358 1081 F
2361 1029 2569 1083 undavit
2600 1037 2785 1083 terram
2813 1045 2965 1100 super
3006 1031 3379 1099 ﬁrmamentum
3427 1033 3536 1104 ejus
3557 1049 3583 1098 ;

1991 1134 2095 1173 non
2133 1118 2458 1174 inclinabitur
2508 1121 2564 1175 in
2608 1122 2850 1176 siccatum
2890 1123 3103 1187 seaculi;
3134 1123 3201 1179 de
3254 1125 3341 1180 illa
3371 1125 3581 1182 dictum

1987 1207 2172 1277 credo,
2201 1209 2424 1281 Abgssus
2447 1212 2577 1265 sicut
2604 1212 2954 1267 vestimentum
2983 1214 3196 1268 amictus
3223 1214 3402 1285 ipsius.
3445 1217 3582 1272 Ter-

1988 1314 2065 1355 rte
2091 1299 2233 1354 enim
2262 1301 2412 1371 quasi
2467 1303 2847 1358 vestimentum
2893 1313 2975 1360 est
3014 1321 3149 1375 aqua
3172 1346 3187 1371 ,
3241 1307 3578 1365 circumdans

1988 1405 2110 1446 eam
2139 1399 2192 1446 et
2234 1401 2527 1463 contegens
2554 1408 2695 1449 eam.
2729 1393 2835 1450 Sed
2873 1395 3158 1466 aliquando
3184 1398 3235 1452 in
3270 1397 3468 1454 diluvio
3506 1400 3581 1455 ita

1988 1482 2160 1537 crevit
2191 1482 2306 1539 hmc
2335 1486 2498 1539 vestis
2544 1494 2732 1551 terrm,
2764 1495 2821 1541 ut
2848 1488 3028 1542 omnia
3077 1490 3299 1545 omnino
3330 1492 3578 1561 cooperi-

1987 1581 2090 1638 ret,
2123 1581 2178 1628 et
2227 1576 2635 1631 transcenderet
2663 1576 2959 1633 altissimos
2988 1588 3233 1645 montes,
3262 1581 3401 1636 sicut
3427 1583 3578 1638 Scri-

1988 1674 2141 1733 ptura
2170 1672 2432 1729 testatur,
2461 1667 2656 1721 cubitis
2700 1666 2867 1723 ferme
2910 1668 3216 1738 quindecim
3259 1670 3433 1742 (Gen.
3478 1689 3574 1741 vn,

1985 1754 2098 1827 20).
2129 1755 2378 1811 Fortasse
2405 1757 2579 1827 ipsum
2608 1766 2818 1828 tempus
2843 1758 3162 1829 signiﬁcavit
3188 1762 3287 1816 iste
3315 1763 3572 1832 psalmus,

1986 1860 2106 1901 cum
2160 1847 2409 1915 diceret,
2476 1848 2702 1921 Abyssus
2769 1849 2895 1903 sicut
2960 1851 3305 1906 vestimentum
3364 1854 3578 1911 amictus

1986 1939 2167 2009 ipsius.

2059 2031 2112 2085 7.
2145 2031 2315 2101 Super
2343 2041 2535 2087 montes
2559 2033 2761 2088 stabunt
2790 2051 2935 2106 aqua:
2960 2051 2979 2089 :
3004 2035 3055 2091 id
3084 2045 3167 2091 est
3197 2038 3577 2095 vestimentum

1988 2131 2167 2188 terrae,
2199 2123 2339 2194 quod
2372 2132 2454 2179 est
2481 2125 2739 2197 abyssus,
2770 2128 2843 2181 ita
2880 2128 3083 2194 crevit,
3117 2138 3174 2184 ut
3216 2130 3378 2185 etiam
3416 2145 3578 2202 super

1987 2223 2200 2271 montes
2222 2229 2375 2284 aqua:
2400 2224 2622 2271 starent.
2646 2217 2896 2289 Legimus
2921 2218 3043 2286 hoc,
3076 2228 3135 2275 ut
3153 2220 3283 2286 dixi,
3308 2222 3501 2277 factum
3522 2222 3577 2277 in

1986 2303 2207 2360 diluvio.
2262 2305 2389 2361 lude
2418 2307 2736 2378 loquebatur
2770 2309 3076 2379 Propheta?
3126 2314 3380 2367 narrabat
3421 2313 3578 2370 nobis

1989 2396 2256 2466 prmterita
2282 2438 2296 2463 ,
2351 2412 2418 2451 au
2448 2398 2841 2468 prmnuntiabat
2870 2401 3087 2455 futura?
3114 2401 3219 2457 Sed
3260 2403 3305 2458 si
3334 2414 3578 2461 narraret

1987 2487 2277 2557 prmterita,
2317 2504 2424 2543 non
2472 2489 2627 2545 nobis
2664 2490 2907 2558 diceret,
2940 2492 3112 2562 Super
3154 2504 3344 2548 montes
3369 2499 3576 2552 stabunt

1984 2595 2170 2649 aquae;
2196 2580 2310 2646 sed,
2326 2579 2498 2651 Super
2518 2591 2729 2637 montes
2758 2591 3020 2638 steterunt
3044 2599 3218 2654 aqum.
3235 2585 3575 2647 Practeritum

1985 2671 2127 2727 enim
2152 2681 2359 2742 tempus
2389 2688 2485 2743 pro
2508 2672 2688 2729 futuro
2715 2675 2890 2731 solere
2918 2676 3043 2745 poni
3074 2677 3127 2731 in
3161 2677 3476 2751 Scripturis,
3496 2683 3575 2740 ita

1986 2762 2311 2831 praevidente
2364 2764 2566 2834 Spiritu
2606 2781 2725 2835 qua:
2778 2776 3001 2822 ventura
3052 2777 3202 2837 sunt,
3255 2772 3410 2840 quasi
3452 2772 3574 2843 jam

1985 2852 2123 2909 facta
2145 2855 2271 2921 sint,
2300 2858 2537 2912 solemus
2564 2857 2760 2928 legere.
2790 2857 2919 2914 Inde
2942 2867 3027 2915 est
3051 2860 3192 2930 quod
3217 2861 3346 2917 illud
3386 2863 3437 2918 is
3464 2864 3576 2921 alio

1986 2945 2192 3014 psalmo
2220 2947 2469 3002 novimus
2519 2962 2747 3016 onmes,
2783 2949 2871 3003 ubi
2921 2959 3171 3021 tanquam
3218 2951 3574 3024 Evangelium

1987 3038 2284 3094 recitatur‘:
2307 3038 2569 3095 Foderunt
2598 3057 2778 3095 manus
2797 3058 2933 3096 meas
2958 3051 3002 3096 et
3024 3043 3191 3112 pedes,
3217 3043 3577 3101 dinumerave-

1987 3137 2107 3183 runt
2130 3130 2299 3183 omnia
2332 3147 2449 3185 ossa
2476 3147 2587 3185 mea
2610 3148 2629 3196 ,'
2672 3147 2825 3200 super
2853 3133 3199 3188 vestimentum
3226 3150 3391 3189 meum
3416 3137 3570 3192 mise-

1990 3228 2107 3273 runt
2136 3230 2321 3275 sortem
2354 3219 2537 3291 (Psal.
2565 3237 2655 3276 xx:
2682 3263 2697 3288 ,
2724 3221 2933 3295 17-19).
2960 3223 3150 3279 Omnia
3181 3226 3333 3297 quasi
3353 3226 3464 3297 jam
3491 3228 3576 3284 fa-

1991 3320 2075 3365 cta
2097 3321 2613 3379 commemorantur,
2646 3329 2766 3384 qua:
2797 3317 2981 3385 utique
3006 3315 3181 3372 adhuc
3208 3326 3431 3374 ventura
3460 3334 3583 3378 ccr«

1992 3402 2278 3459 nebantur.
2325 3402 2433 3459 Sed
2485 3414 2741 3476 quantum
2798 3416 2975 3476 potest
3010 3418 3196 3466 nostra
3266 3410 3582 3483 diligentia?

1991 3501 2252 3562 quantum
2285 3502 2463 3550 autem
2498 3504 2674 3565 potest
2701 3504 2847 3551 tanta
2868 3499 3188 3569 occupatio?
3231 3510 3325 3556 aut
3364 3505 3585 3573 quando

2000 3585 2083 3638 sic
2116 3592 2301 3653 vacat,
2330 3594 2390 3639 ut
2425 3585 2690 3654 possimus
2739 3600 2836 3657 pro
2881 3595 3031 3643 certo
3077 3589 3261 3646 dicere
3287 3609 3300 3647 :
3323 3590 3401 3647 Ita
3445 3603 3533 3650 est
3556 3598 3582 3649 ?

1993 3676 2490 3733 Animadvertimus
2516 3692 2658 3749 smpe
2705 3679 3000 3750 PrOpbetas
3030 3684 3305 3752 praeterito
3341 3695 3586 3756 tempore

1992 3767 2283 3823 verborum
2313 3768 2495 3825 dicere
2540 3785 2659 3840 qua:
2688 3768 2859 3826 futura
2897 3781 3020 3826 sunt
3045 3787 3061 3837 ;
3095 3772 3258 3842 ﬁgura
3287 3784 3466 3831 autem
3496 3777 3583 3832 fu-

1996 3861 2098 3915 turi
2119 3860 2298 3916 dicere
2323 3862 2613 3931 prmterita,
2639 3877 2747 3917 non
2776 3863 2930 3919 facile
2955 3866 3191 3919 occurrit
3220 3865 3436 3937 legenti.
3466 3869 3585 3925 Non

1994 3950 2167 4005 audeo
2202 3951 2400 4017 dicere,
2438 3951 2556 4006 Non
2602 3960 2718 4017 est;
2768 3952 2862 4007 sed
2908 3962 3054 4008 certe
3089 3954 3343 4010 studiosis
3393 3971 3582 4016 earum

1995 4041 2319 4097 Litterarum
2350 4041 2632 4096 indixerim
2653 4042 2779 4111 quid
2808 4052 3069 4112 qumrant.
3099 4042 3153 4099 Si
3178 4043 3497 4114 invenerint,
3527 4058 3586 4105 et

1997 4130 2070 4187 ad
2123 4147 2224 4187 nos
2254 4131 2529 4185 attulerint
2552 4173 2568 4197 ,
2598 4132 2984 4201 gratulabimur
3017 4133 3437 4191 adolescentium
3463 4148 3584 4194 stu-

1994 4222 2098 4277 diis
2127 4223 2423 4277 otiosorum
2451 4222 2694 4290 occupati
2731 4237 2909 4285 senes,
2937 4232 2992 4279 et
3025 4239 3089 4279 ex
3116 4240 3303 4281 eorum
3334 4228 3583 4287 ministe-

1995 4314 2076 4369 rio
2106 4323 2160 4369 et
2182 4329 2280 4369 nos
2320 4313 2517 4383 aliquid
2544 4312 2837 4370 discemus.
2868 4313 2986 4370 Non
3024 4315 3166 4371 enim
3191 4316 3582 4389 dedignamur;

1995 4408 2207 4478 quando
2240 4406 2482 4462 Christus
2502 4407 2571 4462 de
2610 4407 2860 4462 omnibus
2883 4407 3059 4463 docet.
3094 4408 3207 4465 lloc
3250 4426 3379 4483 ergo
3405 4412 3537 4469 dicit
3566 4432 3581 4468 :

1999 4497 2170 4567 Super
2219 4507 2412 4552 montes
2438 4499 2641 4552 stabunt
2666 4513 2829 4570 aquaz.
2865 4498 3131 4570 Propheta
3180 4516 3377 4559 curans
3407 4504 3586 4563 futura

1998 4589 2314 4660 praedicere,
2349 4604 2458 4643 non
2508 4604 2727 4647 narrare
2756 4591 3045 4659 prieterita,
3080 4602 3359 4663 propterea
3398 4595 3537 4651 dixit
3564 4578 3594 4664 ,'

1997 4680 2122 4751 quia
2174 4679 2469 4734 Ecclesiam
2514 4678 2745 4734 futuram
2798 4680 2851 4735 in
2903 4680 3105 4737 diluvio
3154 4685 3584 4752 persecutionum

1998 4772 2213 4827 volebat
2242 4770 2487 4842 intelligi.
2512 4770 2635 4825 Fuit
2671 4771 2815 4826 enim
2856 4780 3065 4842 tempus
3106 4773 3392 4843 aliquando
3417 4815 3433 4842 ,
3477 4792 3587 4846 quo

2002 4873 2199 4919 terram
2238 4862 2373 4927 Dei,
2405 4862 2700 4918 Ecclesiam
2732 4864 2825 4919 Dei
2860 4873 3249 4935 cooperuerant
3275 4880 3426 4935 aquae
3470 4882 3589 4937 per-

2000 4954 2336 5025 sequentium
2360 4970 2374 5019 ;
2403 4963 2458 5009 et
2485 4954 2558 5008 ita
2589 4963 3010 5024 cooperuerant,
3042 4964 3099 5009 ut
3128 4969 3235 5010 non
3257 4968 3586 5025 apparerent

2001 5064 2099 5104 nec
2125 5048 2223 5117 ipsi
2251 5047 2443 5118 magni,
2464 5048 2554 5118 qui
2582 5055 2709 5101 sunt
2733 5056 2963 5102 montes.
2988 5046 3206 5114 Quando
3222 5049 3365 5103 enim
3388 5049 3587 5121 ubique

2002 5139 2300 5209 fugiebant,
2335 5138 2601 5208 quomodo
2630 5152 2738 5191 non
2774 5136 2951 5190 minus
2979 5136 3355 5205 apparebant?
3380 5137 3450 5193 Et
3474 5140 3587 5197 for-

2005 5238 2143 5285 tasse
2167 5229 2233 5283 de
2262 5228 2365 5283 illis
2392 5228 2541 5297 aquis
2557 5236 2638 5281 est
2668 5241 2768 5281 vox
2796 5226 2886 5280 illa
2916 5242 2935 5280 :
2963 5225 3176 5282 Saluum
3195 5245 3274 5283 me
3299 5231 3403 5300 fac,
3427 5228 3584 5300 Deus,

2002 5321 2239 5389 quoniam
2260 5320 2566 5372 intraverunt
2583 5333 2727 5386 aqua:
2738 5332 2892 5387 usque
2909 5317 2978 5371 ad
2998 5318 3221 5373 animum
3233 5337 3395 5374 meam
3415 5320 3589 5391 (Psal.

2006 5426 2185 5476 mut,
2202 5410 2281 5482 ‘2).
2302 5409 2525 5463 Maxime
2541 5422 2690 5477 aqua:
2704 5424 2823 5478 qua:
2844 5423 2993 5464 mare
3010 5408 3228 5480 faciunt,
3251 5414 3584 5482 procellosze,

2007 5504 2371 5558 infructuosae.
2401 5499 2516 5554 Non
2544 5500 2687 5554 enim
2733 5515 3125 5572 quamcumque
3149 5512 3348 5558 terram
3390 5519 3589 5575 coope-

2006 5598 2319 5664 rueritaqua
2344 5595 2568 5662 marina,
2594 5595 2894 5650 fecundabit
2914 5611 3033 5653 eam
3049 5598 3379 5667 potiusquam
3398 5598 3464 5653 ad
3489 5608 3592 5655 ste-

2007 5689 2256 5742 rilitatem
2290 5684 2564 5754 perducet.
2601 5686 2925 5741 Erantenim
2956 5696 3239 5741 ettnoutes
3268 5687 3366 5742 sub
3393 5690 3587 5759 aquis;

2007 5778 2131 5849 quia
2161 5792 2322 5846 super
2350 5784 2558 5830 montes
2593 5777 2804 5831 stabant
2832 5792 3019 5845 aqucc:
3046 5776 3224 5845 pepuli
3277 5778 3592 5840 resistentes

2007 5879 2391 5942 superaverant
2421 5870 2794 5924 auctoritatem
2841 5868 3078 5921 omnium
3129 5868 3324 5939 ubique
3378 5869 3591 5929 fortiter

2006 5962 2483 6037 evangelizantium
2512 5961 2729 6020 verbum
2748 5959 2866 6023 Dei,
2890 5973 3280 6029 cooperuerant
3304 5978 3397 6020 eos
3413 5979 3589 6037 aquae,

2728 6054 3348 6143 {Quarante—(roisJ
