4088 6510
1786 369 1844 424 S.
1885 363 2247 424 AUGUSTI?"
2290 361 2590 418 EPlSCOPl
3694 309 3817 428 i35b

2323 477 2412 533 to.
2439 477 2578 548 Quid
2599 491 2747 551 ergo,
2776 479 3022 552 quiajam
3049 479 3238 538 ﬂuctus
3263 483 3594 541 amarissimi
3623 464 3817 547 modum

544 389 686 447 1555

545 511 602 559 et
618 511 780 572 super
802 500 920 556 illos
949 497 1157 553 stabant
1179 507 1351 563 aqua},
1380 488 1650 554 dicebant,
1671 485 1882 548 Preme,
1913 495 2131 553 preme;

548 607 606 654 et
628 595 983 668 premebant:
1019 589 1308 657 Exstingue
1333 625 1348 652 ,
1387 597 1494 638 non
1526 585 1838 651 appareant.
1883 575 2138 630 Dicebant

549 666 653 746 ista
679 731 692 754 ,
745 696 800 742 et
839 681 1200 756 praevalebant
1235 689 1398 746 super
1426 681 1690 744 martyres
1716 709 1730 734 ,
1781 677 1837 724 et
1870 666 2140 738 fugiebant

549 782 750 850 ubique
765 773 1075 838 Christiani,
1093 779 1147 824 et
1169 770 1292 839 iuga
1317 765 1546 838 quadam
1571 760 1978 818 occultabantur
1997 758 2141 827 Apo-

530 872 698 943 _stoli.
725 868 881 926 Unde
902 868 1024 936 fuga
1048 862 1461 918 occultabantur
1487 853 1773 927 A-postoli?
1797 852 1932 920 Quia
1973 865 2139 921 super

551 972 768 1022 montes
794 960 1010 1015 stabant
1041 951 1365 1026 aqum.Erat
1385 957 1625 1023 potestas
1638 959 1905 1018 aquarum
1927 956 2138 1012 magna.

553 1055 662 1112 Sed
688 1050 984 1125 quamdiu?
1013 1047 1148 1102 Audi
1176 1044 1316 1115 quod
1349 1043 1610 1112 sequitur.

629 1149 684 1203 8.
721 1144 744 1220 [
770 1161 900 1200 vers.
931 1144 984 1196 7.
1009 1139 1033 1215 ᾖ
1061 1140 1135 1193 Ab
1183 1135 1530 1207 increpatione
1565 1143 1652 1186 tua
1693 1129 1902 1202 fugient.
1948 1125 2018 1180 Et
2041 1124 2144 1179 hoc

559 1217 761 1295 factum
805 1247 918 1296 est,
969 1231 1203 1294 fratres;
1249 1228 1316 1282 ab
1364 1223 1734 1294 increpatione
1773 1219 1868 1275 Dei
1895 1217 2149 1288 fugerunt

563 1344 718 1399 aquae
751 1345 764 1381 :
794 1326 897 1379 hoc
950 1331 1053 1387 est,
1087 1337 1117 1373 a
1166 1331 1414 1389 pressura
1473 1313 1736 1367 ruont-ium
1783 1313 2144 1364 recesserunt.

562 1420 682 1476 Jam
711 1427 921 1471 montes
948 1413 1048 1482 ipsi
1073 1417 1288 1466 exstant
1315 1409 1508 1462 Petrus
1544 1414 1597 1459 et
1620 1404 1822 1458 Paulus
1843 1419 1856 1454 :
1876 1399 2148 1470 quomodo

565 1508 841 1567 eminent?
867 1506 966 1572 Qui
1012 1512 1135 1558 ante
1166 1516 1196 1556 a
1248 1496 1684 1570 persecutoribus
1731 1493 2150 1565 premebantur,

565 1615 710 1657 nunc
751 1599 818 1654 ab
849 1593 1261 1666 imperatoribus
1288 1597 1633 1646 venerantur.
1679 1587 1957 1657 Fugerunt
2009 1584 2151 1639 enim

565 1709 718 1764 aquae
745 1691 810 1745 ab
833 1688 1199 1758 increpatione
1227 1683 1322 1738 Dei
1350 1700 1362 1736 :
1393 1681 1514 1751 quia
1545 1695 1642 1746 cor
1681 1694 1871 1749 regum
1897 1677 1951 1731 in
1993 1691 2154 1730 manu

566 1785 700 1847 Dei;
732 1780 950 1836 deﬂexit
975 1792 1082 1849 quo
1111 1776 1277 1830 voluit
1306 1772 1489 1847 (Prov.
1521 1788 1632 1835 nt,
1668 1769 1745 1843 1),
1765 1770 1919 1840 jussit
1943 1784 2038 1838 per
2063 1781 2156 1822 eos

570 1889 758 1945 pacem
790 1872 903 1926 dari
924 1868 1246 1924 Christianis
1269 1883 1283 1933 ;
1310 1864 1526 1920 emicuit
1551 1872 1604 1917 et
1623 1861 1847 1918 eminuit
1869 1859 2157 1938 auctoritas

573 1966 888 2037 apostolica.
919 1961 1189 2031 Numquid
1242 1968 1296 2014 et
1321 1957 1535 2029 quando
1587 1971 1745 2024 supra
1801 1962 1952 2009 erant
1982 1966 2155 2021 aqum,

574 2060 839 2115 montium
878 2056 1147 2112 deiecerat
1187 2051 1538 2124 magnitudo?
1567 2050 1668 2106 Sed
1713 2058 1913 2111 tamen,
1967 2046 2159 2102 fratres

577 2152 707 2214 mei,
743 2158 802 2205 ut
844 2163 1033 2203 omnes
1078 2147 1319 2200 viderent
1350 2143 1694 2200 eminentiam
1725 2140 1981 2194 montium
2005 2181 2020 2205 ,
2067 2153 2162 2207 per

577 2257 712 2312 quos
739 2249 950 2294 montes
977 2239 1120 2292 salus
1149 2243 1291 2292 esset
1320 2234 1498 2304 generi
1530 2232 1782 2293 humano,
1816 2229 1959 2300 quia,
1992 2227 2158 2282 Lera-

576 2334 627 2387 vi
666 2333 837 2386 oculos
879 2345 1014 2384 meos
1044 2331 1096 2382 in
1147 2337 1337 2381 montes
1364 2369 1376 2391 ,
1410 2324 1544 2377 unde
1572 2323 1731 2376 veniet
1764 2321 2013 2374 aua'ilium
2039 2318 2163 2373 mihi

578 2423 754 2493 (Psal.
785 2437 908 2486 cxx,
945 2419 1026 2489 i);
1061 2419 1127 2473 ab
1176 2416 1534 2486 increpatione
1564 2413 1658 2468 Dei
1714 2412 1962 2482 fugerunt
1987 2426 2160 2481 aqua}.

577 2517 624 2570 A
651 2530 768 2568 uoce
787 2513 1001 2566 tonitrus
1028 2511 1100 2563 tui
1134 2507 1496 2580 fonnidabunt.
1530 2505 1645 2559 .lam
1676 2505 1793 2574 quis
1817 2518 1920 2557 non
1951 2512 2158 2557 terrea-

567 2617 668 2675 tur
693 2621 721 2659 a
745 2619 877 2659 voce
907 2602 1000 2657 Dei
1041 2616 1136 2673 per
1165 2599 1472 2669 Apostolos,
1502 2612 1634 2650 voce
1664 2595 1758 2649 Dei
1786 2611 1883 2665 per
1923 2594 2163 2662 Scriptu-

577 2715 691 2763 ras,
715 2711 812 2767 per
837 2695 1004 2750 nubes
1021 2693 1177 2763 ejus?
1204 2690 1520 2760 Conquicvit
1545 2704 1715 2755 mare,
1742 2686 2164 2742 formidaverunt

581 2803 760 2858 aquae,
791 2786 969 2840 nudati
997 2792 1121 2838 sunt
1149 2791 1378 2847 montes,
1401 2781 1560 2850 jussit
1588 2781 1892 2849 imperator.
1916 2776 2020 2833 Sed
2048 2775 2168 2845 quis

578 2879 850 2949 jussisset,
885 2876 983 2930 nisi
1013 2875 1155 2928 Deus
1203 2871 1502 2926 tonuisset?
1531 2870 1663 2938 Quia
1692 2870 1860 2924 voluit
1885 2870 2046 2934 Deus,
2091 2867 2167 2921 illi

581 2969 878 3040 jusserunt,
911 2973 964 3018 et.
991 2963 1187 3018 factum
1218 2971 1320 3016 est.
1357 2963 1493 3030 Ergo
1523 2960 1705 3014 nullus
1755 2959 1856 3013 sibi
1886 2958 2165 3013 hominum

585 3069 800 3132 arroget
825 3056 1022 3127 aliquid
1051 3073 1064 3121 ;
1093 3054 1515 3109 formidaverunt
1539 3067 1712 3122 aqnte,
1740 3051 1831 3106 sed
1861 3047 1894 3104 ὰ
1922 3067 2041 3104 voce
2087 3060 2167 3105 to-

582 3157 750 3210 nitrus
774 3153 863 3207 tui.
884 3151 1016 3206 Nam
1035 3163 1178 3214 ecce,
1208 3163 1330 3203 cum
1351 3147 1518 3200 voluit
1540 3146 1704 3211 Deus,
1729 3144 1972 3215 fugerunt
1993 3160 2163 3215 aqum,

582 3264 654 3304 ne
683 3251 987 3320 premerent
1049 3250 1296 3304 montes;
1341 3250 1626 3309 antequam
1676 3236 1729 3292 id
1759 3237 1933 3302 ﬁeret,
1987 3247 2039 3292 ct
2069 3238 2166 3292 sub

582 3342 736 3411 aquis
769 3337 905 3392 ﬁrmi
933 3343 1087 3391 erant
1115 3341 1348 3388 montes.

655 3434 710 3490 9.
743 3431 766 3504 [
791 3447 917 3484 vers.
968 3428 1124 3483 8-10.
1152 3425 1176 3500 ]
1205 3424 1496 3480 Ascendunt
1525 3433 1741 3489 montes,
1790 3433 1837 3478 ct
1862 3423 2167 3478 descendunt

585 3524 773 3594 campi,
830 3523 882 3574 in
911 3521 1075 3574 locum
1126 3533 1270 3588 quem
1297 3515 1524 3587 fundasti
1559 3513 1649 3568 eis.
1695 3513 1881 3569 Adhuc
1909 3514 1974 3568 de
2011 3514 2166 3584 aquis

584 3615 839 3684 loquitur.
877 3609 994 3665 Non
1047 3608 1135 3662 hic
1190 3616 1400 3661 montes
1429 3605 1748 3675 accipiamus
1775 3645 1790 3670 ,
1819 3605 1968 3675 quasi
2001 3614 2167 3661 terre-

582 3719 720 3771 nos;
748 3714 1180 3772 nequecampos,
1211 3697 1359 3768 quasi
1392 3705 1634 3750 terrenos
1662 3713 1675 3748 :
1717 3696 1810 3750 sed
1837 3694 2029 3748 ﬂuctus
2057 3703 2164 3750 tam

583 3811 809 3868 magnos
835 3836 848 3859 ,
884 3801 942 3848 ut
990 3791 1260 3846 montibus
1308 3797 1712 3856 comparentur.
1746 3785 2047 3841 Fluctuavit
2071 3787 2166 3840 ali-

583 3887 798 3959 quando
824 3899 992 3948 marc,
1045 3891 1101 3936 et
1149 3879 1343 3935 ﬂuctus
1376 3881 1493 3947 ejus
1539 3887 1787 3948 tanquam
1821 3888 2029 3933 montes
2057 3878 2167 3933 fuc-

582 3987 741 4045 runt,
801 3976 890 4045 qui
938 3980 1148 4027 montes
1211 3970 1337 4024 illos
1390 3968 1674 4037 Apostolos
1726 3969 2018 4038 operirent.
2060 3967 2165 4024 Sed

583 4069 835 4140 quamdiu
864 4063 1140 4119 ascendunt
1160 4070 1372 4125 montes,
1405 4069 1449 4113 et
1479 4059 1783 4114 descendunt
1810 4061 2022 4129 campi?
2048 4059 2164 4116 Stc-

585 4161 838 4221 vierunt,
891 4163 946 4208 et
995 4149 1188 4222 placati
1242 4160 1385 4205 sunt.
1432 4149 1569 4204 Cum
1601 4151 1924 4217 saeviebant,
1957 4161 2165 4206 montes

589 4257 741 4308 crant
764 4264 776 4297 :
802 4260 922 4299 cum
971 4241 1163 4312 placati
1195 4249 1346 4303 sunt,
1377 4239 1550 4310 campi
1585 4239 1704 4294 facti
1741 4248 1900 4306 sunt;
1933 4241 2167 4296 fundavit

587 4341 728 4394 extim
757 4339 834 4391 eis
862 4335 1054 4388 locum.
1081 4334 1180 4387 Est
1217 4332 1428 4401 quidam
1458 4341 1665 4386 meatus
1689 4333 1732 4399 ‘,
1761 4335 1912 4403 quasi
1941 4337 2162 4405 profun-

587 4431 689 4486 dus
722 4430 891 4492 locus,
919 4441 1026 4495 quo
1048 4432 1259 4492 recepta
1283 4433 1407 4477 sunt
1435 4423 1827 4492 quodammodo
1852 4428 2028 4482 omnia
2067 4443 2168 4483 sze-

585 4522 781 4577 vientia
809 4518 970 4572 corda
996 4516 1318 4571 mortalium.
1340 4514 1518 4580 Quam
1551 4515 1699 4568 multi
1726 4515 1905 4580 modo,
1937 4527 1987 4571 et
2017 4519 2160 4587 salsi,

587 4625 641 4670 et
669 4611 836 4668 amari
869 4619 1030 4670 sunt;
1077 4616 1129 4662 et
1162 4617 1336 4662 tamen
1385 4606 1589 4676 quieti?
1626 4607 1794 4674 Quam
1839 4609 1991 4665 multi
2043 4623 2166 4669 sunt

588 4706 679 4776 qui
711 4703 1018 4758 dulcescere
1067 4697 1288 4752 nolunt?
1341 4697 1442 4764 Qui
1469 4705 1592 4751 sunt
1617 4698 1705 4768 qui
1732 4698 2038 4758 dulcescere
2069 4719 2166 4759 uo-

581 4797 736 4854 lunt?
778 4794 880 4861 Qui
926 4795 978 4846 in
1023 4791 1294 4846 Christum
1350 4789 1522 4844 adhuc
1568 4791 1787 4848 credere
1832 4795 2035 4851 nolunt.
2097 4797 2164 4854 Et

580 4887 823 4960 quamvis
869 4884 1021 4940 multi
1066 4891 1189 4936 sunt
1218 4882 1306 4952 qui
1360 4881 1593 4936 nondum
1623 4885 2002 4955 crediderunt,
2037 4890 2162 4958 quid

585 4983 788 5035 faciunt
844 4975 1140 5032 Ecclesite?
1195 4973 1399 5028 Montes
1434 4985 1589 5028 erant
1631 4976 1946 5047 aliquando,
2005 4981 2163 5037 modo

586 5071 760 5141 campi
793 5080 918 5123 sunt
952 5087 964 5121 :
999 5077 1173 5120 tamen
1201 5108 1213 5130 ,
1266 5065 1456 5120 fratres
1486 5067 1609 5133 mei,
1643 5078 1695 5122 et
1723 5069 1943 5124 malacia
1975 5073 1994 5104 ³
2018 5089 2162 5129 mare

583 5173 683 5219 est.
727 5163 903 5229 Quare
928 5161 1070 5214 enim
1106 5173 1209 5212 non
1258 5158 1483 5211 saeviunt
1530 5158 1730 5213 modo?
1759 5175 1921 5230 quare
1951 5179 2053 5218 non
2085 5165 2163 5220 in-

587 5253 840 5310 saniunt?
882 5266 1045 5321 quare
1097 5265 1203 5304 non
1259 5249 1386 5304 dant
1424 5251 1688 5319 operam?
1716 5251 1771 5306 Si
1802 5267 1907 5307 non
1940 5266 2162 5323 possunt

581 5356 823 5404 evertere
859 5355 1057 5400 terram
1083 5351 1320 5398 nostram
1346 5384 1360 5409 ,
1412 5351 1556 5398 certe
1581 5353 1863 5414 contegere
1891 5346 1932 5400 ³.
1987 5346 2161 5415 Quare

576 5441 727 5499 non?
753 5435 891 5493 Audi
921 5454 933 5488 :
961 5433 1250 5489 Terminum
1270 5434 1480 5504 posuisti
1502 5451 1647 5501 quem
1663 5451 1762 5489 non
1787 5437 2162 5508 transgredien-

577 5547 676 5601 tur,
704 5548 861 5602 neque
888 5538 1191 5584 revertentur
1222 5537 1382 5599 tegere
1407 5538 1608 5582 terram.

640 5650 657 5680 ⁸
693 5655 872 5696 Omnes
892 5649 1021 5700 Mss.,
1046 5646 1214 5691 metus.

638 5715 660 5743 ³
696 5711 828 5768 Edd.,
846 5705 1048 5756 malitia.
1075 5704 1164 5753 Sed
1190 5703 1469 5768 legendum,
1485 5703 1707 5768 malacia.
1726 5705 1854 5766 quod
1879 5720 2010 5757 mare
2034 5721 2160 5756 mor-

575 5781 714 5824 tuum
741 5773 934 5828 dicitur,
960 5780 1068 5818 cum
1090 5773 1186 5818 stat
1203 5769 1308 5816 sine
1335 5767 1492 5814 ventis
1519 5773 1568 5813 et
1587 5767 1694 5816 sine
1720 5778 1866 5817 Itane.

640 5836 661 5867 ³
695 5830 887 5896 supple,
915 5834 1123 5894 possunt.

2255 579 2599 642 acceperunt,
2626 580 2684 626 ut
2711 571 2871 627 liceat
2896 572 3056 628 nobis
3085 573 3208 629 talia
3235 576 3410 631 etiam
3455 577 3625 634 libere
3643 582 3818 650 praedi-

2242 676 2368 719 care
2389 679 2402 728 ;
2421 664 2544 734 quia
2561 663 2846 720 terminum
2875 674 3196 739 acceperunt
3221 665 3492 733 debitum,
3515 669 3820 738 quiat-rans-

2241 753 2395 825 gredi
2444 767 2552 808 non
2605 763 2830 825 possunt
2857 755 3162 826 inpositum
3209 757 3415 823 tinem,
3445 769 3622 830 nenae
3659 779 3821 820 reven-

2245 855 2427 902 tentur
2473 855 2655 918 tegere
2686 857 2916 914 terram;
2967 848 3095 919 quid
3126 847 3184 904 ﬁt
3229 851 3290 904 in
3339 853 3462 920 ipsa
3513 855 3820 929 terr-Mque

2247 939 2590 1008 opemtiones
2716 939 2870 1008 ﬁunt,
2899 955 3056 1011 quam
3084 941 3193 1011 jam
3229 958 3396 998 mare
3426 944 3689 1002 nudavit?
3721 951 3822 1006 Etsi

2250 1030 2316 1083 ad
2338 1029 2456 1100 ejus
2483 1045 2632 1086 oram
2663 1041 2850 1086 tenues
2875 1031 3068 1086 ﬂuctus
3121 1041 3495 1104 perstrepunt,
3524 1038 3623 1092 etsi
3666 1041 3820 1102 adhuc

2231 1132 2587 1177 murmurant
2631 1123 2862 1194 Pagani;
2912 1125 3144 1180 sonitum
3191 1127 3442 1182 littorum
3470 1131 3653 1198 audio,
3700 1134 3818 1190 dilu-

2251 1214 2396 1268 vium
2424 1229 2530 1268 non
2557 1215 2928 1284 perhorresco.
2965 1217 3104 1284 Quid
3134 1233 3283 1288 ergo,
3325 1220 3456 1289 quid
3488 1221 3547 1275 fit
3575 1223 3624 1276 in
3656 1230 3814 1282 terra?

2259 1307 2359 1372 Qui
2386 1309 2572 1362 emittis
2604 1313 2766 1380 fontes
2789 1310 2841 1364 in
2897 1311 3225 1367 ronmllibus.
3255 1311 3491 1382 Emittis,
3525 1315 3705 1388 inquit,
3737 1325 3823 1391 fon-

2256 1408 2329 1454 tes
2354 1400 2406 1453 in
2435 1400 2764 1456 convallibus.
2793 1403 3070 1458 Convalles
3092 1405 3256 1459 nostis
3285 1405 3420 1476 quid
3448 1407 3575 1475 sint,
3602 1408 3821 1480 deprcsa

2257 1492 2375 1547 loca
2405 1503 2685 1551 terrarum.
2720 1494 2848 1550 Nam
2897 1497 3128 1552 collibus
3176 1506 3232 1553 et
3267 1500 3555 1557 montibus
3578 1507 3820 1559 contraria

2266 1583 2434 1654 ﬁgura
2476 1594 2819 1656 Opportuntnr
2856 1589 3022 1642 valles
3076 1589 3156 1644 vel
3211 1592 3518 1647 convalles.
3565 1593 3736 1650 Colles
3782 1607 3822 1652 ct

2261 1688 2472 1733 montes
2499 1722 2513 1746 ,
2558 1689 2804 1736 tumores
2861 1689 3122 1737 terrarum
3153 1692 3313 1752 sunt;
3341 1687 3515 1744 valles
3543 1700 3708 1745 autem
3753 1693 3821 1748 vel

2260 1769 2532 1823 convalles
2563 1813 2577 1834 ,
2632 1771 2954 1826 humilitates
3009 1783 3293 1832 terrarum.
3343 1775 3466 1832 Noli
3516 1779 3821 1839 contemnere

2257 1861 2619 1927 humiiitates;
2651 1863 2773 1918 inde
2791 1863 2963 1919 ﬂuunt
2987 1865 3161 1921 fontes
3185 1884 3197 1919 :
3228 1864 3444 1922 Emittis
3467 1873 3623 1937 fontes
3643 1865 3690 1917 in
3716 1877 3815 1914 con.

2264 1951 2496 2005 vallibus.
2548 1954 2682 2008 Audi
2737 1966 2970 2011 montem
3009 1975 3022 2010 :
3053 1958 3181 2013 dicit
3214 1959 3546 2029 Apostolus,
3579 1958 3699 2015 Plus
3733 1959 3817 2014 illis

2267 2045 2496 2100 omnibus
2518 2045 2760 2101 laboravi.
2789 2049 3092 2118 Magnitudo
3119 2051 3374 2121 quaedam
3420 2053 3818 2122 commendatur;

2267 2135 2445 2189 statim
2474 2145 2671 2203 tamen,
2705 2148 2762 2192 ut
2791 2139 3056 2210 prolluant
3076 2157 3248 2212 aquae,
3278 2146 3577 2200 convallem
3597 2161 3652 2201 se
3687 2145 3818 2202 fecit:

2269 2224 2389 2280 Non
2415 2245 2506 2298 ego
2540 2239 2728 2293 autent,
2750 2232 2840 2284 sed
2865 2232 3028 2302 gratia
3055 2233 3154 2288 Dei
3175 2233 3384 2290 Mecum
3413 2235 3457 2308 (l
3483 2237 3596 2292 Cor.
3625 2254 3703 2301 xv,
3726 2237 3816 2309 10).

2266 2317 2384 2374 Non
2411 2329 2672 2391 repugnat
2699 2329 2756 2376 ut
2779 2322 2869 2391 qui
2899 2332 3025 2377 sunt
3058 2335 3303 2392 montes,
3332 2327 3442 2382 sint
3469 2337 3522 2382 et
3544 2327 3816 2394 convalles;

2269 2412 2405 2468 sicut
2424 2414 2566 2468 enim
2595 2424 2804 2470 montes
2832 2415 3081 2471 dicuntur
3118 2428 3344 2488 propter
3378 2421 3697 2490 Spiritualem
3721 2435 3816 2474 ma-

2269 2505 2598 2573 gnitudinem
2621 2546 2634 2569 ,
2663 2506 2734 2560 ita
2763 2512 2818 2562 et
2843 2509 3115 2564 convalles
3135 2519 3364 2579 propter
3391 2511 3474 2565 sui
3513 2511 3717 2579 spiritus
3737 2510 3817 2565 ltil-

2269 2596 2568 2653 militatem.
2611 2597 2734 2652 Non
2771 2616 2882 2670 ego,
2912 2599 3116 2670 inquit,
3168 2602 3259 2656 sed
3299 2603 3469 2674 gratia
3494 2601 3592 2658 Dei
3637 2619 3814 2656 mecum.

2273 2687 2393 2742 Non
2421 2704 2532 2758 ego,
2561 2688 2817 2743 convallis
2844 2699 2956 2756 est;
2987 2700 3041 2746 et
3065 2691 3235 2759 gratia
3256 2691 3358 2747 Dei
3379 2709 3588 2757 mecum,
3611 2690 3717 2746 fons
3731 2700 3814 2747 est.

2273 2777 2378 2844 Qui
2401 2779 2586 2832 emittis
2610 2778 2774 2848 fontes
2799 2780 2851 2833 in
2880 2781 3210 2836 conuallibus.
3245 2783 3323 2837 De
3346 2782 3547 2852 Spiritu
3575 2782 3814 2838 dicebatur

2269 2869 2412 2940 quod
2442 2870 2602 2924 modo
2623 2873 3061 2938 commemoravi,
3091 2872 3152 2927 Si
3177 2873 3293 2942 quis
3318 2874 3446 2941 sitit,
3479 2875 3637 2928 ueniat
3659 2874 3718 2926 ad
3735 2891 3812 2939 me,

2270 2970 2320 3014 ct
2343 2961 2494 3016 bibat.
2527 2962 2631 3029 Qui
2667 2963 2826 3016 credit
2853 2964 2906 3017 in
2932 2980 3027 3027 me,
3056 2965 3271 3033 ﬂumina
3299 2980 3446 3034 aqua:
3470 2966 3592 3020 uiua
3614 2967 3751 3036 ﬂuent
3766 2966 3813 3018 de

2273 3061 2446 3107 ventre
2473 3054 2601 3122 eius.
2635 3053 2748 3108 Hoc
2795 3064 2962 3108 autent
2990 3055 3182 3109 dicebat
3209 3056 3274 3109 de
3319 3055 3550 3126 Spiritu,
3588 3050 3714 3127 quem
3751 3071 3813 3107 ac.

2271 3146 2464 3216 cepturi
2480 3155 2622 3199 erant
2639 3145 2692 3198 hi
2718 3147 2802 3214 qui
2827 3147 3005 3200 incum
3035 3147 3236 3216 fuerant
3283 3149 3542 3202 credituri.
3575 3146 3812 3203 Videamus

2269 3239 2318 3291 si
2339 3239 2609 3292 convalles
2640 3247 2782 3304 sunt,
2808 3247 2864 3292 ut
2888 3239 3199 3294 emittantur
3226 3239 3410 3296 fontes
3432 3241 3484 3295 in
3507 3239 3809 3295 convallibus.

2268 3328 2411 3384 Audi
2471 3329 2790 3399 prophetam
2845 3348 2858 3382 :
2902 3330 3071 3401 Super
3121 3348 3273 3403 quem
3325 3334 3589 3404 requiescet
3629 3332 3810 3400 Spiritus

2272 3437 2413 3473 meus
2436 3462 2450 3486 ,
2495 3421 2595 3474 nisi
2630 3437 2782 3490 super
2813 3420 3086 3488 humilem,
3133 3432 3179 3476 et
3201 3424 3444 3492 quietum,
3491 3431 3808 3476 et'tremeatem

2273 3514 2419 3566 verba
2439 3527 2547 3565 mea
2570 3511 2719 3583 (lsai.
2742 3528 2881 3578 vat,
2902 3512 2986 3584 2)?
3011 3513 3144 3581 Quid
3171 3524 3276 3582 est,
3302 3515 3471 3586 Super
3497 3529 3634 3583 quem
3653 3511 3808 3582 requie-

2272 3612 2375 3657 scet
2405 3602 2628 3672 Spiritus
2659 3620 2796 3658 meus
2819 3645 2832 3669 ,
2864 3621 3019 3674 super
3055 3606 3294 3660 humilem
3339 3617 3388 3660 et
3415 3606 3663 3678 quietum?
3704 3601 3807 3670 Quis

2274 3692 2494 3748 habebit
2519 3693 2717 3748 fontem
2749 3709 2924 3749 meum
2949 3696 2972 3749 ?
3000 3695 3288 3752 Convallis.

2345 3785 2432 3838 il.
2460 3784 2602 3839 Inter
2623 3785 2841 3839 medium
2865 3788 3109 3841 montium
3138 3776 3510 3858 pertransibunt
3531 3801 3678 3858 aqua.
3712 3783 3800 3837 lluc

2272 3890 2440 3946 usque
2469 3891 2499 3928 a
2535 3874 2763 3932 Lectore
2805 3878 3176 3947 pronuntiatus
3199 3889 3283 3935 est
3332 3882 3586 3943 Psalmus,
3619 3879 3708 3930 huc
3733 3889 3799 3928 us.

2272 3983 2376 4038 qne
2414 3967 2670 4022 Charitati
2714 3979 2906 4023 vestra:
2955 3969 3202 4026 sufﬁciat.
3247 3973 3360 4028 lloc
3397 3974 3658 4035 dicemus,
3684 3978 3728 4022 et
3760 3966 3798 4019 in

2271 4059 2488 4114 neruine
2519 4059 2610 4114 Dei
2634 4074 2938 4115 sermonem
2972 4063 3393 4119 terminabimus.
3421 4064 3550 4132 Quid
3571 4071 3660 4125 est,
3683 4059 3799 4118 Inter

2271 4149 2495 4202 medium
2528 4151 2771 4204 montium
2801 4153 3177 4221 pertransibunt
3210 4156 3398 4224 aqum?
3423 4154 3708 4209 Audivimus
3727 4148 3795 4217 (ιῠί

2270 4242 2378 4296 sint
2401 4251 2630 4307 montes,
2657 4243 2832 4312 magni
2855 4243 3230 4312 prtedicatores
3263 4247 3407 4302 verbi
3429 4288 3443 4312 ,
3472 4246 3700 4300 sublimes
3719 4255 3794 4294 an-

2271 4335 2373 4402 geli
2403 4333 2492 4389 Dei
2519 4375 2532 4399 ,
2586 4335 2827 4404 quamvis
2853 4333 3028 4390 adhuc
3056 4334 3110 4390 in
3163 4353 3324 4394 carne
3363 4331 3564 4392 mortali
3595 4353 3607 4389 :
3636 4329 3794 4388 excelsi

2271 4442 2379 4481 non
2402 4442 2497 4481 sua
2527 4427 2738 4492 virtute,
2773 4427 2864 4482 sed
2907 4427 3048 4482 illius
3077 4430 3242 4499 gratia
3267 4447 3280 4496 ;
3311 4437 3554 4500 quantum
3575 4435 3725 4480 autem
3744 4421 3793 4473 ait

2272 4520 2418 4589 ipsos
2440 4519 2662 4583 attinet,
2691 4519 2961 4574 convalles
2987 4529 3130 4586 sunt,
3162 4521 3428 4577 humiliter
3456 4520 3680 4573 emittunt
3701 4513 3790 4566 fon-

2271 4619 2370 4667 tes.
2414 4611 2480 4665 Et
2503 4612 2631 4664 inter
2656 4612 2873 4664 medium
2917 4612 3197 4677 montium,
3246 4611 3441 4683 inquit,
3472 4605 3789 4681 pertransibunt

2269 4719 2432 4771 «quae.
2465 4703 2717 4757 Putemus
2762 4702 2864 4757 hoc
2908 4703 2979 4758 ita
3021 4704 3215 4758 dictum
3241 4746 3253 4770 ,
3303 4705 3442 4760 Inter
3469 4699 3786 4773 Apostolorum

2269 4793 2502 4847 medium
2527 4793 2924 4862 pertransibunt
2948 4794 3351 4864 prtedicationes
3375 4799 3389 4828 ¹
3410 4795 3546 4849 verbi
3573 4787 3786 4847 Veritatis.

2270 4886 2405 4954 Quid
2434 4894 2537 4952 est,
2569 4884 2710 4940 Inter
2735 4885 2970 4941 medium
3001 4888 3414 4956 Apostolorum?
3435 4884 3578 4954 Quod
3598 4880 3784 4936 medium

2269 4977 2480 5043 dicitur,
2511 4993 2796 5032 commune
2825 4986 2927 5032 est.
2972 4977 3080 5033 Res
3119 4979 3442 5044 communis,
3484 4975 3612 5030 unde
3637 4982 3786 5024 omnes

2265 5071 2544 5140 aequaliter
2571 5072 2773 5135 vivunt,
2802 5070 2975 5125 media
3005 5080 3109 5138 est,
3151 5087 3250 5127 nec
3285 5072 3466 5127 attinet
3487 5068 3546 5122 ad
3573 5078 3678 5126 me;
3711 5057 3783 5118 513d

2268 5179 2368 5218 nec
2394 5164 2580 5217 attinet
2621 5163 2686 5218 ad
2719 5171 2790 5229 te,
2825 5178 2925 5218 nec
2960 5163 3025 5218 ad
3054 5179 3158 5220 me.
3189 5166 3472 5235 Propterea
3489 5157 3723 5229 loquimur
3742 5156 3780 5201 et

2269 5258 2347 5312 sic
2372 5256 2439 5312 de
2470 5256 2735 5326 aliquibus
2757 5256 3059 5312 hominibus
3084 5271 3098 5311 :
3125 5258 3332 5313 Habent
3365 5257 3497 5311 inter
3517 5265 3569 5306 se
3596 5256 3774 5318 pacem.

2271 5350 2466 5405 habent
2509 5350 2647 5404 inter
2673 5363 2731 5404 se
2757 5349 2916 5405 ﬁdem
2937 5391 2950 5415 ,
2992 5349 3190 5405 habent
3235 5351 3370 5406 inter
3393 5364 3448 5403 se
3473 5342 3774 5402 ebaritatem;

2269 5443 2349 5497 sic
2378 5451 2523 5498 certe
2548 5441 2794 5496 dicimus.
2823 5440 2958 5508 Quid
2989 5451 3070 5496 est
3090 5481 3108 5510 ,
3136 5444 3278 5497 inter
3303 5442 3396 5497 se?
3419 5439 3486 5492 lne
3508 5431 3660 5490 medio
3691 5422 3771 5479 stti-

2269 5533 2406 5601 Quid
2421 5542 2521 5600 est,
2552 5534 2603 5586 in
2628 5532 2802 5586 medio
2819 5532 2936 5587 sui?
2957 5532 3251 5589 Commune
3269 5543 3347 5589 est
3368 5531 3485 5588 illis.
3504 5522 3621 5582 Audi
3645 5527 3772 5589 aquas

2268 5625 2406 5680 inter
2453 5624 2682 5678 medium
2730 5625 3010 5678 montium.
3062 5626 3195 5690 Quia
3235 5621 3512 5681 communis
3557 5614 3641 5670 illis
3665 5606 3770 5663 lich

2265 5724 2402 5781 erat,
2435 5731 2530 5770 nec
2558 5716 2782 5786 quisque
2808 5730 2974 5784 aquas
3003 5716 3153 5785 quasi
3182 5716 3416 5787 pr0prias
3441 5720 3488 5768 et
3515 5718 3620 5764 suas
3644 5696 3768 5756 babe-

2334 5831 2347 5860 ³
2385 5832 2454 5878 sic.
2477 5839 2574 5879 Am.
2602 5837 2673 5878 Er.
2699 5836 2746 5878 et
2772 5837 2876 5880 Mss.
2907 5838 2958 5880 At
2982 5837 3109 5893 I.ov.,
3131 5831 3458 5896 prazdicatores

3515 5828 4010 6408 Α
