4088 6468
577 395 606 451 Ι
616 393 720 452 359

578 497 775 572 mentis
794 510 1066 577 allenatio,
1091 522 1247 580 quam
1270 506 1441 563 Grreci
1464 504 1695 561 ecstasin
1724 500 1911 558 dicunt
1934 515 1948 554 :
1979 498 2033 554 id
2051 505 2155 560 est,

588 617 779 662 aversa
804 612 887 659 est
913 617 1063 657 mens
1079 601 1195 671 ejus
1223 614 1254 654 a
1277 596 1662 654 consuetudine
1686 592 1949 665 corporali
1978 590 2045 645 ad
2074 590 2157 645 vi-

577 709 701 752 sum
728 693 1008 766 quemdam
1036 689 1527 762 contemplandum,
1556 687 1783 742 alienata
1813 687 1830 718 ί
1860 700 1888 740 a
1920 698 2155 757 praesen-

576 788 740 843 tibus.
790 785 939 841 Tune
984 784 1117 839 vidit
1139 798 1234 839 vas
1261 782 1530 854 quoddam
1560 779 1726 835 veluti
1756 780 1975 835 linteum
2015 792 2151 849 qua-

576 890 698 936 tuor
722 879 876 935 lineis
905 878 1139 933 submitti
1172 877 1240 933 de
1269 877 1430 941 coelo,
1455 874 1541 930 ubi
1569 884 1723 930 erant
1748 873 1929 930 omnia
1950 872 2158 927 anima-

574 972 669 1039 lia,
700 971 875 1027 omnis
898 969 1109 1041 generis
1151 968 1368 1033 bestiae;
1403 976 1457 1023 et
1484 966 1663 1022 sonuit
1689 965 1737 1022 ei
1768 982 1870 1021 vox
1910 984 1925 1021 :
1972 964 2154 1031 Petre,

572 1075 765 1131 macta,
793 1075 841 1118 et
869 1062 1141 1116 manduca.
1168 1059 1259 1116 llle
1288 1067 1464 1114 autem
1486 1058 1575 1130 qui
1604 1058 1655 1112 in
1675 1056 1819 1127 Lege
1844 1057 2014 1112 fuerat
2035 1071 2159 1111 eru-

572 1158 737 1225 ditus,
767 1166 822 1214 et
864 1157 917 1212 in
956 1153 1339 1211 consuetudine
1370 1152 1587 1207 Iudaica
1636 1158 1907 1217 creverat,
1952 1163 2155 1221 prmce-

572 1259 831 1321 ptumque
847 1264 945 1321 per
960 1246 1175 1319 Moysen
1195 1244 1288 1301 Dei
1308 1243 1561 1298 famulum
1581 1241 1863 1306 retinebat,
1888 1249 2158 1311 totamque

576 1343 740 1398 vitam
771 1356 919 1397 suam
948 1339 1177 1395 ﬁdeliter
1220 1336 1582 1401 custodierat,
1615 1334 1926 1405 respondit:
1959 1332 2097 1387 Absit
2123 1349 2157 1386 a

578 1450 679 1500 me,
713 1432 959 1500 Domine;
989 1445 1244 1500 nunquam
1270 1444 1536 1483 commune
1562 1426 1759 1497 aliquid
1790 1426 1992 1479 intravit
2021 1425 2075 1479 in
2100 1441 2156 1480 os

576 1542 761 1579 meum.
792 1523 1086 1579 Commune
1120 1528 1296 1576 autem
1338 1518 1668 1574 immundum
1697 1516 1802 1572 dici
1830 1532 1860 1572 a
1880 1516 2080 1572 Judrcis
2102 1523 2158 1571 et

574 1631 606 1669 a
633 1615 804 1685 Lege,
836 1614 975 1669 bene
1004 1619 1266 1667 noverunt
1291 1609 1381 1683 qui
1412 1608 1805 1665 ecclesiasticas
1834 1607 2040 1663 litteras
2068 1606 2155 1662 di-

572 1706 836 1763 dicerunt.
877 1705 944 1759 Et
983 1719 1090 1759 vox
1119 1701 1184 1758 ad
1224 1701 1371 1756 illum
1404 1718 1418 1755 ε
1449 1699 1575 1766 Quae
1618 1699 1755 1755 Deus
1781 1698 2060 1766 mandavit,
2102 1706 2158 1752 tu

572 1796 836 1851 immunda
879 1810 939 1849 ne
990 1795 1197 1850 dixeris.
1230 1792 1343 1848 Hoc
1383 1798 1564 1847 autem
1604 1791 1798 1846 factum
1840 1801 1924 1846 est
1959 1799 2058 1855 ter,
2101 1797 2157 1845 et

570 1890 782 1945 ablatus
837 1897 921 1943 est
962 1888 1051 1943 ille
1099 1887 1277 1943 discus
1326 1886 1417 1956 qui
1456 1884 1924 1940 demonstrabatur
1967 1891 2049 1938 ter
2086 1882 2156 1939 de

573 1981 713 2038 coelo
734 1980 1031 2036 submissus
1062 1978 1196 2049 (Act.
1238 1993 1291 2042 κ,
1334 1977 1517 2048 9-l6).
1561 1976 1750 2032 Discus
1798 1975 1887 2047 qui
1928 1983 2155 2045 quatuor

569 2076 730 2132 lineis
764 2072 1166 2137 continebatur,
1199 2071 1345 2127 orbis
1387 2080 1648 2126 terrarum
1674 2076 1790 2123 erat
1831 2068 1885 2123 in
1926 2077 2154 2138 quatuor

568 2166 833 2239 partibus.
869 2166 973 2221 Has
1002 2173 1229 2234 quatuor
1272 2172 1453 2234 partes
1497 2177 1642 2232 saepe
1687 2160 1962 2231 Scriptura
2005 2174 2154 2216 eom-

570 2267 870 2325 memorat,
924 2257 1185 2312 orientem
1243 2264 1298 2311 et
1348 2253 1715 2319 occidentem,
1758 2253 2060 2324 aquilonem
2098 2260 2153 2307 et

570 2351 871 2408 meridiem.
902 2350 1025 2406 ldeo
1051 2349 1173 2421 quia
1214 2358 1356 2405 totus
1377 2348 1523 2403 orbis
1556 2363 1649 2418 per
1678 2347 2021 2418 Evangelium
2059 2361 2154 2402 vo-

567 2446 809 2508 cabatur,
849 2452 1074 2514 quatuor
1105 2443 1387 2513 Evangelia
1416 2441 1716 2510 conscripta
1749 2448 1891 2495 sunt.
1920 2439 2026 2496 Ter
2054 2454 2153 2495 au-

570 2544 678 2590 tem
708 2534 1032 2589 submissum
1062 2533 1129 2588 dc
1152 2533 1290 2588 etelo
1312 2546 1404 2588 vas
1444 2532 1542 2588 hoc
1571 2531 1867 2604 signiﬁcat,
1899 2532 2021 2603 quia
2068 2530 2152 2586 di-

568 2634 714 2681 ctum
741 2633 824 2680 est
866 2623 1142 2696 Apostolis
1172 2640 1184 2676 :
1214 2622 1329 2690 Ite,
1369 2622 1620 2694 baptizata
1667 2639 1839 2679 omnes
1880 2631 2047 2694 gentes
2096 2622 2151 2677 in

567 2715 769 2771 nomine
808 2714 1012 2779 Patris,
1066 2726 1113 2770 et
1156 2714 1313 2782 Filii,
1365 2723 1411 2769 et
1439 2714 1666 2783 Spiritus
1713 2715 1875 2770 sancti
1913 2713 2148 2786 (Matth.

569 2822 760 2870 xxvnr,
792 2805 902 2876 l9).
937 2804 1064 2864 Inde
1103 2806 1388 2877 colligitur,
1418 2806 1557 2861 sicut
1580 2806 1689 2876 jam
1726 2806 1914 2873 nostis,
1948 2805 2150 2863 duode-

566 2897 748 2951 narius
776 2896 934 2952 etiam
963 2912 1219 2951 numerus
1251 2896 1659 2967 discipulorum.
1706 2898 1821 2954 Non
1851 2898 1994 2954 enim
2031 2899 2148 2956 fru-

567 2997 679 3045 stra
706 2988 983 3044 duodecim
1011 2988 1209 3045 habere
1242 2989 1440 3055 voluit;
1490 2997 1546 3045 et
1569 2991 1640 3045 ita
1666 3006 1921 3047 numerus
1948 2992 2038 3048 ille
2062 3008 2148 3049 sa-

566 3092 748 3138 cratus
772 3092 876 3146 est.
910 3092 967 3138 ut
992 3082 1044 3137 in
1071 3082 1247 3137 locum
1282 3082 1436 3137 unius
1464 3083 1553 3153 qui
1575 3083 1860 3150 ceciderat,
1889 3101 1992 3140 non
2020 3101 2147 3156 pos-

566 3184 652 3231 set
701 3174 803 3230 nisi
850 3175 984 3231 alter
1025 3173 1282 3231 ordinari.
1318 3175 1495 3243 Quare
1534 3175 1815 3232 duodecim
1857 3178 2148 3248 Apostoli?

566 3270 698 3339 Quia
734 3270 876 3326 enim
907 3282 1133 3341 quatuor
1173 3279 1301 3326 sunt
1335 3270 1479 3327 orbis
1505 3280 1716 3342 partes,
1747 3280 1798 3328 et
1830 3280 1970 3328 totus
2000 3272 2147 3329 orbis

565 3361 623 3416 in
651 3362 936 3431 Evangelio
959 3363 1267 3426 vocabatur,
1291 3361 1432 3418 unde
1460 3374 1688 3433 quatuor
1714 3364 1997 3435 Evangelia
2018 3381 2146 3422 con¢

565 3451 763 3521 scripta
780 3461 918 3516 sunt,
939 3461 993 3507 et
1008 3460 1148 3506 totus
1162 3453 1304 3508 orbis
1321 3452 1373 3507 in
1388 3453 1602 3508 nomine
1617 3454 1890 3510 Trinitatis
1904 3463 2144 3525 vocatur,

565 3554 622 3599 ut
652 3551 997 3613 congregetur
1023 3543 1262 3599 Ecclesia
1282 3561 1295 3598 :
1315 3553 1542 3616 quatuor
1560 3556 1641 3603 ter
1665 3546 1843 3615 ducta,
1866 3547 2144 3605 duodecim

564 3637 719 3689 ﬁunt.
749 3634 887 3704 Ergo
933 3648 1038 3690 non
1068 3635 1323 3691 miremur
1360 3636 1405 3692 si
1445 3636 1512 3694 de
1541 3638 1643 3694 illis
1672 3640 1824 3709 aquis
1865 3640 2003 3695 inter
2028 3656 2143 3697 me-

566 3719 713 3781 dium
763 3725 1019 3780 montium
1073 3729 1605 3797 pertranseuntibus,
1654 3730 1707 3785 in
1763 3732 1850 3787 illa
1899 3731 2143 3788 doctrina

564 3817 853 3889 apostolica
874 3816 1070 3874 ﬂuente
1096 3818 1147 3873 in
1177 3820 1354 3875 medio
1379 3830 1599 3892 prepter
1616 3824 1959 3879 concordiam
1989 3841 2140 3882 com-

563 3908 855 3976 munionis,
895 3923 1083 3965 omnes
1113 3909 1300 3966 bestia:
1336 3911 1485 3967 silva:
1525 3913 1731 3969 bibunt.
1764 3914 1963 3972 Omnes
1997 3918 2143 3974 enim

563 4012 717 4059 erant
744 4003 795 4057 in
824 4017 967 4066 arca,
992 4018 1178 4058 omnes
1203 4002 1255 4058 in
1282 4004 1453 4069 disco,
1484 4020 1675 4062 omnes
1699 4016 1897 4063 mactat
1920 4017 1976 4065 et
2001 4026 2145 4065 man-

563 4091 724 4147 ducat
771 4092 994 4157 Petrus;
1053 4092 1176 4165 quia
1208 4094 1396 4150 Petrus
1448 4105 1632 4166 petra,
1685 4106 1837 4167 petra
1883 4100 2141 4158 Ecclesia.

564 4183 703 4251 Quid
751 4194 835 4240 est
880 4194 1114 4242 mactare
1155 4196 1211 4243 et
1260 4189 1624 4246 manducare?
1673 4191 1929 4250 Occidere
1965 4196 2018 4250 in
2061 4197 2142 4252 eis

568 4274 711 4344 quod
740 4284 923 4342 erant,
961 4286 1016 4331 et
1039 4277 1090 4330 in
1135 4293 1230 4332 sua
1261 4279 1467 4335 viscera
1504 4296 1797 4339 assumere.
1835 4285 2145 4344 Dissuasisti

565 4380 772 4435 pagano
815 4366 1092 4437 sacrilegia
1117 4409 1132 4433 ,
1162 4369 1401 4425 occidisti
1431 4371 1573 4441 quod
1616 4382 1768 4440 erat;
1812 4376 1939 4431 dato
1967 4393 2147 4434 sacra-

564 4466 746 4511 mento
765 4454 963 4511 Christi
990 4458 1338 4528 incorporasti
1369 4462 1643 4529 Ecclesize,
1684 4468 2035 4525 manducasti.

640 4546 693 4603 5.
738 4548 868 4618 ipsa:
898 4563 1024 4620 ergo
1050 4548 1234 4606 bestiae
1263 4561 1446 4622 potant
1481 4553 1607 4610 istas
1637 4570 1799 4628 aquas
1826 4600 1842 4626 ,
1869 4571 2143 4631 pertrans-

565 4648 756 4695 euntes
792 4648 969 4695 tamen
1012 4658 1023 4693 :
1070 4656 1174 4697 non
1220 4653 1516 4712 manentes,
1556 4646 1650 4703 sed
1690 4659 2138 4719 pertranseuntes.

566 4730 752 4787 Omnis
780 4731 920 4787 enim
962 4731 1201 4788 doctrina
1240 4751 1358 4806 quae
1387 4747 1499 4793 toto
1528 4738 1631 4794 isto
1660 4750 1900 4813 tempore
1925 4745 2143 4818 dispen-

562 4834 727 4891 satur,
755 4825 959 4881 transit.
978 4825 1106 4882 lnde
1120 4826 1247 4884 dicit
1271 4830 1555 4898 Apostolus
1576 4850 1588 4885 :
1609 4833 1676 4888 Et
1693 4836 1900 4892 scientia
1917 4839 2144 4897 destrue-

492 4960 504 4983 ,
563 4927 667 4982 tur,
691 4927 737 4971 et
758 4917 1022 4988 prephetia
1041 4920 1378 4975 evacuabitur.
1402 4923 1576 4990 Quare
1596 4926 1694 4982 ista
1715 4932 2142 4991 cvacuabuntur?

496 5055 500 5058 .
565 5008 650 5062 Ea:
688 5020 828 5077 parte
854 5009 986 5063 enim
1020 5012 1204 5067 scimus
1226 5053 1242 5079 ,
1273 5023 1319 5067 et
1354 5031 1417 5069 ea:
1443 5026 1586 5086 parte
1612 5022 1967 5091 prop/retamus
1990 5042 2009 5080 :
2027 5044 2141 5083 cum

492 5112 499 5121 '
560 5109 731 5153 autem
771 5102 955 5156 venerit
996 5103 1132 5171 quod
1173 5109 1445 5177 perfectum
1487 5118 1580 5176 est,
1619 5113 1755 5180 quod
1791 5130 1855 5169 ea:
1892 5129 2035 5186 parte
2069 5129 2143 5174 est

563 5189 884 5244 evacuabitur
915 5192 955 5263 (I
985 5190 1101 5248 Cor.
1134 5210 1259 5260 χιιι,
1287 5196 1466 5271 8-10).
1504 5198 1615 5257 Nisi
1645 5202 1781 5260 forte
1823 5216 1970 5276 putat
1998 5210 2139 5267 Cha-

563 5277 695 5331 ritas
725 5277 910 5333 Vestra
942 5282 1063 5351 quia
1091 5283 1142 5337 in
1171 5286 1257 5340 illa
1271 5287 1483 5344 civitate
1510 5292 1596 5347 cui
1624 5292 1837 5360 dicitur,
1868 5297 2136 5370 Cotlauda,

568 5366 875 5435 Jerusalem,
905 5368 1200 5440 Dominum,
1228 5377 1381 5432 lauda
1417 5378 1583 5435 Deum
1618 5392 1778 5451 tuum,
1814 5387 1979 5454 Sion;
2011 5366 2139 5461 quo;

564 5459 700 5512 niam
725 5461 1035 5529 conﬁrmavit
1061 5476 1217 5520 vectes
1243 5480 1500 5536 portarunt
1526 5484 1725 5532 tuarum
1752 5478 1917 5551 (Psal.
1941 5459 2137 5555 (κείνη,

566 5552 633 5607 19.
648 5563 692 5607 et
716 5552 824 5623 l5),
856 5554 965 5623 jam
996 5555 1320 5615 conﬁrmatis
1346 5565 1580 5622 vectibus
1606 5578 1659 5624 et
1683 5570 1861 5629 clausa
1890 5552 2136 5645 civitate,

565 5643 724 5709 unde,
749 5654 799 5698 ut
818 5644 1133 5716 jampridem
1152 5648 1402 5719 diximus,
1427 5670 1583 5711 nemo
1600 5660 1708 5716 exit
1722 5665 1942 5734 amicus,
1960 5677 2015 5725 et
2035 5643 2141 5741 quo

626 5820 638 5848 ¹
676 5818 747 5879 sic
771 5828 865 5871 Αιιι.
894 5831 965 5880 Er.
992 5831 1041 5875 et
1061 5832 1167 5888 Mss.
1192 5836 1243 5879 At
1267 5836 1395 5893 Lov.,
1420 5830 1643 5887 alienum.

1845 382 1900 441 S.
1942 376 2307 439 AUGUSTINI
2345 377 2649 437 EPlSCOPl

3720 391 3846 452 I360

2266 508 2427 550 nemo
2441 503 2601 552 intrat
2615 496 2858 555 immicus
2872 498 2950 570 (τι)
2965 514 2979 567 ;
2996 499 3137 571 quod
3152 500 3323 558 codex
3341 499 3420 557 ibi
3438 501 3594 559 nobis
3610 501 3844 577 legendus

2267 594 2369 654 est,
2390 594 2482 642 aut
2500 589 2802 647 tractandus
2821 605 3021 658 sermo,
3044 592 3505 665 quemadmodum
3527 595 3680 652 vobis
3700 600 3845 659 modo

2265 686 2542 737 tractatur.
2573 680 2698 738 Ideo
2722 683 2883 739 modo
2913 693 3200 759 tractatur,
3229 695 3285 742 ut
3311 685 3392 743 ibi
3422 695 3705 757 teneatur;
3734 691 3843 754 ideo

2262 769 2424 825 modo
2449 787 2543 841 per
2567 773 2798 845 syllabas
2822 773 3093 843 dividitur,
3123 785 3181 833 ut
3204 778 3275 834 ibi
3298 786 3453 835 totus
3474 789 3638 852 atque
3656 782 3845 857 integer

2263 863 2678 933 contempletur.
2709 865 2825 921 Non
2851 865 2921 923 ibi
2945 866 3116 925 deerit
3138 868 3367 927 verbum
3395 870 3532 939 Dei;
3559 872 3655 931 sed
3679 883 3842 937 tamen

2263 967 2369 1008 non
2409 968 2506 1025 per
2534 955 2739 1013 litteras
2760 998 2777 1026 ,
2808 972 2916 1013 non
2956 973 3054 1030 per
3080 974 3244 1017 sonos
3266 1002 3282 1030 ,
3326 976 3444 1018 non
3474 976 3574 1033 per
3606 964 3808 1026 codices
3829 1012 3844 1036 ,

2263 1061 2370 1103 non
2400 1062 2496 1117 per
2520 1047 2794 1116 lectorem,
2823 1064 2929 1106 non
2954 1066 3050 1122 per
3073 1059 3445 1110 tractatorem.
3472 1054 3747 1123 Quomodo
3766 1074 3843 1117 er-

2266 1137 2374 1207 go?
2399 1138 2547 1194 Sicut
2582 1140 2637 1193 in
2679 1141 2928 1211 principio
2966 1152 3075 1198 erat
3108 1142 3326 1200 Verbum
3351 1185 3369 1211 ,
3410 1155 3464 1201 et
3512 1144 3725 1204 Verbum
3751 1164 3845 1209 erat

2267 1228 2407 1299 apud
2427 1227 2614 1297 Deum,
2639 1240 2685 1286 et
2708 1231 2845 1287 Deus
2864 1243 2969 1288 erat
2999 1232 3235 1292 Verbum.
3257 1235 3383 1293 Non
3404 1237 3555 1294 enim
3576 1239 3655 1297 sic
3674 1240 3739 1298 ad
3759 1258 3843 1301 nos

2259 1320 2425 1388 venit,
2458 1330 2516 1377 ut
2540 1322 2664 1379 inde
2689 1323 3024 1393 discederet;
3053 1327 3174 1399 quia
3200 1328 3254 1383 in
3280 1329 3383 1385 hoc
3425 1330 3623 1387 mundo
3650 1343 3770 1402 erat,
3800 1345 3841 1389 et

2261 1412 2479 1467 mundus
2506 1430 2597 1484 per
2619 1431 2731 1469 eum
2757 1417 2922 1486 factus
2946 1427 3019 1473 est
3043 1418 3222 1490 (Joan.
3253 1435 3308 1488 ι,
3344 1421 3400 1487 1,
3438 1421 3557 1494 10).
3587 1422 3712 1481 Tale
3738 1401 3841 1482 ver-

2260 1502 2385 1560 bum
2413 1508 2821 1579 contemplaturi
2848 1527 3053 1570 sumus.
3084 1515 3368 1586 Apparebit
3398 1508 3709 1576 enim'Deus
3734 1523 3839 1578 deo-

2260 1612 2372 1650 rum
2397 1598 2451 1651 in
2477 1598 2604 1655 Sion
2625 1599 2794 1673 (Psal.
2819 1618 3044 1671 Lxxxtu,
3067 1605 3144 1678 8).
3177 1605 3284 1664 Sed
3315 1607 3430 1664 hoc
3458 1611 3838 1680 quando?Post

2260 1689 2737 1759 peregrinationem
2760 1693 2907 1750 ﬁnita
2929 1696 3048 1762 via;
3071 1697 3117 1754 si
3137 1706 3320 1755 tamen
3342 1710 3473 1770 post
3496 1701 3694 1758 ﬁnitam
3712 1705 3836 1763 viam

2259 1791 2365 1833 non
2400 1778 2571 1849 judici
2617 1782 2921 1854 tradamur,
2957 1796 3016 1843 ut
3047 1787 3212 1859 judex
3246 1791 3433 1848 mittat
3473 1793 3529 1849 in
3564 1809 3835 1855 carcerem.

2258 1866 2363 1923 Sed
2389 1870 2435 1925 si
2462 1870 2608 1927 ﬁnita
2634 1873 2716 1928 via
2737 1917 2752 1941 ,
2779 1875 2916 1933 sicut
2939 1893 3239 1951 speramus,
3269 1893 3328 1939 et
3351 1894 3627 1957 optamus,
3655 1897 3708 1944 et
3731 1900 3834 1946 stu-

2257 1957 2446 2017 demus
2468 2002 2484 2029 ,
2524 1963 2593 2019 ad
2622 1966 2845 2036 patriam
2873 1972 3181 2030 venerimus
3202 2016 3218 2039 ,
3265 1974 3345 2031 ibi
3372 1980 3835 2051 contemplabimur

2257 2054 2398 2143 quod
2423 2070 2637 2127 semper
2664 2058 2998 2118 laudabimus
3023 2082 3037 2118 :
3061 2080 3162 2121 nec
3186 2066 3319 2123 illud
3349 2067 3571 2127 deﬁciet
3592 2072 3726 2143 quod
3747 2090 3829 2130 no-

2256 2142 2339 2198 bis
2367 2156 2563 2238 praesto
2591 2159 2695 2217 est,
2723 2166 2823 2208 nec
2847 2167 2947 2209 nos
2970 2156 3061 2227 qui
3090 2155 3357 2226 fruimur;
3389 2174 3495 2217 nec
3512 2142 3736 2220 fastidiet
3752 2166 3829 2238 qui

2256 2237 2593 2294 manducabit
2616 2282 2631 2308 ,
2663 2256 2762 2298 nec
2796 2242 3010 2301 deﬁciet
3034 2247 3177 2317 quod
3205 2249 3561 2310 manducabit
3594 2256 3635 2310 ⁸.
3664 2256 3827 2329 Magna

2255 2329 2345 2423 illa
2388 2339 2442 2386 et
2478 2333 2615 2389 mira
2653 2338 3031 2409 contemplatio
3069 2341 3191 2398 erit.
3222 2343 3291 2399 Et
3323 2345 3450 2417 quis
3477 2345 3546 2403 de
3574 2348 3660 2405 illa
3683 2349 3821 2423 digne

2261 2421 2390 2478 dicit
2434 2424 2537 2480 isto
2578 2435 2816 2499 tempore
2838 2471 2853 2496 ,
2884 2446 3006 2487 cum
3049 2433 3188 2491 inter
3213 2448 3434 2495 montes
3462 2438 3631 2497 ﬂuunt
3656 2421 3823 2515 aqua?

2265 2516 2480 2573 Interim
2511 2534 2638 2592 ergo
2673 2520 2838 2578 ﬂuant
2867 2539 3019 2595 aquae
3056 2527 3196 2584 inter
3215 2539 3435 2588 montes
3459 2574 3475 2599 ,
3505 2544 3560 2591 et
3580 2545 3823 2606 pera-aus.

2264 2618 2391 2665 eant
2419 2626 2434 2664 :
2462 2625 2581 2667 cum
2613 2622 2990 2683 pertranseunt
3014 2633 3189 2691 aqua),
3219 2621 3430 2681 bibitur
3459 2626 3511 2681 in
3542 2630 3820 2700 peregrina-

2258 2701 2423 2768 tione,
2455 2718 2523 2758 ne
2550 2703 2637 2758 siti
2664 2704 2716 2759 in
2738 2705 2823 2760 via
2844 2706 3173 2773 deﬁciamus,
3199 2711 3471 2771 Potabunt
3492 2734 3660 2774 omnes
3677 2720 3820 2777 bestia

2252 2794 2411 2849 silvae.
2443 2795 2570 2852 Inde
2605 2797 2827 2855 venistis
2849 2842 2865 2869 ,
2907 2801 2976 2858 de
3018 2804 3149 2860 silva
3176 2806 3399 2865 collecti
3430 2811 3581 2868 estis.
3610 2812 3673 2868 Et
3696 2814 3816 2884 quali

2253 2887 2429 2943 silva?
2452 2888 2637 2946 Nullus
2661 2892 2936 2950 hominum
2963 2895 3035 2952 ibi
3066 2899 3351 2969 transibat,
3382 2904 3506 2975 quia
3528 2905 3693 2961 nullus
3710 2921 3816 2978 pro-

2252 2981 2412 3051 pheta
2451 2982 2575 3039 illuc
2613 2985 2811 3043 missus
2834 2998 2969 3044 erat.
2996 2990 3100 3046 Sed
3123 2991 3191 3048 ad
3216 3009 3403 3052 arcam
3433 3000 3812 3056 construendam

2252 3075 2463 3131 concisa
2494 3087 2618 3133 sunt
2643 3077 2782 3149 ligna
2804 3080 2872 3136 de
2898 3081 3044 3139 silvis
3073 3101 3087 3138 :
3118 3085 3243 3142 inde
3272 3088 3444 3160 ligna,
3472 3091 3594 3148 inde
3620 3092 3813 3161 bestia,

2251 3165 2375 3223 inde
2402 3167 2644 3225 venistis.
2673 3170 2815 3243 Ergo
2843 3172 3024 3231 bibite.
3058 3174 3319 3234 Potabunt
3349 3198 3524 3239 omnes
3555 3184 3710 3241 bestiis
3731 3185 3810 3241 sil-

2251 3272 2344 3315 υω.

2322 3349 2377 3404 4.
2420 3348 2711 3424 Suscipient
2735 3355 2913 3427 onagri
2936 3356 2987 3412 in
3008 3359 3142 3414 sitim
3162 3377 3334 3419 suam.
3358 3364 3597 3439 Onagros
3619 3382 3809 3440 magnas

2251 3441 2504 3511 quasdam
2532 3444 2730 3501 bestias
2754 3445 2900 3503 dicit.
2931 3449 3061 3518 Quis
3086 3453 3232 3509 enim
3258 3457 3469 3513 nesciat
3491 3474 3706 3532 onagros
3722 3459 3809 3516 dici

2250 3542 2490 3603 agrestes
2518 3535 2744 3591 asinos?
2772 3537 2988 3610 Magnos
3016 3556 3146 3613 ergo
3170 3547 3437 3617 quosdam
3465 3548 3587 3606 dicit
3610 3549 3808 3607 indomi-

2252 3630 2353 3678 tos.
2384 3623 2594 3680 Nullum
2622 3628 2765 3683 enim
2797 3628 3065 3688 habebant
3091 3633 3290 3693 Gentes
3308 3639 3503 3711 jugum
3532 3640 3713 3714 Legis;
3737 3642 3808 3697 vi-

2250 3716 2443 3772 vebant
2472 3719 2651 3774 multa:
2679 3730 2863 3792 gentes
2893 3726 3132 3784 moribus
3164 3730 3297 3801 suis,
3337 3735 3559 3805 superba
3579 3736 3804 3805 jactantia

2250 3817 2502 3898 vagantes
2521 3852 2536 3877 ,
2567 3820 2815 3883 tanquam
2842 3815 2895 3870 in
2920 3815 3158 3876 deserto.
3189 3821 3259 3879 Et
3285 3838 3479 3882 omnes
3502 3827 3700 3898 quidem
3723 3827 3804 3884 be-

2250 3897 2365 3952 stiae
2411 3898 2482 3991 ita
2507 3941 2523 3963 ,
2562 3902 2657 3959 sed
2701 3906 2887 3976 onagri
2924 3909 3082 3978 positi
3120 3922 3245 3969 sunt
3284 3915 3358 3972 ad
3395 3897 3801 3991 signiﬁcationem

2248 3990 2649 4059 magnitudinis.
2681 3993 2945 4054 Potabunt
2971 4010 3025 4056 et
3052 4002 3152 4073 ipsi
3192 4006 3245 4062 in
3275 4008 3423 4064 sitim
3450 3990 3630 4078 suam;
3658 4012 3802 4069 ﬂuunt

2250 4082 2393 4177 enim
2429 4096 2484 4140 et
2508 4085 2619 4141 illis
2650 4103 2822 4159 aquae.
2859 4090 2987 4149 lude
3027 4094 3159 4152 bibit
3189 4098 3344 4170 lepus
3366 4144 3381 4168 ,
3421 4104 3544 4161 inde
3577 4120 3752 4177 onager
3782 4121 3797 4160 :

2249 4170 2402 4243 lepus
2444 4190 2639 4267 parvus
2662 4221 2677 4247 ,
2723 4189 2777 4236 et
2803 4197 3001 4255 onager
3029 4203 3287 4260 magnus;
3320 4194 3474 4267 lepus
3503 4170 3731 4263 timidus,
3751 4204 3797 4253 et

2250 4266 2643 4362 onagerl'erus;
2674 4280 2896 4345 uterque
2926 4276 3048 4333 inde
3072 4279 3225 4350 bibit,
3253 4286 3350 4343 sed
3376 4289 3594 4362 quisque
3612 4291 3659 4344 in
3678 4289 3795 4346 sitim

2248 4374 2414 4413 suam.
2440 4360 2555 4417 Non
2582 4362 2710 4419 dicit
2732 4382 2889 4437 aqua,
2916 4368 3111 4440 Lepori
3135 4375 3366 4450 sufﬁcio,
3394 4390 3448 4437 et
3470 4360 3668 4455 repellit
3684 4395 3793 4438 ona-

2247 4467 2401 4524 grum
2435 4472 2448 4507 :
2477 4472 2650 4528 neque
2689 4457 2791 4515 hoc
2814 4459 2963 4528 dicit,
2990 4463 3200 4539 Onager
3226 4473 3464 4543 accedat,
3492 4475 3634 4546 lepus
3655 4474 3696 4529 si
3716 4488 3791 4529 ac-

2249 4546 2489 4638 cesserit,
2517 4548 2768 4619 rapietur.
2802 4550 2931 4607 Tam
2959 4554 3189 4616 ﬁdeliter
3210 4573 3264 4619 et
3289 4573 3578 4638 temperate
3599 4565 3719 4632 ﬂuit,
3741 4570 3789 4619 ut

2248 4632 2327 4689 sic
2353 4648 2606 4705 onagrum
2634 4641 2807 4708 satiet,
2839 4658 2908 4699 ne
2937 4643 3173 4717 leporem
3200 4632 3418 4712 terrth
3444 4656 3602 4712 Sonat
3622 4652 3788 4725 strepi-

2249 4733 2335 4819 tus
2364 4728 2509 4783 vocis
2532 4728 2789 4788 Tulliana:
2814 4774 2830 4799 ,
2856 4733 3047 4792 Cicero
3074 4739 3268 4812 legitur
3287 4784 3303 4811 ,
3331 4747 3519 4819 aliquis
3545 4747 3665 4804 liber
3684 4752 3784 4812 eat.

2246 4813 2487 4908 dialogus
2516 4820 2630 4890 ejus
2657 4830 2738 4877 est
2762 4864 2778 4890 ,
2809 4824 2921 4881 sive
2949 4827 3116 4899 ipsius
3134 4873 3149 4900 ,
3180 4835 3295 4892 sive
3323 4813 3571 4908 Plalonis,
3596 4854 3680 4895 seu
3703 4851 3785 4893 cu-

2245 4905 2562 4980 juscumque
2588 4912 2767 4969 talium
2795 4932 2810 4969 :
2842 4916 3065 4975 audiunt
3090 4921 3356 4996 imperiti,
3387 4905 3572 4984 inﬁrmi
3594 4925 3783 4984 minoris

2248 5000 2461 5067 cordis;
2510 5004 2627 5073 quis
2654 5005 2818 5061 audet
2857 5008 2984 5066 illuc
3027 5014 3308 5084 aspirare?
3340 5020 3591 5091 Strepitus
3616 5031 3778 5091 aquai,

2248 5101 2303 5149 et
2328 5093 2463 5150 forte
2490 5097 2750 5166 turbata};
2784 5110 2931 5158 certe
2962 5112 3139 5162 tamen
3165 5117 3272 5166 tam
3302 5114 3556 5185 rapaciter
3578 5109 3776 5174 ﬂuentis.

2246 5194 2305 5239 ut
2329 5187 2525 5242 animal
2551 5188 2791 5245 timidum
2816 5208 2921 5249 non
2942 5195 3133 5254 audeat
3153 5203 3408 5261 accedere
3427 5212 3481 5261 et
3498 5204 3677 5260 bibere.
3696 5197 3776 5255 Cui

2248 5277 2444 5345 sonuit,
2475 5276 2540 5332 In
2580 5281 2829 5355 principio
2868 5286 2985 5356 fecit
3021 5286 3159 5346 Deus
3187 5294 3365 5350 calum
3391 5305 3438 5350 et
3464 5305 3631 5350 terram
3648 5288 3772 5363 (Gat-

2247 5384 2284 5434 ι,
2316 5372 2369 5442 ι)
2391 5414 2405 5438 ,
2438 5382 2493 5427 et
2521 5390 2624 5429 non
2651 5390 2810 5433 ausus
2840 5387 2925 5435 est
2948 5380 3174 5439 bibere?
3197 5385 3298 5444 Cui
3322 5399 3472 5445 sonat
3494 5387 3709 5445 Psalmus
3730 5389 3774 5438 et

2248 5462 2431 5518 dicat:
2466 5464 2683 5521 Multum
2725 5477 2807 5524 est
2844 5470 2912 5526 ad
2952 5475 3080 5529 me?
3118 5475 3258 5535 Ecce
3296 5480 3449 5537 modo
3483 5478 3610 5551 quod
3643 5482 3771 5531 sonat

2248 5553 2513 5623 Psalmus,
2547 5567 2695 5615 certe
2725 5563 2931 5617 occulta
2960 5575 3085 5621 sunt
3112 5573 3400 5641 mysteria;
3432 5581 3591 5627 tamen
3618 5566 3679 5622 ita
3698 5577 3771 5618 so-

2232 5759 2237 5763 -
2312 5738 2329 5805 ξ
2365 5733 2497 5805 ξλιᾴ..
2521 5736 2906 5805 ῃιαηᾴιισαὺὶιιιν.
2934 5749 2987 5792 At
3007 5749 3134 5805 uss,
3159 5749 3476 5801 manducabit.

2312 5795 2383 5856 (α)
2426 5798 2804 5872 Conferlinarr.
2844 5804 3055 5872 in_Ps_a|_.
3096 5795 3471 5872 thiiiijﬁio,
3514 5815 3558 5857 et
3590 5808 3759 5872 infat-

2250 5870 2420 5918 cxu'n,
2446 5860 2503 5907 ad
2525 5860 2571 5923 ῥ’.
2601 5862 2689 5923 15;
2709 5864 2884 5925 quibus
2905 5863 3020 5918 locis
3037 5868 3130 5923 hoc
3146 5860 3299 5943 ipsum
3328 5860 3493 5927 diduci
3511 5866 3713 5940 reperieﬁa

3880 1464 3887 1473 ι

3881 1478 3889 1493 Ῡ

3326 5980 4035 6417 Α
