4088 6448
360 385 484 443 i581

363 508 466 564 nat,
495 505 553 552 ut
575 503 629 552 et
649 503 845 566 pueros
866 488 1050 546 audire
1072 487 1334 553 delectet,
1358 493 1410 541 et
1431 483 1659 554 imperiti
1680 481 1935 538 accedant

363 590 424 646 ad
451 585 733 644 bibendum
753 624 770 652 ,
801 591 855 640 et
885 580 1059 638 satiati
1089 588 1300 635 ructent
1328 577 1380 632 in
1410 575 1708 648 psallendo.
1741 573 1936 628 Bibunt

363 697 483 754 ergo
510 681 746 737 minores
772 675 960 733 bestiae
988 682 1042 729 et
1069 671 1300 742 majores
1326 686 1340 735 ;
1372 668 1466 724 sed
1494 667 1741 738 capacius
1767 663 1938 735 majo-

363 788 482 839 res,
531 769 653 842 quia
695 766 971 838 suscipient
1024 762 1203 835 onagri
1245 762 1298 815 in
1346 760 1481 815 sitim
1530 774 1696 813 suam.
1751 755 1940 811 Bibant

365 867 588 922 minores
611 861 754 933 quod
778 859 977 916 dictum
1001 867 1084 913 est
1111 875 1125 911 :
1157 854 1288 919 Viri,
1316 853 1510 924 diligite
1529 868 1709 907 uxores
1727 858 1938 915 vestras,

365 957 484 1012 sicut
521 963 568 1008 et
607 951 840 1008 Christus
878 948 1052 1003 dilexit
1091 945 1390 1001 Ecclesium.
1423 942 1663 997 Mulieres
1691 941 1811 995 viris
1838 957 1941 995 suis

366 1049 569 1106 subdita:
593 1047 694 1101 sint
721 1043 936 1117 (Ephes.
965 1057 1000 1097 ν
1024 1083 1040 1110 ,
1065 1040 1136 1096 25
1157 1081 1172 1106 ,
1197 1040 1314 1109 94).
1358 1036 1548 1092 Bibant
1571 1035 1822 1090 minores.
1853 1032 1944 1087 Di-

367 1151 501 1196 ctum
531 1146 612 1192 est
651 1143 829 1191 autem
856 1131 1120 1188 Domino:
1145 1129 1205 1185 Si
1235 1129 1346 1184 licet
1381 1127 1626 1180 dimittere
1653 1139 1859 1178 uxorem
1882 1139 1944 1177 ea:

369 1233 494 1290 omni
531 1229 731 1285 causa?
760 1224 1037 1282 Prohibuit
1061 1223 1318 1279 Dominus
1342 1262 1358 1288 ,
1389 1229 1443 1275 et
1467 1217 1600 1275 dixit
1629 1232 1733 1272 non
1759 1216 1941 1270 licere.

375 1343 391 1376 ι
411 1322 516 1378 Non
540 1320 708 1386 scitis,
722 1338 740 1371 ι
763 1319 952 1388 inquit,
979 1333 997 1367 ι
1024 1315 1145 1385 quia
1163 1313 1303 1369 Deus
1319 1311 1386 1366 ab
1402 1310 1552 1366 initio
1579 1308 1872 1364 masculum
1893 1315 1947 1361 et

369 1413 606 1470 feminam
638 1408 801 1465 fecit?
830 1406 980 1476 Quod
1010 1407 1148 1461 Deus
1161 1402 1455 1474 conjunxit,
1480 1401 1642 1456 homo
1659 1415 1764 1455 non
1787 1412 1945 1470 sepa-

370 1516 463 1562 ret.
476 1501 701 1559 rDeinde
716 1499 915 1556 addidit
934 1497 1086 1566 :tQui
1103 1495 1364 1552 dimiserit
1379 1508 1598 1549 uxorem
1615 1506 1786 1558 suam,
1801 1505 1948 1547 exce-

372 1607 451 1669 pta
469 1609 624 1651 causa
648 1591 1033 1656 fornicationis,
1055 1587 1181 1642 facit
1201 1602 1319 1644 eam
1340 1585 1627 1647 moechari;
1661 1592 1715 1639 et
1732 1583 1776 1638 si
1792 1582 1948 1637 aliam

372 1688 592 1753 duxerit,
618 1684 914 1742 moechatur
933 1680 1148 1752 (Matth.
1173 1680 1355 1748 xrx,5,
1378 1677 1532 1750 etc.).
1556 1697 1574 1731 ι
1609 1675 1953 1733 Confirmavit

373 1778 694 1851 compedem:
712 1777 812 1831 hoc
827 1773 1042 1845 expedit
1054 1772 1321 1843 colligato;
1336 1768 1482 1842 prius
1497 1778 1679 1840 ageret
1693 1784 1760 1823 ne
1772 1768 1953 1839 ligare

375 1870 727 1940 tur.Alligatus
741 1883 791 1920 es
804 1866 951 1920 uxori
966 1865 990 1918 ?
1006 1880 1068 1919 ne
1078 1861 1334 1934 quasieris
1349 1860 1645 1916 solutionem
1656 1858 1886 1914 .Solutus
1900 1873 1953 1912 es

371 1964 430 2017 ab
442 1978 598 2018 uxore
609 1963 635 2014 ?
646 1977 711 2014 ne
726 1958 977 2031 qucsieris
997 1972 1206 2012 uxorem
1222 1954 1264 2029 (l
1282 1954 1500 2020 Cor.vn,
1513 1951 1630 2024 Ἦ).
1647 1951 1703 2007 Si
1717 1949 1951 2006 nondum

373 2068 430 2110 es
459 2068 680 2125 onager,
711 2061 766 2108 et
793 2052 1000 2107 solutus
1023 2048 1092 2104 ab
1114 2063 1300 2115 uxore,
1333 2047 1499 2102 habes
1525 2046 1597 2101 ibi
1626 2044 1767 2115 quod
1797 2054 1850 2099 et
1875 2045 1952 2098 le-

364 2161 472 2218 pus
495 2145 646 2202 bibas
673 2163 685 2198 :
715 2153 769 2200 et
797 2145 840 2200 si
871 2143 1142 2214 acceperis
1170 2155 1412 2203 uxorem,
1445 2155 1548 2194 non
1578 2138 1833 2208 peccasti.
1867 2135 1956 2190 Di-

369 2238 563 2310 scipuli
602 2246 779 2293 autem
816 2251 940 2292 cum
979 2234 1224 2289 audirent
1260 2232 1458 2288 dictum
1499 2245 1530 2284 a
1570 2229 1820 2294 Domino,
1849 2242 1955 2282 non

366 2331 539 2388 licere
564 2331 672 2386 ullo
698 2329 855 2384 modo
877 2336 1072 2398 pratter
1089 2339 1305 2380 causam
1330 2322 1698 2378 fornicationis
1724 2317 1957 2390 disjungi

367 2423 619 2494 conjugia
646 2440 658 2475 :
688 2421 749 2476 Si
775 2421 890 2475 talis
916 2428 1009 2486 est,
1041 2417 1305 2488 inquiunt,
1334 2431 1487 2470 causa
1512 2430 1627 2468 cum
1651 2428 1828 2478 uxore,
1857 2427 1957 2465 non

366 2515 577 2585 expedit
596 2514 795 2567 ducere.
817 2511 885 2566 Et
905 2511 1159 2565 Dominus
1179 2527 1192 2564 :
1215 2507 1336 2562 Non
1356 2523 1525 2562 omnes
1540 2507 1744 2575 capiunt
1760 2504 1960 2559 verbum

369 2604 471 2661 hoc
493 2603 513 2675 (
538 2602 721 2658 Matth.
753 2619 868 2666 xix,
901 2600 1071 2657 10-12
1091 2599 1130 2672 ).
1162 2598 1294 2654 Nam
1326 2613 1508 2655 verum
1534 2597 1733 2663 dicitis,
1761 2597 1883 2667 quia
1914 2596 1959 2650 si

373 2698 505 2752 talis
546 2705 630 2753 est
665 2711 822 2752 causa
849 2709 969 2750 cum
997 2708 1163 2748 uxore
1187 2733 1201 2757 ,
1231 2707 1336 2747 non
1368 2689 1583 2762 expedit
1607 2689 1838 2754 ducere;
1869 2687 1964 2743 sed

376 2787 641 2860 numquid
661 2787 758 2843 soli
781 2787 964 2856 onagri
985 2784 1203 2840 bibituri
1224 2783 1383 2838 sunt?
1405 2781 1521 2837 Non
1541 2793 1730 2835 omnes
1750 2779 1967 2849 capiunt

378 2883 607 2939 verbum
639 2882 769 2946 hoc,
811 2879 963 2934 multi
995 2893 1101 2934 non
1132 2878 1366 2946 capiunt.
1398 2874 1465 2929 Et
1493 2874 1582 2944 qui
1610 2881 1733 2928 sunt
1757 2872 1844 2942 qui
1873 2886 1964 2926 ca-

381 2975 576 3046 piunt?
607 2973 893 3043 Suscipient
917 2970 1094 3040 onagri
1123 2969 1174 3023 in
1198 2969 1334 3022 sitim
1361 2983 1526 3021 suam.
1551 2964 1684 3034 Quid
1706 2973 1805 3028 est,
1839 2963 1967 3019 Sus-

385 3067 576 3135 cipient
616 3064 793 3136 onagri
834 3065 889 3118 in
917 3064 1052 3117 sitim
1090 3061 1274 3117 suam?
1316 3059 1415 3127 Qui
1451 3065 1610 3131 potest
1648 3073 1842 3128 capere,
1883 3073 1968 3110 ca-

389 3159 518 3229 piat.

460 3251 514 3306 5.
554 3248 702 3323 [vers.
734 3248 847 3321 12.]
885 3245 1088 3303 Deinde
1123 3245 1362 3316 sequitur
1398 3244 1452 3300 in
1481 3243 1818 3299 contextione
1875 3255 1971 3296 sua

392 3343 634 3400 Psalmus
657 3360 670 3395 :
697 3341 865 3410 Super
890 3340 1006 3394 illos
1029 3338 1254 3392 volatilia
1280 3337 1390 3391 creti
1414 3333 1778 3390 inhabitabant.
1801 3331 1973 3402 Super

395 3435 573 3507 quos?
601 3449 761 3505 super
789 3446 1039 3503 onagros,
1067 3445 1134 3484 an
1164 3429 1339 3500 potius
1368 3441 1527 3498 super
1554 3424 1799 3480 montes?
1825 3423 1975 3478 Illinc

396 3533 536 3588 enim
563 3545 752 3587 sensus
782 3528 882 3584 iste
907 3527 1153 3597 dirigitur
1183 3541 1196 3578 :
1231 3541 1250 3576 ι
1288 3522 1429 3578 Inter
1455 3521 1688 3577 medium
1716 3518 1972 3574 montium

399 3621 792 3694 pertransibunt
829 3634 1022 3690 aquas;
1063 3616 1319 3687 potabunt
1354 3627 1540 3669 omnes
1576 3612 1758 3666 bestia:
1786 3610 1971 3676 silvae;

399 3717 686 3787 suseipient
722 3713 904 3784 onagri
934 3712 987 3766 in
1014 3710 1154 3764 sitim
1183 3723 1332 3763 suam
1361 3720 1377 3760 :
1407 3721 1567 3776 super
1598 3704 1716 3758 illos
1745 3701 1976 3758 volatilia

402 3807 524 3864 eteli
564 3804 952 3861 inhabitabunt.
986 3821 1004 3855 ι
1036 3799 1423 3871 Congruentius
1452 3795 1794 3866 intelligimus
1820 3808 1979 3864 super

405 3906 649 3962 montes,
698 3894 820 3966 quia
861 3892 962 3948 hoc
1001 3901 1082 3947 est
1120 3892 1278 3945 etiam
1325 3888 1446 3943 huic
1486 3887 1660 3943 simile
1697 3895 1977 3942 creaturte.

398 3988 578 4059 Super
603 3995 810 4042 montes
843 3992 1068 4056 possunt
1091 3981 1333 4036 habitare
1361 3979 1592 4034 volatilia
1618 4020 1633 4044 ,
1660 3993 1820 4048 super
1848 3992 1980 4033 ona-

404 4095 527 4152 gros
552 4094 654 4136 non
685 4096 697 4132 :
723 4078 826 4133 hoc
851 4076 1287 4146 intelligeremus,
1319 4074 1362 4128 si
1389 4072 1678 4127 necessitas
1703 4069 1977 4141 cogeret‘.

407 4172 580 4242 Super
603 4177 812 4224 montes
837 4181 966 4237 ergo
993 4165 1227 4221 volatilia
1253 4163 1375 4221 caeli
1403 4162 1795 4218 inhabitabant.
1825 4160 1983 4216 Vide—

403 4278 523 4320 mus
559 4278 683 4318 aves
721 4262 850 4317 istas
887 4259 1126 4316 habitare
1165 4272 1327 4328 super
1363 4265 1572 4312 montes
1606 4274 1620 4310 :
1651 4253 1746 4310 sed
1795 4254 1977 4310 multa:

399 4370 587 4414 earum
615 4354 850 4410 habitant
875 4352 927 4407 in
948 4351 1172 4422 eampis,
1197 4349 1375 4405 multae
1395 4348 1448 4403 in
1471 4347 1819 4413 convallibus,
1847 4346 1984 4401 mul-

404 4455 474 4502 ta:
503 4447 555 4501 in
586 4445 888 4501 nemoribus
908 4484 923 4509 ,
956 4441 1134 4499 multae
1164 4441 1217 4496 in
1243 4440 1412 4495 hortis
1434 4480 1448 4506 ,
1480 4453 1586 4494 non
1613 4452 1800 4494 omnes
1822 4451 1984 4506 super

406 4552 635 4598 montes.
666 4541 800 4596 Sunt
823 4539 1063 4611 quaedam
1092 4536 1322 4594 volatilia
1350 4549 1468 4604 qua:
1492 4548 1596 4589 non
1623 4531 1862 4587 habitant
1885 4529 1988 4585 nisi

407 4649 569 4704 super
597 4641 824 4689 montes.
865 4629 1178 4702 Spirituales
1209 4627 1463 4698 quasdam
1494 4626 1698 4681 animas
1725 4623 1991 4695 significat

409 4724 512 4780 hoc
533 4739 723 4780 nomen
749 4741 764 4778 :
786 4721 1038 4788 volatilia,
1064 4719 1352 4790 spiritualia
1373 4717 1534 4774 corda
1555 4724 1702 4781 sunt,
1729 4731 1847 4786 qua:
1865 4730 1990 4771 aere

411 4816 578 4872 libero
599 4817 961 4886 perfruuntur.
984 4811 1226 4869 Gaudent
1247 4810 1531 4866 serenitate
1552 4809 1673 4864 caeli
1694 4823 1820 4865 aves
1840 4808 1954 4864 ista:
1975 4827 1990 4864 :

411 4909 507 4966 sed
538 4918 713 4964 tamen
750 4918 933 4978 pastus
961 4921 1143 4962 earum
1176 4905 1229 4959 in
1257 4904 1562 4967 montibus;
1597 4901 1702 4956 illic
1726 4901 1991 4956 inhabita-

411 5003 563 5058 bunt.
591 5001 770 5057 Nostis
799 5008 1042 5065 montes;
1069 4999 1180 5068 jam
1211 4996 1418 5052 tractati
1449 5003 1593 5050 sunt.
1625 4993 1831 5049 Montes
1857 4994 1992 5050 Pro-

413 5101 606 5167 pheta},
637 5103 848 5148 montes
874 5091 1134 5163 Apostoli,
1167 5099 1377 5144 montes
1406 5102 1594 5144 omnes
1619 5086 1995 5157 prmdicatorcs

412 5187 666 5243 veritatis.
699 5186 1030 5254 Quicumque
1069 5183 1180 5238 vult
1203 5197 1322 5238 esse
1351 5180 1658 5251 spiritualis,
1688 5179 1760 5235 ibi
1785 5179 1994 5234 inhabi-

413 5289 488 5335 tct
521 5299 532 5334 :
564 5295 668 5333 non
698 5279 750 5332 in
779 5275 943 5332 corde
969 5290 1067 5331 suo
1095 5275 1344 5338 aberret;
1377 5271 1607 5335 habitet,
1642 5269 1875 5342 perferat
1897 5285 1994 5325 vo-

415 5367 572 5425 lando
589 5371 635 5422 '.
664 5368 930 5423 Habemus
953 5382 1078 5421 aves
1101 5365 1461 5434 significantes
1483 5360 1682 5432 aliquid
1697 5360 1992 5431 spiritualc.

415 5460 528 5520 Non
558 5460 752 5515 frustra
783 5458 980 5514 dictum
1004 5465 1085 5513 est
1109 5475 1120 5508 :
1148 5454 1485 5510 Renovabitur
1498 5454 1736 5524 juventus
1763 5463 1849 5506 tua
1871 5453 1998 5506 sicut

412 5553 597 5625 aquilae
621 5551 789 5622 (Psal.
816 5566 907 5616 cn,
933 5549 1018 5620 5).
1044 5547 1160 5603 Non
1191 5548 1380 5603 frustra
1407 5546 1604 5600 dictum
1631 5553 1713 5600 est
1738 5544 1804 5599 de
1828 5543 1998 5598 Abra-

479 5668 495 5698 ι
523 5666 602 5730 sic
623 5667 839 5726 potiores
861 5671 967 5730 atss.
1005 5668 1058 5710 At
1098 5659 1229 5730 md,
1262 5671 1355 5708 non
1372 5671 1517 5730 super
1540 5669 1759 5722 onagros.
1787 5663 1886 5706 Non
1908 5652 1996 5703 hoc

414 5724 804 5784 intelligeremus,
832 5724 874 5774 si
897 5736 988 5772 non
1011 5724 1263 5784 necessitas
1283 5729 1486 5784 cogeret.

898 5783 1036 5851 _unde
1072 5781 1261 5851 aberret
1299 5775 1498 5851 volando
1523 5797 1535 5834 :
1561 5795 1769 5847 cumque
1807 5781 1884 5830 his
1918 5775 1998 5828 alii

416 5849 584 5918 plures
607 5846 774 5912 verba,
799 5846 990 5906 habitet,
1009 5846 1234 5911 perferat,
1260 5847 1499 5898 omittunt.

1481 363 1876 426 ENARRATIO
1913 362 1978 422 IN
2015 359 2338 421 PSALMUM
2368 361 2500 419 Clll.

3491 357 3518 414 ιι
3527 354 3635 414 δϐἳ

2050 499 2172 554 ham
2205 519 2216 553 :
2243 498 2370 552 Aves
2398 506 2564 553 autem
2589 512 2689 551 non
2717 490 2903 550 divisit.
2936 491 3202 550 Abraham
3232 493 3281 548 in
3309 492 3401 549 illo
3427 493 3633 549 sacriﬁ-

2046 589 2130 643 cio
2162 590 2292 644 satis
2320 589 2548 660 mystico
2589 588 2793 659 accepit
2823 591 2923 642 tria
2962 585 3210 641 animalia
3236 602 3250 650 ;
3284 585 3504 640 arietem
3535 585 3632 639 tri-

2045 694 2210 745 mum,
2245 695 2460 735 vaccam
2488 680 2722 745 trimam,
2752 694 2965 750 capram
2997 678 3229 743 trimam,
3261 685 3316 732 et
3345 685 3627 743 turturem,

2045 782 2101 830 et
2135 772 2455 828 columbam.
2488 772 2704 827 Divisus
2728 781 2811 828 est
2835 771 2973 827 aries
2993 814 3008 839 ,
3035 780 3090 826 et
3116 770 3372 825 adversus
3401 768 3633 825 invicem

2046 871 2226 933 partes
2245 862 2547 918 constitutae
2568 879 2582 926 ;
2610 861 2776 917 divisa
2799 877 2979 931 capra,
3004 860 3348 916 nihilominus
3368 858 3632 915 adversus

2049 968 2108 1009 se
2136 961 2316 1024 partes
2339 953 2676 1016 constitutae;
2703 951 2869 1006 divisa
2895 966 3074 1016 vacca,
3102 951 3179 1006 sic
3197 951 3357 1007 etiam
3378 949 3445 1005 de
3467 950 3634 1020 ipsius

2048 1058 2208 1099 carne
2229 1043 2423 1098 factum
2437 1053 2519 1098 est
2544 1061 2555 1097 :
2581 1052 2634 1098 et
2653 1042 2878 1111 subjecit
2895 1041 3185 1112 Scriptura,
3206 1041 3330 1096 Aves
3351 1051 3515 1097 autem
3532 1058 3636 1096 non

2050 1135 2234 1189 divisit.
2265 1134 2464 1190 Deinde
2485 1134 2678 1189 dicitur
2701 1135 2889 1189 trimus
2911 1135 3070 1197 aries,
3093 1134 3251 1188 trima
3271 1148 3452 1200 vacca,
3479 1134 3636 1189 trima

2050 1240 2207 1296 capra
2234 1243 2249 1280 :
2272 1225 2338 1279 de
2364 1227 2539 1280 avium
2570 1233 2724 1280 :etate
2751 1233 2972 1279 tacetur.
3009 1223 3157 1279 Unde
3175 1266 3190 1289 ,
3218 1238 3349 1293 rogo
3378 1238 3473 1278 vos
3494 1265 3509 1290 ,
3534 1223 3638 1277 nisi
3699 1266 3717 1296 _.

2049 1316 2170 1385 quia
2185 1314 2551 1385 significantur
2568 1317 2618 1369 in
2637 1315 2824 1369 avibus
2839 1314 3052 1384 quidam
3071 1314 3393 1384 Spirituales,
3411 1327 3639 1383 quorum

2052 1415 2181 1461 tetas
2208 1406 2516 1476 temporalis
2545 1414 2824 1476 pr0pterea
2855 1414 3086 1470 tacetur,
3116 1405 3238 1475 quia
3260 1413 3458 1458 aeterna
3480 1402 3642 1458 medi-

2053 1505 2252 1564 tantur,
2275 1506 2329 1552 et
2352 1495 2811 1566 transgrediuntur
2830 1494 3095 1552 desiderio
3108 1502 3163 1549 et
3176 1494 3444 1549 intellectu
3462 1493 3644 1548 omnia

2054 1588 2405 1658 temporalia?
2423 1585 2732 1656 Spirituales
2748 1586 2847 1641 viri
2864 1585 2951 1656 qui
2968 1585 3035 1640 de
3049 1585 3296 1639 omnibus
3307 1584 3568 1654 iudicant,
3586 1592 3644 1639 et

2054 1694 2083 1734 a
2107 1680 2319 1733 nemine
2335 1677 2639 1748 iudicantur
2661 1676 2701 1748 (l
2725 1676 2841 1731 Cor.
2863 1691 2919 1742 ιι,
2943 1677 3032 1747 15)
3059 1693 3070 1729 :
3093 1677 3270 1746 itaque
3291 1675 3389 1745 ipsi
3411 1675 3509 1730 soli
3532 1689 3642 1728 non

2056 1771 2361 1828 dividuntur
2381 1772 2432 1825 in
2452 1771 2684 1825 haereses
2700 1779 2754 1825 et
2769 1769 3074 1824 schismata.
3095 1768 3151 1824 In
3170 1767 3334 1822 ariete
3351 1767 3644 1836 intelligun-

2058 1872 2144 1918 tur
2155 1862 2423 1933 praepositi
2440 1879 2452 1928 ;
2473 1861 2671 1916 ducunt
2686 1861 2826 1915 enim
2845 1874 3033 1930 greges
3057 1876 3069 1912 :
3092 1859 3144 1913 in
3161 1873 3317 1913 vacca
3335 1857 3646 1928 plebsintel-

2058 1952 2237 2022 ligitur
2269 1951 2606 2017 Iudaeorum;
2636 1951 2818 2006 habuit
2846 1951 2986 2004 enim
3011 1949 3192 2020 jugum
3214 1948 3390 2018 Legis,
3417 1948 3516 2003 sub
3539 1961 3647 2018 quo

2059 2042 2330 2098 laborabat
2360 2059 2373 2097 :
2400 2041 2452 2096 in
2479 2056 2636 2112 capra
2663 2041 2974 2111 intelligitur
2998 2039 3235 2095 Ecclesia
3259 2041 3324 2094 de
3347 2038 3604 2094 Gentibus
3626 2053 3643 2101 ;

2060 2133 2376 2204 quibusdam
2404 2134 2546 2188 enim
2574 2133 2756 2188 liberis
2782 2132 3002 2186 saltibus
3033 2130 3321 2186 insultabat
3340 2173 3353 2195 ,
3386 2138 3441 2185 et
3464 2145 3649 2185 amaro

2062 2224 2380 2296 pascebatur
2421 2227 2674 2280 oleastro.
2706 2223 2886 2278 Tritca
2912 2233 3035 2276 sunt
3070 2221 3210 2276 dicta
3238 2221 3350 2276 haec
3374 2221 3646 2287 animalia,

2068 2318 2190 2387 quia
2219 2317 2377 2372 tertio
2405 2325 2643 2386 tempore
2667 2316 2834 2386 gratia
2861 2313 3092 2368 revelata
3118 2319 3219 2367 est.
3264 2309 3395 2365 Nam
3419 2311 3652 2382 primum

2063 2409 2162 2464 fuit
2200 2419 2323 2465 ante
2363 2408 2595 2479 Legem;
2640 2405 2930 2462 secundum
2956 2447 2971 2473 ,
3004 2420 3071 2460 ex
3100 2420 3206 2474 quo
3233 2404 3342 2459 Lex
3371 2403 3493 2458 data
3523 2411 3646 2467 est;

2065 2501 2278 2555 tertium
2303 2540 2319 2567 ,
2359 2498 2501 2571 quod
2539 2512 2683 2553 nunc
2721 2505 2837 2562 est,
2877 2511 2942 2551 ex
2986 2511 3093 2566 quo
3130 2509 3353 2564 regnum
3391 2493 3653 2548 caelorum

2067 2590 2406 2662 prtedicatur.
2441 2587 2578 2656 Quid
2606 2602 2735 2656 ergo
2766 2586 3011 2650 dicimus,
3041 2583 3184 2654 quod
3213 2585 3353 2638 aries
3379 2598 3483 2637 non
3508 2582 3652 2637 divi-

2067 2681 2266 2737 datur?
2306 2679 2493 2735 Nonne
2522 2677 2757 2748 episcopi
2788 2675 2998 2730 fuerunt
3024 2683 3270 2728 auctores
3299 2673 3654 2728 scltismatum

2069 2781 2122 2828 et
2146 2773 2409 2827 bteresum
2430 2771 2454 2824 ?
2479 2769 2647 2824 Porro
2673 2777 2847 2822 autem
2877 2766 2921 2822 si
2945 2765 3128 2837 plebes
3157 2765 3285 2834 ipsa:
3313 2779 3420 2820 non
3447 2763 3656 2818 divide-

2071 2873 2277 2928 rentur,
2308 2862 2359 2918 id
2388 2869 2489 2929 cst,
2521 2861 2564 2915 si
2589 2874 2749 2914 vacca
2778 2872 2885 2912 non
2915 2855 3261 2921 divideretur,
3289 2856 3333 2908 si
3359 2868 3519 2924 capra
3546 2868 3658 2908 non

2072 2953 2436 3018 divideretur;
2478 2951 2819 3007 erubuissent
2841 2948 3066 3002 fortasse
3105 2946 3179 3000 illi
3216 2946 3267 3000 in
3306 2943 3662 2999 divisionibus

2073 3049 2206 3116 suis,
2235 3054 2291 3103 et
2319 3045 2384 3100 ad
2413 3057 2724 3113 compagem
2754 3047 3103 3096 remeassent.
3134 3036 3448 3092 Dividuntur
3468 3034 3657 3101 duces,

2077 3140 2383 3198 dividuntur
2418 3146 2472 3193 et
2510 3137 2693 3207 plebes
2719 3177 2732 3201 ,
2765 3143 2825 3188 ut
2851 3148 3024 3188 caecus
3052 3146 3252 3187 caecum
3281 3139 3534 3200 sequatur
3557 3169 3572 3193 ,
3605 3137 3663 3184 et

2075 3230 2232 3288 simul
2262 3230 2316 3286 in
2343 3229 2545 3284 foveam
2579 3226 2772 3282 cadant
2800 3224 3030 3295 (Matth.
3062 3239 3132 3277 xv
3155 3264 3172 3289 ,
3205 3220 3314 3292 14)
3349 3240 3363 3275 :
3391 3227 3665 3291 ponuntur

2076 3322 2330 3378 adversus
2369 3319 2621 3374 invicem.
2651 3316 2777 3370 Aves
2807 3321 2973 3368 autem
3003 3329 3103 3366 non
3133 3312 3318 3366 divisit.
3346 3309 3666 3380 Spirituales

2078 3430 2182 3470 non
2214 3413 2415 3468 habent
2443 3409 2780 3474 divisionem,
2811 3422 2917 3462 non
2943 3405 3178 3477 cogitant
3205 3404 3490 3459 schismata
3519 3420 3534 3456 :
3560 3417 3669 3472 pax

2078 3505 2229 3561 estin
2249 3503 2349 3568 eis,
2371 3501 2676 3557 custodiunt
2695 3514 2812 3554 eam
2834 3499 2886 3553 in
2903 3497 3115 3554 caeteris
3133 3504 3386 3566 quantum
3408 3503 3668 3565 possunt;

2079 3599 2167 3655 ubi
2199 3597 2251 3652 in
2282 3595 2400 3652 aliis
2430 3595 2702 3660 deficiunt,
2735 3593 2788 3646 in
2820 3607 2878 3646 se
2906 3599 3109 3646 tenent.
3142 3588 3203 3645 Si
3232 3589 3324 3642 erit
3351 3588 3440 3653 ibi,
3473 3586 3672 3660 inquit,

2081 3690 2217 3759 ﬁlius
2255 3686 2394 3759 pacis
2425 3728 2440 3752 ,
2479 3686 2747 3759 requiescet
2787 3699 2937 3756 super
2975 3699 3086 3738 eum
3125 3697 3227 3752 pax
3264 3689 3461 3745 vestra;
3497 3680 3541 3733 si
3568 3695 3673 3749 quo

2081 3782 2246 3838 minus
2270 3823 2284 3846 ,
2316 3783 2382 3835 ad
2415 3797 2500 3835 vos
2526 3788 2796 3834 revertetur
2825 3775 2991 3849 (Luc.
3027 3792 3061 3829 x
3085 3817 3100 3841 ,
3142 3772 3238 3845 6).
3269 3773 3385 3828 Non
3416 3781 3498 3826 est
3527 3772 3674 3826 illius

2083 3876 2258 3946 pacis,
2304 3873 2466 3928 dividi
2503 3871 2685 3935 voluit,
2728 3876 3026 3924 revertetur
3062 3865 3128 3920 ad
3167 3874 3218 3919 te
3255 3879 3357 3933 pax
3387 3872 3515 3928 tua;
3545 3863 3674 3932 quia

2084 3983 2210 4022 aves
2237 3981 2341 4020 non
2370 3963 2569 4018 divisit.
2598 3961 2787 4016 Veniet
2808 3969 2861 4014 et
2880 3957 3118 4012 caminus
3143 3972 3159 4010 :
3184 3969 3308 4009 nam
3331 3951 3573 4008 consedit
3597 3952 3676 4007 ibi

2085 4057 2354 4112 Abraham
2382 4068 2550 4123 usque
2576 4051 2642 4105 ad
2673 4063 2974 4119 vesperam,
3003 4055 3056 4102 et
3081 4044 3225 4100 venit
3249 4056 3470 4114 magnus
3494 4050 3674 4097 terror

2087 4149 2191 4205 diei
2214 4147 2415 4219 judicii.
2449 4145 2682 4215 Vespera
2713 4141 2854 4196 enim
2885 4139 2972 4194 illa
3001 4138 3121 4193 linis
3149 4145 3232 4192 est
3254 4135 3470 4202 saeculi;
3501 4142 3555 4190 et
3577 4149 3671 4189 ca-

2087 4243 2265 4299 minus
2306 4240 2430 4305 ille,
2466 4237 2687 4293 veniens
2713 4234 2828 4290 dies
2860 4232 3068 4305 judicii.
3110 4231 3299 4286 Divisit
3331 4231 3469 4285 inter
3496 4229 3678 4285 media

2088 4334 2178 4390 illa
2205 4347 2322 4403 quae
2346 4330 2514 4386 divisa
2539 4337 2710 4394 erant,
2740 4326 2899 4382 etiam
2924 4324 3164 4380 caminus
3192 4322 3342 4393 (Gen.
3371 4336 3463 4387 xv,
3487 4321 3674 4392 9-17).

2091 4426 2149 4481 Si
2175 4427 2314 4480 inter
2343 4421 2515 4478 media
2546 4419 2754 4476 transiit
2777 4416 3038 4480 caminus,
3068 4416 3171 4472 alia
3199 4416 3252 4470 in
3277 4414 3542 4481 dextram,
3571 4414 3677 4469 alia

2094 4519 2149 4573 in
2189 4516 2458 4572 sinistram
2500 4511 2784 4582 separavit.
2826 4509 2960 4565 Sunt
2988 4523 3114 4579 ergo
3142 4506 3356 4578 quidam
3387 4505 3630 4561 carnales
3657 4547 3676 4570 ,

2095 4618 2149 4667 et
2184 4618 2362 4664 tamen
2394 4605 2644 4662 Ecclesiae
2681 4603 2885 4675 gremio
2913 4602 3251 4657 continentur
3272 4641 3288 4665 ,
3317 4598 3556 4653 viventes
3587 4613 3681 4653 se-

2096 4701 2324 4757 cundum
2351 4697 2635 4770 quemdam
2661 4694 2878 4750 modum
2909 4707 3084 4757 suum,
3115 4691 3306 4761 quibus
3333 4688 3580 4743 timemus
3612 4701 3683 4742 ne

2098 4793 2423 4848 seducantur
2465 4789 2532 4844 ab
2579 4787 2848 4842 haereticis
2892 4803 2905 4838 :
2951 4781 3204 4855 quamdiu
3251 4781 3393 4836 enim
3437 4780 3682 4834 carnales

2097 4891 2243 4948 sunt,
2272 4879 2565 4936 divisibiles
2591 4888 2734 4933 sunt.
2767 4878 2892 4931 Aves
2918 4876 3110 4945 quippe
3137 4888 3235 4926 non
3264 4869 3466 4933 divisit;
3493 4885 3684 4924 carna-

2099 4976 2180 5032 les
2213 4975 2540 5030 dividuntur.
2589 4969 2711 5025 Non
2740 4968 2878 5041 potui
2909 4967 3044 5036 loqui
3072 4964 3206 5016 vobis
3231 4962 3374 5032 quasi
3400 4961 3686 5030 spirituali-

2102 5066 2193 5122 bus
2220 5110 2234 5133 ,
2262 5067 2349 5120 sed
2376 5063 2518 5136 quasi
2546 5061 2849 5116 carnalibus.
2883 5057 2949 5110 Et
2979 5053 3246 5126 quomodo
3273 5053 3529 5123 probatur
3559 5052 3684 5121 quia

2102 5158 2343 5213 carnales
2391 5151 2737 5210 dividuntur?
2779 5147 3031 5217 Adjungit
3069 5163 3085 5200 :
3130 5162 3149 5196 ι
3184 5145 3317 5199 Cum
3366 5142 3510 5198 enim
3555 5142 3688 5197 dicit

2103 5249 2466 5319 unusquisque
2509 5252 2776 5308 vestrum,
2820 5241 2930 5310 Ego
2972 5253 3089 5293 sum
3132 5237 3278 5292 Pauli
3305 5278 3320 5300 ,
3363 5251 3464 5307 ego
3506 5245 3688 5292 autem

2104 5339 2317 5412 Apo'llo,
2345 5354 2445 5410 ego
2470 5351 2596 5391 vero
2624 5333 2821 5404 Cepha:
2846 5348 2860 5397 ;
2891 5346 3069 5386 nonne
3094 5330 3323 5386 carnalis
3346 5331 3497 5397 estis,
3524 5340 3578 5384 et
3602 5344 3687 5383 sc-

2103 5431 2334 5488 cundnm
2379 5426 2647 5482 hominem
2689 5422 3014 5478 ambulatis?
3052 5441 3070 5475 ›
3106 5420 3257 5492 Rogo
3286 5435 3381 5476 vos
3404 5462 3420 5487 ,
3451 5418 3643 5474 fratres
3665 5459 3684 5486 ,

2103 5523 2314 5586 audite,
2365 5528 2418 5575 et
2459 5515 2732 5588 prolicite;
2773 5514 3005 5571 excutite
3048 5527 3142 5568 vos
3182 5512 3249 5568 de
3289 5513 3406 5567 loco
3445 5509 3687 5575 carnali,

2107 5616 2310 5686 pergite
2336 5614 2388 5668 in
2415 5618 2673 5666 turturem
2705 5618 2758 5664 et
2788 5606 3086 5663 columbam
3119 5623 3132 5660 :
3162 5605 3288 5658 Aves
3313 5602 3455 5658 enim
3482 5619 3584 5657 non
3610 5602 3692 5656 di-

2106 5710 2235 5764 visit.
2277 5707 2381 5763 Sed
2410 5705 2730 5776 quicumque
2767 5701 2884 5756 talis
2915 5699 3285 5770 permanserit,
3316 5703 3370 5751 ct
3397 5695 3692 5752 secundum

2114 5802 2396 5876 quemdam
2423 5799 2640 5857 modum
2670 5799 2790 5852 vita:
2821 5805 2997 5867 aptum
3028 5791 3329 5846 carnalibus
3354 5831 3367 5857 ,
3399 5797 3454 5845 et
3480 5789 3549 5846 de
3566 5777 3692 5862 gre-
