4088 6448
559 313 584 367 1
597 315 701 369 365

557 431 667 488 inio
698 432 952 491 Ecclesia:
982 449 1089 492 non
1119 436 1434 502 recesserit,
1472 445 1524 491 et
1560 452 1662 491 non
1703 438 1857 493 fuerit
1889 442 2137 496 seductus

553 526 622 583 ab
651 528 913 585 hmrcticis
935 572 952 595 ,
985 538 1041 583 ut
1070 545 1135 584 ex
1160 531 1423 585 contraria
1456 542 1605 600 parte
1632 532 1898 589 dividatur
1923 553 1935 600 ;
1968 540 2145 593 veniet

552 621 815 688 caminus,
842 631 896 676 et
918 622 981 675 ad
1004 621 1243 676 dextram
1272 624 1397 692 poni
1423 625 1539 679 sine
1559 627 1771 681 camino
1797 644 1900 682 non
1926 631 2139 699 poterit.

551 709 658 767 Sed
688 714 731 767 si
758 715 1021 768 caminum
1055 715 1161 783 pati
1190 731 1295 769 non
1327 717 1433 771 vult
1463 761 1477 783 ,
1507 729 1691 789 pergat
1721 721 1772 774 in
1804 730 2060 778 turturem
2090 734 2145 779 et

548 805 872 873 columbam.
916 804 1016 871 Qui
1061 815 1234 876 potest
1264 824 1475 879 capere,
1511 816 1703 882 capiat.
1737 813 1791 868 Si
1828 824 2005 870 autem
2034 832 2140 872 non

544 897 622 949 sic
665 896 798 959 erit.
828 906 881 952 et
907 899 1231 967 tedi/icaverit
1258 918 1409 971 super
1440 905 1825 974 fundamentum
1855 909 1994 978 ligna
2016 951 2031 973 ,
2065 914 2140 979 fe-

544 1002 690 1053 num,
718 989 957 1059 stipulam
977 1032 991 1056 ,
1025 990 1077 1047 id
1108 1000 1208 1061 est,
1242 1010 1452 1050 amores
1481 997 1764 1052 saeculares
1794 998 2137 1057 fundamento

541 1078 667 1135 ﬁdei
704 1096 815 1137 suae
845 1083 1385 1153 supcraadiﬁcavet'it;
1430 1096 1604 1143 tamen
1632 1090 1677 1144 si
1707 1090 1758 1144 in
1790 1090 2135 1150 fundamento

538 1172 608 1227 sit
635 1172 878 1245 Christus
898 1216 911 1236 ,
946 1186 1002 1229 ut
1029 1176 1258 1245 primum
1290 1177 1463 1233 locum
1494 1180 1606 1249 ipse
1630 1180 1823 1237 habeat
1849 1182 1902 1238 in
1932 1184 2095 1240 corde
2115 1224 2129 1251 ,

540 1271 595 1316 ct
633 1264 679 1318 ei
719 1263 849 1318 nihil
891 1267 1110 1323 omnino
1152 1278 1539 1339 anteponatur;
1573 1280 1849 1340 portantur
1875 1284 1925 1328 et
1957 1276 2089 1331 tales
2113 1316 2129 1344 ,

538 1354 833 1410 tolerantur
858 1366 914 1411 et
944 1360 1075 1415 tales
1108 1379 1121 1415 :
1150 1362 1330 1417 veniet
1355 1363 1597 1419 caminus
1620 1405 1634 1429 ,
1669 1366 1917 1421 incendet
1947 1367 2084 1437 ligna
2112 1406 2126 1433 ,

536 1445 742 1513 fcitum,
771 1448 1018 1517 stipulam
1050 1467 1063 1504 :
1094 1449 1217 1520 Ipse
1238 1462 1405 1508 autem
1428 1496 1441 1516 ,
1472 1455 1673 1524 inquit,
1701 1456 1866 1511 salvus
1918 1461 2027 1522 erit,
2056 1460 2129 1515 sic

535 1546 701 1593 tamen
718 1542 965 1611 quasiper
979 1543 1146 1614 ignem
1167 1545 1209 1619 (l
1232 1545 1351 1601 Cor.
1373 1563 1410 1614 ι,
1429 1548 1513 1611 12,
1540 1549 1634 1613 i5;
1656 1560 1701 1603 et
1720 1565 1795 1615 iii,
1823 1552 1984 1622 1-15).
2015 1552 2127 1609 Hoc

532 1641 654 1700 aget
696 1634 970 1701 caminus;
1016 1636 1151 1692 alios
1178 1639 1231 1692 in
1263 1640 1531 1694 sinistram
1564 1643 1869 1711 separabit,
1910 1646 2044 1700 alios
2073 1648 2125 1702 in

532 1719 777 1777 dextram
808 1714 1203 1793 quodaminodo
1228 1728 1501 1798 eliquabit.
1530 1731 1654 1787 Aves
1680 1743 1851 1787 autem
1877 1751 1976 1789 non
2000 1736 2126 1791 divi-

528 1813 614 1866 sit.
657 1813 761 1869 Sed
802 1829 927 1870 aves
968 1816 1219 1883 videant,
1253 1820 1297 1873 si
1325 1834 1453 1875 aves
1484 1822 1615 1877 tales
1654 1833 1778 1878 sunt
1814 1841 1933 1895 quae
1963 1843 2124 1896 super

528 1912 742 1959 montes
767 1904 883 1960 illos
906 1905 1241 1974 inhabitent;
1271 1925 1375 1965 non
1398 1910 1595 1967 debent
1614 1917 1761 1985 sequi
1784 1917 2120 1975 altitudinem

528 1996 708 2052 cordis
738 1997 855 2066 sui,
893 1997 962 2055 de
991 2000 1239 2070 qualibus
1277 2003 1469 2059 dicitur
1499 2021 1512 2059 :
1544 2005 1829 2063 Posuerttnt
1854 2011 1908 2064 in
1938 2012 2120 2069 coelum

526 2104 583 2142 os
605 2105 751 2143 suum
770 2089 939 2163 (Psal.
965 2108 1134 2161 Lxxu,
1160 2094 1237 2165 9).
1254 2094 1330 2153 Ne
1349 2113 1378 2150 a
1404 2100 1574 2153 ventis
1597 2100 1865 2168 tollantur,
1889 2104 1940 2159 in
1957 2121 2114 2161 mon-

523 2180 666 2235 tibus
712 2185 1064 2253 requiescant.
1110 2188 1318 2245 Habent
1355 2193 1722 2250 auctoritatem
1765 2208 2069 2255 sanctorum
2096 2243 2111 2269 ,

524 2274 864 2343 requiescant
890 2276 1271 2346 inmontibus,
1301 2282 1353 2336 in
1383 2283 1673 2354 Apostolis,
1704 2287 1754 2341 in
1784 2288 2066 2359 Prophetis
2096 2310 2110 2347 :

518 2364 629 2421 illic
670 2367 962 2425 inhabilem
1004 2372 1134 2427 tales
1163 2388 1331 2440 aves,
1363 2376 1485 2445 quia
1528 2377 1581 2431 in
1624 2380 1895 2437 montibus
1935 2394 2111 2453 petras

517 2455 794 2515 inveniunt
815 2501 830 2527 ,
864 2460 1198 2519 firmamenta
1238 2466 1484 2536 quaedam
1518 2481 1925 2539 prmceptorum.
1961 2475 2111 2530 Sicut

516 2548 661 2603 enim
693 2566 794 2607 una
825 2552 912 2608 illa
940 2563 1112 2624 petra,
1148 2556 1389 2614 Christus
1417 2560 1647 2616 Verbum
1679 2565 1805 2631 Dei;
1837 2568 1914 2621 sic
1941 2569 2105 2623 multa

512 2642 677 2699 verba
708 2644 839 2714 Dei,
870 2649 1052 2703 inuitae
1080 2660 1278 2720 petrae,
1311 2664 1364 2709 et
1396 2654 1511 2710 istae
1539 2667 1704 2725 petrae
1731 2660 1781 2713 in
1813 2663 2101 2718 montibus.

512 2730 651 2788 Y-ide
675 2750 802 2791 aves
830 2737 904 2793 ibi
933 2738 1234 2798 habitantes
1265 2761 1277 2798 :
1308 2744 1479 2816 Super
1504 2748 1621 2803 illos
1645 2750 1873 2806 volatilia
1897 2753 2008 2807 caeli
2032 2755 2103 2807 ius

511 2825 827 2883 habitabant.

516 2952 521 2959 ι
582 2918 634 2974 ϐ.
666 2919 773 2975 Sed
809 2924 919 2979 noli
946 2934 1132 2994 putare
1160 2930 1282 2997 quia
1315 2929 1415 2986 ista
1451 2936 1685 2990 volatilia
1716 2940 1837 2993 coeli
1867 2942 2103 2995 auctori-

508 3018 671 3068 tatem
697 3026 846 3069 suam
874 3028 1201 3087 sequuntur;
1236 3022 1354 3077 vide
1377 3025 1501 3094 quid
1530 3026 1672 3082 dicat
1700 3030 1936 3087 Psalmus
1964 3053 1975 3087 :
2023 3034 2099 3087 De

504 3106 673 3161 mdia
717 3118 975 3178 petrarum
1004 3112 1194 3169 dabunt
1235 3128 1403 3171 vocem
1431 3135 1596 3175 suam.
1652 3122 1809 3179 Modo
1851 3128 1894 3179 si
1922 3127 2095 3184 dicam

502 3199 676 3266 vobis,
708 3200 942 3269 Credite,
968 3204 1069 3261 hoe
1081 3210 1226 3263 enim
1249 3209 1384 3265 dixit
1405 3213 1613 3281 Cicero,
1638 3216 1741 3272 hoc
1764 3218 1897 3275 dixit
1915 3222 2089 3289 Plato,

502 3294 605 3349 hoc
631 3294 764 3350 dixit
792 3296 1150 3370 Pythagoras;
1179 3305 1296 3372 quis
1320 3313 1555 3362 vestrum
1582 3324 1685 3364 non
1710 3311 1947 3369 irridebit
1968 3318 2092 3372 me?

498 3384 609 3449 Ero
631 3389 772 3443 enim
794 3392 928 3459 avis,
952 3409 1071 3463 quae
1093 3409 1196 3448 non
1221 3396 1288 3451 de
1312 3409 1458 3466 petra
1478 3401 1663 3457 emitto
1682 3402 1863 3460 voCem
1894 3422 2087 3463 meam.

498 3477 636 3545 Quid
665 3481 794 3536 mihi
833 3486 1199 3556 unusquisque
1234 3500 1467 3545 vestrum
1500 3493 1658 3549 debet
1696 3496 1920 3553 dicere?
1963 3501 2090 3571 quid

494 3570 657 3627 debet
690 3573 871 3629 dicere
912 3576 1001 3630 ille
1030 3576 1119 3647 qui
1150 3580 1227 3633 sic
1261 3580 1552 3638 inStructus
1581 3587 1701 3641 est?
1730 3588 1792 3641 Si
1812 3590 1921 3657 quis
1952 3593 2088 3646 vobis

493 3662 906 3735 euangelizaverit
946 3678 1277 3738 praeterquam
1319 3673 1456 3742 quod
1494 3677 1772 3746 accepistis,
1817 3682 2086 3735 anathema

491 3756 563 3809 sit
593 3752 789 3827 (Galat.
827 3759 881 3823 i,
908 3759 987 3830 9).
1023 3760 1161 3827 Quid
1197 3762 1326 3818 mihi
1361 3765 1494 3821 dicis
1536 3768 1603 3823 de
1649 3770 1888 3838 Platone,
1928 3782 1983 3829 et
2016 3775 2083 3831 de

490 3845 769 3915 mcerent),
814 3850 960 3905 etde
986 3852 1240 3923 Virgilio?
1283 3857 1454 3913 [labes
1481 3868 1604 3916 ante
1632 3869 1681 3917 te
1712 3875 1888 3933 petras
1927 3882 2082 3923 mon-

487 3939 640 4006 rium,
669 3940 735 3996 de
762 3942 940 3997 medio
975 3950 1243 4013 petrardm
1284 3950 1415 4005 mihi
1455 3952 1521 4007 da
1568 3969 1754 4010 vocem
1791 3966 1955 4013 tuam.
2003 3960 2083 4017 De

485 4035 650 4089 medio
676 4042 931 4105 petrarum
966 4038 1157 4092 dabunt
1184 4056 1351 4095 vocem
1380 4056 1544 4102 suam.
1593 4047 1896 4105 Audiantur
1921 4055 2007 4123 qui
2050 4071 2078 4110 a

484 4122 636 4193 petra
657 4125 952 4183 ‘audiunt‘:
987 4129 1290 4197 audiantur,
1320 4136 1441 4204 quia
1469 4146 1522 4191 ct
1551 4138 1604 4192 in
1633 4139 1735 4196 illis
1772 4122 1951 4199 multis
1988 4161 2078 4215 pe-

484 4218 580 4272 tris
609 4226 758 4287 petra
779 4219 992 4274 auditur
1018 4238 1031 4274 :
1067 4221 1224 4276 Petra
1250 4227 1380 4279 enim
1418 4238 1524 4281 erat
1553 4228 1781 4286 Christus
1807 4234 1848 4304 (l
1872 4234 1988 4289 Cor.
2018 4255 2070 4307 κ,

479 4309 561 4381 4).
596 4311 891 4367 Audiantur
916 4328 1045 4384 ergo
1071 4315 1318 4385 libenter,
1352 4319 1420 4375 de
1440 4322 1617 4377 medio
1642 4333 1909 4393 petrarum
1937 4330 2073 4384 dan-

481 4411 561 4457 tes
581 4417 770 4457 vocem
809 4414 981 4459 suam.
1014 4402 1155 4461 Nihil
1192 4411 1406 4465 suavius
1439 4412 1528 4466 tali
1562 4428 1692 4469 voce
1718 4416 1922 4471 alitum.
1965 4419 2073 4476 like

476 4502 692 4558 sonant,
733 4503 788 4550 et
829 4504 992 4565 petra:
1036 4509 1293 4554 resonant
1326 4519 1339 4556 :
1385 4500 1576 4558 senant
1617 4506 1753 4571 illm,
1801 4508 2072 4579 disputant

474 4586 819 4655 spirituales;
873 4594 1125 4645 resonant
1174 4601 1359 4661 petrae,
1407 4596 1703 4651 testimonia
1746 4601 2070 4670 respondent

472 4677 785 4751 Scriptura).
834 4682 976 4739 Ecce
1023 4684 1149 4740 inde
1198 4687 1431 4742 volatilia
1472 4689 1540 4745 de
1576 4692 1753 4747 medio
1794 4704 2067 4764 petrarum

471 4769 602 4826 dant
619 4780 804 4829 vocem
829 4786 977 4829 suam
1000 4776 1283 4839 ;'habitant
1304 4780 1443 4833 enim
1474 4781 1525 4835 in
1553 4785 1839 4841 montibus.

541 4864 593 4919 7.
626 4863 775 4937 [vers.
801 4865 913 4940 13.]
956 4866 1065 4936 Ipsi
1103 4876 1311 4924 montes
1354 4881 1405 4926 et
1435 4872 1539 4927 illac
1571 4883 1735 4945 petra:
1777 4880 1915 4936 unde
1963 4884 2059 4941 ha-

467 4954 597 5010 bent
622 4956 851 5012 vocem?
875 4957 944 5013 Ut
970 4959 1110 5012 enim
1137 4959 1371 5029 rigcmur
1391 4962 1701 5033 Scripturis,
1728 4971 2061 5041 confugimus

467 5047 534 5100 ad
570 5049 867 5116 apostolum
892 5049 1136 5105 Paulum.
1186 5052 1277 5108 llic
1306 5054 1443 5110 unde
1472 5055 1671 5112 habet?
1713 5059 2060 5133 Coufugimns

464 5138 533 5191 ad
561 5136 770 5193 Isaiam.
814 5142 977 5198 Isaias
1007 5144 1189 5199 unde?
1231 5146 1367 5200 Audi
1414 5147 1598 5203 unde:
1645 5149 1840 5222 Riguus
1866 5167 2059 5213 montes

463 5230 529 5285 de
549 5232 890 5301 superioribus
914 5238 1035 5290 suis.
1062 5237 1215 5292 Modo
1242 5238 1285 5293 si
1309 5240 1372 5294 ad
1396 5256 1492 5295 nos
1516 5245 1720 5298 venerit
1746 5244 1905 5304 homo
1925 5264 2056 5327 gen-

463 5324 570 5378 tilis
618 5324 1020 5383 incircumcisus
1050 5372 1063 5395 ,
1120 5332 1415 5387 crediturus
1480 5332 1711 5403 Christo,
1776 5324 1959 5397 damus
2003 5345 2053 5399 ei

458 5415 815 5488 BaptiSmum,
847 5433 944 5473 nec
980 5430 1291 5479 revecamus
1316 5425 1381 5478 ad
1405 5425 1489 5481 illa
1514 5443 1674 5497 opera
1698 5428 1871 5500 Legis.
1913 5432 1979 5488 Et
2003 5435 2047 5489 si

454 5522 555 5561 nos
592 5508 889 5579 interroget
914 5510 1131 5566 Judmus
1170 5529 1335 5584 quare
1380 5518 1448 5570 ita
1486 5518 1761 5589 iaciamus,
1793 5538 2055 5581 sonamus-

454 5602 522 5656 de
540 5613 712 5671 petra,
737 5586 981 5670 dicimus,
1014 5601 1122 5659 Hoc
1149 5605 1273 5661 fecit
1300 5607 1508 5677 Petrus,
1538 5612 1635 5666 hoc
1664 5586 1787 5669 fecit
1811 5614 2042 5673 Paulus:

476 5751 533 5842 Lit
568 5760 843 5842 ῗεεέιξςμρι
875 5765 1093 5842 nec;
1124 5768 1320 5838 quidam
1344 5783 1356 5817 :
1378 5768 1705 5842 audiam-qut
1734 5790 1767 5825 a
1800 5785 1939 5840 petra
1961 5794 2047 5831 au-

451 5820 603 5889 diunt.
630 5831 687 5875 At
710 5820 841 5881 Εἱωά
869 5820 1157 5893 Audiatttur;
1182 5831 1294 5896 quia
1318 5837 1469 5885 petra:
1490 5820 1770 5887 addicintur.

1809 323 1863 376 S.
1897 320 2259 379 AUGUSTINI
2303 326 2602 387 EPiSCOPl

2064 5984 2125 5997 ’ν

3690 364 3811 422 εδει

2264 442 2331 497 de
2362 446 2537 501 medio
2558 459 2826 519 petrarum
2855 454 3039 514 damus
3057 470 3240 518 vocem
3267 476 3523 524 nostram.
3553 472 3637 528 illa
3656 490 3811 538 autem

2256 547 2427 605 petra,
2464 540 2575 610 ipse
2598 542 2783 601 Petrus
2814 564 2965 605 mons
2993 568 3231 624 magnus,
3255 562 3468 629 quando
3493 568 3670 625 orabat
3686 584 3734 627 et
3759 577 3815 630 il-

2259 628 2368 682 lum
2400 632 2568 687 visum
2602 636 2832 702 videbat,
2866 640 2933 696 de
2962 648 3327 714 superioribus
3352 653 3643 723 rigabatur.
3691 628 3811 719 Pau-

2258 720 2340 775 lus
2405 728 2676 794 apostolus
2736 731 2863 786 dicit
2912 726 3169 793 Gentibus
3220 758 3235 795 :
3284 742 3347 797 Si
3388 720 3810 826 c'ircumcidantini,

2256 810 2486 871 Christus
2528 820 2663 874 vobis
2707 825 2836 878 nihil
2882 829 3110 897 proderit
3150 832 3340 904 (ϐίαια.
3368 853 3420 905 ν,
3448 840 3528 910 2).
3574 844 3699 900 Dicit
3723 810 3813 907 hoc

2254 903 2471 975 Paulus,
2504 919 2749 981 tauquam
2781 934 2934 974 mons
2967 935 2979 973 :
3025 923 3147 978 inde
3182 938 3279 981 nos
3307 928 3552 999 dicimus,
3583 950 3809 999 sonantes

2252 996 2317 1055 de
2346 1009 2513 1067 petra.
2555 1002 2711 1074 Riget
2741 1008 2995 1065 Dominus
3022 1014 3187 1083 ipSam
3214 1030 3418 1089 petram
3450 1024 3517 1079 dc
3540 996 3808 1098 superiori;

2248 1085 2348 1141 bus
2375 1092 2505 1145 suis.
2535 1092 2667 1149 Nam
2698 1113 2819 1153 cum
2851 1101 2947 1156 ista
2972 1115 3121 1174 petra
3152 1085 3325 1166 adhuc
3362 1126 3505 1171 esset
3532 1118 3584 1173 in
3609 1085 3808 1181 infideli-

2250 1188 2357 1235 tate
2380 1196 2589 1253 aSpera,
2623 1190 2808 1245 volens
2837 1208 2954 1249 eam
3000 1198 3174 1268 rigare
3218 1202 3286 1258 de
3310 1209 3669 1276 superioribus
3691 1219 3787 1273 suis

2247 1284 2304 1327 ut
2328 1274 2517 1333 ﬂueret
2550 1296 2686 1352 aqua
2714 1284 2767 1339 in
2797 1290 3060 1356 convalle,
3104 1295 3352 1352 clamavit
3443 1302 3615 1374 Saule,
3647 1309 3804 1381 Scuto,

2242 1369 2366 1436 quid
2404 1388 2480 1425 me
2513 1381 2867 1446 persequeris?
2907 1383 3022 1440 Non
3053 1389 3099 1441 ci
3128 1389 3252 1461 legit
3272 1369 3611 1467 prophetam,
3643 1419 3736 1460 non
3762 1369 3803 1465 ei

2244 1461 2370 1532 legit
2392 1466 2617 1524 alterum
2649 1475 2946 1541 apostolum
2972 1493 2987 1543 ;
3021 1482 3196 1537 omnia
3226 1487 3367 1541 enim
3397 1488 3494 1545 ista
3516 1506 3800 1557 contemne-

2241 1569 2324 1611 ret
2348 1573 2502 1615 mons
2524 1578 2777 1634 magnus:
2806 1569 2999 1640 rigavit
3029 1573 3175 1629 illum
3202 1577 3269 1632 de
3289 1585 3648 1650 superioribus
3675 1594 3798 1662 suis;

2239 1660 2293 1703 et
2321 1651 2498 1707 statim
2520 1656 2718 1726 rigatus
2744 1670 2797 1715 et
2820 1679 3036 1722 manare
3060 1667 3169 1737 jam
3200 1672 3384 1730 vuiens
3416 1694 3428 1730 :
3470 1676 3690 1749 Domine,
3716 1689 3795 1757 ait,

2232 1741 2357 1809 quid
2403 1760 2481 1798 me
2513 1747 2664 1816 jubes
2709 1752 2878 1820 facere
2915 1756 3048 1828 (Act.
3083 1775 3156 1827 rx,
3196 1765 3251 1829 4,
3292 1763 3397 1835 6)?
3445 1769 3635 1842 Accipe
3669 1741 3796 1834 illud;

2236 1845 2474 1891 montem
2502 1842 2583 1895 vel
2610 1852 2836 1913 petram,
2883 1850 3023 1905 unde
3055 1854 3226 1922 possis
3262 1858 3395 1914 dare
3422 1876 3601 1921 vocem
3634 1866 3791 1940 tuum;

2230 1927 2416 1997 accipe
2436 1930 2604 2000 illum,
2627 1944 2682 1990 et
2704 1939 2828 1994 vide
2848 1941 3005 2012 rigari
3028 1945 3093 2001 de
3114 1952 3501 2019 superioribus,
3526 1968 3577 2012 et
3600 1927 3793 2020 efﬂuere

2226 2015 2662 2109 in‘ini‘erioribus.
2695 2028 2833 2084 Audi
2856 2032 2956 2088 hoc
2981 2045 3033 2090 et
3063 2037 3112 2091 in
3142 2015 3250 2095 uno
3273 2041 3431 2099 loco:
3466 2015 3600 2114 Sive,
3625 2015 3788 2123 inquit,

2233 2121 2396 2163 mente
2440 2118 2740 2174 excessimus
2764 2122 2890 2190 Deo,
2930 2128 3023 2181 sivi
3061 2139 3397 2201 temperantes
3445 2150 3615 2197 sumus
3652 2146 3787 2202 vobis.

2230 2199 2386 2268 Quod
2408 2206 2499 2269 ait,
2532 2220 2693 2265 mente
2720 2218 3051 2287 excessimus;
3077 2236 3172 2278 vos
3198 2236 3393 2297 capere
3422 2234 3524 2287 non
3555 2238 3784 2304 potestis:

2222 2299 2556 2356 excessimus
2583 2307 2722 2360 enim
2750 2313 2924 2365 omnia
2954 2314 3049 2368 ista
3082 2320 3337 2388 carnalia,
3371 2339 3466 2378 vos
3495 2327 3658 2383 adhuc
3682 2334 3785 2386 cari-

2224 2390 2375 2445 nales
2400 2394 2546 2447 estis.
2587 2398 2695 2452 Deo
2725 2415 2851 2471 ergo
2877 2408 3056 2461 mente
3083 2413 3413 2470 excessimus
3438 2432 3451 2481 ;
3493 2421 3695 2490 etquod
3716 2422 3782 2477 vi:

2222 2482 2411 2539 demus
2435 2502 2554 2542 cum
2587 2501 2764 2548 mente
2805 2499 3132 2568 cxcedimus,
3174 2504 3324 2559 ciiari
3357 2524 3461 2563 non
3487 2525 3743 2579 possumus
3769 2514 3809 2572 ε’

2222 2574 2293 2628 ibi
2320 2579 2459 2632 enim
2485 2582 2675 2635 audivit
2703 2585 2980 2652 ineffabilia
3006 2593 3169 2659 verba,
3209 2612 3324 2665 qtae
3349 2616 3451 2653 non
3480 2601 3589 2656 licet
3613 2603 3780 2661 homini

2218 2667 2358 2737 loqui
2388 2671 2455 2739 (ll
2483 2672 2600 2727 Cor.
2626 2692 2714 2739 xu,
2745 2678 2819 2747 4).
2844 2678 2979 2746 Quid
3006 2698 3152 2753 ergo,
3180 2688 3427 2758 inquiunt
3450 2693 3520 2747 illi
3542 2697 3774 2765 carnales,

2218 2760 2290 2813 illi
2318 2761 2546 2831 lepores,
2578 2780 2675 2821 nos
2702 2784 2805 2822 non
2838 2771 3215 2842 irrigabimnr?
3243 2781 3307 2834 ad
3334 2797 3433 2837 nos
3458 2785 3582 2840 nihil
3613 2803 3777 2857 perve-

2218 2854 2369 2908 niet?
2402 2857 2467 2910 Et
2497 2861 2765 2927 quomodo
2794 2865 2985 2919 emittit
3024 2868 3193 2924 l'ontes
3238 2872 3291 2925 in
3337 2854 3690 2934 convallide?
3729 2886 3774 2935 et

2208 2948 2478 3015 quomodo
2508 2951 2558 3004 in
2588 2952 2763 3007 medio
2788 2959 3043 3012 montium
3070 2966 3469 3029 pertransibunt
3490 2972 3666 3040 aqua}?
3702 2970 3770 3027 Ad

2208 3035 2313 3091 hoc
2342 3054 2469 3108 ergo
2492 3043 2739 3110 pertinet,
2766 3045 2885 3101 Sive
2911 3058 3241 3118 temperantes
3268 3073 3447 3113 sumus
3466 3035 3615 3116 vobis.
3640 3062 3768 3119 Unde

2208 3127 2311 3183 hoc
2332 3130 2343 3159 ¹
2365 3130 2388 3183 ?
2414 3147 2568 3200 quem
2599 3133 2898 3192 imitamur?
2939 3140 3187 3209 Charitas,
3219 3146 3411 3217 inquit,
3442 3151 3622 3207 Christi
3644 3158 3766 3208 cont-

2208 3218 2348 3283 pelh't
2373 3237 2466 3274 nos
2497 3221 2606 3291 (Id.
2639 3240 2688 3289 ν,
2725 3226 2808 3293 15,
2839 3227 2947 3302 ii).
2973 3230 3050 3285 Tu
3070 3236 3336 3307 particeps
3366 3236 3543 3309 Verbi,
3573 3245 3663 3299 etsi
3684 3245 3765 3301 ho-

2205 3312 2291 3367 die
2335 3315 2646 3384 spiritualis,
2692 3318 2803 3374 heri
2843 3327 3093 3393 carnalis,
3125 3329 3189 3381 ad
3212 3336 3460 3390 carnales
3489 3336 3762 3408 dedignaris

2204 3406 2553 3473 descendere,
2584 3426 2702 3466 cum
2736 3414 2907 3483 ipsum
2944 3418 3173 3476 Verbirm
3204 3438 3331 3481 caro
3372 3428 3561 3486 factum
3588 3406 3668 3500 sit,
3711 3442 3760 3489 ut

2200 3498 2462 3555 habitaret
2488 3501 2539 3555 in
2572 3503 2720 3559 vobis
2748 3506 2922 3575 (Joan.
2951 3527 2989 3575 ι,
3018 3512 3127 3584 Μ).
3655 3498 3661 3500 ἡ
3744 3532 3747 3535 ’

2269 3597 2319 3651 8.
2351 3598 2732 3657 Benedicamus
2757 3620 2885 3675 ergo
2916 3607 3218 3679 Dominum,
3254 3625 3303 3670 et
3346 3618 3614 3677 laudemus
3651 3618 3753 3676 eum

2195 3690 2285 3758 qui
2328 3691 2461 3762 rigat
2502 3703 2710 3750 montes
2749 3697 2816 3753 de
2855 3703 3219 3769 Superioribus
3260 3709 3394 3766 suis.
3441 3712 3563 3769 inde
3600 3714 3754 3769 veniet

2194 3781 2431 3851 irrigatio
2460 3786 2524 3840 ad
2556 3795 2772 3857 terram,
2803 3792 2927 3848 inde
2956 3805 3009 3849 et
3038 3796 3256 3853 humilia
3284 3804 3612 3860 satiabuntur
3639 3822 3650 3859 :
3675 3821 3750 3861 se-

2192 3877 2371 3945 quitur
2399 3880 2561 3947 cnim,
2590 3880 2664 3935 De
2696 3886 2865 3953 fructu
2885 3902 3096 3956 operum
3118 3901 3315 3947 tuorum
3337 3900 3593 3952 satiabitur
3616 3910 3748 3953 terra.

2192 3969 2327 4035 Quid
2355 3982 2453 4037 est,
2486 3972 2564 4027 De
2586 3977 2751 4045 fructu
2773 3993 2979 4048 cperam
3001 3986 3237 4039 tuorum?
3257 3985 3427 4045 Nemo
3451 3991 3685 4062 glorietur
3704 3993 3747 4045 in

2189 4052 2441 4131 cperiims
2468 4068 2613 4133 suis;
2645 4068 2738 4124 sed
2766 4072 2853 4141 qui
2885 4075 3159 4145 gloriatur,
3191 4080 3240 4134 in
3270 4081 3493 4138 Domino
3517 4084 3747 4156 glorietur

2193 4153 2235 4222 (l
2259 4153 2383 4209 Cor.—
2410 4173 2445 4221 ι,
2475 4157 2585 4231 5i).
2628 4160 2803 4217 Gratia
2838 4173 2921 4219 tua
2945 4167 3185 4237 satiatur,
3217 4186 3336 4226 cum
3368 4153 3581 4230 satiatur
3610 4194 3620 4228 :
3652 4188 3743 4229 non

2187 4246 2325 4303 dicat
2358 4252 2559 4305 meritis
2588 4254 2697 4307 suis
2722 4254 2896 4310 datam
2926 4260 3148 4329 gratiam
3184 4261 3368 4320 fuisse.
3406 4267 3458 4321 Si
3495 4269 3645 4337 gratia
3669 4265 3743 4320 di-

2184 4334 2340 4403 citur,
2390 4343 2555 4410 gratis
2603 4345 2801 4400 datur:
2850 4348 2893 4403 si
2947 4353 3197 4422 Operibus
3252 4358 3509 4426 redditur,
3558 4373 3740 4415 merces

2183 4430 2422 4487 redditur
2443 4435 2617 4506 (Rom.
2648 4453 2727 4506 tv,
2754 4441 2806 4507 ιι,
2832 4441 2910 4514 5).
2943 4442 3117 4502 Gratis
3146 4462 3271 4520 ergo
3291 4455 3491 4523 accipe,
3520 4454 3629 4524 quia
3652 4454 3736 4505 im-

2181 4524 2298 4591 pius
2332 4525 2659 4595 justiiicaris.
2701 4529 2782 4585 De
2818 4537 2988 4605 fructu
3016 4555 3219 4609 operum
3262 4551 3463 4599 tuorum
3501 4544 3735 4600 satiabitur

2180 4622 2333 4668 terra.

2246 4708 2301 4763 9.
2337 4708 2486 4783 [vers.
2516 4714 2628 4787 M.]
2674 4715 2969 4774 Producens
2992 4725 3165 4793 fenum
3182 4726 3443 4798 funiculis,
3488 4731 3729 4785 etherbant

2174 4806 2399 4859 servituti
2424 4805 2701 4864 hominum.
2733 4812 2926 4869 Verum
2954 4824 3053 4882 est,
3083 4820 3258 4886 video,
3289 4837 3515 4893 agnosco
3540 4830 3725 4879 creatu-

2173 4911 2287 4953 ram
2314 4918 2325 4953 :
2355 4901 2599 4969 producit
2632 4913 2767 4959 terra
2802 4904 2977 4962 fenum
3003 4908 3279 4982 jumentis,
3320 4924 3374 4970 et
3396 4916 3600 4973 herbam
3628 4924 3725 4969 ser-’

2172 4991 2325 5045 vituti
2358 4991 2648 5049 hominum.
2695 4994 2799 5052 Sed
2840 4998 2994 5055 video
3024 5011 3076 5056 et
3120 5003 3221 5059 alia
3256 5005 3488 5074 jumenta
3517 5003 3717 5067 Domini,

2170 5097 2289 5152 qua:
2325 5084 2704 5154 significantur,
2740 5104 2859 5144 cum
2896 5091 3106 5158 dicitur,
3140 5093 3266 5150 Β(ιυὶ
3286 5098 3533 5152 trituranti
3556 5114 3606 5150 os
3634 5109 3719 5147 non

2166 5173 2442 5245 infrenabis
2469 5196 2485 5233 :
2518 5177 2646 5233 dicit
2680 5182 2819 5236 enim
2852 5183 3021 5252 ipsum
3049 5186 3365 5257 jttmcntnm,
3400 5186 3646 5259 Numquid
3667 5185 3718 5237 de

2166 5266 2320 5322 bobus
2350 5271 2562 5340 pertinet
2595 5268 2662 5325 ad
2685 5270 2893 5329 Deum?
2938 5278 3161 5348 Propter
3194 5298 3291 5337 nos
3326 5299 3447 5354 ergo
3471 5281 3712 5350 Scriptura

2167 5361 2312 5417 dicit.
2338 5360 2615 5429 Quomodo
2641 5382 2770 5437 ergo
2802 5369 3046 5438 producit
3083 5383 3220 5429 terra
3252 5375 3427 5431 fenum
3451 5367 3712 5446 jumentis?

2164 5444 2295 5519 Quia
2324 5452 2576 5511 Dominus
2601 5462 2856 5513 constituit
2883 5473 2938 5516 ut
2964 5458 3055 5534 qui
3070 5450 3398 5539 Evattgclium
3419 5465 3703 5524 anmmtiant,

2162 5546 2226 5601 de
2254 5546 2529 5618 Evangelia
2560 5550 2745 5606 vivant.
2791 5552 2931 5610 Misit
2974 5557 3365 5626 prmdicatures,
3406 5565 3456 5614 et
3482 5558 3549 5612 ait
3581 5552 3700 5608 illis:

2165 5638 2351 5693 Omnia
2392 5658 2505 5711 qua:
2555 5645 2617 5696 ab
2663 5646 2787 5715 ipsis
2820 5662 3150 5718 apponuntur
3192 5652 3357 5719 vobis,
3406 5651 3699 5705 manducata;

2225 5782 2331 5827 |sic
2355 5780 2579 5843 plerique
2603 5787 2709 5844 Mss.
2736 5778 2912 5844 quibus
2950 5793 3048 5833 Am.
3092 5793 3143 5837 et
3182 5793 3257 5839 Er.
3285 5788 3456 5839 favent.
3500 5786 3549 5833 At
3572 5778 3696 5831 anno

2156 5850 2264 5893 Lov.
2288 5845 2431 5891 habet
2453 5858 2467 5895 :
2508 5853 2520 5891 t
2545 5843 2637 5892 nde
2656 5848 2701 5893 et
2723 5844 2801 5895 hic
2823 5858 2960 5907 quem
2982 5846 3212 5903 imitatur.

4012 5572 4023 5879 ’
