4088 6438
382 373 509 432 1563

377 495 550 564 dignus
576 496 648 544 est
679 490 818 544 enim
847 487 1110 562 operarius
1133 483 1355 540 mercede
1377 499 1469 537 sua
1496 478 1646 551 (Luc.
1671 493 1726 542 x,
1761 475 1792 529 7
1817 483 1860 529 et
1881 473 1957 546 8).

372 588 503 642 Cum
523 585 667 641 enim
686 583 937 652 dixisset,
967 582 1092 648 Quae
1107 588 1427 651 apponuntur
1446 574 1601 640 vobis,
1626 570 1961 630 manducate;

372 697 444 736 ne
482 680 560 736 illi
593 679 860 745 dicerent,
912 675 1144 747 [mprobi
1176 674 1376 729 erimus
1409 669 1476 725 ad
1511 680 1722 724 mensas
1761 663 1964 716 alienas

367 789 496 829 cum
519 775 536 806 ί
576 771 961 842 indigebimus,
992 770 1072 824 vis
1101 781 1198 822 nos
1231 768 1302 821 ita
1329 778 1448 820 esse
1476 757 1784 817 frontosos?
1825 753 1963 820 Non,

366 864 574 932 inquit,
601 878 706 917 non
724 870 810 917 est
835 861 925 916 illa
950 859 1164 915 donatio
1185 871 1392 919 eorum,
1424 852 1516 909 sed
1538 859 1712 906 vestra
1736 859 1963 902 merces.

365 956 542 1027 Cuius
569 956 648 1010 rei
669 956 924 1010 merces?
955 951 1089 1019 Quid
1119 949 1287 1005 dant?
1329 946 1454 1017 quid
1481 939 1789 1011 accipiunt?
1834 938 1970 991 Dant

365 1048 678 1119 spiritualia
696 1088 710 1110 ,
743 1046 1009 1114 accipiunt
1027 1041 1294 1106 carnalia;
1322 1039 1449 1094 dant
1468 1049 1680 1102 aurum,
1704 1027 1968 1098 accipiunt

367 1142 588 1198 fcitum.
621 1139 800 1194 Omnis
818 1138 949 1192 enim
971 1152 1092 1190 caro
1111 1135 1301 1203 feriunt,
1327 1139 1375 1186 et
1395 1129 1600 1183 claritas
1617 1124 1781 1179 carnis
1801 1129 1853 1174 ut
1871 1121 1968 1191 [los

369 1234 488 1303 [cui
515 1231 785 1303 (hau-XL,
810 1229 888 1298 6).
925 1225 1111 1282 Omnia
1150 1221 1458 1292 temporalia
1487 1234 1604 1289 qute
1648 1215 1741 1270 tibi
1779 1227 1967 1283 snper-

371 1324 562 1383 ﬁuuut
584 1332 642 1378 et
665 1319 984 1384 redundant,
1027 1316 1203 1372 fenum
1230 1316 1592 1383 iumentorum
1623 1315 1724 1362 est.
1755 1304 1969 1372 Quare?

374 1417 519 1486 Quia
547 1414 782 1470 carnalia
805 1419 948 1468 sunt.
995 1409 1128 1464 Audi
1158 1421 1383 1476 quorum
1410 1406 1768 1472 iumentorum
1800 1397 1868 1453 sit
1893 1395 1970 1451 fe-

379 1526 541 1566 num.
575 1509 638 1564 Si
674 1525 765 1562 uos
789 1505 932 1560 vobis.
959 1500 1267 1573 spiritantia,
1312 1497 1684 1560 seminavimus,
1732 1506 1971 1562 magnum

383 1611 458 1656 est
483 1601 534 1656 si
559 1597 796 1654 carnalia
830 1604 992 1650 vestra
1028 1590 1315 1650 metamus?
1364 1589 1477 1645 Hoc
1502 1584 1788 1656 Apostolus
1815 1581 1968 1647 dixit,

387 1693 518 1750 talis
549 1689 895 1745 annuntiator
926 1694 1032 1740 tam
1060 1683 1376 1747 laboriosus,
1427 1688 1533 1733 tam
1574 1676 1816 1746 impiger,
1864 1681 1972 1726 tam

388 1783 738 1847 exercitatus,
770 1788 828 1834 ut
854 1780 1023 1848 ipsum
1047 1775 1227 1831 fenum
1255 1773 1477 1827 donaret
1505 1778 1681 1823 terrae.
1731 1761 1863 1836 Ego,
1888 1761 1971 1816 in-

390 1875 527 1947 quit,
554 1873 746 1928 nullius
774 1871 954 1925 horum
977 1885 1096 1922 usus
1121 1882 1251 1921 sum.
1297 1860 1539 1918 Ostendit
1561 1859 1657 1914 sibi
1685 1854 1889 1919 deberi,
1919 1859 1975 1909 et

391 1981 501 2022 non
543 1963 786 2033 accepit;
842 1975 940 2016 nec
973 1948 1347 2014 condemnavit
1384 1967 1478 2008 eos
1521 1949 1612 2021 qui
1652 1950 1976 2015 acceperunt

390 2056 534 2132 quod
564 2053 876 2112 debebatur.
919 2045 1314 2106 Condemnandi
1346 2045 1487 2099 enim
1514 2047 1666 2096 erant
1701 2037 1973 2108 exigentes

393 2129 652 2209 indebita,
677 2159 782 2200 non
805 2141 1125 2211 accipientes
1147 2135 1449 2193 mercedem
1473 2147 1622 2186 suam
1652 2148 1664 2183 :
1690 2129 1779 2184 ille
1795 2133 1973 2182 tamen

391 2248 445 2294 et
474 2241 648 2309 ipsam
698 2232 999 2291 mercedem
1031 2245 1180 2286 suam
1229 2225 1466 2282 donavit.
1517 2221 1632 2278 Non
1676 2221 1796 2292 quia
1837 2219 1974 2274 alius

394 2331 492 2404 tibi
518 2328 758 2394 donavit,
788 2341 896 2381 non
925 2324 1088 2381 debes
1116 2321 1302 2384 alteri;
1330 2315 1562 2388 alioquin
1586 2330 1690 2368 non
1717 2312 1824 2368 eris
1855 2311 1976 2365 irri-

391 2403 514 2496 gata
556 2431 700 2478 terra
726 2434 844 2491 quae
885 2414 1128 2489 producit
1164 2413 1342 2470 fenum
1382 2406 1660 2479 iumentis.
1701 2405 1780 2459 De
1806 2403 1975 2475 fructu

394 2532 605 2587 cperunt
647 2525 867 2576 tuorum,
919 2509 1119 2580 inquit,
1157 2504 1423 2560 satiatibur
1469 2512 1602 2556 terra
1641 2516 1658 2554 :
1695 2497 1977 2569 producens

395 2607 568 2678 [acum
589 2606 851 2677 jumentis.
880 2602 961 2658 Tu
989 2601 1096 2656 noli
1134 2613 1255 2654 esse
1283 2595 1501 2662 sterilis,
1544 2591 1745 2664 produc
1795 2589 1976 2644 fenum

391 2700 644 2770 iumentis
673 2716 686 2752 :
727 2697 773 2751 si
797 2696 988 2751 nolunt
1014 2691 1255 2763 iumenta
1281 2689 1458 2744 tetrum
1486 2695 1657 2750 tuum,
1682 2697 1787 2737 non
1815 2690 1867 2736 te
1898 2690 1976 2734 ta-

397 2807 522 2849 men
563 2789 804 2846 sterilem
843 2785 1132 2842 inveniant.
1186 2781 1398 2850 Accipis
1447 2775 1760 2849 spiritualia,
1812 2772 1976 2828 redde

397 2882 629 2939 carnalia
660 2898 676 2934 :
709 2880 885 2936 debita
906 2887 1028 2934 sunt
1048 2876 1220 2941 militi,
1248 2873 1402 2928 militi
1431 2869 1646 2934 reddis;
1678 2866 1976 2938 provincia-

399 2973 560 3048 lisr(a)
595 2971 794 3030 Christi
822 2985 901 3026 es.
939 2968 1061 3036 Quis
1090 2967 1272 3020 militat
1305 2963 1412 3018 suis
1431 2959 1690 3033 stipendiis
1716 2954 1980 3026 unquam?

547 3066 745 3136 plantat
773 3064 989 3139 vineam,
1031 3070 1075 3114 et
1102 3058 1163 3112 de
1189 3057 1358 3127 [ructu
1387 3056 1496 3126 ejus
1537 3069 1637 3106 non
1674 3049 1813 3105 edit?
1864 3046 1984 3118 quis

401 3138 558 3231 pascit
583 3172 806 3228 gregem,
845 3138 892 3208 et
917 3153 977 3207 de
1003 3151 1130 3204 lacte
1155 3151 1263 3219 ejus
1293 3163 1392 3201 non
1422 3143 1667 3216 percipit?
1704 3139 1819 3195 Non
1858 3138 1979 3193 ideo

398 3249 538 3324 dico,
565 3256 626 3304 ut
651 3249 750 3302 ista
774 3246 904 3300 ﬁant
930 3243 983 3300 in
1014 3257 1120 3297 me.
1145 3239 1267 3296 Fuit
1285 3236 1495 3310 quidam
1523 3235 1677 3289 miles
1702 3232 1790 3303 qui
1816 3232 1978 3288 etiam

401 3323 711 3414 provinciali
740 3337 967 3392 donaret
989 3346 1255 3388 annonam
1279 3347 1292 3382 :
1323 3327 1414 3384 sed
1442 3337 1616 3381 tamen
1641 3323 1827 3380 reddat
1851 3338 1979 3394 pro-

401 3433 644 3490 vincialis
673 3444 960 3486 annonam.
986 3425 1058 3483 Ut
1084 3434 1260 3480 autem
1287 3421 1411 3476 hinc
1438 3418 1611 3474 dicam
1636 3417 1812 3488 potius
1837 3433 1851 3480 ;
1890 3416 1981 3484 iu-

402 3535 578 3583 menta
609 3531 771 3580 sunt:
800 3520 922 3574 Bovi
955 3518 1208 3574 trituranti
1232 3533 1288 3572 os
1318 3532 1416 3569 non
1457 3511 1751 3584 infrenabis.
1781 3509 1983 3564 Produ-

403 3635 537 3683 cens,
580 3614 772 3685 inquit,
811 3609 1273 3682 fermmjumentis;
1317 3617 1371 3664 et
1403 3606 1551 3677 quasi
1578 3604 1679 3658 hoc
1713 3616 1984 3672 exponens

402 3705 616 3784 adiecit,
648 3701 718 3758 Et
740 3703 943 3757 herbam
964 3700 1185 3756 servituti
1206 3698 1465 3753 hominum
1494 3713 1512 3751 :
1561 3710 1628 3750 ne
1653 3709 1758 3748 non
1788 3693 1984 3747 intelli-

402 3813 556 3871 geres
585 3796 729 3868 quod
754 3795 951 3850 dictum
979 3801 1081 3859 est,
1103 3791 1397 3846 Producens
1423 3794 1592 3861 fenum
1611 3787 1874 3859 jumentis,
1902 3800 1989 3840 re-

403 3891 663 3966 petitione
709 3887 956 3958 exposuit
980 3883 1121 3957 quod
1153 3882 1424 3953 praemisit.
1471 3879 1622 3948 Quod
1665 3879 1806 3934 enim
1857 3875 1991 3930 dixit

403 3998 564 4056 Supra
594 3985 788 4056 fenum,
819 3987 1006 4050 postea
1029 3977 1231 4032 herbam
1263 3973 1555 4032 nominavit
1581 3989 1596 4037 ;
1641 3970 1782 4042 quod
1812 3979 1988 4024 autem

402 4076 613 4134 dixerat
640 4073 910 4146 jumentis,
947 4071 1050 4127 hoc
1091 4069 1311 4125 servituti
1354 4065 1614 4120 hominum
1656 4063 1807 4119 dixit.
1849 4063 1990 4132 Ergo

404 4168 686 4250 servituti,
706 4175 761 4223 et
789 4181 898 4222 non
924 4164 1176 4223 libertati.
1207 4161 1306 4217 Ubi
1339 4175 1464 4231 ergo
1492 4167 1592 4223 est,
1631 4155 1731 4211 Vos
1764 4156 1817 4209 in
1845 4154 1992 4208 Iiber-

403 4246 562 4324 tatem
589 4260 750 4314 uocati
769 4257 925 4314 estis?
945 4256 1049 4312 Sed
1067 4255 1188 4310 audi
1208 4253 1453 4314 eumdem
1474 4252 1643 4323 ipsum
1668 4266 1682 4302 :
1712 4246 1833 4305 Cum
1860 4248 1994 4303 enim

403 4350 536 4419 liber
560 4351 656 4405 sim
680 4367 742 4404 ea:
762 4349 1011 4414 omnibus,
1043 4347 1264 4401 omnium
1286 4360 1480 4399 servum
1506 4358 1583 4395 me
1604 4341 1720 4414 feci,
1744 4349 1796 4393 ut
1823 4338 1992 4410 plures

403 4442 756 4511 lucrifacerem
778 4439 822 4510 (Ι
843 4439 959 4494 Cor.
984 4455 1056 4505 Ix,
1080 4434 1253 4506 7-19).
1280 4435 1343 4492 Et
1364 4434 1552 4504 quibus
1573 4431 1724 4499 dixit,
1756 4428 1821 4484 In
1845 4425 1995 4484 liber-

404 4544 564 4606 tatem
590 4534 750 4590 vocati
775 4533 926 4586 estis?
968 4539 1023 4585 et
1049 4529 1174 4601 quid
1205 4526 1486 4598 adiunxit?
1515 4523 1735 4578 Tantum
1756 4539 1818 4576 ne
1842 4520 1993 4576 liber-

403 4636 567 4680 tatem
606 4625 658 4679 in
710 4609 1020 4678 occasionem
1055 4621 1222 4674 carnis
1265 4618 1412 4685 detis,
1446 4616 1533 4670 sed
1568 4632 1656 4686 per
1701 4614 1997 4668 charitatem

402 4717 590 4784 servile
607 4717 817 4770 invicem
846 4712 986 4786 (Gal.
1010 4729 1060 4765 v.
1097 4711 1206 4782 l3).
1239 4712 1382 4777 Quos
1411 4707 1608 4762 liberos
1636 4705 1851 4769 fecerat,-
1881 4719 1998 4758 ser-

405 4825 512 4866 vos
532 4809 690 4875 fecit;
727 4823 836 4864 non
869 4805 1195 4870 conditione,
1226 4800 1322 4858 sed
1355 4810 1528 4857 tamen
1557 4797 1755 4853 Christi
1783 4794 1996 4851 redem-

409 4905 626 4978 ptione;
667 4917 773 4957 non
805 4899 1141 4962 necessitate,
1173 4895 1267 4952 sed
1295 4895 1553 4950 charitate
1586 4912 1598 4947 :
1642 4888 1745 4946 Per
1774 4889 1996 4944 charito-

409 5007 538 5072 ιρηι,
587 4994 777 5066 inquit,
832 4992 1007 5048 servile
1053 4990 1281 5045 invicem.
1340 4984 1444 5042 Sed
1477 4985 1690 5040 Christo
1734 4982 1999 5037 servimus

412 5091 666 5156 invicem,
693 5087 798 5153 ait;
835 5102 940 5142 non
972 5083 1198 5156 populis,
1227 5096 1334 5135 non
1363 5077 1686 5146 carnalibus,
1720 5091 1822 5130 non
1855 5074 2001 5128 inﬁr-

411 5184 542 5262 mis.
588 5182 732 5237 Bene
773 5178 988 5235 Christo
1026 5177 1215 5241 servis,
1255 5175 1297 5229 si
1335 5172 1501 5229 servis
1530 5169 1720 5240 quibus
1757 5166 2002 5224 Christus

417 5260 664 5331 Serviv'it.
706 5272 892 5332 Nonne
921 5271 988 5326 de
1018 5270 1111 5324 illo
1141 5267 1337 5323 dictum
1371 5273 1454 5319 est
1483 5282 1495 5316 :
1540 5262 1676 5317 Bene
1713 5260 2002 5316 servientem

417 5369 687 5443 plurimis?
715 5367 979 5442 Propheta
1000 5364 1189 5436 legitur
1222 5379 1234 5415 :
1286 5360 1354 5415 de
1383 5358 1528 5414 nullo
1555 5357 1653 5412 nisi
1693 5353 1760 5410 de
1789 5353 2000 5408 Christo

419 5461 592 5532 accipi
619 5459 776 5516 solet.
809 5457 1100 5513 Audiamus
1123 5463 1298 5509 tamen
1324 5451 1533 5522 proprie
1553 5458 1606 5503 et
1633 5449 1683 5502 in
1716 5446 2001 5517 Evangelio

419 5570 608 5612 vocem
628 5553 789 5623 eius:
837 5550 1162 5620 Quicumque,
1208 5546 1397 5618 inquit,
1437 5545 1489 5598 in
1519 5542 1653 5597 vobis
1692 5541 1794 5595 vult
1841 5541 2004 5612 major

483 5714 501 5746 ⁸
526 5714 605 5764 sic
626 5709 814 5774 aliquot
833 5716 940 5774 Mss.
962 5714 1018 5758 At
1040 5705 1118 5774 alii
1143 5717 1252 5753 cum
1278 5702 1584 5774 Edd‘carent
1607 5695 1858 5774 particula,
1876 5707 2006 5774 cum:

479 5755 989 5840 ni'nﬁﬁé'hotﬁiné
1004 5755 1119 5821 vide
1135 5774 1296 5817 Βίων.
1330 5766 1382 5814 in
1393 5760 1512 5814 Psal.
1537 5755 1622 5822 xc,
1637 5772 1787 5810 serm.
1812 5755 1849 5821 t,
1873 5771 1926 5808 n.
1950 5755 2008 5807 ll)

421 5847 474 5892 et
493 5843 595 5889 not.

1517 353 1912 416 ENARRATIU
1951 350 2016 407 IN
2047 351 2372 410 PSALMUM
2413 351 2540 407 Clll.

3518 371 3650 428 1566

2071 489 2193 539 esse,
2222 474 2313 528 erit
2335 485 2489 529 vester
2512 491 2699 529 servus.
2730 475 2948 530 Servum
2973 491 3147 533 meum
3170 479 3188 513 ⁸
3219 489 3269 536 te
3295 481 3436 549 fecit,
3481 483 3567 553 qui
3598 491 3650 535 te

2069 581 2167 620 suo
2196 569 2453 637 sanguine
2483 569 2707 623 liberum
2751 567 2891 623 fecit.
2942 571 3108 626 Dicite
3150 567 3253 627 hoc
3298 573 3469 639 nobis,
3523 574 3646 642 quia

2070 674 2252 713 verum
2280 659 2471 715 dicitis.
2515 661 2649 714 Antii
2692 662 2836 715 illum
2877 662 2979 716 alio
3007 663 3123 718 loco
3156 682 3168 716 :
3203 662 3314 718 Nos
3343 675 3512 719 autem
3540 682 3646 718 ser-

2071 767 2157 805 vos
2203 759 2388 806 vestros
2439 769 2528 822 per
2553 751 2728 808 Jesum
2776 753 2841 825 (li
2867 753 2984 808 Cor.
3017 770 3088 819 tv,
3129 756 3206 826 5).
3265 755 3406 810 Bene
3447 757 3647 827 diligite
3693 734 3700 740 ’

2072 855 2255 896 servos
2280 849 2504 909 vestros,
2535 843 2626 898 sed
2657 843 2708 896 in
2744 843 2967 898 Domino
2992 855 3187 900 vestro.
3229 840 3450 902 Prmstet
3494 848 3647 903 nobis

2073 943 2130 988 ut
2155 935 2289 989 bene
2318 934 2630 989 serviamus.
2661 935 2792 989 Nam
2812 936 3059 1002 velimus,
3105 939 3352 1004 nolimus,
3388 941 3525 994 servi
3556 955 3648 994 su—

2073 1043 2228 1082 mus:
2277 1035 2332 1082 et
2373 1035 2548 1082 tamen
2575 1028 2618 1082 si
2663 1028 2902 1083 volentes
2930 1043 3132 1095 sumus,
3180 1047 3282 1085 non
3312 1032 3642 1097 necessitate,

2073 1121 2166 1176 sed
2187 1120 2443 1176 eharitate
2470 1122 2751 1176 servimus.
2789 1122 3190 1190 Quodammodo
3219 1125 3362 1179 enim
3391 1127 3536 1194 quasi
3561 1141 3650 1180 su-

2073 1213 2254 1282 perbia
2296 1229 2568 1268 servorum
2599 1215 2926 1268 stomachata
2975 1215 3266 1278 videbatur,
3305 1231 3421 1269 cum
3453 1216 3651 1272 diceret

2076 1304 2329 1358 Dominus
2354 1323 2366 1358 :
2391 1303 2504 1358 Erit
2529 1315 2683 1359 vester
2705 1323 2874 1359 servus
2902 1307 2985 1376 qui
3008 1308 3216 1360 voluerit
3237 1309 3365 1360 inter
3386 1324 3468 1361 ros
3491 1308 3652 1377 major

2076 1414 2197 1451 esse.
2213 1395 2327 1451 Jam
2344 1397 2480 1450 enim
2499 1396 2588 1450 lilii
2606 1396 2846 1451 Zebcdtei
2864 1397 3016 1451 sedes
3029 1399 3310 1452 altissimas
3325 1399 3650 1467 qua~rebant:

2075 1506 2211 1544 unus
2239 1490 2447 1544 volebat
2476 1489 2661 1544 sedere
2686 1489 2749 1543 ad
2779 1490 3074 1555 dexteram,
3107 1490 3242 1544 alter
3267 1491 3332 1544 ad
3359 1491 3649 1557 sinistram,

2077 1581 2314 1635 dieentes
2357 1597 2449 1650 per
2480 1590 2702 1635 matrem
2746 1582 2884 1650 quod
2926 1581 3024 1650 ipsi
3049 1581 3348 1650 cupiebant.
3400 1581 3652 1636 Dominus

2078 1688 2181 1726 non
2212 1671 2312 1726 illis
2343 1672 2498 1727 sedes
2524 1672 2726 1735 invidit,
2775 1672 2867 1726 sed
2906 1673 3200 1726 convallem
3232 1676 3375 1740 prius
3403 1673 3654 1741 ploralio—

2077 1765 2160 1850 nis
2185 1765 2447 1830 ostendit,
2497 1765 2644 1834 quasi
2681 1763 2881 1818 diceret
2906 1806 2919 1827 ,
2951 1762 3079 1818 Illuc
3103 1764 3262 1818 vultis
3300 1763 3483 1818 venire
3505 1804 3519 1827 ,
3563 1764 3652 1818 ubi

2078 1873 2193 1910 smn
2220 1859 2351 1926 ego?
2404 1858 2578 1912 venite
2602 1873 2704 1927 qna
2735 1872 2853 1926 ego.
2891 1855 3026 1924 Quid
3054 1865 3152 1919 est,
3186 1857 3362 1911 venite
3391 1871 3491 1926 qua
3519 1857 3654 1925 ego?

2079 1951 2181 2006 Per
2215 1950 2582 2005 humilitatem.
2619 1950 2728 2020 Ego
2758 1949 2825 2004 de
2853 1949 3062 2004 sublimi
3089 1947 3359 2013 descendi,
3391 1955 3446 2002 et
3479 1947 3656 2002 humi-

2079 2043 2236 2098 liatus
2256 2042 2487 2098 ascendo
2511 2059 2524 2098 :
2560 2056 2650 2096 vos
2677 2042 2727 2095 iu
2760 2051 2897 2096 terra
2925 2040 3121 2106 inveni,
3151 2047 3203 2094 et
3224 2047 3346 2093 ante
3374 2039 3534 2093 vultis
3559 2053 3653 2093 vo-

2080 2133 2191 2187 lare
2219 2149 2376 2204 quam
2419 2133 2599 2202 pasci;
2641 2131 2786 2202 prius
2823 2130 3116 2196 nutrimini,
3159 2129 3472 2192 educamini,
3524 2127 3658 2183 ferte

2079 2225 2282 2280 nidum.
2332 2225 2466 2292 Quid
2504 2225 2644 2279 enim
2676 2222 2786 2276 ait?
2827 2220 3091 2292 quomodo
3134 2221 3250 2275 illos
3289 2221 3556 2274 revocavit
3591 2218 3658 2273 ad

2080 2317 2449 2380 humilitatem,
2479 2316 2913 2385 iam‘quterentes
2935 2313 3304 2368 altitudinem?
3337 2312 3557 2366 Potestis
3584 2311 3659 2364 bi-

2080 2411 2194 2465 bere
2216 2409 2421 2463 calicem
2456 2425 2598 2478 qnem
2626 2425 2715 2479 ego
2743 2406 2980 2461 bibiturus
3019 2421 3128 2459 sum
3149 2406 3175 2458 ?
3208 2405 3270 2459 Et
3296 2404 3390 2468 illi,
3420 2405 3576 2458 etiam
3605 2403 3657 2456 in

2082 2503 2184 2559 hoc
2219 2503 2474 2572 superbi:
2527 2499 2824 2554 Possumus.
2875 2497 3153 2564 Quomodo
3207 2497 3390 2551 Petrus
3424 2514 3438 2548 :
3477 2493 3658 2548 Tecum

2081 2614 2235 2669 usque
2262 2598 2329 2650 ad
2367 2605 2595 2650 mortem.
2625 2594 2800 2649 Fortis
2832 2594 2928 2657 vir,
2979 2592 3149 2646 donec
3175 2590 3367 2644 femina
3412 2588 3611 2642 diceret
3641 2605 3654 2640 :

2082 2685 2151 2742 Et
2181 2690 2271 2743 iste
2290 2704 2403 2740 cum
2426 2685 2528 2740 illis
2547 2696 2653 2740 erat
2677 2683 2884 2756 (Matth.
2911 2697 3052 2746 xxvr,
3080 2682 3168 2745 '55,
3193 2678 3306 2750 69).
3334 2679 3422 2733 Sic
3450 2688 3502 2731 et
3529 2677 3614 2731 isti
3641 2695 3654 2730 :

2082 2768 2380 2837 Possumus.
2421 2779 2685 2834 Potestis?
2731 2776 3028 2831 Possumus.
3073 2773 3140 2828 Et
3169 2773 3277 2836 ille,
3310 2771 3525 2826 Calicem
3549 2771 3663 2840 qui-

2083 2872 2194 2926 dem
2245 2889 2408 2925 meum
2455 2869 2646 2933 bibetis,
2695 2867 2793 2921 etsi
2833 2866 2990 2920 modo
3030 2881 3134 2918 non
3176 2864 3415 2933 potestis.
3453 2860 3659 2915 bibetis:

2082 2963 2348 3034 quomodo
2375 2961 2550 3026 Petro,
2587 2979 2605 3011 ι
2630 2957 2744 3015 Non
2777 2968 2928 3028 potes
2956 2972 3040 3010 me
3070 2955 3226 3010 modo
3255 2955 3401 3024 sequi
3428 2971 3442 3018 ;
3475 2967 3664 3024 seque-

2083 3055 2158 3110 ris
2187 3069 2271 3109 me
2296 3062 2474 3124 postea
2499 3049 2676 3125 (Joan.
2702 3066 2815 3112 xm,
2848 3049 2961 3121 '56).
2995 3048 3220 3103 Calicem
3241 3046 3451 3116 quidem
3482 3060 3659 3099 meum

2084 3145 2314 3209 bibatis;
2352 3144 2538 3199 sedere
2564 3150 2739 3196 autem
2779 3139 2843 3194 ad
2874 3139 3142 3193 dexteram
3187 3152 3354 3189 meam
3386 3136 3465 3189 vel
3492 3135 3557 3187 ad
3584 3134 3662 3188 si-

2085 3240 2328 3307 nistram,
2353 3253 2458 3293 llOu
2487 3245 2569 3292 est
2589 3249 2763 3290 meum
2785 3232 2912 3288 dare
2927 3231 3105 3286 vobis»
3136 3229 3444 3301 (Matt/axx,
3461 3225 3662 3296 20-27).

2086 3335 2222 3404 Quid
2248 3341 2348 3399 est,
2380 3330 2503 3385 Non
2546 3340 2618 3385 est
2661 3345 2825 3383 meum
2854 3328 2975 3380 dare
3009 3325 3184 3379 vobis?
3225 3321 3338 3377 Non
3369 3331 3443 3377 est
3487 3336 3662 3375 meum

2087 3429 2216 3484 dare
2259 3425 2520 3496 superbis.
2573 3421 2730 3479 Modo
2764 3419 2956 3490 quibus
2991 3420 3199 3488 loquor,
3247 3415 3459 3485 superbi
3499 3413 3663 3478 estis;

2089 3521 2209 3590 ideo
2227 3518 2356 3584 dixi,
2383 3513 2502 3570 Non
2525 3525 2594 3570 est
2620 3529 2784 3568 meum
2805 3513 2926 3566 dare
2947 3511 3100 3564 vobis.
3123 3507 3224 3564 Sed
3249 3508 3381 3561 forte
3407 3504 3667 3573 dicerent,

2090 3613 2301 3668 Erimus
2341 3608 2591 3663 humiles.
2637 3605 2751 3660 Non
2799 3620 2924 3674 ergo
2962 3602 3109 3658 eritis
3149 3613 3242 3653 vos
3282 3617 3294 3652 :
3345 3611 3464 3667 ego,
3519 3593 3671 3649 Vobis

2092 3704 2220 3760 dixi.
2263 3701 2381 3758 Non
2412 3701 2542 3767 dixi,
2574 3697 2690 3754 Non
2720 3697 2857 3752 dabo
2897 3692 3216 3749 humilibus:
3254 3689 3367 3753 sed,
3399 3703 3502 3742 non
3532 3687 3672 3742 dabo

2093 3794 2353 3866 superbis.
2386 3791 2484 3861 Qui
2508 3800 2684 3846 autem
2714 3803 2809 3844 rex
2837 3785 3068 3857 superbo
3097 3783 3154 3838 ﬁt
3179 3780 3410 3845 humilis,
3442 3792 3548 3833 non
3569 3777 3675 3832 erit

2095 3889 2182 3960 qui
2205 3897 2338 3943 erat.

2168 3981 2254 4054 to.
2296 3979 2434 4047 Ergo
2483 3974 2856 4046 praedicatores
2899 3970 3069 4034 verbi,
3098 3975 3149 4021 et
3175 3967 3412 4036 iumenta
3442 3967 3494 4017 et
3532 3961 3677 4015 servi

2097 4051 2238 4127 sunt.
2263 4068 2526 4124 Producat
2553 4075 2712 4128 terra,
2731 4063 2774 4118 si
2804 4063 3014 4130 irrigata
3034 4066 3136 4123 est,
3161 4056 3329 4126 fenum
3344 4051 3606 4125 jumentis,
3629 4058 3677 4104 et

2100 4162 2300 4217 herbam
2321 4157 2545 4214 servituti
2558 4157 2831 4209 hominum.
2850 4153 2966 4221 Ipse
2983 4149 3214 4205 estenim
3229 4145 3450 4210 fructus,
3473 4150 3532 4198 ut
3553 4154 3678 4211 pos-

2100 4257 2168 4310 sit
2197 4253 2307 4307 tieri
2336 4249 2475 4321 quod
2501 4247 2697 4303 dictum
2730 4254 2812 4300 est
2839 4245 2890 4298 in
2915 4240 3194 4310 Evangelio
3218 4255 3231 4291 :
3261 4236 3328 4292 Ut
3353 4245 3398 4290 et
3427 4234 3526 4305 ipsi
3551 4232 3680 4286 reci-

2102 4348 2242 4420 piant
2265 4363 2349 4401 vos
2377 4345 2429 4397 iu
2460 4339 2782 4397 tabernacula
2810 4345 2996 4392 veterna
3024 4333 3170 4402 (Luc.
3201 4346 3310 4394 va,
3341 4325 3418 4400 9).
3448 4326 3586 4381 Vide
3611 4323 3678 4378 de

2101 4418 2224 4497 leno
2254 4435 2378 4510 quid
2421 4436 2603 4501 facias,
2631 4431 2753 4488 vide
2780 4429 2846 4485 de
2887 4443 2945 4483 re
2982 4425 3072 4481 vili
3102 4423 3228 4496 quid
3255 4437 3422 4478 emas.
3457 4418 3523 4474 Ut
3551 4418 3680 4471 reci-
3781 4485 3786 4494 '

2104 4534 2245 4603 piant
2275 4509 2397 4596 vos,
2444 4528 2632 4598 inquit,
2673 4525 2727 4578 in
2773 4519 3094 4576 tabernacula
3132 4526 3316 4570 arterna
3343 4529 3362 4568 :
3391 4511 3478 4566 ubi
3522 4517 3681 4564 erunt
3777 4509 3780 4511 ’

2106 4601 2224 4698 ipsi,
2252 4621 2376 4678 illuc
2407 4636 2502 4675 vos
2529 4615 2807 4687 recipiant.
2836 4613 3009 4681 Quare
3034 4610 3135 4664 hoc
3149 4609 3172 4662 ?
3199 4606 3331 4674 Quia
3362 4605 3444 4674 qui
3473 4601 3683 4670 suscipit

2096 4693 2293 4790 justum
2319 4717 2371 4769 in
2401 4713 2598 4768 nomine
2624 4709 2763 4779 iusti,
2796 4706 3069 4762 mercedem
3093 4702 3219 4773 justi
3249 4699 3495 4767 accipiet:
3521 4703 3570 4748 et
3593 4693 3681 4763 qui

2105 4787 2311 4879 suscipit
2338 4807 2632 4878 prophetam
2657 4803 2710 4856 in
2733 4800 2935 4855 nomine
2961 4796 3234 4868 praphetw,
3268 4787 3538 4844 mercedem
3560 4799 3678 4854 pro-

2107 4875 2270 4975 pheta:
2299 4875 2507 4969 accipiet
2532 4911 2548 4952 .'
2570 4905 2616 4951 et
2643 4894 2730 4965 qui
2755 4891 2946 4946 dederit
2971 4888 3175 4942 calicem
3205 4896 3347 4951 aquae
3366 4877 3567 4951 frigida!
3591 4875 3684 4928 uni

2108 5013 2170 5049 ea:
2195 4993 2270 5048 his
2299 4990 2536 5054 minimis,
2562 4995 2754 5041 tantum
2786 4983 2840 5036 in
2875 4979 3073 5035 nomine
3103 4970 3379 5042 discipuli;
3402 4971 3545 5021 amen
3570 4965 3684 5018 dico

2110 5086 2264 5151 vobis,
2305 5101 2404 5138 non
2453 5079 2620 5152 perdet
2663 5072 2937 5131 mercedem
2977 5083 3118 5123 suam
3150 5062 3357 5138 (Matth.
3382 5078 3436 5125 χ,
3464 5055 3685 5152 Mi”).

2112 5148 2279 5247 Quam
2306 5148 2603 5230 mercedem
2631 5183 2737 5222 non
2768 5160 2988 5234 perdet?
3011 5157 3288 5228 R'ecipient
3313 5168 3406 5208 vos
3431 5151 3483 5206 in
3504 5148 3688 5203 taber-

2111 5242 2298 5323 nacula
2339 5273 2556 5320 mterna.
2598 5260 2726 5327 Quis
2770 5269 2874 5308 non
2918 5248 3160 5306 festinet?
3185 5247 3274 5318 qui
3316 5259 3420 5301 non
3459 5242 3689 5298 alacrius

2110 5353 2287 5417 Currat
2307 5359 2329 5411 ‘?
2350 5356 2406 5412 Si
2429 5364 2568 5409 terra
2593 5349 2740 5414 estis,
2767 5342 3013 5416 rigamini
3037 5342 3103 5396 de
3130 5342 3302 5394 fructu
3321 5351 3540 5409 operum
3561 5333 3688 5389 Dei:

2115 5469 2184 5507 ne
2213 5449 2422 5510 dicatis.
2451 5445 2567 5500 Non
2597 5448 2722 5498 sunt
2751 5453 2871 5494 cum
2901 5435 3093 5507 quibus
3120 5432 3409 5494 faciamus;
3439 5424 3692 5498 praedieac

2116 5553 2261 5598 tores
2289 5537 2474 5602 nostri,
2496 5535 2734 5606 iumenta
2766 5527 3086 5595 triturantia,
3126 5523 3369 5578 homines
3401 5515 3694 5572 servientes

2116 5650 2223 5691 non
2252 5624 2701 5701 indigentnostri.
2729 5623 2919 5692 Quaere
2943 5629 3144 5685 tamen,
3175 5629 3242 5671 ue
3268 5611 3387 5684 quis
3420 5605 3694 5676 indigeat:

2187 5821 2203 5847 ι
2229 5821 2302 5866 Sic
2322 5827 2371 5863 tn
2395 5817 2498 5863 Mss.
2518 5816 2572 5862 At
2594 5811 2646 5859 in
2664 5808 2800 5869 ΜΦ,
2819 5813 2977 5857 suum.
