4088 6472
536 332 691 393 laet-
1758 332 1814 386 s.
1856 327 2222 386 AUGUSTINI
2263 329 2565 387 EPISCOPI
3649 340 3769 400 ists

530 461 828 525 postremo,
854 462 907 509 et
933 452 1023 525 qui
1051 468 1155 508 non
1185 438 1403 521 indiget,
1432 444 1670 503 inveniat
1697 446 1748 501 in
1776 455 1829 502 te
1852 447 1993 517 quod
2023 458 2119 500 no-

530 546 593 601 Iit
623 550 639 579 ³
666 547 928 617 accipere.
967 545 1172 614 Accipit
1209 543 1350 597 enim
1388 541 1582 595 bonam
1622 539 1971 603 voluntatem,
1999 553 2120 592 cum

530 649 588 692 tu
617 639 847 708 accipias
880 651 1062 706 pacem
1089 653 1101 687 :
1130 634 1229 689 etsi
1260 634 1402 688 enim
1433 646 1539 686 non
1566 630 1756 702 quierit
1782 628 1994 693 datum,
2025 627 2120 683 sed

529 730 754 799 requirit
801 727 1025 781 fructum
1054 724 1309 799 (Philipp.
1338 739 1415 792 ιγ,
1446 724 1558 792 I7).
1586 722 1777 788 Qumre
1822 729 2021 785 tamen,
2052 733 2120 772 ne

459 878 470 885 ,
534 823 656 891 quis
687 820 953 889 indigeat;
982 826 1038 875 et
1063 817 1169 873 noli
1195 816 1373 871 dicere
1404 833 1415 868 :
1445 814 1499 869 Si
1543 813 1785 885 petierit,
1821 810 1978 866 dabo.
2014 809 2120 864 Ex-

454 908 467 987 ξ
522 923 736 983 spectas
758 928 884 982 ergo
907 921 964 966 ut
986 912 1167 981 petat?
1189 909 1276 966 Sic
1294 910 1465 980 pascis
1492 908 1682 963 bovem
1708 907 1818 972 Dei,
1844 903 2113 976 quomodo

452 1060 455 1063 .
523 1014 895 1060 transeuntem
936 1002 1283 1059 mendicum?
1310 1002 1387 1055 Illi
1434 999 1633 1070 petenti
1664 998 1781 1065 das,
1818 998 1938 1067 quia
1979 996 2115 1051 scri-

528 1107 678 1167 ptum
711 1107 814 1163 est,
847 1096 1002 1151 Omni
1040 1096 1226 1167 petenti
1266 1104 1331 1159 te,
1360 1094 1426 1146 da
1463 1095 1479 1161 (
1508 1093 1631 1146 Luc.
1656 1108 1727 1158 vt,
1751 1091 1820 1146 50
1844 1091 1883 1161 ).
1910 1090 1984 1144 De
2012 1090 2116 1143 isto

520 1187 648 1258 quid
672 1190 927 1259 scriptum
950 1188 1069 1242 est?
1089 1186 1274 1240 Beatus
1295 1185 1381 1253 qui
1402 1184 1634 1252 intelligit
1656 1198 1806 1252 super
1835 1196 2044 1251 egenum
2069 1189 2115 1233 et

522 1296 796 1350 pauperem
825 1280 843 1352 (
867 1278 1012 1335 Psal.
1034 1294 1119 1343 ιιι,
1142 1277 1178 1330 2
1198 1276 1241 1348 ).
1268 1275 1459 1343 Qutcre
1487 1275 1572 1329 cui
1598 1272 1691 1328 des
1716 1292 1729 1326 :
1752 1272 1941 1327 Beatus
1969 1270 2113 1327 enim

522 1373 609 1439 qui
630 1372 863 1442 intelligit
886 1388 1037 1440 super
1056 1386 1265 1439 egenum
1284 1378 1331 1421 et
1352 1382 1645 1437 pauperem,
1666 1365 1752 1435 qui
1780 1373 2116 1435 prmoccupat

523 1479 713 1518 vocem
765 1462 998 1532 petituri.
1043 1460 1099 1517 Si
1154 1461 1233 1515 sic
1282 1460 1421 1514 inter
1472 1474 1567 1513 vos
1624 1457 1863 1526 indigent
1914 1456 2113 1510 milites

521 1556 744 1621 Christi,
769 1566 825 1610 ut
854 1557 1010 1610 etiam
1043 1564 1257 1624 petant;
1285 1552 1462 1607 videte
1497 1566 1563 1606 ne
1594 1566 1688 1604 vos
1728 1549 1989 1619 judicent,
2016 1564 2113 1603 an-

520 1660 733 1717 tequam
766 1656 965 1717 petant.
1014 1645 1314 1715 Quomodo,
1356 1644 1551 1714 inquis,
1593 1643 1810 1712 quiem?
1846 1641 1977 1696 Esto
2011 1655 2111 1695 cu-

520 1742 718 1801 riosus.
742 1751 859 1796 esto
880 1740 1163 1811 providus;
1193 1739 1455 1807 prospice,
1480 1735 1694 1789 attende
1725 1734 1864 1788 unde
1884 1734 2110 1803 quisque

519 1833 686 1897 vivat,
715 1831 852 1884 unde
878 1846 937 1885 se
969 1830 1240 1898 trausigat,
1273 1826 1412 1882 unde
1440 1825 1634 1880 habeat
1657 1843 1669 1877 :
1694 1840 1799 1878 non
1826 1823 2110 1893 reprehen-

520 1922 680 1978 detur
717 1923 816 1976 ista
854 1922 1136 1975 curiositas
1168 1929 1291 1985 tua;
1323 1930 1462 1973 terra
1493 1919 1602 1973 eris
1629 1917 1910 1986 producens
1936 1916 2109 1985 fenum

514 2014 776 2084 iumentis,
806 2021 849 2065 et
880 2012 1085 2067 herbam
1109 2012 1337 2066 servituti
1367 2011 1645 2064 hominum.
1674 2009 1927 2064 Curiosns
1966 2018 2104 2074 esto,

520 2117 577 2161 et
622 2105 859 2176 intellige
898 2121 1061 2175 super
1099 2120 1324 2174 egenum
1355 2112 1405 2158 et
1433 2116 1742 2172 pauperem.
1767 2100 1918 2153 Alius
1950 2099 2015 2153 ad
2055 2110 2106 2153 te

516 2199 686 2264 venit,
735 2208 791 2253 ut
844 2206 1018 2267 petat;
1063 2197 1225 2250 alium
1274 2206 1326 2250 tu
1368 2194 1621 2264 prteveni,
1660 2209 1727 2248 ne
1762 2200 1929 2263 petat.
1957 2190 2107 2247 Sicut

516 2288 659 2342 enim
686 2287 753 2344 de
785 2288 876 2342 illo
897 2289 984 2357 qui
1018 2299 1068 2343 Ie
1096 2288 1285 2356 quairit
1305 2286 1505 2341 dictum
1527 2294 1628 2349 est,
1656 2282 1807 2339 Omni
1830 2285 2014 2353 petenti
2034 2294 2097 2351 te,

515 2381 583 2433 da
597 2396 616 2443 ;
637 2381 713 2433 sic
738 2381 803 2433 de
828 2379 920 2434 illo
942 2394 1099 2449 quem
1123 2388 1176 2432 tu
1202 2377 1365 2432 debes
1387 2391 1627 2447 quaerere
1647 2375 1846 2430 dictum
1876 2384 1977 2439 est,
2001 2375 2103 2429 Su-

515 2471 609 2525 dct
635 2472 974 2542 eleemosyna
1002 2470 1054 2524 in
1086 2485 1243 2524 manu
1275 2478 1382 2533 tua,
1411 2467 1583 2523 donec
1626 2466 1864 2521 invenias
1898 2465 2102 2535 justum

514 2563 598 2616 cui
623 2577 740 2616 eam
772 2562 969 2616 tradas.
993 2561 1126 2615 Cum
1157 2560 1298 2615 enim
1324 2558 1554 2613 dandum
1584 2559 1655 2611 sit
1678 2566 1731 2612 et
1756 2558 1871 2612 istis
1898 2573 2101 2626 paupe-

510 2654 660 2709 ribus
710 2654 1081 2723 petentibus’;
1108 2670 1212 2707 non
1258 2653 1400 2707 enim
1453 2652 1521 2706 ab
1564 2652 1641 2705 eis
1688 2651 1917 2707 inhibuit
1959 2652 2101 2706 Deus

512 2748 904 2818 elcemosyuas,
927 2763 1047 2801 cum
1076 2746 1317 2801 Christus
1341 2744 1409 2799 de
1438 2744 1564 2814 ipsis
1583 2743 1745 2810 dicat,
1773 2743 1988 2808 Quando
2018 2746 2101 2816 fa-

509 2842 583 2892 cis
610 2840 833 2909 epulum,
863 2854 1078 2891 convoca
1106 2852 1283 2897 cwcos,
1313 2837 1541 2901 claudos,
1566 2836 1772 2901 debiles,
1793 2853 1891 2889 non
1910 2835 2099 2889 haben-

511 2942 584 2985 tes
606 2930 740 2984 unde
768 2930 855 2983 tibi
885 2930 1129 2993 reddant;
1152 2929 1449 2983 retribuclnr
1475 2937 1640 2981 autem
1672 2928 1759 2981 tibi
1788 2928 1841 2982 in
1866 2945 2094 2983 resurre-

508 3023 672 3074 ctione
690 3021 949 3090 justorum
981 3018 1149 3089 (Luc.
1179 3034 1291 3082 xw,
1323 3019 1387 3071 15
1409 3029 1455 3071 et
1486 3018 1588 3088 14)
1616 3037 1626 3071 :
1652 3033 1778 3072 voca
1826 3028 1875 3072 et
1928 3018 2093 3087 ipsos,

506 3126 669 3180 pasce
693 3120 745 3164 et
768 3111 910 3178 ipsos
930 3128 944 3173 ;
962 3109 1201 3178 epulare,
1222 3123 1341 3162 cum
1367 3108 1440 3162 illi
1464 3109 1779 3178 epulantur;
1804 3109 2090 3175 delectare,

505 3217 628 3256 cum
663 3201 737 3256 illi
779 3202 1119 3270 saginantur;
1155 3200 1228 3254 illi
1270 3201 1411 3254 enim
1458 3216 1594 3270 pane
1639 3210 1749 3267 tuo,
1792 3210 1845 3255 tu
1886 3201 2095 3271 justitia

506 3292 622 3347 Dei.
659 3292 829 3346 Nemo
872 3291 1025 3346 vobis
1061 3291 1203 3346 dicat
1231 3291 1599 3361 :Prteceptum
1628 3301 1710 3347 est
1736 3308 1764 3346 a
1790 3291 2005 3348 Christo
2034 3302 2093 3348 ut.

504 3397 660 3437 servo
702 3382 794 3436 Dei
834 3381 1010 3448 detur,
1036 3382 1281 3437 mendico
1311 3398 1416 3436 non
1454 3382 1628 3436 detur.
1658 3382 1842 3447 Absit;
1874 3398 2089 3453 prorsus

504 3476 701 3545 impius
730 3476 829 3529 ista
859 3475 1111 3545 loquitur.
1140 3476 1213 3529 Da
1242 3476 1337 3537 illi,
1366 3475 1458 3529 sed
1492 3477 1658 3529 multo
1687 3477 1853 3545 magis
1876 3476 1969 3531 illi.
1994 3475 2088 3532 Ille

503 3568 647 3625 enim
682 3567 833 3637 petit,
865 3567 997 3621 etin
1021 3582 1152 3620 voce
1182 3567 1410 3635 petentis
1435 3566 1679 3636 agnoscis
1711 3567 1798 3621 cui
1835 3567 1929 3622 des
1956 3586 1967 3622 :
1996 3567 2089 3623 ille

503 3671 680 3714 autem
703 3667 901 3729 quanto
923 3658 1096 3713 minus
1118 3658 1268 3727 petit,
1289 3667 1433 3712 tanto
1459 3658 1626 3728 magis
1650 3659 1740 3713 tibi
1762 3659 2087 3728 vigilandum

500 3764 583 3810 est
627 3763 685 3808 ut
733 3767 1075 3823 prmoccupes
1123 3752 1448 3821 petiturum;
1490 3762 1581 3805 aut
1625 3751 1759 3806 forte
1788 3752 1947 3808 modo
1975 3768 2085 3809 non

500 3847 813 3915 petiturum,
841 3856 894 3901 et
922 3844 1209 3914 aliquando
1249 3843 1645 3899 damnaturum.
1676 3842 1858 3913 Itaque
1886 3846 2083 3901 curiosi

500 3948 670 3994 estote
699 3936 766 3993 ad
806 3938 924 4003 ista,
960 3936 1157 3992 fratres
1186 3936 1324 4001 mei;
1357 3936 1639 3991 invenietis
1668 3936 1953 3991 multorum
1985 3936 2083 3993 Dei

497 4044 773 4085 servorum
801 4028 1168 4098 indigentiam,
1193 4035 1397 4082 tantum
1420 4036 1475 4082 ut
1496 4027 1671 4081 velitis
1697 4027 1953 4082 invenire.
1973 4027 2082 4084 Sed

497 4124 618 4192 quia
643 4122 873 4176 delectat
901 4135 996 4175 vos
1024 4121 1297 4178 exmsatio
1321 4134 1423 4191 qua
1450 4120 1608 4175 vultis
1636 4119 1836 4188 dicere,
1860 4120 2079 4176 Nescie-

496 4216 719 4279 bamns;
751 4223 1030 4283 propterea
1056 4228 1161 4267 non
1194 4213 1467 4268 invenitis.

568 4308 658 4362 11.
683 4306 799 4377 Ipse
818 4307 1073 4361 Dominus
1100 4306 1303 4361 loculos
1329 4306 1576 4373 habebat,
1600 4323 1704 4378 quo
1731 4308 2080 4364 mittebantur

385 4412 395 4421 '
496 4399 815 4464 necessaria,
840 4408 891 4452 et
919 4396 1325 4467 possidebantur
1355 4401 1557 4454 nummi
1590 4410 1806 4471 pr0pter
1832 4416 1957 4457 usus
1984 4418 2079 4457 eo-

496 4504 611 4543 rum
638 4489 730 4559 qui
759 4504 879 4543 cum
912 4489 1004 4544 illo
1031 4496 1185 4543 erant
1221 4499 1275 4544 et
1314 4489 1429 4559 ejus
1453 4509 1464 4544 :
1492 4506 1597 4546 non
1625 4493 1765 4547 enim
1796 4508 1915 4548 cum
1943 4494 2078 4550 dici—

495 4594 599 4646 tur,
638 4582 857 4636 Esurivit
905 4581 1135 4653 (Matth.
1163 4598 1238 4649 tv,
1269 4582 1334 4650 2;
1361 4593 1408 4637 et
1435 4601 1545 4652 XXI,
1579 4583 1704 4657 I8),
1749 4588 2075 4658 evangelista

492 4675 767 4729 mentitur.
792 4672 971 4729 Voluit
1001 4675 1206 4730 esurire
1236 4684 1450 4744 propter
1478 4684 1548 4740 te,
1578 4692 1645 4730 ue
1690 4686 1744 4730 tu
1784 4678 1988 4733 esurias
2019 4680 2075 4736 in

490 4765 601 4830 illo,
640 4765 728 4835 qui
771 4780 973 4836 pauper
1013 4764 1181 4819 factus
1210 4775 1310 4830 est,
1335 4781 1455 4819 cum
1482 4765 1631 4822 dives
1656 4778 1817 4835 esset,
1845 4777 1903 4823 ut
1931 4770 2073 4827 illius

488 4866 801 4929 paupertate
846 4874 943 4916 nos
997 4858 1291 4912 ditarcmur
1340 4860 1359 4930 (
1390 4857 1432 4912 Il
1462 4858 1579 4913 Cor.
1607 4875 1718 4923 vin,
1749 4861 1781 4915 9
1807 4861 1848 4933 ).
1878 4862 2075 4919 Habuit

487 4951 630 5005 enim
678 4950 912 5015 loculos;
940 4959 995 5005 et
1020 4950 1221 5004 dictum
1263 4960 1345 5006 est
1387 4950 1455 5005 de
1496 4950 1812 5020 quihusdam
1860 4956 2071 5012 feminis

488 5045 783 5114 religiosis,
824 5044 965 5114 quod
1018 5042 1357 5098 ambulabant
1409 5060 1510 5114 qua
1566 5045 1709 5101 ibant
1750 5047 1913 5117 pedes
1954 5050 2072 5120 ejus

490 5138 935 5206 evangelizantcs,
966 5148 1021 5193 et
1050 5138 1419 5193 ministrabant
1447 5140 1496 5194 ei
1522 5139 1589 5195 de
1617 5141 1912 5197 substantia
1948 5159 2067 5199 sua.

488 5231 836 5286 Nominantur
864 5233 965 5287 illae
996 5234 1244 5288 mulieres
1269 5234 1320 5287 in
1344 5234 1648 5306 Evangelio,
1674 5235 1761 5291 ubi
1792 5245 1905 5293 erat
1924 5254 2071 5308 qua:-

486 5323 608 5378 dam
634 5324 793 5377 etiam
822 5339 955 5378 uxor
978 5324 1253 5394 cujusdam
1279 5325 1469 5381 Chuza:
1503 5329 1863 5397 procuratoris
1901 5330 2069 5386 Ilero—

484 5412 567 5470 dis
589 5412 740 5484 (Luc.
765 5428 879 5480 Vill,
900 5415 980 5484 '5).
1007 5414 1138 5470 Vide
1160 5432 1278 5487 quae
1300 5418 1513 5475 ﬁebant.
1540 5417 1773 5475 Futurus
1797 5430 1912 5476 erat
1931 5421 2069 5477 Pau-
2108 5468 2109 5471 η

2101 5502 2115 5555 2
2180 5518 2326 5571 cere,
2353 5503 2612 5574 propheta
2640 5518 2748 5559 non
2773 5514 2946 5560 cessat
2967 5504 3145 5562 dicere
3170 5523 3183 5561 :
3206 5505 3396 5561 Beatus
3420 5508 3508 5579 qui
3528 5500 3742 5572 intelligit

484 5507 566 5561 lus
597 5506 725 5561 nihil
758 5505 861 5561 tale
886 5505 1173 5577 aliquando
1196 5525 1460 5580 qumrens,
1486 5519 1542 5566 et
1565 5513 1741 5567 omnia
1769 5513 2070 5584 provincia-

484 5596 621 5653 libus
648 5597 872 5654 donans.
905 5598 1012 5655 Sed
1056 5600 1176 5670 quia
1223 5602 1374 5657 multi
1418 5600 1614 5659 inﬁrmi
1659 5605 1757 5661 ista
1793 5606 2089 5685 quaesituri.

456 5744 459 5748 ‘
549 5740 561 5766 ³
590 5739 661 5785 sic
684 5738 900 5789 melioris
923 5746 1047 5789 nota}
1072 5744 1178 5787 Mss.
1207 5744 1259 5788 At
1280 5736 1413 5799 ιλιι,
1444 5736 1572 5790 velit.

549 5757 561 5766 ‘
590 5757 661 5785 DIC
686 5757 900 5789 ιιιωιιυτιδ
923 5757 1047 5789 ιιυιω
1074 5757 1178 5787 MSS.
1207 5757 1259 5788 Λι
1281 5757 1413 5799 r.uu.,
1444 5757 1572 5790 vetu.

549 5801 569 5835 ⁸
592 5800 738 5857 lticiu
762 5799 870 5857 Md.
889 5800 1095 5863 additur,
1121 5804 1245 5865 patet
1274 5810 1291 5853 .‘
1314 5800 1441 5869 quod
1463 5812 1490 5853 ιι
1517 5808 1618 5854 Mss.
1653 5802 1812 5857 abest.

1943 5854 1956 5873 Ξ
1991 5854 2070 5877 ’ἐξ

1884 5924 1951 5964 ’τ’
1968 5892 2087 5965 ’ἶβ

2231 455 2402 511 erant,
2426 446 2595 517 magis
2622 444 2950 501 inﬁrmorum
2979 457 3258 516 personam
3289 449 3511 520 suscepit
3535 450 3770 512 Christus.

2228 536 2520 592 Sublimius
2562 537 2778 602 Paulus,
2829 536 3084 608 numquid
3133 546 3187 593 et
3233 537 3470 596 Christo!
3511 540 3773 605 Sublimius

2226 628 2490 695 Christus,
2520 628 2642 698 quia
2660 627 3079 684 misericordius.
3105 626 3239 683 Cum
3265 629 3405 683 enim
3435 630 3625 688 videret
3650 633 3773 691 Pau-

2228 718 2337 774 lum
2370 719 2466 774 ista
2500 734 2606 774 non
2636 733 2756 775 esse
2786 720 3153 791 quaesiturum,
3184 720 3408 790 providit
3432 722 3771 783 nedamnaret

2226 810 2592 879 quaesiturum,
2618 819 2671 865 et
2696 810 2921 881 praebuit
2946 810 3251 881 exemplum
3279 811 3486 869 inﬁrmo
3504 832 3516 868 :
3537 817 3774 885 quomodo

2226 916 2346 957 cum
2390 901 2595 958 videret
2642 903 2836 959 multos
2882 919 3077 975 pronos
3119 914 3175 961 et
3213 905 3503 976 gaudentes
3541 910 3688 967 ituros
3713 912 3773 971 ad

2225 998 2538 1068 martyrium
2578 998 2859 1067 passionis,
2896 998 3252 1054 exsultaturos
3290 999 3343 1053 in
3383 1000 3493 1070 ipsa
3535 1004 3770 1071 passione,
3863 1010 3870 1019 '

2224 1087 2392 1143 fortes
2419 1090 2459 1156 ί,
2487 1089 2824 1143 centenarias
2867 1098 3104 1145 maturos
3140 1089 3206 1146 ad
3236 1090 3517 1157 horreum;
3544 1109 3769 1165 quorum-

2223 1179 2345 1234 dam
2371 1190 2545 1236 tamen
2570 1179 2918 1248 inﬁrmorum,
2946 1195 3079 1252 quos
3098 1180 3311 1237 videbat
3331 1196 3485 1253 posse
3504 1187 3769 1244 conturbari

2222 1281 2446 1327 ventura
2494 1272 2762 1343 passione,
2810 1288 2877 1328 ne
2919 1272 3211 1329 deﬁcerent
3254 1282 3461 1342 tamen,
3498 1275 3586 1331 sed
3622 1279 3771 1347 potius

2223 1362 2551 1418 voluntatem
2599 1363 2885 1418 humanam
2917 1364 3173 1419 voluntati
3212 1362 3479 1422 Creatoris
3512 1368 3771 1441 conjunge-

2221 1463 2362 1522 rent,
2394 1456 2631 1526 ipsorum
2663 1472 2946 1528 personam
2984 1459 3150 1514 voluit
3188 1459 3458 1530 suscipere
3485 1460 3534 1515 in
3559 1462 3775 1532 passione

2221 1546 2482 1613 Christus,
2519 1549 2725 1613 dicens,
2754 1548 2935 1605 Tristis
2961 1560 3033 1605 est
3062 1551 3233 1605 anima
3257 1568 3369 1607 mea
3394 1569 3546 1624 usque
3572 1555 3633 1608 ad
3658 1570 3776 1610 mor-

2220 1649 2360 1703 tem;
2390 1648 2443 1695 et
2470 1639 2678 1707 iterum,
2707 1638 2883 1707 Pater,
2915 1642 2959 1695 si
2987 1642 3101 1711 ﬁeri
3124 1651 3306 1713 potest,
3330 1651 3591 1698 tramenta
3612 1661 3683 1701 me
3697 1663 3771 1701 ca-

2221 1729 2295 1785 lix
2321 1732 2431 1786 iste.
2457 1732 2645 1786 Docuit
2664 1732 2789 1803 quid
2811 1742 2953 1788 esset
2977 1732 3215 1789 dicturus
3245 1734 3507 1801 inﬁrmus,
3530 1735 3617 1791 sed
3641 1751 3775 1794 secu-

2222 1831 2305 1877 tus
2335 1823 2567 1878 ostendit
2601 1823 2724 1893 quid
2764 1823 2939 1880 facere
2968 1824 3191 1882 deberet
3225 1826 3467 1882 infirmus
3494 1844 3507 1883 :
3540 1826 3775 1884 Verumta-

2218 1929 2331 1966 men
2354 1930 2452 1967 non
2480 1914 2614 1984 quod
2636 1930 2727 1985 ego
2752 1915 2887 1981 volo,
2914 1916 3004 1976 sed
3027 1918 3165 1988 quod
3203 1926 3257 1972 tu
3294 1919 3390 1986 vis,
3416 1917 3565 1974 Pater
3588 1919 3773 1991 (Matth.

2218 2021 2363 2071 xxvi,
2387 2006 2475 2072 '58,
2505 2004 2618 2079 59).
2650 2008 2927 2075 Quomodo
2954 2025 3083 2081 ergo
3110 2011 3161 2065 in
3191 2012 3443 2081 passione
3480 2013 3772 2072 inﬁrmorum

2218 2113 2501 2166 personam
2544 2101 2814 2166 sustinuit,
2845 2104 3180 2174 prmﬁgurata
3211 2104 3299 2158 illa
3344 2104 3399 2160 in
3436 2120 3648 2178 corpore
3671 2122 3770 2176 suo,

2216 2188 2340 2259 quia
2368 2198 2423 2244 et
2454 2190 2540 2244 illa
2566 2192 2804 2247 membra
2832 2191 2981 2262 ejus;
3010 2209 3181 2265 neque
3209 2195 3355 2251 enim
3385 2195 3572 2252 frustra
3600 2198 3772 2253 dictum

2214 2289 2317 2347 est,
2348 2279 2709 2353 Imperfectum
2740 2300 2903 2338 meum
2942 2285 3172 2339 viderunt
3218 2288 3358 2342 oculi
3399 2289 3490 2356 tui,
3516 2299 3562 2344 et
3593 2290 3640 2344 in
3666 2290 3773 2345 libro

2214 2380 2301 2425 tuo
2328 2387 2498 2426 omnes
2522 2373 2801 2427 scribentur
2833 2375 2851 2446 (
2881 2373 3029 2430 Psal.
3061 2391 3320 2443 cxxxvut,
3352 2379 3417 2434 16
3442 2377 3462 2451 )
3490 2398 3503 2434 :
3530 2380 3602 2436 sic
3640 2389 3687 2436 et
3724 2382 3773 2437 in

2212 2464 2402 2519 loculis
2431 2463 2685 2520 habendis
2706 2508 2722 2531 ,
2749 2473 2802 2521 et
2824 2466 2875 2520 in
2902 2467 3159 2536 exigenda
3185 2469 3419 2540 quodam
3450 2470 3602 2527 modo
3624 2486 3772 2527 anno-

2211 2569 2302 2619 na,
2327 2570 2431 2609 non
2462 2555 2711 2625 petenda,
2746 2556 2839 2612 sed
2868 2558 3151 2628 praebenda
3174 2561 3215 2626 ⁸,
3241 2560 3582 2633 indigentiam
3613 2578 3771 2620 susce-

2211 2648 2307 2716 pit.
2334 2647 2579 2719 Suscepit
2608 2665 2728 2704 eum
2759 2649 3067 2716 Zacchrcus,
3097 2662 3152 2707 et
3190 2653 3391 2725 gaudet
3417 2653 3562 2727 (Luc.
3584 2672 3682 2723 xu,
3701 2655 3769 2728 ϐ).

2209 2740 2306 2795 Cui
2338 2741 2439 2797 hoc
2463 2741 2697 2796 bonum?
2720 2742 2955 2807 Christo,
2978 2759 3045 2799 an
3072 2744 3370 2801 Zacehmo?
3400 2747 3561 2812 Vere,
3599 2749 3640 2803 si
3676 2762 3765 2803 non

2206 2835 2501 2902 susciperet
2542 2833 2845 2900 Zaeehreus,
2879 2851 2984 2890 non
3033 2846 3149 2892 erat
3192 2837 3282 2892 ubi
3339 2847 3573 2894 maneret
3610 2838 3769 2895 mundi

2206 2923 2529 2981 fabricator?
2551 2935 2642 2981 aut
2669 2927 2712 2981 si
2739 2942 2845 2983 non
2868 2940 3113 2998 pasceret
3131 2928 3447 2996 Zacchazus,
3477 2931 3711 3003 indigeret
3728 2931 3766 2985 is

2205 3015 2295 3085 qui
2318 3014 2385 3071 de
2406 3018 2639 3087 quinque
2669 3018 2894 3087 panibus
2916 3027 2992 3073 tot
3018 3018 3178 3073 millia
3206 3019 3486 3076 hominum
3513 3020 3770 3077 saturavit?

2204 3108 2335 3163 Cum
2366 3124 2492 3180 ergo
2523 3110 2746 3180 quisque
2791 3119 3031 3166 sanctum
3081 3112 3338 3182 suscipit,
3383 3128 3487 3169 non
3531 3121 3765 3183 suscepto.

2203 3197 2301 3253 sed
2332 3199 2629 3269 suscepturi
2660 3209 2964 3269 prmstatur.
2990 3199 3257 3272 Numquid
3309 3203 3361 3257 in
3403 3204 3489 3260 illa
3519 3202 3647 3260 fame
3676 3218 3766 3259 non

2200 3291 2519 3361 pascebatur
2556 3291 2745 3345 Elius?
2780 3307 2955 3348 nonne
2998 3308 3190 3348 corvus
3231 3294 3493 3351 aﬂ'erebat
3530 3310 3699 3366 panem
3720 3303 3767 3351 et

2200 3396 2415 3437 carnem
2439 3425 2453 3450 ,
2481 3398 2641 3438 servo
2667 3383 2761 3438 Dei
2792 3384 3058 3440 serviente
3088 3393 3338 3442 creatura
3369 3387 3482 3461 (IlI
3508 3387 3628 3461 Reg.
3654 3401 3765 3452 χιιι,

2200 3475 2317 3547 6)?
2346 3476 2534 3531 Missus
2566 3485 2849 3533 esttamen
2882 3478 3183 3549 pascendos
3220 3480 3295 3535 ad
3328 3481 3572 3550 viduam;
3602 3496 3695 3539 non
3718 3490 3769 3537 ut

2197 3566 2386 3635 militi,
2416 3566 2507 3621 sed
2537 3576 2596 3621 ut
2624 3568 2931 3637 provinciali
2961 3569 3159 3640 aliquid
3187 3581 3557 3642 prmstaretur.

2270 3659 2357 3714 12.
2399 3659 2541 3731 Ergo
2566 3663 2687 3731 quia
2717 3660 3044 3729 dicebamus,
3075 3662 3289 3729 fratres,
3329 3677 3383 3721 et
3417 3666 3485 3723 de
3512 3665 3766 3739 pascendis

2196 3749 2553 3820 pauperibus;
2600 3766 2721 3805 cum
2762 3752 3016 3808 Dominus
3063 3754 3268 3810 loculos
3320 3754 3566 3825 haberet,
3610 3766 3762 3813 tamen

2195 3841 2408 3911 quando
2434 3841 2568 3897 dixit
2589 3842 2742 3898 Judze
2768 3858 2889 3899 eum
2917 3843 3194 3911 tradituro,
3225 3848 3380 3915 Quod
3404 3851 3566 3921 facis,
3594 3850 3671 3921 [ac
3692 3865 3765 3904 ue-

2196 3934 2413 3999 lociler;
2441 3949 2546 3990 non
2594 3935 2952 4007 intelligentes
2980 3939 3162 3994 caeteri
3198 3940 3331 4011 quid
3371 3942 3607 4011 dixisset,
3633 3942 3763 3998 arbi-

2195 4028 2320 4081 trati
2366 4037 2489 4083 sunt
2533 4043 2654 4084 eum
2704 4029 2921 4097 dixisse,
2964 4038 3022 4084 ut
3063 4030 3264 4102 aliquid
3295 4043 3615 4105 praapararet
3634 4030 3761 4105 quod

2192 4119 2416 4176 daretur
2443 4121 2782 4191 pauperibus.
2813 4112 2904 4177 Ille
2924 4123 3066 4179 enim
3098 4123 3306 4181 loculos
3336 4125 3583 4196 habebat,
3604 4126 3696 4183 hoc
3712 4126 3761 4180 iu

2098 4219 2105 4227 '
2190 4212 2481 4283 Evangelia
2511 4214 2764 4283 scriptum
2808 4223 2891 4270 est
2920 4214 3118 4287 (Joan.
3148 4232 3268 4284 xm,
3295 4218 3465 4275 27-29
3487 4220 3530 4292 ).
3559 4220 3763 4277 Posseut

2189 4302 2295 4357 hoc
2323 4302 2601 4373 suspicari,
2634 4304 2734 4358 nisi
2774 4302 2877 4359 hoc
2918 4304 3141 4361 haberet
3174 4306 3229 4361 in
3267 4308 3644 4365 consuetudine
3664 4308 3761 4363 Do-

2187 4395 2405 4449 minus?
2432 4395 2506 4450 De
2532 4395 2613 4451 bis
2642 4410 2770 4467 ergo
2794 4410 2913 4466 qua:
2937 4395 3199 4452 dabantur
3223 4408 3279 4454 et
3300 4399 3356 4455 in
3379 4400 3579 4457 loculos
3598 4400 3761 4456 mitte-

2188 4487 2403 4554 bantur,
2431 4486 2655 4542 dabatur
2686 4498 2862 4544 tamen
2890 4495 2945 4544 et
2971 4487 3073 4544 illis
3099 4492 3452 4561 pauperibus,
3480 4507 3610 4565 quos
3633 4491 3760 4547 Deus

2188 4578 2368 4634 docuit
2418 4595 2524 4634 non
2571 4580 3012 4637 contemnendos.
3044 4580 3153 4637 Sed
3199 4583 3246 4638 si
3300 4584 3450 4640 illum
3494 4599 3597 4640 non
3638 4597 3757 4639 con-

2188 4670 2404 4736 temnis,
2427 4679 2624 4740 quanto
2646 4671 2814 4742 magis
2840 4671 3029 4727 bovem
3060 4687 3156 4744 per
3177 4688 3339 4745 quem
3367 4676 3635 4731 trituretur
3655 4675 3757 4729 hac

2185 4763 2351 4817 area?
2377 4771 2577 4833 quanto
2604 4766 2771 4834 magis
2797 4779 3012 4819 servum
3042 4765 3232 4819 tuum?
3257 4766 3377 4822 Non
3410 4767 3604 4838 indiget
3626 4764 3753 4829 cibo,

2184 4852 2324 4909 forte
2353 4864 2500 4909 veste
2531 4854 2749 4926 indiget.
2777 4855 2891 4911 Non
2934 4856 3135 4928 indiget
3159 4868 3332 4927 veste,
3362 4858 3499 4916 forte
3528 4868 3659 4915 tecto
3682 4856 3756 4911 in-

2185 4944 2350 5017 diget,
2382 4944 2520 5000 forte
2562 4946 2841 5002 ecclesiam
2883 4948 3124 5017 fabricat,
3157 4949 3293 5006 forte
3322 4950 3523 5023 aliquid
3548 4950 3665 5006 utile
3701 4950 3754 5003 in

2184 5039 2348 5095 domo
2370 5039 2463 5095 Dei
2486 5039 2729 5105 molitur;
2753 5050 3027 5112 eXSpectat
3051 5052 3107 5097 ut
3131 5042 3400 5110 attendas,
3424 5050 3681 5116 exspectat
3699 5047 3755 5094 ut

2183 5132 2447 5203 intelligas
2496 5146 2657 5202 super
2704 5144 2944 5204 egentem
2994 5144 3050 5191 et
3101 5150 3411 5207 pauperem.
3445 5136 3522 5192 Tu
3557 5145 3748 5195 contra.

2183 5219 2328 5282 terra
2355 5226 2505 5289 dura,
2536 5225 2763 5296 lapidea,
2794 5242 2897 5282 non
2929 5228 3162 5298 irrigata,
3186 5238 3278 5284 aut
3305 5231 3501 5285 frustra
3528 5228 3745 5300 irrigata,

2182 5332 2366 5374 servas
2395 5317 2489 5372 tibi
2516 5316 2695 5373 dicere
2720 5336 2734 5373 :
2756 5317 2871 5373 Non
2902 5319 3154 5388 sciebam,
3185 5336 3290 5376 non
3313 5337 3581 5388 noveram,
3604 5331 3746 5375 neruo

2182 5410 2315 5465 mihi
2357 5410 2511 5465 dixit.
2538 5409 2705 5465 Nemo
2737 5409 2832 5465 tibi
2861 5410 3030 5466 dixit!
3058 5410 3303 5468 Christus
3332 5429 3439 5468 non
3478 5419 3642 5468 cessat
3674 5406 3745 5461 di-

2179 5614 2334 5670 super
2361 5613 2571 5669 egenum
2597 5608 2644 5653 et
2673 5614 2966 5670 pauperem.
2995 5599 3112 5655 Non
3149 5599 3298 5657 vides
3334 5615 3510 5657 arcam
3547 5599 3739 5655 inanem

2246 5749 2265 5780 ί
2289 5747 2363 5797 sic
2383 5754 2486 5796 Mss.
2505 5744 2786 5809 Edd._vero.
2803 5744 2942 5809 forte.

2248 5812 2270 5843 ν
2294 5818 2391 5860 Am.
2420 5815 2492 5859 Er.
2521 5815 2572 5861 et
2595 5802 2818 5874 plerique
2842 5817 2965 5871 Mss,
2990 5820 3081 5862 non
3102 5809 3320 5876 petendo,
3345 5809 3431 5864 sed
3448 5802 3727 5885 ργωιειιάοη

3174 5980 3208 5989 ,4
3232 5972 3310 5995 μυ
