  <div class='ocr_page' id='page_1' title='image "/cluster/home/n/w/nwhite01/storage/ocr_20150623/37/uva.x000827106/182.png"; bbox 0 0 4088 6446; ppageno 0'>
   <div class='ocr_carea' id='block_1_1' title="bbox 456 338 595 407">
    <p class='ocr_par' dir='ltr' id='par_1_1' title="bbox 456 338 595 407">
     <span class='ocr_line' id='line_1_1' title="bbox 456 338 595 407; baseline -0.014 0"><span class='ocrx_word' id='word_1_1' title='bbox 456 338 595 407; x_wconf 67' lang='lat'><strong>{369</strong></span> 
     </span>
    </p>
   </div>
   <div class='ocr_carea' id='block_1_2' title="bbox 459 458 2044 538">
    <p class='ocr_par' dir='ltr' id='par_1_2' title="bbox 459 458 2044 538">
     <span class='ocr_line' id='line_1_2' title="bbox 459 458 2044 538; baseline -0.004 -18"><span class='ocrx_word' id='word_1_2' title='bbox 459 461 732 538; x_wconf 68' lang='lat' dir='ltr'><strong>prmpositi</strong></span> <span class='ocrx_word' id='word_1_3' title='bbox 781 461 855 518; x_wconf 90' lang='lat' dir='ltr'><strong>tui</strong></span> <span class='ocrx_word' id='word_1_4' title='bbox 892 480 904 517; x_wconf 91' lang='lat'>:</span> <span class='ocrx_word' id='word_1_5' title='bbox 936 458 1086 517; x_wconf 81' lang='lat' dir='ltr'><strong>vides</strong></span> <span class='ocrx_word' id='word_1_6' title='bbox 1121 467 1268 516; x_wconf 90' lang='lat' dir='ltr'><strong>certe</strong></span> <span class='ocrx_word' id='word_1_7' title='bbox 1293 461 1377 518; x_wconf 90' lang='lat' dir='ltr'><strong>vel</strong></span> <span class='ocrx_word' id='word_1_8' title='bbox 1416 469 1720 533; x_wconf 72' lang='lat' dir='ltr'><strong>surgentem</strong></span> <span class='ocrx_word' id='word_1_9' title='bbox 1766 460 2044 525; x_wconf 74' lang='lat' dir='ltr'><strong>fabricam,</strong></span> 
     </span>
    </p>
   </div>
   <div class='ocr_carea' id='block_1_3' title="bbox 460 552 2048 628">
    <p class='ocr_par' dir='ltr' id='par_1_3' title="bbox 460 552 2048 628">
     <span class='ocr_line' id='line_1_3' title="bbox 460 552 2048 628; baseline -0.002 -21"><span class='ocrx_word' id='word_1_10' title='bbox 460 573 563 628; x_wconf 87' lang='lat' dir='ltr'><strong>quo</strong></span> <span class='ocrx_word' id='word_1_11' title='bbox 591 557 888 610; x_wconf 76' lang='lat' dir='ltr'><strong>intraturus</strong></span> <span class='ocrx_word' id='word_1_12' title='bbox 912 563 965 609; x_wconf 91' lang='lat' dir='ltr'><strong>et</strong></span> <span class='ocrx_word' id='word_1_13' title='bbox 992 562 1235 609; x_wconf 90' lang='lat' dir='ltr'><strong>oraturus</strong></span> <span class='ocrx_word' id='word_1_14' title='bbox 1261 568 1340 608; x_wconf 90' lang='lat' dir='ltr'><strong>es.</strong></span> <span class='ocrx_word' id='word_1_15' title='bbox 1369 553 1555 608; x_wconf 85' lang='lat' dir='ltr'><strong>Nonne</strong></span> <span class='ocrx_word' id='word_1_16' title='bbox 1581 552 1892 607; x_wconf 76' lang='lat' dir='ltr'><strong>admovetur</strong></span> <span class='ocrx_word' id='word_1_17' title='bbox 1917 565 2048 604; x_wconf 93' lang='lat' dir='ltr'><strong>ocu-</strong></span> 
     </span>
    </p>
   </div>
   <div class='ocr_carea' id='block_1_4' title="bbox 460 643 2050 716">
    <p class='ocr_par' dir='ltr' id='par_1_4' title="bbox 460 643 2050 716">
     <span class='ocr_line' id='line_1_4' title="bbox 460 643 2050 716; baseline -0.005 -12"><span class='ocrx_word' id='word_1_18' title='bbox 460 651 523 704; x_wconf 85' lang='lat' dir='ltr'><strong>lis</strong></span> <span class='ocrx_word' id='word_1_19' title='bbox 548 648 694 702; x_wconf 91' lang='lat' dir='ltr'><strong>tuis?</strong></span> <span class='ocrx_word' id='word_1_20' title='bbox 719 647 831 702; x_wconf 82' lang='lat' dir='ltr'><strong>Nisi</strong></span> <span class='ocrx_word' id='word_1_21' title='bbox 860 646 998 702; x_wconf 88' lang='lat' dir='ltr'><strong>forte</strong></span> <span class='ocrx_word' id='word_1_22' title='bbox 1024 645 1238 716; x_wconf 92' lang='lat' dir='ltr'><strong>putatis,</strong></span> <span class='ocrx_word' id='word_1_23' title='bbox 1269 645 1479 708; x_wconf 89' lang='lat' dir='ltr'><strong>fratres,</strong></span> <span class='ocrx_word' id='word_1_24' title='bbox 1508 643 1630 715; x_wconf 85' lang='lat' dir='ltr'><strong>quia</strong></span> <span class='ocrx_word' id='word_1_25' title='bbox 1656 643 1924 714; x_wconf 55' lang='lat' dir='ltr'><strong>praepositi</strong></span> <span class='ocrx_word' id='word_1_26' title='bbox 1957 658 2050 697; x_wconf 90' lang='lat' dir='ltr'><strong>ve-</strong></span> 
     </span>
    </p>
   </div>
   <div class='ocr_carea' id='block_1_5' title="bbox 458 734 2047 797">
    <p class='ocr_par' dir='ltr' id='par_1_5' title="bbox 458 734 2047 797">
     <span class='ocr_line' id='line_1_5' title="bbox 458 734 2047 797; baseline -0.006 -2"><span class='ocrx_word' id='word_1_27' title='bbox 458 743 550 797; x_wconf 90' lang='lat' dir='ltr'><strong>stri</strong></span> <span class='ocrx_word' id='word_1_28' title='bbox 582 740 946 794; x_wconf 82' lang='lat' dir='ltr'><strong>tlicsaurizant</strong></span> <span class='ocrx_word' id='word_1_29' title='bbox 975 757 987 792; x_wconf 92' lang='lat'><strong>:</strong></span> <span class='ocrx_word' id='word_1_30' title='bbox 1013 746 1065 792; x_wconf 91' lang='lat' dir='ltr'><strong>et</strong></span> <span class='ocrx_word' id='word_1_31' title='bbox 1094 738 1336 791; x_wconf 83' lang='lat' dir='ltr'><strong>novimus</strong></span> <span class='ocrx_word' id='word_1_32' title='bbox 1382 736 1580 790; x_wconf 85' lang='lat' dir='ltr'><strong>multos</strong></span> <span class='ocrx_word' id='word_1_33' title='bbox 1626 749 1730 792; x_wconf 90' lang='lat' dir='ltr'><strong>nou</strong></span> <span class='ocrx_word' id='word_1_34' title='bbox 1782 734 2047 788; x_wconf 87' lang='lat' dir='ltr'><strong>thesauri-</strong></span> 
     </span>
    </p>
   </div>
   <div class='ocr_carea' id='block_1_6' title="bbox 456 828 2046 904">
    <p class='ocr_par' dir='ltr' id='par_1_6' title="bbox 456 828 2046 904">
     <span class='ocr_line' id='line_1_6' title="bbox 456 828 2046 904; baseline -0.008 -12"><span class='ocrx_word' id='word_1_35' title='bbox 456 853 599 902; x_wconf 81' lang='lat' dir='ltr'><strong>zare,</strong></span> <span class='ocrx_word' id='word_1_36' title='bbox 628 845 682 892; x_wconf 92' lang='lat' dir='ltr'><strong>et</strong></span> <span class='ocrx_word' id='word_1_37' title='bbox 710 835 779 890; x_wconf 89' lang='lat' dir='ltr'><strong>ad</strong></span> <span class='ocrx_word' id='word_1_38' title='bbox 808 834 1111 904; x_wconf 84' lang='lat' dir='ltr'><strong>quotidiana</strong></span> <span class='ocrx_word' id='word_1_39' title='bbox 1147 847 1336 903; x_wconf 87' lang='lat' dir='ltr'><strong>egere,</strong></span> <span class='ocrx_word' id='word_1_40' title='bbox 1369 830 1437 886; x_wconf 91' lang='lat' dir='ltr'><strong>de</strong></span> <span class='ocrx_word' id='word_1_41' title='bbox 1477 830 1668 901; x_wconf 89' lang='lat' dir='ltr'><strong>quibus</strong></span> <span class='ocrx_word' id='word_1_42' title='bbox 1694 828 1912 884; x_wconf 91' lang='lat' dir='ltr'><strong>omnino</strong></span> <span class='ocrx_word' id='word_1_43' title='bbox 1939 842 2046 880; x_wconf 91' lang='lat' dir='ltr'><strong>non</strong></span> 
     </span>
    </p>
   </div>
   <div class='ocr_carea' id='block_1_7' title="bbox 456 918 2045 995">
    <p class='ocr_par' dir='ltr' id='par_1_7' title="bbox 456 918 2045 995">
     <span class='ocr_line' id='line_1_7' title="bbox 456 918 2045 995; baseline -0.006 -12"><span class='ocrx_word' id='word_1_44' title='bbox 456 928 727 991; x_wconf 86' lang='lat' dir='ltr'><strong>creditur;</strong></span> <span class='ocrx_word' id='word_1_45' title='bbox 755 940 890 995; x_wconf 91' lang='lat' dir='ltr'><strong>quos</strong></span> <span class='ocrx_word' id='word_1_46' title='bbox 928 933 982 979; x_wconf 92' lang='lat' dir='ltr'><strong>et</strong></span> <span class='ocrx_word' id='word_1_47' title='bbox 1018 938 1112 978; x_wconf 92' lang='lat' dir='ltr'><strong>vos</strong></span> <span class='ocrx_word' id='word_1_48' title='bbox 1157 920 1466 976; x_wconf 84' lang='lat' dir='ltr'><strong>inveniretis</strong></span> <span class='ocrx_word' id='word_1_49' title='bbox 1487 961 1502 984; x_wconf 94' lang='lat'><strong>,</strong></span> <span class='ocrx_word' id='word_1_50' title='bbox 1533 920 1577 974; x_wconf 91' lang='lat' dir='ltr'><strong>si</strong></span> <span class='ocrx_word' id='word_1_51' title='bbox 1609 919 1834 984; x_wconf 83' lang='lat' dir='ltr'><strong>velletis,</strong></span> <span class='ocrx_word' id='word_1_52' title='bbox 1864 918 1908 972; x_wconf 89' lang='lat' dir='ltr'><strong>si</strong></span> <span class='ocrx_word' id='word_1_53' title='bbox 1938 918 2045 973; x_wconf 85' lang='lat' dir='ltr'><strong>cir-</strong></span> 
     </span>
    </p>
   </div>
   <div class='ocr_carea' id='block_1_8' title="bbox 456 1009 2047 1088">
    <p class='ocr_par' dir='ltr' id='par_1_8' title="bbox 456 1009 2047 1088">
     <span class='ocr_line' id='line_1_8' title="bbox 456 1009 2047 1088; baseline -0.009 -12"><span class='ocrx_word' id='word_1_54' title='bbox 456 1018 881 1088; x_wconf 83' lang='lat' dir='ltr'><strong>cumSpiceretis,</strong></span> <span class='ocrx_word' id='word_1_55' title='bbox 914 1018 958 1071; x_wconf 92' lang='lat' dir='ltr'><strong>si</strong></span> <span class='ocrx_word' id='word_1_56' title='bbox 989 1016 1053 1070; x_wconf 90' lang='lat' dir='ltr'><strong>ad</strong></span> <span class='ocrx_word' id='word_1_57' title='bbox 1083 1015 1182 1070; x_wconf 91' lang='lat' dir='ltr'><strong>hoc</strong></span> <span class='ocrx_word' id='word_1_58' title='bbox 1207 1013 1518 1084; x_wconf 84' lang='lat' dir='ltr'><strong>vigilaretis,</strong></span> <span class='ocrx_word' id='word_1_59' title='bbox 1551 1019 1611 1065; x_wconf 93' lang='lat' dir='ltr'><strong>ut</strong></span> <span class='ocrx_word' id='word_1_60' title='bbox 1637 1010 1865 1065; x_wconf 92' lang='lat' dir='ltr'><strong>fructum</strong></span> <span class='ocrx_word' id='word_1_61' title='bbox 1891 1009 2047 1063; x_wconf 75' lang='lat' dir='ltr'><strong>(lare-</strong></span> 
     </span>
    </p>
   </div>
   <div class='ocr_carea' id='block_1_9' title="bbox 455 1102 2044 1180">
    <p class='ocr_par' dir='ltr' id='par_1_9' title="bbox 455 1102 2044 1180">
     <span class='ocr_line' id='line_1_9' title="bbox 455 1102 2044 1180; baseline -0.007 -14"><span class='ocrx_word' id='word_1_62' title='bbox 455 1113 541 1166; x_wconf 88' lang='lat' dir='ltr'><strong>tis.</strong></span> <span class='ocrx_word' id='word_1_63' title='bbox 591 1112 707 1165; x_wconf 88' lang='lat' dir='ltr'><strong>Dixi</strong></span> <span class='ocrx_word' id='word_1_64' title='bbox 755 1109 895 1180; x_wconf 88' lang='lat' dir='ltr'><strong>quod</strong></span> <span class='ocrx_word' id='word_1_65' title='bbox 946 1108 1115 1178; x_wconf 88' lang='lat' dir='ltr'><strong>potui,</strong></span> <span class='ocrx_word' id='word_1_66' title='bbox 1170 1115 1424 1177; x_wconf 87' lang='lat' dir='ltr'><strong>quantum</strong></span> <span class='ocrx_word' id='word_1_67' title='bbox 1472 1102 1640 1174; x_wconf 87' lang='lat' dir='ltr'><strong>potui.</strong></span> <span class='ocrx_word' id='word_1_68' title='bbox 1688 1103 1824 1158; x_wconf 90' lang='lat' dir='ltr'><strong>Puto</strong></span> <span class='ocrx_word' id='word_1_69' title='bbox 1867 1113 2044 1156; x_wconf 87' lang='lat' dir='ltr'><strong>autem</strong></span> 
     </span>
    </p>
   </div>
   <div class='ocr_carea' id='block_1_10' title="bbox 453 1193 2042 1262">
    <p class='ocr_par' dir='ltr' id='par_1_10' title="bbox 453 1193 2042 1262">
     <span class='ocr_line' id='line_1_10' title="bbox 453 1193 2042 1262; baseline -0.008 -7"><span class='ocrx_word' id='word_1_70' title='bbox 453 1201 766 1256; x_wconf 88' lang='lat' dir='ltr'><strong>manifestos</strong></span> <span class='ocrx_word' id='word_1_71' title='bbox 806 1214 902 1253; x_wconf 91' lang='lat' dir='ltr'><strong>nos</strong></span> <span class='ocrx_word' id='word_1_72' title='bbox 946 1212 1065 1252; x_wconf 89' lang='lat' dir='ltr'><strong>esse</strong></span> <span class='ocrx_word' id='word_1_73' title='bbox 1104 1197 1274 1262; x_wconf 81' lang='lat' dir='ltr'><strong>vobis,</strong></span> <span class='ocrx_word' id='word_1_74' title='bbox 1317 1195 1451 1250; x_wconf 91' lang='lat' dir='ltr'><strong>sicut</strong></span> <span class='ocrx_word' id='word_1_75' title='bbox 1486 1194 1560 1249; x_wconf 87' lang='lat' dir='ltr'><strong>ait</strong></span> <span class='ocrx_word' id='word_1_76' title='bbox 1598 1193 1900 1262; x_wconf 83' lang='lat' dir='ltr'><strong>Apostolus,</strong></span> <span class='ocrx_word' id='word_1_77' title='bbox 1937 1206 2042 1244; x_wconf 90' lang='lat' dir='ltr'><strong>non</strong></span> 
     </span>
    </p>
   </div>
   <div class='ocr_carea' id='block_1_11' title="bbox 453 1283 2043 1352">
    <p class='ocr_par' dir='ltr' id='par_1_11' title="bbox 453 1283 2043 1352">
     <span class='ocr_line' id='line_1_11' title="bbox 453 1283 2043 1352; baseline -0.008 -5"><span class='ocrx_word' id='word_1_78' title='bbox 453 1293 573 1347; x_wconf 91' lang='lat' dir='ltr'><strong>ideo</strong></span> <span class='ocrx_word' id='word_1_79' title='bbox 606 1305 704 1346; x_wconf 92' lang='lat' dir='ltr'><strong>nos</strong></span> <span class='ocrx_word' id='word_1_80' title='bbox 730 1290 911 1345; x_wconf 89' lang='lat' dir='ltr'><strong>dicere</strong></span> <span class='ocrx_word' id='word_1_81' title='bbox 933 1331 947 1352; x_wconf 92' lang='lat'><strong>,</strong></span> <span class='ocrx_word' id='word_1_82' title='bbox 975 1297 1035 1342; x_wconf 86' lang='lat' dir='ltr'><strong>ut</strong></span> <span class='ocrx_word' id='word_1_83' title='bbox 1065 1289 1116 1342; x_wconf 91' lang='lat' dir='ltr'><strong>in</strong></span> <span class='ocrx_word' id='word_1_84' title='bbox 1148 1302 1246 1342; x_wconf 93' lang='lat' dir='ltr'><strong>nos</strong></span> <span class='ocrx_word' id='word_1_85' title='bbox 1274 1288 1373 1341; x_wconf 92' lang='lat' dir='ltr'><strong>ista</strong></span> <span class='ocrx_word' id='word_1_86' title='bbox 1404 1285 1627 1340; x_wconf 84' lang='lat' dir='ltr'><strong>faciatis.</strong></span> <span class='ocrx_word' id='word_1_87' title='bbox 1652 1284 1876 1340; x_wconf 64' lang='lat' dir='ltr'><strong>Praestet</strong></span> <span class='ocrx_word' id='word_1_88' title='bbox 1902 1283 2043 1336; x_wconf 92' lang='lat' dir='ltr'><strong>Deus</strong></span> 
     </span>
    </p>
   </div>
   <div class='ocr_carea' id='block_1_12' title="bbox 452 1377 2040 1448">
    <p class='ocr_par' dir='ltr' id='par_1_12' title="bbox 452 1377 2040 1448">
     <span class='ocr_line' id='line_1_12' title="bbox 452 1377 2040 1448; baseline -0.007 -9"><span class='ocrx_word' id='word_1_89' title='bbox 452 1397 507 1439; x_wconf 94' lang='lat' dir='ltr'><strong>ut</strong></span> <span class='ocrx_word' id='word_1_90' title='bbox 546 1384 662 1440; x_wconf 72' lang='lat' dir='ltr'><strong>hzcc</strong></span> <span class='ocrx_word' id='word_1_91' title='bbox 707 1399 812 1438; x_wconf 93' lang='lat' dir='ltr'><strong>non</strong></span> <span class='ocrx_word' id='word_1_92' title='bbox 856 1383 1050 1436; x_wconf 80' lang='lat' dir='ltr'><strong>frustra</strong></span> <span class='ocrx_word' id='word_1_93' title='bbox 1078 1381 1302 1436; x_wconf 78' lang='lat' dir='ltr'><strong>dixerim</strong></span> <span class='ocrx_word' id='word_1_94' title='bbox 1335 1399 1347 1434; x_wconf 91' lang='lat'>:</span> <span class='ocrx_word' id='word_1_95' title='bbox 1375 1386 1592 1448; x_wconf 61' lang='lat' dir='ltr'><strong>praestet</strong></span> <span class='ocrx_word' id='word_1_96' title='bbox 1628 1377 1766 1431; x_wconf 89' lang='lat' dir='ltr'><strong>Deus</strong></span> <span class='ocrx_word' id='word_1_97' title='bbox 1797 1383 1854 1430; x_wconf 88' lang='lat' dir='ltr'><strong>ut</strong></span> <span class='ocrx_word' id='word_1_98' title='bbox 1899 1383 2040 1429; x_wconf 88' lang='lat' dir='ltr'><strong>terra</strong></span> 
     </span>
    </p>
   </div>
   <div class='ocr_carea' id='block_1_13' title="bbox 449 1468 2042 1547">
    <p class='ocr_par' dir='ltr' id='par_1_13' title="bbox 449 1468 2042 1547">
     <span class='ocr_line' id='line_1_13' title="bbox 449 1468 2042 1547; baseline -0.007 -15"><span class='ocrx_word' id='word_1_99' title='bbox 449 1478 665 1547; x_wconf 88' lang='lat' dir='ltr'><strong>irrigala</strong></span> <span class='ocrx_word' id='word_1_100' title='bbox 695 1477 831 1539; x_wconf 89' lang='lat' dir='ltr'><strong>sitis,</strong></span> <span class='ocrx_word' id='word_1_101' title='bbox 864 1491 969 1530; x_wconf 90' lang='lat' dir='ltr'><strong>non</strong></span> <span class='ocrx_word' id='word_1_102' title='bbox 1007 1474 1233 1544; x_wconf 86' lang='lat' dir='ltr'><strong>lapidea,</strong></span> <span class='ocrx_word' id='word_1_103' title='bbox 1264 1472 1400 1528; x_wconf 88' lang='lat' dir='ltr'><strong>sicut</strong></span> <span class='ocrx_word' id='word_1_104' title='bbox 1433 1471 1763 1532; x_wconf 68' lang='lat' dir='ltr'><strong>Judteorum,</strong></span> <span class='ocrx_word' id='word_1_105' title='bbox 1795 1468 1936 1524; x_wconf 87' lang='lat' dir='ltr'><strong>unde</strong></span> <span class='ocrx_word' id='word_1_106' title='bbox 1964 1476 2042 1522; x_wconf 85' lang='lat' dir='ltr'><strong>ta-</strong></span> 
     </span>
    </p>
   </div>
   <div class='ocr_carea' id='block_1_14' title="bbox 450 1559 2038 1638">
    <p class='ocr_par' dir='ltr' id='par_1_14' title="bbox 450 1559 2038 1638">
     <span class='ocr_line' id='line_1_14' title="bbox 450 1559 2038 1638; baseline -0.007 -14"><span class='ocrx_word' id='word_1_107' title='bbox 450 1570 601 1624; x_wconf 80' lang='lat' dir='ltr'><strong>bulas</strong></span> <span class='ocrx_word' id='word_1_108' title='bbox 632 1568 867 1638; x_wconf 88' lang='lat' dir='ltr'><strong>lapideas</strong></span> <span class='ocrx_word' id='word_1_109' title='bbox 907 1567 1150 1636; x_wconf 89' lang='lat' dir='ltr'><strong>accipere</strong></span> <span class='ocrx_word' id='word_1_110' title='bbox 1185 1572 1528 1627; x_wconf 89' lang='lat' dir='ltr'><strong>meruerunt;</strong></span> <span class='ocrx_word' id='word_1_111' title='bbox 1557 1562 1651 1618; x_wconf 91' lang='lat' dir='ltr'><strong>sed</strong></span> <span class='ocrx_word' id='word_1_112' title='bbox 1683 1572 1819 1616; x_wconf 90' lang='lat' dir='ltr'><strong>terra</strong></span> <span class='ocrx_word' id='word_1_113' title='bbox 1853 1559 2038 1615; x_wconf 86' lang='lat' dir='ltr'><strong>fructi-</strong></span> 
     </span>
    </p>
   </div>
   <div class='ocr_carea' id='block_1_15' title="bbox 449 1651 2039 1728">
    <p class='ocr_par' dir='ltr' id='par_1_15' title="bbox 449 1651 2039 1728">
     <span class='ocr_line' id='line_1_15' title="bbox 449 1651 2039 1728; baseline -0.005 -14"><span class='ocrx_word' id='word_1_114' title='bbox 449 1660 582 1723; x_wconf 88' lang='lat' dir='ltr'><strong>fera,</strong></span> <span class='ocrx_word' id='word_1_115' title='bbox 608 1671 748 1714; x_wconf 84' lang='lat' dir='ltr'><strong>terra</strong></span> <span class='ocrx_word' id='word_1_116' title='bbox 770 1673 887 1728; x_wconf 74' lang='lat' dir='ltr'><strong>quae</strong></span> <span class='ocrx_word' id='word_1_117' title='bbox 911 1658 1124 1726; x_wconf 89' lang='lat' dir='ltr'><strong>irrigata</strong></span> <span class='ocrx_word' id='word_1_118' title='bbox 1149 1655 1618 1725; x_wconf 65' lang='lat' dir='ltr'><strong>reddatagricolre.</strong></span> <span class='ocrx_word' id='word_1_119' title='bbox 1648 1654 1726 1708; x_wconf 92' lang='lat' dir='ltr'><strong>llli</strong></span> <span class='ocrx_word' id='word_1_120' title='bbox 1751 1653 1850 1722; x_wconf 86' lang='lat' dir='ltr'><strong>ipsi</strong></span> <span class='ocrx_word' id='word_1_121' title='bbox 1878 1651 2039 1707; x_wconf 86' lang='lat' dir='ltr'><strong>corde</strong></span> 
     </span>
    </p>
   </div>
   <div class='ocr_carea' id='block_1_16' title="bbox 451 1744 2040 1820">
    <p class='ocr_par' dir='ltr' id='par_1_16' title="bbox 451 1744 2040 1820">
     <span class='ocr_line' id='line_1_16' title="bbox 451 1744 2040 1820; baseline -0.004 -15"><span class='ocrx_word' id='word_1_122' title='bbox 451 1751 663 1820; x_wconf 88' lang='lat' dir='ltr'><strong>lapideo</strong></span> <span class='ocrx_word' id='word_1_123' title='bbox 687 1793 701 1816; x_wconf 93' lang='lat'><strong>,</strong></span> <span class='ocrx_word' id='word_1_124' title='bbox 728 1748 869 1820; x_wconf 86' lang='lat' dir='ltr'><strong>quod</strong></span> <span class='ocrx_word' id='word_1_125' title='bbox 900 1747 1250 1818; x_wconf 83' lang='lat' dir='ltr'><strong>significatum</strong></span> <span class='ocrx_word' id='word_1_126' title='bbox 1282 1755 1364 1802; x_wconf 90' lang='lat' dir='ltr'><strong>est</strong></span> <span class='ocrx_word' id='word_1_127' title='bbox 1391 1745 1616 1816; x_wconf 87' lang='lat' dir='ltr'><strong>lapideis</strong></span> <span class='ocrx_word' id='word_1_128' title='bbox 1645 1745 1859 1809; x_wconf 89' lang='lat' dir='ltr'><strong>tabulis,</strong></span> <span class='ocrx_word' id='word_1_129' title='bbox 1897 1744 2040 1799; x_wconf 84' lang='lat' dir='ltr'><strong>deci-</strong></span> 
     </span>
    </p>
   </div>
   <div class='ocr_carea' id='block_1_17' title="bbox 451 1834 2037 1909">
    <p class='ocr_par' dir='ltr' id='par_1_17' title="bbox 451 1834 2037 1909">
     <span class='ocr_line' id='line_1_17' title="bbox 451 1834 2037 1909; baseline -0.006 -12"><span class='ocrx_word' id='word_1_130' title='bbox 451 1859 565 1897; x_wconf 88' lang='lat' dir='ltr'><strong>mas</strong></span> <span class='ocrx_word' id='word_1_131' title='bbox 593 1841 811 1897; x_wconf 88' lang='lat' dir='ltr'><strong>dabant.</strong></span> <span class='ocrx_word' id='word_1_132' title='bbox 856 1839 1029 1894; x_wconf 88' lang='lat' dir='ltr'><strong>Etiam</strong></span> <span class='ocrx_word' id='word_1_133' title='bbox 1053 1838 1265 1909; x_wconf 85' lang='lat' dir='ltr'><strong>gemitis</strong></span> <span class='ocrx_word' id='word_1_134' title='bbox 1289 1879 1303 1904; x_wconf 91' lang='lat'><strong>,</strong></span> <span class='ocrx_word' id='word_1_135' title='bbox 1336 1845 1393 1894; x_wconf 91' lang='lat' dir='ltr'><strong>et</strong></span> <span class='ocrx_word' id='word_1_136' title='bbox 1422 1837 1554 1892; x_wconf 87' lang='lat' dir='ltr'><strong>nihil</strong></span> <span class='ocrx_word' id='word_1_137' title='bbox 1575 1835 1748 1891; x_wconf 91' lang='lat' dir='ltr'><strong>adhuc</strong></span> <span class='ocrx_word' id='word_1_138' title='bbox 1775 1836 1885 1890; x_wconf 86' lang='lat' dir='ltr'><strong>exit</strong></span> <span class='ocrx_word' id='word_1_139' title='bbox 1913 1836 1952 1889; x_wconf 75' lang='grc' dir='ltr'><strong>ί.</strong></span> <span class='ocrx_word' id='word_1_140' title='bbox 1981 1834 2037 1891; x_wconf 89' lang='lat' dir='ltr'><strong>Si</strong></span> 
     </span>
    </p>
   </div>
   <div class='ocr_carea' id='block_1_18' title="bbox 451 1925 2036 2006">
    <p class='ocr_par' dir='ltr' id='par_1_18' title="bbox 451 1925 2036 2006">
     <span class='ocr_line' id='line_1_18' title="bbox 451 1925 2036 2006; baseline -0.006 -18"><span class='ocrx_word' id='word_1_141' title='bbox 451 1931 685 2006; x_wconf 79' lang='lat' dir='ltr'><strong>gemitis,</strong></span> <span class='ocrx_word' id='word_1_142' title='bbox 733 1929 1020 2002; x_wconf 86' lang='lat' dir='ltr'><strong>parturite;</strong></span> <span class='ocrx_word' id='word_1_143' title='bbox 1053 1929 1098 1983; x_wconf 90' lang='lat' dir='ltr'><strong>si</strong></span> <span class='ocrx_word' id='word_1_144' title='bbox 1126 1929 1418 1998; x_wconf 90' lang='lat' dir='ltr'><strong>parturitis,</strong></span> <span class='ocrx_word' id='word_1_145' title='bbox 1447 1927 1634 1997; x_wconf 89' lang='lat' dir='ltr'><strong>parite.</strong></span> <span class='ocrx_word' id='word_1_146' title='bbox 1665 1926 1838 1994; x_wconf 85' lang='lat' dir='ltr'><strong>Quare</strong></span> <span class='ocrx_word' id='word_1_147' title='bbox 1866 1925 2036 1997; x_wconf 87' lang='lat' dir='ltr'><strong>gemi-</strong></span> 
     </span>
    </p>
   </div>
   <div class='ocr_carea' id='block_1_19' title="bbox 451 2018 2034 2094">
    <p class='ocr_par' dir='ltr' id='par_1_19' title="bbox 451 2018 2034 2094">
     <span class='ocr_line' id='line_1_19' title="bbox 451 2018 2034 2094; baseline -0.006 -14"><span class='ocrx_word' id='word_1_148' title='bbox 451 2037 534 2082; x_wconf 92' lang='lat' dir='ltr'><strong>tus</strong></span> <span class='ocrx_word' id='word_1_149' title='bbox 573 2024 747 2080; x_wconf 89' lang='lat' dir='ltr'><strong>inanis</strong></span> <span class='ocrx_word' id='word_1_150' title='bbox 771 2023 794 2077; x_wconf 90' lang='lat'><strong>?</strong></span> <span class='ocrx_word' id='word_1_151' title='bbox 816 2037 980 2094; x_wconf 89' lang='lat' dir='ltr'><strong>quare</strong></span> <span class='ocrx_word' id='word_1_152' title='bbox 1020 2022 1251 2092; x_wconf 79' lang='lat' dir='ltr'><strong>gemitus</strong></span> <span class='ocrx_word' id='word_1_153' title='bbox 1279 2018 1512 2074; x_wconf 81' lang='lat' dir='ltr'><strong>Sterilis?</strong></span> <span class='ocrx_word' id='word_1_154' title='bbox 1539 2018 1752 2074; x_wconf 80' lang='lat' dir='ltr'><strong>Viscera</strong></span> <span class='ocrx_word' id='word_1_155' title='bbox 1781 2025 2034 2088; x_wconf 77' lang='lat' dir='ltr'><strong>torquen-</strong></span> 
     </span>
    </p>
   </div>
   <div class='ocr_carea' id='block_1_20' title="bbox 451 2109 2038 2182">
    <p class='ocr_par' dir='ltr' id='par_1_20' title="bbox 451 2109 2038 2182">
     <span class='ocr_line' id='line_1_20' title="bbox 451 2109 2038 2182; baseline -0.006 -10"><span class='ocrx_word' id='word_1_156' title='bbox 451 2128 554 2182; x_wconf 92' lang='lat' dir='ltr'><strong>tur,</strong></span> <span class='ocrx_word' id='word_1_157' title='bbox 587 2132 653 2170; x_wconf 89' lang='lat' dir='ltr'><strong>an</strong></span> <span class='ocrx_word' id='word_1_158' title='bbox 686 2131 792 2170; x_wconf 90' lang='lat' dir='ltr'><strong>non</strong></span> <span class='ocrx_word' id='word_1_159' title='bbox 820 2123 901 2170; x_wconf 91' lang='lat' dir='ltr'><strong>est</strong></span> <span class='ocrx_word' id='word_1_160' title='bbox 928 2114 1068 2169; x_wconf 90' lang='lat' dir='ltr'><strong>intus</strong></span> <span class='ocrx_word' id='word_1_161' title='bbox 1091 2112 1232 2182; x_wconf 91' lang='lat' dir='ltr'><strong>quod</strong></span> <span class='ocrx_word' id='word_1_162' title='bbox 1262 2111 1491 2166; x_wconf 88' lang='lat' dir='ltr'><strong>edatur?</strong></span> <span class='ocrx_word' id='word_1_163' title='bbox 1521 2111 1716 2181; x_wconf 85' lang='lat' dir='ltr'><strong>Rigans</strong></span> <span class='ocrx_word' id='word_1_164' title='bbox 1741 2115 1932 2163; x_wconf 92' lang='lat' dir='ltr'><strong>montes</strong></span> <span class='ocrx_word' id='word_1_165' title='bbox 1975 2109 2038 2163; x_wconf 88' lang='lat' dir='ltr'><strong>de</strong></span> 
     </span>
    </p>
   </div>
   <div class='ocr_carea' id='block_1_21' title="bbox 453 2197 2038 2279">
    <p class='ocr_par' dir='ltr' id='par_1_21' title="bbox 453 2197 2038 2279">
     <span class='ocr_line' id='line_1_21' title="bbox 453 2197 2038 2279; baseline -0.008 -16"><span class='ocrx_word' id='word_1_166' title='bbox 453 2205 791 2279; x_wconf 77' lang='lat' dir='ltr'><strong>superioribus</strong></span> <span class='ocrx_word' id='word_1_167' title='bbox 811 2205 957 2259; x_wconf 88' lang='lat' dir='ltr'><strong>suis:</strong></span> <span class='ocrx_word' id='word_1_168' title='bbox 987 2203 1051 2257; x_wconf 88' lang='lat' dir='ltr'><strong>de</strong></span> <span class='ocrx_word' id='word_1_169' title='bbox 1093 2204 1263 2274; x_wconf 78' lang='lat' dir='ltr'><strong>fructu</strong></span> <span class='ocrx_word' id='word_1_170' title='bbox 1287 2216 1496 2270; x_wconf 87' lang='lat' dir='ltr'><strong>operum</strong></span> <span class='ocrx_word' id='word_1_171' title='bbox 1538 2209 1740 2254; x_wconf 88' lang='lat' dir='ltr'><strong>tuorum</strong></span> <span class='ocrx_word' id='word_1_172' title='bbox 1775 2197 2038 2252; x_wconf 78' lang='lat' dir='ltr'><strong>satiabitur</strong></span> 
     </span>
    </p>
   </div>
   <div class='ocr_carea' id='block_1_22' title="bbox 452 2291 2034 2368">
    <p class='ocr_par' dir='ltr' id='par_1_22' title="bbox 452 2291 2034 2368">
     <span class='ocr_line' id='line_1_22' title="bbox 452 2291 2034 2368; baseline -0.004 -15"><span class='ocrx_word' id='word_1_173' title='bbox 452 2311 606 2356; x_wconf 87' lang='lat' dir='ltr'><strong>terra.</strong></span> <span class='ocrx_word' id='word_1_174' title='bbox 643 2299 792 2355; x_wconf 87' lang='lat' dir='ltr'><strong>Beati</strong></span> <span class='ocrx_word' id='word_1_175' title='bbox 822 2298 912 2368; x_wconf 90' lang='lat' dir='ltr'><strong>qui</strong></span> <span class='ocrx_word' id='word_1_176' title='bbox 960 2296 1179 2361; x_wconf 88' lang='lat' dir='ltr'><strong>faciunt,</strong></span> <span class='ocrx_word' id='word_1_177' title='bbox 1211 2293 1353 2349; x_wconf 90' lang='lat' dir='ltr'><strong>beati</strong></span> <span class='ocrx_word' id='word_1_178' title='bbox 1383 2293 1472 2363; x_wconf 87' lang='lat' dir='ltr'><strong>qui</strong></span> <span class='ocrx_word' id='word_1_179' title='bbox 1513 2292 1612 2347; x_wconf 88' lang='lat' dir='ltr'><strong>ista</strong></span> <span class='ocrx_word' id='word_1_180' title='bbox 1641 2291 1914 2347; x_wconf 87' lang='lat' dir='ltr'><strong>fructuose</strong></span> <span class='ocrx_word' id='word_1_181' title='bbox 1936 2306 2034 2346; x_wconf 76' lang='lat' dir='ltr'><strong>au-</strong></span> 
     </span>
    </p>
   </div>
   <div class='ocr_carea' id='block_1_23' title="bbox 450 2383 2035 2459">
    <p class='ocr_par' dir='ltr' id='par_1_23' title="bbox 450 2383 2035 2459">
     <span class='ocr_line' id='line_1_23' title="bbox 450 2383 2035 2459; baseline -0.007 -12"><span class='ocrx_word' id='word_1_182' title='bbox 450 2393 622 2455; x_wconf 86' lang='lat' dir='ltr'><strong>diunt,</strong></span> <span class='ocrx_word' id='word_1_183' title='bbox 647 2391 789 2446; x_wconf 87' lang='lat' dir='ltr'><strong>beati</strong></span> <span class='ocrx_word' id='word_1_184' title='bbox 819 2390 908 2459; x_wconf 88' lang='lat' dir='ltr'><strong>qui</strong></span> <span class='ocrx_word' id='word_1_185' title='bbox 933 2404 1038 2444; x_wconf 89' lang='lat' dir='ltr'><strong>non</strong></span> <span class='ocrx_word' id='word_1_186' title='bbox 1065 2387 1292 2442; x_wconf 89' lang='lat' dir='ltr'><strong>inaniter</strong></span> <span class='ocrx_word' id='word_1_187' title='bbox 1319 2386 1572 2441; x_wconf 92' lang='lat' dir='ltr'><strong>clamant.</strong></span> <span class='ocrx_word' id='word_1_188' title='bbox 1608 2383 1686 2438; x_wconf 89' lang='lat' dir='ltr'><strong>De</strong></span> <span class='ocrx_word' id='word_1_189' title='bbox 1712 2387 1879 2454; x_wconf 79' lang='lat' dir='ltr'><strong>fructu</strong></span> <span class='ocrx_word' id='word_1_190' title='bbox 1909 2398 2035 2452; x_wconf 85' lang='lat' dir='ltr'><strong>ope-</strong></span> 
     </span>
    </p>
   </div>
   <div class='ocr_carea' id='block_1_24' title="bbox 451 2475 2036 2548">
    <p class='ocr_par' dir='ltr' id='par_1_24' title="bbox 451 2475 2036 2548">
     <span class='ocr_line' id='line_1_24' title="bbox 451 2475 2036 2548; baseline -0.005 -12"><span class='ocrx_word' id='word_1_191' title='bbox 451 2499 565 2536; x_wconf 90' lang='lat' dir='ltr'><strong>rum</strong></span> <span class='ocrx_word' id='word_1_192' title='bbox 592 2492 792 2536; x_wconf 88' lang='lat' dir='ltr'><strong>tuorum</strong></span> <span class='ocrx_word' id='word_1_193' title='bbox 817 2480 1082 2534; x_wconf 77' lang='lat' dir='ltr'><strong>satiabitur</strong></span> <span class='ocrx_word' id='word_1_194' title='bbox 1127 2487 1259 2532; x_wconf 87' lang='lat' dir='ltr'><strong>terra</strong></span> <span class='ocrx_word' id='word_1_195' title='bbox 1282 2493 1299 2531; x_wconf 90' lang='lat'><strong><em>:</em></strong></span> <span class='ocrx_word' id='word_1_196' title='bbox 1327 2477 1610 2548; x_wconf 87' lang='lat' dir='ltr'><strong>producens</strong></span> <span class='ocrx_word' id='word_1_197' title='bbox 1634 2475 1804 2546; x_wconf 79' lang='lat' dir='ltr'><strong>fenum</strong></span> <span class='ocrx_word' id='word_1_198' title='bbox 1825 2475 2036 2544; x_wconf 85' lang='lat' dir='ltr'><strong>jumen-</strong></span> 
     </span>
    </p>
   </div>
   <div class='ocr_carea' id='block_1_25' title="bbox 451 2565 2036 2641">
    <p class='ocr_par' dir='ltr' id='par_1_25' title="bbox 451 2565 2036 2641">
     <span class='ocr_line' id='line_1_25' title="bbox 451 2565 2036 2641; baseline -0.006 -11"><span class='ocrx_word' id='word_1_199' title='bbox 451 2579 536 2641; x_wconf 87' lang='lat' dir='ltr'><strong>tis,</strong></span> <span class='ocrx_word' id='word_1_200' title='bbox 578 2584 626 2630; x_wconf 87' lang='lat' dir='ltr'><strong>et</strong></span> <span class='ocrx_word' id='word_1_201' title='bbox 653 2574 854 2629; x_wconf 83' lang='lat' dir='ltr'><strong>herbam</strong></span> <span class='ocrx_word' id='word_1_202' title='bbox 901 2571 1127 2628; x_wconf 79' lang='lat' dir='ltr'><strong>servituti</strong></span> <span class='ocrx_word' id='word_1_203' title='bbox 1171 2571 1493 2625; x_wconf 79' lang='lat' dir='ltr'><strong>hominum.’</strong></span> <span class='ocrx_word' id='word_1_204' title='bbox 1546 2566 1742 2639; x_wconf 89' lang='lat' dir='ltr'><strong>Ulqttid</strong></span> <span class='ocrx_word' id='word_1_205' title='bbox 1794 2566 1936 2622; x_wconf 91' lang='lat' dir='ltr'><strong>hoc?</strong></span> <span class='ocrx_word' id='word_1_206' title='bbox 1970 2565 2036 2620; x_wconf 88' lang='lat' dir='ltr'><strong>Ut</strong></span> 
     </span>
    </p>
   </div>
   <div class='ocr_carea' id='block_1_26' title="bbox 449 2657 2036 2760">
    <p class='ocr_par' dir='ltr' id='par_1_26' title="bbox 449 2657 2036 2760">
     <span class='ocr_line' id='line_1_26' title="bbox 449 2657 2036 2760; baseline -0.004 -41"><span class='ocrx_word' id='word_1_207' title='bbox 449 2667 633 2720; x_wconf 84' lang='lat' dir='ltr'><strong>educat</strong></span> <span class='ocrx_word' id='word_1_208' title='bbox 681 2681 870 2760; x_wconf 36' lang='lat' dir='ltr'><strong>paneng</strong></span> <span class='ocrx_word' id='word_1_209' title='bbox 900 2665 962 2718; x_wconf 87' lang='lat' dir='ltr'><strong>de</strong></span> <span class='ocrx_word' id='word_1_210' title='bbox 987 2673 1140 2716; x_wconf 86' lang='lat' dir='ltr'><strong>terra.</strong></span> <span class='ocrx_word' id='word_1_211' title='bbox 1185 2661 1355 2729; x_wconf 88' lang='lat' dir='ltr'><strong>Quem</strong></span> <span class='ocrx_word' id='word_1_212' title='bbox 1386 2659 1618 2731; x_wconf 90' lang='lat' dir='ltr'><strong>panem?</strong></span> <span class='ocrx_word' id='word_1_213' title='bbox 1644 2658 1933 2714; x_wconf 87' lang='lat' dir='ltr'><strong>Christum.</strong></span> <span class='ocrx_word' id='word_1_214' title='bbox 1961 2657 2036 2713; x_wconf 92' lang='lat' dir='ltr'><strong>De</strong></span> 
     </span>
    </p>
   </div>
   <div class='ocr_carea' id='block_1_27' title="bbox 449 2749 2037 2828">
    <p class='ocr_par' dir='ltr' id='par_1_27' title="bbox 449 2749 2037 2828">
     <span class='ocr_line' id='line_1_27' title="bbox 449 2749 2037 2828; baseline -0.006 -16"><span class='ocrx_word' id='word_1_215' title='bbox 449 2773 554 2828; x_wconf 88' lang='lat' dir='ltr'><strong>qua</strong></span> <span class='ocrx_word' id='word_1_216' title='bbox 584 2756 769 2812; x_wconf 88' lang='lat' dir='ltr'><strong>terra?</strong></span> <span class='ocrx_word' id='word_1_217' title='bbox 799 2749 874 2811; x_wconf 82' lang='lat' dir='ltr'><strong>De</strong></span> <span class='ocrx_word' id='word_1_218' title='bbox 899 2755 1083 2821; x_wconf 89' lang='lat' dir='ltr'><strong>Petro,</strong></span> <span class='ocrx_word' id='word_1_219' title='bbox 1119 2751 1187 2808; x_wconf 86' lang='lat' dir='ltr'><strong>dc</strong></span> <span class='ocrx_word' id='word_1_220' title='bbox 1213 2751 1399 2818; x_wconf 90' lang='lat' dir='ltr'><strong>Paulo,</strong></span> <span class='ocrx_word' id='word_1_221' title='bbox 1430 2750 1498 2806; x_wconf 93' lang='lat' dir='ltr'><strong>de</strong></span> <span class='ocrx_word' id='word_1_222' title='bbox 1526 2750 1735 2805; x_wconf 69' lang='lat' dir='ltr'><strong>caeteris</strong></span> <span class='ocrx_word' id='word_1_223' title='bbox 1760 2749 2037 2818; x_wconf 88' lang='lat' dir='ltr'><strong>dispensa-</strong></span> 
     </span>
    </p>
   </div>
   <div class='ocr_carea' id='block_1_28' title="bbox 449 2839 2038 2916">
    <p class='ocr_par' dir='ltr' id='par_1_28' title="bbox 449 2839 2038 2916">
     <span class='ocr_line' id='line_1_28' title="bbox 449 2839 2038 2916; baseline -0.008 -10"><span class='ocrx_word' id='word_1_224' title='bbox 449 2852 656 2906; x_wconf 89' lang='lat' dir='ltr'><strong>toribus</strong></span> <span class='ocrx_word' id='word_1_225' title='bbox 688 2847 947 2904; x_wconf 88' lang='lat' dir='ltr'><strong>veritatis.</strong></span> <span class='ocrx_word' id='word_1_226' title='bbox 984 2845 1119 2901; x_wconf 91' lang='lat' dir='ltr'><strong>Audi</strong></span> <span class='ocrx_word' id='word_1_227' title='bbox 1149 2845 1269 2916; x_wconf 90' lang='lat' dir='ltr'><strong>quia</strong></span> <span class='ocrx_word' id='word_1_228' title='bbox 1296 2844 1362 2899; x_wconf 92' lang='lat' dir='ltr'><strong>de</strong></span> <span class='ocrx_word' id='word_1_229' title='bbox 1402 2852 1542 2898; x_wconf 89' lang='lat' dir='ltr'><strong>terra</strong></span> <span class='ocrx_word' id='word_1_230' title='bbox 1573 2861 1587 2897; x_wconf 87' lang='lat'><strong>:</strong></span> <span class='ocrx_word' id='word_1_231' title='bbox 1615 2841 1872 2896; x_wconf 75' lang='lat' dir='ltr'><strong>Habemus</strong></span> <span class='ocrx_word' id='word_1_232' title='bbox 1892 2882 1906 2905; x_wconf 91' lang='lat'><strong>,</strong></span> <span class='ocrx_word' id='word_1_233' title='bbox 1957 2839 2038 2894; x_wconf 87' lang='lat' dir='ltr'><strong>in-</strong></span> 
     </span>
    </p>
   </div>
   <div class='ocr_carea' id='block_1_29' title="bbox 449 2932 2038 3012">
    <p class='ocr_par' dir='ltr' id='par_1_29' title="bbox 449 2932 2038 3012">
     <span class='ocr_line' id='line_1_29' title="bbox 449 2932 2038 3012; baseline -0.007 -17"><span class='ocrx_word' id='word_1_234' title='bbox 449 2944 588 3012; x_wconf 90' lang='lat' dir='ltr'><strong>quit,</strong></span> <span class='ocrx_word' id='word_1_235' title='bbox 639 2941 928 2994; x_wconf 79' lang='lat' dir='ltr'><strong>thesaurum</strong></span> <span class='ocrx_word' id='word_1_236' title='bbox 953 2939 1103 2991; x_wconf 85' lang='lat' dir='ltr'><strong>istum</strong></span> <span class='ocrx_word' id='word_1_237' title='bbox 1130 2938 1180 2990; x_wconf 85' lang='lat' dir='ltr'><strong>in</strong></span> <span class='ocrx_word' id='word_1_238' title='bbox 1206 2936 1338 2990; x_wconf 86' lang='lat' dir='ltr'><strong>vasis</strong></span> <span class='ocrx_word' id='word_1_239' title='bbox 1364 2935 1621 3005; x_wconf 78' lang='lat' dir='ltr'><strong>ﬁctilibus,</strong></span> <span class='ocrx_word' id='word_1_240' title='bbox 1669 2942 1724 2986; x_wconf 88' lang='lat' dir='ltr'><strong>ut</strong></span> <span class='ocrx_word' id='word_1_241' title='bbox 1768 2932 2038 2986; x_wconf 83' lang='lat' dir='ltr'><strong>eminentia</strong></span> 
     </span>
    </p>
   </div>
   <div class='ocr_carea' id='block_1_30' title="bbox 447 3023 2039 3104">
    <p class='ocr_par' dir='ltr' id='par_1_30' title="bbox 447 3023 2039 3104">
     <span class='ocr_line' id='line_1_30' title="bbox 447 3023 2039 3104; baseline -0.007 -16"><span class='ocrx_word' id='word_1_242' title='bbox 447 3037 516 3088; x_wconf 83' lang='lat' dir='ltr'><strong>sit</strong></span> <span class='ocrx_word' id='word_1_243' title='bbox 542 3034 741 3089; x_wconf 81' lang='lat' dir='ltr'><strong>virtutis</strong></span> <span class='ocrx_word' id='word_1_244' title='bbox 779 3031 870 3085; x_wconf 82' lang='lat' dir='ltr'><strong>Dei</strong></span> <span class='ocrx_word' id='word_1_245' title='bbox 899 3029 981 3104; x_wconf 94' lang='grc'><strong>(11</strong></span> <span class='ocrx_word' id='word_1_246' title='bbox 1011 3028 1130 3084; x_wconf 89' lang='lat' dir='ltr'><strong>Cor.</strong></span> <span class='ocrx_word' id='word_1_247' title='bbox 1159 3045 1247 3095; x_wconf 78' lang='grc' dir='ltr'><strong>ιγ,</strong></span> <span class='ocrx_word' id='word_1_248' title='bbox 1273 3026 1360 3100; x_wconf 89' lang='grc'><strong>7).</strong></span> <span class='ocrx_word' id='word_1_249' title='bbox 1407 3027 1523 3098; x_wconf 85' lang='lat' dir='ltr'><strong>Ipse</strong></span> <span class='ocrx_word' id='word_1_250' title='bbox 1549 3035 1631 3082; x_wconf 91' lang='lat' dir='ltr'><strong>est</strong></span> <span class='ocrx_word' id='word_1_251' title='bbox 1654 3025 1804 3094; x_wconf 90' lang='lat' dir='ltr'><strong>panis</strong></span> <span class='ocrx_word' id='word_1_252' title='bbox 1845 3024 1936 3094; x_wconf 90' lang='lat' dir='ltr'><strong>qui</strong></span> <span class='ocrx_word' id='word_1_253' title='bbox 1972 3023 2039 3079; x_wconf 91' lang='lat' dir='ltr'><strong>de</strong></span> 
     </span>
    </p>
   </div>
   <div class='ocr_carea' id='block_1_31' title="bbox 447 3114 2035 3192">
    <p class='ocr_par' dir='ltr' id='par_1_31' title="bbox 447 3114 2035 3192">
     <span class='ocr_line' id='line_1_31' title="bbox 447 3114 2035 3192; baseline -0.009 -11"><span class='ocrx_word' id='word_1_254' title='bbox 447 3126 591 3181; x_wconf 55' lang='lat' dir='ltr'><strong>caelo</strong></span> <span class='ocrx_word' id='word_1_255' title='bbox 616 3122 889 3179; x_wconf 78' lang='lat' dir='ltr'><strong>descendit</strong></span> <span class='ocrx_word' id='word_1_256' title='bbox 916 3120 1113 3192; x_wconf 82' lang='lat' dir='ltr'><strong>(Joau.</strong></span> <span class='ocrx_word' id='word_1_257' title='bbox 1143 3135 1219 3185; x_wconf 88' lang='lat' dir='ltr'><strong>vt,</strong></span> <span class='ocrx_word' id='word_1_258' title='bbox 1252 3119 1314 3174; x_wconf 74' lang='grc'><strong>41</strong></span> <span class='ocrx_word' id='word_1_259' title='bbox 1343 3117 1393 3189; x_wconf 89' lang='grc'><strong>),</strong></span> <span class='ocrx_word' id='word_1_260' title='bbox 1428 3125 1486 3172; x_wconf 85' lang='grc' dir='ltr'><strong>ιιι</strong></span> <span class='ocrx_word' id='word_1_261' title='bbox 1511 3132 1542 3172; x_wconf 90' lang='lat' dir='ltr'><strong>e</strong></span> <span class='ocrx_word' id='word_1_262' title='bbox 1583 3124 1721 3171; x_wconf 91' lang='lat' dir='ltr'><strong>terra</strong></span> <span class='ocrx_word' id='word_1_263' title='bbox 1760 3114 2035 3178; x_wconf 88' lang='lat' dir='ltr'><strong>educatur,</strong></span> 
     </span>
    </p>
   </div>
   <div class='ocr_carea' id='block_1_32' title="bbox 447 3206 2036 3286">
    <p class='ocr_par' dir='ltr' id='par_1_32' title="bbox 447 3206 2036 3286">
     <span class='ocr_line' id='line_1_32' title="bbox 447 3206 2036 3286; baseline -0.008 -15"><span class='ocrx_word' id='word_1_264' title='bbox 447 3232 574 3272; x_wconf 86' lang='lat' dir='ltr'><strong>cum</strong></span> <span class='ocrx_word' id='word_1_265' title='bbox 603 3231 696 3286; x_wconf 90' lang='lat' dir='ltr'><strong>per</strong></span> <span class='ocrx_word' id='word_1_266' title='bbox 721 3229 993 3271; x_wconf 92' lang='lat' dir='ltr'><strong>servorum</strong></span> <span class='ocrx_word' id='word_1_267' title='bbox 1021 3226 1240 3267; x_wconf 91' lang='lat' dir='ltr'><strong>suorum</strong></span> <span class='ocrx_word' id='word_1_268' title='bbox 1261 3225 1474 3266; x_wconf 91' lang='lat' dir='ltr'><strong>carnem</strong></span> <span class='ocrx_word' id='word_1_269' title='bbox 1508 3208 1844 3278; x_wconf 72' lang='lat' dir='ltr'><strong>prtedicatur.</strong></span> <span class='ocrx_word' id='word_1_270' title='bbox 1868 3206 2036 3262; x_wconf 88' lang='lat' dir='ltr'><strong>Terra</strong></span> 
     </span>
    </p>
   </div>
   <div class='ocr_carea' id='block_1_33' title="bbox 447 3298 2040 3380">
    <p class='ocr_par' dir='ltr' id='par_1_33' title="bbox 447 3298 2040 3380">
     <span class='ocr_line' id='line_1_33' title="bbox 447 3298 2040 3380; baseline -0.007 -17"><span class='ocrx_word' id='word_1_271' title='bbox 447 3312 635 3366; x_wconf 75' lang='lat' dir='ltr'><strong>fenum</strong></span> <span class='ocrx_word' id='word_1_272' title='bbox 686 3307 954 3380; x_wconf 89' lang='lat' dir='ltr'><strong>producit,</strong></span> <span class='ocrx_word' id='word_1_273' title='bbox 983 3315 1044 3361; x_wconf 92' lang='lat' dir='ltr'><strong>ut</strong></span> <span class='ocrx_word' id='word_1_274' title='bbox 1093 3319 1284 3374; x_wconf 90' lang='lat' dir='ltr'><strong>panem</strong></span> <span class='ocrx_word' id='word_1_275' title='bbox 1341 3303 1406 3358; x_wconf 91' lang='lat' dir='ltr'><strong>de</strong></span> <span class='ocrx_word' id='word_1_276' title='bbox 1450 3313 1592 3357; x_wconf 86' lang='lat' dir='ltr'><strong>terra</strong></span> <span class='ocrx_word' id='word_1_277' title='bbox 1639 3300 1851 3356; x_wconf 88' lang='lat' dir='ltr'><strong>educat.</strong></span> <span class='ocrx_word' id='word_1_278' title='bbox 1907 3298 2040 3366; x_wconf 75' lang='lat' dir='ltr'><strong>Qua:</strong></span> 
     </span>
    </p>
   </div>
   <div class='ocr_carea' id='block_1_34' title="bbox 451 3389 2040 3470">
    <p class='ocr_par' dir='ltr' id='par_1_34' title="bbox 451 3389 2040 3470">
     <span class='ocr_line' id='line_1_34' title="bbox 451 3389 2040 3470; baseline -0.006 -14"><span class='ocrx_word' id='word_1_279' title='bbox 451 3413 598 3456; x_wconf 87' lang='lat' dir='ltr'><strong>terra</strong></span> <span class='ocrx_word' id='word_1_280' title='bbox 611 3400 787 3457; x_wconf 87' lang='lat' dir='ltr'><strong>fenum</strong></span> <span class='ocrx_word' id='word_1_281' title='bbox 803 3397 1086 3470; x_wconf 89' lang='lat' dir='ltr'><strong>producit?</strong></span> <span class='ocrx_word' id='word_1_282' title='bbox 1108 3396 1296 3451; x_wconf 86' lang='lat' dir='ltr'><strong>Plebes</strong></span> <span class='ocrx_word' id='word_1_283' title='bbox 1317 3395 1437 3464; x_wconf 64' lang='lat' dir='ltr'><strong>piae,</strong></span> <span class='ocrx_word' id='word_1_284' title='bbox 1457 3392 1637 3464; x_wconf 88' lang='lat' dir='ltr'><strong>plebes</strong></span> <span class='ocrx_word' id='word_1_285' title='bbox 1655 3399 1871 3446; x_wconf 73' lang='lat' dir='ltr'><strong>sanctxe.</strong></span> <span class='ocrx_word' id='word_1_286' title='bbox 1886 3390 1956 3446; x_wconf 92' lang='lat' dir='ltr'><strong>Ut</strong></span> <span class='ocrx_word' id='word_1_287' title='bbox 1972 3389 2040 3446; x_wconf 90' lang='lat' dir='ltr'><strong>de</strong></span> 
     </span>
    </p>
   </div>
   <div class='ocr_carea' id='block_1_35' title="bbox 451 3481 2038 3565">
    <p class='ocr_par' dir='ltr' id='par_1_35' title="bbox 451 3481 2038 3565">
     <span class='ocr_line' id='line_1_35' title="bbox 451 3481 2038 3565; baseline -0.008 -17"><span class='ocrx_word' id='word_1_288' title='bbox 451 3510 560 3565; x_wconf 88' lang='lat' dir='ltr'><strong>qua</strong></span> <span class='ocrx_word' id='word_1_289' title='bbox 592 3503 731 3548; x_wconf 88' lang='lat' dir='ltr'><strong>terra</strong></span> <span class='ocrx_word' id='word_1_290' title='bbox 760 3490 911 3561; x_wconf 91' lang='lat' dir='ltr'><strong>panis</strong></span> <span class='ocrx_word' id='word_1_291' title='bbox 939 3486 1234 3544; x_wconf 85' lang='lat' dir='ltr'><strong>educatur?</strong></span> <span class='ocrx_word' id='word_1_292' title='bbox 1267 3485 1498 3540; x_wconf 82' lang='lat' dir='ltr'><strong>Verbum</strong></span> <span class='ocrx_word' id='word_1_293' title='bbox 1527 3484 1621 3539; x_wconf 90' lang='lat' dir='ltr'><strong>Dei</strong></span> <span class='ocrx_word' id='word_1_294' title='bbox 1650 3481 1717 3538; x_wconf 90' lang='lat' dir='ltr'><strong>de</strong></span> <span class='ocrx_word' id='word_1_295' title='bbox 1746 3482 2038 3552; x_wconf 90' lang='lat' dir='ltr'><strong>Apostolis,</strong></span> 
     </span>
    </p>
   </div>
   <div class='ocr_carea' id='block_1_36' title="bbox 452 3573 2039 3654">
    <p class='ocr_par' dir='ltr' id='par_1_36' title="bbox 452 3573 2039 3654">
     <span class='ocr_line' id='line_1_36' title="bbox 452 3573 2039 3654; baseline -0.01 -12"><span class='ocrx_word' id='word_1_296' title='bbox 452 3587 527 3642; x_wconf 90' lang='lat' dir='ltr'><strong>de</strong></span> <span class='ocrx_word' id='word_1_297' title='bbox 570 3581 1022 3654; x_wconf 87' lang='lat' dir='ltr'><strong>dispensatoribus</strong></span> <span class='ocrx_word' id='word_1_298' title='bbox 1077 3579 1542 3634; x_wconf 88' lang='lat' dir='ltr'><strong>Sacramentorum</strong></span> <span class='ocrx_word' id='word_1_299' title='bbox 1598 3575 1713 3640; x_wconf 90' lang='lat' dir='ltr'><strong>Dei,</strong></span> <span class='ocrx_word' id='word_1_300' title='bbox 1760 3573 1936 3629; x_wconf 87' lang='lat' dir='ltr'><strong>adhuc</strong></span> <span class='ocrx_word' id='word_1_301' title='bbox 1987 3573 2039 3626; x_wconf 94' lang='lat' dir='ltr'><strong>in</strong></span> 
     </span>
    </p>
   </div>
   <div class='ocr_carea' id='block_1_37' title="bbox 454 3669 2042 3738">
    <p class='ocr_par' dir='ltr' id='par_1_37' title="bbox 454 3669 2042 3738">
     <span class='ocr_line' id='line_1_37' title="bbox 454 3669 2042 3738; baseline -0.008 -7"><span class='ocrx_word' id='word_1_302' title='bbox 454 3687 605 3732; x_wconf 87' lang='lat' dir='ltr'><strong>terra</strong></span> <span class='ocrx_word' id='word_1_303' title='bbox 629 3671 1021 3730; x_wconf 90' lang='lat' dir='ltr'><strong>ambulantibus</strong></span> <span class='ocrx_word' id='word_1_304' title='bbox 1045 3712 1060 3736; x_wconf 92' lang='lat'><strong>,</strong></span> <span class='ocrx_word' id='word_1_305' title='bbox 1091 3669 1265 3725; x_wconf 90' lang='lat' dir='ltr'><strong>adhuc</strong></span> <span class='ocrx_word' id='word_1_306' title='bbox 1290 3682 1484 3738; x_wconf 89' lang='lat' dir='ltr'><strong>corpus</strong></span> <span class='ocrx_word' id='word_1_307' title='bbox 1526 3675 1795 3723; x_wconf 90' lang='lat' dir='ltr'><strong>terrenum</strong></span> <span class='ocrx_word' id='word_1_308' title='bbox 1826 3673 2042 3735; x_wconf 91' lang='lat' dir='ltr'><strong>portan-</strong></span> 
     </span>
    </p>
   </div>
   <div class='ocr_carea' id='block_1_38' title="bbox 456 3769 620 3826">
    <p class='ocr_par' dir='ltr' id='par_1_38' title="bbox 456 3769 620 3826">
     <span class='ocr_line' id='line_1_38' title="bbox 456 3769 620 3826; baseline -0.018 0"><span class='ocrx_word' id='word_1_309' title='bbox 456 3769 620 3826; x_wconf 87' lang='lat' dir='ltr'><strong>tibus.</strong></span> 
     </span>
    </p>
   </div>
   <div class='ocr_carea' id='block_1_39' title="bbox 531 3851 2040 3932">
    <p class='ocr_par' dir='ltr' id='par_1_39' title="bbox 531 3851 2040 3932">
     <span class='ocr_line' id='line_1_39' title="bbox 531 3851 2040 3932; baseline -0.005 -17"><span class='ocrx_word' id='word_1_310' title='bbox 531 3861 619 3915; x_wconf 76' lang='grc'><strong>15.</strong></span> <span class='ocrx_word' id='word_1_311' title='bbox 648 3859 796 3932; x_wconf 80' lang='lat' dir='ltr'><strong>[vers.</strong></span> <span class='ocrx_word' id='word_1_312' title='bbox 837 3856 951 3931; x_wconf 74' lang='lat' dir='ltr'><strong>i5.]</strong></span> <span class='ocrx_word' id='word_1_313' title='bbox 981 3854 1050 3910; x_wconf 86' lang='lat' dir='ltr'><strong>Et</strong></span> <span class='ocrx_word' id='word_1_314' title='bbox 1076 3857 1243 3910; x_wconf 80' lang='lat' dir='ltr'><strong>vinum</strong></span> <span class='ocrx_word' id='word_1_315' title='bbox 1263 3855 1483 3924; x_wconf 81' lang='lat' dir='ltr'><strong>heti/icat</strong></span> <span class='ocrx_word' id='word_1_316' title='bbox 1509 3871 1596 3908; x_wconf 88' lang='lat' dir='ltr'><strong>cor</strong></span> <span class='ocrx_word' id='word_1_317' title='bbox 1615 3853 1850 3908; x_wconf 88' lang='lat' dir='ltr'><strong>hominis.</strong></span> <span class='ocrx_word' id='word_1_318' title='bbox 1871 3851 2040 3908; x_wconf 86' lang='lat' dir='ltr'><strong>Nemo</strong></span> 
     </span>
    </p>
   </div>
   <div class='ocr_carea' id='block_1_40' title="bbox 456 3942 2045 4018">
    <p class='ocr_par' dir='ltr' id='par_1_40' title="bbox 456 3942 2045 4018">
     <span class='ocr_line' id='line_1_40' title="bbox 456 3942 2045 4018; baseline -0.007 -11"><span class='ocrx_word' id='word_1_319' title='bbox 456 3967 522 4008; x_wconf 80' lang='lat' dir='ltr'><strong>se</strong></span> <span class='ocrx_word' id='word_1_320' title='bbox 545 3951 609 4006; x_wconf 86' lang='lat' dir='ltr'><strong>ad</strong></span> <span class='ocrx_word' id='word_1_321' title='bbox 638 3951 949 4006; x_wconf 86' lang='lat' dir='ltr'><strong>ebrietatem</strong></span> <span class='ocrx_word' id='word_1_322' title='bbox 975 3956 1156 4018; x_wconf 89' lang='lat' dir='ltr'><strong>paret;</strong></span> <span class='ocrx_word' id='word_1_323' title='bbox 1185 3948 1292 4001; x_wconf 93' lang='lat' dir='ltr'><strong>imo</strong></span> <span class='ocrx_word' id='word_1_324' title='bbox 1308 3961 1365 4000; x_wconf 90' lang='lat' dir='ltr'><strong>se</strong></span> <span class='ocrx_word' id='word_1_325' title='bbox 1386 3945 1561 4000; x_wconf 91' lang='lat' dir='ltr'><strong>omnis</strong></span> <span class='ocrx_word' id='word_1_326' title='bbox 1583 3944 1743 3999; x_wconf 92' lang='lat' dir='ltr'><strong>homo</strong></span> <span class='ocrx_word' id='word_1_327' title='bbox 1772 3942 1839 3997; x_wconf 89' lang='lat' dir='ltr'><strong>ad</strong></span> <span class='ocrx_word' id='word_1_328' title='bbox 1868 3942 2045 3998; x_wconf 84' lang='lat' dir='ltr'><strong>ebrie-</strong></span> 
     </span>
    </p>
   </div>
   <div class='ocr_carea' id='block_1_41' title="bbox 459 4035 2043 4114">
    <p class='ocr_par' dir='ltr' id='par_1_41' title="bbox 459 4035 2043 4114">
     <span class='ocr_line' id='line_1_41' title="bbox 459 4035 2043 4114; baseline -0.007 -13"><span class='ocrx_word' id='word_1_329' title='bbox 459 4054 624 4101; x_wconf 80' lang='lat' dir='ltr'><strong>tatem</strong></span> <span class='ocrx_word' id='word_1_330' title='bbox 676 4051 845 4114; x_wconf 89' lang='lat' dir='ltr'><strong>paret.</strong></span> <span class='ocrx_word' id='word_1_331' title='bbox 894 4041 1044 4097; x_wconf 79' lang='lat' dir='ltr'><strong>Catia:</strong></span> <span class='ocrx_word' id='word_1_332' title='bbox 1091 4049 1206 4094; x_wconf 88' lang='lat' dir='ltr'><strong>tuus</strong></span> <span class='ocrx_word' id='word_1_333' title='bbox 1255 4038 1509 4106; x_wconf 85' lang='lat' dir='ltr'><strong>inebrians</strong></span> <span class='ocrx_word' id='word_1_334' title='bbox 1569 4053 1722 4108; x_wconf 88' lang='lat' dir='ltr'><strong>quam</strong></span> <span class='ocrx_word' id='word_1_335' title='bbox 1765 4035 2043 4108; x_wconf 74' lang='lat' dir='ltr'><strong>praeclarus</strong></span> 
     </span>
    </p>
   </div>
   <div class='ocr_carea' id='block_1_42' title="bbox 457 4127 2046 4209">
    <p class='ocr_par' dir='ltr' id='par_1_42' title="bbox 457 4127 2046 4209">
     <span class='ocr_line' id='line_1_42' title="bbox 457 4127 2046 4209; baseline -0.005 -17"><span class='ocrx_word' id='word_1_336' title='bbox 457 4148 534 4192; x_wconf 81' lang='lat' dir='ltr'><strong>est</strong></span> <span class='ocrx_word' id='word_1_337' title='bbox 582 4136 761 4209; x_wconf 79' lang='lat' dir='ltr'><strong>(Psat.</strong></span> <span class='ocrx_word' id='word_1_338' title='bbox 813 4150 962 4201; x_wconf 71' lang='grc' dir='ltr'>χχιι,</span> <span class='ocrx_word' id='word_1_339' title='bbox 1021 4134 1121 4204; x_wconf 82' lang='lat'><strong>5)!</strong></span> <span class='ocrx_word' id='word_1_340' title='bbox 1169 4133 1426 4188; x_wconf 91' lang='lat' dir='ltr'><strong>Nolumus</strong></span> <span class='ocrx_word' id='word_1_341' title='bbox 1481 4129 1659 4186; x_wconf 85' lang='lat' dir='ltr'><strong>dicere</strong></span> <span class='ocrx_word' id='word_1_342' title='bbox 1710 4147 1724 4182; x_wconf 88' lang='lat'><strong>:</strong></span> <span class='ocrx_word' id='word_1_343' title='bbox 1773 4127 1940 4184; x_wconf 88' lang='lat' dir='ltr'><strong>Nemo</strong></span> <span class='ocrx_word' id='word_1_344' title='bbox 1985 4143 2046 4185; x_wconf 86' lang='lat' dir='ltr'><strong>se</strong></span> 
     </span>
    </p>
   </div>
   <div class='ocr_carea' id='block_1_43' title="bbox 458 4220 2046 4292">
    <p class='ocr_par' dir='ltr' id='par_1_43' title="bbox 458 4220 2046 4292">
     <span class='ocr_line' id='line_1_43' title="bbox 458 4220 2046 4292; baseline -0.008 -6"><span class='ocrx_word' id='word_1_345' title='bbox 458 4231 708 4287; x_wconf 89' lang='lat' dir='ltr'><strong>inebriet.</strong></span> <span class='ocrx_word' id='word_1_346' title='bbox 735 4227 1093 4292; x_wconf 90' lang='lat' dir='ltr'><strong>luebriamini,</strong></span> <span class='ocrx_word' id='word_1_347' title='bbox 1120 4227 1214 4282; x_wconf 90' lang='lat' dir='ltr'><strong>sed</strong></span> <span class='ocrx_word' id='word_1_348' title='bbox 1238 4225 1414 4280; x_wconf 86' lang='lat' dir='ltr'><strong>videte</strong></span> <span class='ocrx_word' id='word_1_349' title='bbox 1434 4223 1598 4280; x_wconf 89' lang='lat' dir='ltr'><strong>unde.</strong></span> <span class='ocrx_word' id='word_1_350' title='bbox 1621 4223 1678 4278; x_wconf 87' lang='lat' dir='ltr'><strong>Si</strong></span> <span class='ocrx_word' id='word_1_351' title='bbox 1701 4237 1796 4277; x_wconf 92' lang='lat' dir='ltr'><strong>vos</strong></span> <span class='ocrx_word' id='word_1_352' title='bbox 1819 4220 2046 4277; x_wconf 87' lang='lat' dir='ltr'><strong>inebriat</strong></span> 
     </span>
    </p>
   </div>
   <div class='ocr_carea' id='block_1_44' title="bbox 457 4311 2044 4390">
    <p class='ocr_par' dir='ltr' id='par_1_44' title="bbox 457 4311 2044 4390">
     <span class='ocr_line' id='line_1_44' title="bbox 457 4311 2044 4390; baseline -0.008 -12"><span class='ocrx_word' id='word_1_353' title='bbox 457 4323 599 4379; x_wconf 81' lang='lat' dir='ltr'><strong>calix</strong></span> <span class='ocrx_word' id='word_1_354' title='bbox 629 4320 838 4376; x_wconf 90' lang='lat' dir='ltr'><strong>Domini</strong></span> <span class='ocrx_word' id='word_1_355' title='bbox 876 4319 1162 4390; x_wconf 85' lang='lat' dir='ltr'><strong>praeclarus</strong></span> <span class='ocrx_word' id='word_1_356' title='bbox 1183 4361 1198 4384; x_wconf 88' lang='lat'><strong>,</strong></span> <span class='ocrx_word' id='word_1_357' title='bbox 1231 4317 1497 4374; x_wconf 87' lang='lat' dir='ltr'><strong>videbitur</strong></span> <span class='ocrx_word' id='word_1_358' title='bbox 1522 4317 1624 4372; x_wconf 88' lang='lat' dir='ltr'><strong>ista</strong></span> <span class='ocrx_word' id='word_1_359' title='bbox 1675 4315 1960 4370; x_wconf 88' lang='lat' dir='ltr'><strong>inebrietas</strong></span> <span class='ocrx_word' id='word_1_360' title='bbox 1991 4311 2044 4367; x_wconf 90' lang='lat' dir='ltr'><strong>in</strong></span> 
     </span>
    </p>
   </div>
   <div class='ocr_carea' id='block_1_45' title="bbox 458 4406 2042 4486">
    <p class='ocr_par' dir='ltr' id='par_1_45' title="bbox 458 4406 2042 4486">
     <span class='ocr_line' id='line_1_45' title="bbox 458 4406 2042 4486; baseline -0.008 -15"><span class='ocrx_word' id='word_1_361' title='bbox 458 4415 713 4486; x_wconf 88' lang='lat' dir='ltr'><strong>operibus</strong></span> <span class='ocrx_word' id='word_1_362' title='bbox 741 4413 932 4468; x_wconf 88' lang='lat' dir='ltr'><strong>vestris</strong></span> <span class='ocrx_word' id='word_1_363' title='bbox 957 4454 972 4478; x_wconf 95' lang='lat'><strong>,</strong></span> <span class='ocrx_word' id='word_1_364' title='bbox 1000 4411 1267 4467; x_wconf 88' lang='lat' dir='ltr'><strong>videbitur</strong></span> <span class='ocrx_word' id='word_1_365' title='bbox 1301 4410 1354 4465; x_wconf 92' lang='lat' dir='ltr'><strong>in</strong></span> <span class='ocrx_word' id='word_1_366' title='bbox 1383 4417 1566 4466; x_wconf 89' lang='lat' dir='ltr'><strong>sancto</strong></span> <span class='ocrx_word' id='word_1_367' title='bbox 1592 4423 1774 4464; x_wconf 89' lang='lat' dir='ltr'><strong>amore</strong></span> <span class='ocrx_word' id='word_1_368' title='bbox 1801 4406 2042 4477; x_wconf 80' lang='lat' dir='ltr'><strong>justitize,</strong></span> 
     </span>
    </p>
   </div>
   <div class='ocr_carea' id='block_1_46' title="bbox 458 4496 2042 4577">
    <p class='ocr_par' dir='ltr' id='par_1_46' title="bbox 458 4496 2042 4577">
     <span class='ocr_line' id='line_1_46' title="bbox 458 4496 2042 4577; baseline -0.006 -14"><span class='ocrx_word' id='word_1_369' title='bbox 458 4506 729 4564; x_wconf 80' lang='lat' dir='ltr'><strong>videbitur</strong></span> <span class='ocrx_word' id='word_1_370' title='bbox 751 4517 1023 4577; x_wconf 90' lang='lat' dir='ltr'><strong>postremo</strong></span> <span class='ocrx_word' id='word_1_371' title='bbox 1049 4504 1103 4559; x_wconf 91' lang='lat' dir='ltr'><strong>in</strong></span> <span class='ocrx_word' id='word_1_372' title='bbox 1133 4504 1454 4560; x_wconf 86' lang='lat' dir='ltr'><strong>alienatione</strong></span> <span class='ocrx_word' id='word_1_373' title='bbox 1474 4505 1670 4559; x_wconf 85' lang='lat' dir='ltr'><strong>mentis</strong></span> <span class='ocrx_word' id='word_1_374' title='bbox 1699 4509 1917 4566; x_wconf 87' lang='lat' dir='ltr'><strong>vestrae,</strong></span> <span class='ocrx_word' id='word_1_375' title='bbox 1945 4496 2042 4554; x_wconf 91' lang='lat' dir='ltr'><strong>sed</strong></span> 
     </span>
    </p>
   </div>
   <div class='ocr_carea' id='block_1_47' title="bbox 459 4592 2032 4666">
    <p class='ocr_par' dir='ltr' id='par_1_47' title="bbox 459 4592 2032 4666">
     <span class='ocr_line' id='line_1_47' title="bbox 459 4592 2032 4666; baseline -0.004 -15"><span class='ocrx_word' id='word_1_376' title='bbox 459 4615 489 4652; x_wconf 78' lang='grc' dir='ltr'>τι</span> <span class='ocrx_word' id='word_1_377' title='bbox 520 4597 746 4652; x_wconf 88' lang='lat' dir='ltr'><strong>terrenis</strong></span> <span class='ocrx_word' id='word_1_378' title='bbox 777 4597 828 4651; x_wconf 90' lang='lat' dir='ltr'><strong>in</strong></span> <span class='ocrx_word' id='word_1_379' title='bbox 859 4597 1074 4652; x_wconf 70' lang='lat' dir='ltr'><strong>cmlum.</strong></span> <span class='ocrx_word' id='word_1_380' title='bbox 1106 4593 1174 4650; x_wconf 90' lang='lat' dir='ltr'><strong>Ut</strong></span> <span class='ocrx_word' id='word_1_381' title='bbox 1196 4595 1439 4650; x_wconf 70' lang='lat' dir='ltr'><strong>exhilaret</strong></span> <span class='ocrx_word' id='word_1_382' title='bbox 1469 4595 1650 4666; x_wconf 80' lang='lat' dir='ltr'><strong>facient</strong></span> <span class='ocrx_word' id='word_1_383' title='bbox 1692 4595 1801 4664; x_wconf 86' lang='lat' dir='ltr'><strong>ejus</strong></span> <span class='ocrx_word' id='word_1_384' title='bbox 1823 4593 1875 4646; x_wconf 88' lang='lat' dir='ltr'><strong>in</strong></span> <span class='ocrx_word' id='word_1_385' title='bbox 1900 4592 2032 4645; x_wconf 84' lang='lat' dir='ltr'><strong>oleo.</strong></span> 
     </span>
    </p>
   </div>
   <div class='ocr_carea' id='block_1_48' title="bbox 460 4681 2049 4758">
    <p class='ocr_par' dir='ltr' id='par_1_48' title="bbox 460 4681 2049 4758">
     <span class='ocr_line' id='line_1_48' title="bbox 460 4681 2049 4758; baseline -0.004 -15"><span class='ocrx_word' id='word_1_386' title='bbox 460 4687 636 4743; x_wconf 80' lang='lat' dir='ltr'><strong>Video</strong></span> <span class='ocrx_word' id='word_1_387' title='bbox 663 4702 780 4758; x_wconf 77' lang='lat' dir='ltr'><strong>quae</strong></span> <span class='ocrx_word' id='word_1_388' title='bbox 821 4696 960 4742; x_wconf 89' lang='lat' dir='ltr'><strong>terra</strong></span> <span class='ocrx_word' id='word_1_389' title='bbox 985 4695 1240 4757; x_wconf 91' lang='lat' dir='ltr'><strong>quantum</strong></span> <span class='ocrx_word' id='word_1_390' title='bbox 1273 4685 1500 4740; x_wconf 88' lang='lat' dir='ltr'><strong>fructum</strong></span> <span class='ocrx_word' id='word_1_391' title='bbox 1537 4685 1747 4752; x_wconf 92' lang='lat' dir='ltr'><strong>educat,</strong></span> <span class='ocrx_word' id='word_1_392' title='bbox 1780 4686 1823 4740; x_wconf 93' lang='lat' dir='ltr'><strong>si</strong></span> <span class='ocrx_word' id='word_1_393' title='bbox 1851 4681 2049 4754; x_wconf 84' lang='lat' dir='ltr'><strong>produ-</strong></span> 
     </span>
    </p>
   </div>
   <div class='ocr_carea' id='block_1_49' title="bbox 460 4775 2046 4847">
    <p class='ocr_par' dir='ltr' id='par_1_49' title="bbox 460 4775 2046 4847">
     <span class='ocr_line' id='line_1_49' title="bbox 460 4775 2046 4847; baseline 0 -14"><span class='ocrx_word' id='word_1_394' title='bbox 460 4787 554 4833; x_wconf 90' lang='lat' dir='ltr'><strong>cat</strong></span> <span class='ocrx_word' id='word_1_395' title='bbox 575 4775 753 4832; x_wconf 81' lang='lat' dir='ltr'><strong>fenum</strong></span> <span class='ocrx_word' id='word_1_396' title='bbox 771 4777 1044 4847; x_wconf 88' lang='lat' dir='ltr'><strong>jumentis.</strong></span> <span class='ocrx_word' id='word_1_397' title='bbox 1068 4775 1182 4831; x_wconf 93' lang='lat' dir='ltr'><strong>Non</strong></span> <span class='ocrx_word' id='word_1_398' title='bbox 1206 4776 1290 4830; x_wconf 91' lang='lat' dir='ltr'><strong>isti</strong></span> <span class='ocrx_word' id='word_1_399' title='bbox 1308 4777 1444 4830; x_wconf 87' lang='lat' dir='ltr'><strong>servi</strong></span> <span class='ocrx_word' id='word_1_400' title='bbox 1472 4775 1712 4831; x_wconf 87' lang='lat' dir='ltr'><strong>vendunt</strong></span> <span class='ocrx_word' id='word_1_401' title='bbox 1728 4777 1872 4847; x_wconf 90' lang='lat' dir='ltr'><strong>quod</strong></span> <span class='ocrx_word' id='word_1_402' title='bbox 1889 4776 2046 4844; x_wconf 82' lang='lat' dir='ltr'><strong>dant;</strong></span> 
     </span>
    </p>
   </div>
   <div class='ocr_carea' id='block_1_50' title="bbox 461 4867 2047 4938">
    <p class='ocr_par' dir='ltr' id='par_1_50' title="bbox 461 4867 2047 4938">
     <span class='ocr_line' id='line_1_50' title="bbox 461 4867 2047 4938; baseline 0.001 -15"><span class='ocrx_word' id='word_1_403' title='bbox 461 4884 576 4923; x_wconf 87' lang='lat' dir='ltr'><strong>non</strong></span> <span class='ocrx_word' id='word_1_404' title='bbox 619 4869 759 4923; x_wconf 91' lang='lat' dir='ltr'><strong>enim</strong></span> <span class='ocrx_word' id='word_1_405' title='bbox 807 4867 1114 4923; x_wconf 89' lang='lat' dir='ltr'><strong>venditores</strong></span> <span class='ocrx_word' id='word_1_406' title='bbox 1160 4867 1431 4937; x_wconf 84' lang='lat' dir='ltr'><strong>Evangelii</strong></span> <span class='ocrx_word' id='word_1_407' title='bbox 1473 4877 1596 4922; x_wconf 92' lang='lat' dir='ltr'><strong>sunt</strong></span> <span class='ocrx_word' id='word_1_408' title='bbox 1639 4886 1652 4922; x_wconf 85' lang='lat'><strong>:</strong></span> <span class='ocrx_word' id='word_1_409' title='bbox 1695 4869 1857 4938; x_wconf 84' lang='lat' dir='ltr'><strong>gratis</strong></span> <span class='ocrx_word' id='word_1_410' title='bbox 1898 4868 2047 4937; x_wconf 93' lang='lat' dir='ltr'><strong>dant,</strong></span> 
     </span>
    </p>
   </div>
   <div class='ocr_carea' id='block_1_51' title="bbox 460 4958 2052 5032">
    <p class='ocr_par' dir='ltr' id='par_1_51' title="bbox 460 4958 2052 5032">
     <span class='ocr_line' id='line_1_51' title="bbox 460 4958 2052 5032; baseline 0.003 -20"><span class='ocrx_word' id='word_1_411' title='bbox 460 4960 591 5032; x_wconf 89' lang='lat' dir='ltr'><strong>quia</strong></span> <span class='ocrx_word' id='word_1_412' title='bbox 634 4959 795 5030; x_wconf 89' lang='lat' dir='ltr'><strong>gratis</strong></span> <span class='ocrx_word' id='word_1_413' title='bbox 824 4967 1163 5030; x_wconf 90' lang='lat' dir='ltr'><strong>acceperunt.</strong></span> <span class='ocrx_word' id='word_1_414' title='bbox 1215 4958 1459 5014; x_wconf 87' lang='lat' dir='ltr'><strong>Gaudent</strong></span> <span class='ocrx_word' id='word_1_415' title='bbox 1497 4959 1651 5016; x_wconf 91' lang='lat' dir='ltr'><strong>bonis</strong></span> <span class='ocrx_word' id='word_1_416' title='bbox 1680 4961 1931 5030; x_wconf 90' lang='lat' dir='ltr'><strong>operibus</strong></span> <span class='ocrx_word' id='word_1_417' title='bbox 1958 4977 2052 5017; x_wconf 91' lang='lat' dir='ltr'><strong>ve-</strong></span> 
     </span>
    </p>
   </div>
   <div class='ocr_carea' id='block_1_52' title="bbox 460 5048 2050 5121">
    <p class='ocr_par' dir='ltr' id='par_1_52' title="bbox 460 5048 2050 5121">
     <span class='ocr_line' id='line_1_52' title="bbox 460 5048 2050 5121; baseline 0.001 -14"><span class='ocrx_word' id='word_1_418' title='bbox 460 5050 623 5116; x_wconf 88' lang='lat' dir='ltr'><strong>stris;</strong></span> <span class='ocrx_word' id='word_1_419' title='bbox 649 5049 747 5105; x_wconf 86' lang='lat' dir='ltr'><strong>hoc</strong></span> <span class='ocrx_word' id='word_1_420' title='bbox 767 5051 908 5106; x_wconf 89' lang='lat' dir='ltr'><strong>enim</strong></span> <span class='ocrx_word' id='word_1_421' title='bbox 934 5050 1084 5105; x_wconf 88' lang='lat' dir='ltr'><strong>vobis</strong></span> <span class='ocrx_word' id='word_1_422' title='bbox 1112 5048 1366 5121; x_wconf 88' lang='lat' dir='ltr'><strong>prodest:</strong></span> <span class='ocrx_word' id='word_1_423' title='bbox 1392 5064 1499 5105; x_wconf 89' lang='lat' dir='ltr'><strong>non</strong></span> <span class='ocrx_word' id='word_1_424' title='bbox 1527 5053 1667 5106; x_wconf 91' lang='lat' dir='ltr'><strong>enim</strong></span> <span class='ocrx_word' id='word_1_425' title='bbox 1688 5061 1930 5121; x_wconf 86' lang='lat' dir='ltr'><strong>quaerunt</strong></span> <span class='ocrx_word' id='word_1_426' title='bbox 1953 5053 2050 5108; x_wconf 86' lang='lat' dir='ltr'><strong>da-</strong></span> 
     </span>
    </p>
   </div>
   <div class='ocr_carea' id='block_1_53' title="bbox 463 5141 2054 5214">
    <p class='ocr_par' dir='ltr' id='par_1_53' title="bbox 463 5141 2054 5214">
     <span class='ocr_line' id='line_1_53' title="bbox 463 5141 2054 5214; baseline 0.001 -15"><span class='ocrx_word' id='word_1_427' title='bbox 463 5153 580 5199; x_wconf 91' lang='lat' dir='ltr'><strong>tum</strong></span> <span class='ocrx_word' id='word_1_428' title='bbox 603 5185 618 5208; x_wconf 90' lang='lat'><strong>,</strong></span> <span class='ocrx_word' id='word_1_429' title='bbox 651 5143 744 5198; x_wconf 87' lang='lat' dir='ltr'><strong>sed</strong></span> <span class='ocrx_word' id='word_1_430' title='bbox 775 5143 1051 5214; x_wconf 88' lang='lat' dir='ltr'><strong>requirunt</strong></span> <span class='ocrx_word' id='word_1_431' title='bbox 1075 5141 1324 5198; x_wconf 88' lang='lat' dir='ltr'><strong>fructum.</strong></span> <span class='ocrx_word' id='word_1_432' title='bbox 1350 5142 1486 5211; x_wconf 85' lang='lat' dir='ltr'><strong>Quid</strong></span> <span class='ocrx_word' id='word_1_433' title='bbox 1517 5152 1599 5198; x_wconf 89' lang='lat' dir='ltr'><strong>est</strong></span> <span class='ocrx_word' id='word_1_434' title='bbox 1636 5143 1951 5199; x_wconf 80' lang='lat' dir='ltr'><strong>exhilaratio</strong></span> <span class='ocrx_word' id='word_1_435' title='bbox 1977 5145 2054 5200; x_wconf 82' lang='lat' dir='ltr'><strong>fa-</strong></span> 
     </span>
    </p>
   </div>
   <div class='ocr_carea' id='block_1_54' title="bbox 461 5237 2055 5307">
    <p class='ocr_par' dir='ltr' id='par_1_54' title="bbox 461 5237 2055 5307">
     <span class='ocr_line' id='line_1_54' title="bbox 461 5237 2055 5307; baseline 0.001 -14"><span class='ocrx_word' id='word_1_436' title='bbox 461 5239 568 5293; x_wconf 88' lang='lat' dir='ltr'><strong>cici</strong></span> <span class='ocrx_word' id='word_1_437' title='bbox 597 5239 648 5292; x_wconf 92' lang='lat' dir='ltr'><strong>in</strong></span> <span class='ocrx_word' id='word_1_438' title='bbox 677 5237 839 5293; x_wconf 83' lang='lat' dir='ltr'><strong>oleo?</strong></span> <span class='ocrx_word' id='word_1_439' title='bbox 880 5237 1058 5293; x_wconf 89' lang='lat' dir='ltr'><strong>Gratia</strong></span> <span class='ocrx_word' id='word_1_440' title='bbox 1087 5237 1215 5305; x_wconf 90' lang='lat' dir='ltr'><strong>Dei,</strong></span> <span class='ocrx_word' id='word_1_441' title='bbox 1247 5238 1388 5292; x_wconf 91' lang='lat' dir='ltr'><strong>nitor</strong></span> <span class='ocrx_word' id='word_1_442' title='bbox 1409 5237 1620 5307; x_wconf 88' lang='lat' dir='ltr'><strong>quidam</strong></span> <span class='ocrx_word' id='word_1_443' title='bbox 1665 5239 1716 5292; x_wconf 91' lang='lat' dir='ltr'><strong>in</strong></span> <span class='ocrx_word' id='word_1_444' title='bbox 1749 5238 2055 5295; x_wconf 86' lang='lat' dir='ltr'><strong>manifesta-</strong></span> 
     </span>
    </p>
   </div>
   <div class='ocr_carea' id='block_1_55' title="bbox 465 5327 2053 5400">
    <p class='ocr_par' dir='ltr' id='par_1_55' title="bbox 465 5327 2053 5400">
     <span class='ocr_line' id='line_1_55' title="bbox 465 5327 2053 5400; baseline -0.002 -14"><span class='ocrx_word' id='word_1_445' title='bbox 465 5331 669 5386; x_wconf 88' lang='lat' dir='ltr'><strong>tiouem</strong></span> <span class='ocrx_word' id='word_1_446' title='bbox 693 5347 708 5396; x_wconf 91' lang='lat'><strong>;</strong></span> <span class='ocrx_word' id='word_1_447' title='bbox 733 5330 870 5385; x_wconf 87' lang='lat' dir='ltr'><strong>sicut</strong></span> <span class='ocrx_word' id='word_1_448' title='bbox 903 5329 1030 5384; x_wconf 93' lang='lat' dir='ltr'><strong>dicit</strong></span> <span class='ocrx_word' id='word_1_449' title='bbox 1054 5329 1338 5400; x_wconf 83' lang='lat' dir='ltr'><strong>Apostolus</strong></span> <span class='ocrx_word' id='word_1_450' title='bbox 1366 5347 1378 5382; x_wconf 90' lang='lat'><strong>:</strong></span> <span class='ocrx_word' id='word_1_451' title='bbox 1406 5327 1685 5398; x_wconf 86' lang='lat' dir='ltr'><strong>Unicuique</strong></span> <span class='ocrx_word' id='word_1_452' title='bbox 1705 5339 1872 5383; x_wconf 89' lang='lat' dir='ltr'><strong>autem</strong></span> <span class='ocrx_word' id='word_1_453' title='bbox 1899 5329 2053 5384; x_wconf 88' lang='lat' dir='ltr'><strong>datur</strong></span> 
     </span>
    </p>
   </div>
   <div class='ocr_carea' id='block_1_56' title="bbox 464 5421 2054 5496">
    <p class='ocr_par' dir='ltr' id='par_1_56' title="bbox 464 5421 2054 5496">
     <span class='ocr_line' id='line_1_56' title="bbox 464 5421 2054 5496; baseline 0.001 -19"><span class='ocrx_word' id='word_1_454' title='bbox 464 5425 698 5496; x_wconf 75' lang='lat' dir='ltr'><strong>Spiritus</strong></span> <span class='ocrx_word' id='word_1_455' title='bbox 741 5425 809 5488; x_wconf 81' lang='lat' dir='ltr'><strong>ad</strong></span> <span class='ocrx_word' id='word_1_456' title='bbox 863 5425 1316 5495; x_wconf 82' lang='lat' dir='ltr'><strong>manifestationem</strong></span> <span class='ocrx_word' id='word_1_457' title='bbox 1357 5423 1412 5493; x_wconf 95' lang='lat' dir='ltr'><strong>(l</strong></span> <span class='ocrx_word' id='word_1_458' title='bbox 1439 5421 1553 5477; x_wconf 86' lang='lat' dir='ltr'><strong>Cor.</strong></span> <span class='ocrx_word' id='word_1_459' title='bbox 1587 5439 1681 5488; x_wconf 85' lang='lat' dir='ltr'><strong>xu,</strong></span> <span class='ocrx_word' id='word_1_460' title='bbox 1733 5424 1820 5494; x_wconf 88' lang='lat'><strong>7).</strong></span> <span class='ocrx_word' id='word_1_461' title='bbox 1872 5424 2054 5479; x_wconf 87' lang='lat' dir='ltr'><strong>Gratia</strong></span> 
     </span>
    </p>
   </div>
   <div class='ocr_carea' id='block_1_57' title="bbox 465 5515 2052 5589">
    <p class='ocr_par' dir='ltr' id='par_1_57' title="bbox 465 5515 2052 5589">
     <span class='ocr_line' id='line_1_57' title="bbox 465 5515 2052 5589; baseline 0 -19"><span class='ocrx_word' id='word_1_462' title='bbox 465 5515 714 5589; x_wconf 65' lang='lat' dir='ltr'><strong>quaedam</strong></span> <span class='ocrx_word' id='word_1_463' title='bbox 761 5532 880 5587; x_wconf 68' lang='lat' dir='ltr'><strong>quae</strong></span> <span class='ocrx_word' id='word_1_464' title='bbox 926 5525 1009 5571; x_wconf 88' lang='lat' dir='ltr'><strong>est</strong></span> <span class='ocrx_word' id='word_1_465' title='bbox 1048 5516 1323 5572; x_wconf 86' lang='lat' dir='ltr'><strong>hominum</strong></span> <span class='ocrx_word' id='word_1_466' title='bbox 1366 5515 1432 5571; x_wconf 89' lang='lat' dir='ltr'><strong>ad</strong></span> <span class='ocrx_word' id='word_1_467' title='bbox 1481 5515 1726 5570; x_wconf 90' lang='lat' dir='ltr'><strong>homines</strong></span> <span class='ocrx_word' id='word_1_468' title='bbox 1755 5516 2052 5586; x_wconf 88' lang='lat' dir='ltr'><strong>perspicua,</strong></span> 
     </span>
    </p>
   </div>
   <div class='ocr_carea' id='block_1_58' title="bbox 465 5608 2057 5675">
    <p class='ocr_par' dir='ltr' id='par_1_58' title="bbox 465 5608 2057 5675">
     <span class='ocr_line' id='line_1_58' title="bbox 465 5608 2057 5675; baseline -0.001 -8"><span class='ocrx_word' id='word_1_469' title='bbox 465 5609 537 5667; x_wconf 84' lang='lat' dir='ltr'><strong>ad</strong></span> <span class='ocrx_word' id='word_1_470' title='bbox 561 5608 953 5666; x_wconf 90' lang='lat' dir='ltr'><strong>conciliandum</strong></span> <span class='ocrx_word' id='word_1_471' title='bbox 975 5617 1212 5664; x_wconf 89' lang='lat' dir='ltr'><strong>sanctum</strong></span> <span class='ocrx_word' id='word_1_472' title='bbox 1242 5623 1500 5671; x_wconf 90' lang='lat' dir='ltr'><strong>amorem,</strong></span> <span class='ocrx_word' id='word_1_473' title='bbox 1533 5609 1709 5663; x_wconf 89' lang='lat' dir='ltr'><strong>oleum</strong></span> <span class='ocrx_word' id='word_1_474' title='bbox 1753 5608 1964 5675; x_wconf 89' lang='lat' dir='ltr'><strong>dicitur,</strong></span> <span class='ocrx_word' id='word_1_475' title='bbox 2002 5610 2057 5665; x_wconf 92' lang='lat' dir='ltr'><strong>in</strong></span> 
     </span>
    </p>
   </div>
   <div class='ocr_carea' id='block_1_59' title="bbox 535 5717 1902 5779">
    <p class='ocr_par' dir='ltr' id='par_1_59' title="bbox 535 5717 1902 5779">
     <span class='ocr_line' id='line_1_59' title="bbox 535 5717 1902 5779; baseline -0.001 -9"><span class='ocrx_word' id='word_1_476' title='bbox 535 5723 554 5755; x_wconf 75' lang='grc' dir='ltr'>ί</span> <span class='ocrx_word' id='word_1_477' title='bbox 583 5731 683 5772; x_wconf 73' lang='lat' dir='ltr'><strong>Am.</strong></span> <span class='ocrx_word' id='word_1_478' title='bbox 709 5728 782 5771; x_wconf 79' lang='lat' dir='ltr'><strong>Er.</strong></span> <span class='ocrx_word' id='word_1_479' title='bbox 811 5728 864 5771; x_wconf 79' lang='lat' dir='ltr'><strong>et</strong></span> <span class='ocrx_word' id='word_1_480' title='bbox 878 5728 1002 5770; x_wconf 57' lang='lat' dir='ltr'><strong>Mss:</strong></span> <span class='ocrx_word' id='word_1_481' title='bbox 1031 5720 1185 5771; x_wconf 77' lang='lat' dir='ltr'><strong>Etiam</strong></span> <span class='ocrx_word' id='word_1_482' title='bbox 1205 5720 1392 5779; x_wconf 86' lang='lat' dir='ltr'><strong>gemite,</strong></span> <span class='ocrx_word' id='word_1_483' title='bbox 1417 5725 1461 5768; x_wconf 87' lang='lat' dir='ltr'><strong>ct</strong></span> <span class='ocrx_word' id='word_1_484' title='bbox 1486 5717 1605 5769; x_wconf 82' lang='lat' dir='ltr'><strong>nihil</strong></span> <span class='ocrx_word' id='word_1_485' title='bbox 1625 5719 1719 5769; x_wconf 88' lang='lat' dir='ltr'><strong>huc</strong></span> <span class='ocrx_word' id='word_1_486' title='bbox 1743 5723 1902 5770; x_wconf 71' lang='lat' dir='ltr'><strong>exeat.</strong></span> 
     </span>
    </p>
   </div>
   <div class='ocr_carea' id='block_1_60' title="bbox 536 5779 2026 5849">
    <p class='ocr_par' dir='ltr' id='par_1_60' title="bbox 536 5779 2026 5849">
     <span class='ocr_line' id='line_1_60' title="bbox 536 5779 2026 5849; baseline 0 -16"><span class='ocrx_word' id='word_1_487' title='bbox 536 5786 559 5819; x_wconf 74' lang='lat'>&#39;</span> <span class='ocrx_word' id='word_1_488' title='bbox 585 5786 658 5833; x_wconf 79' lang='lat' dir='ltr'><strong>sic</strong></span> <span class='ocrx_word' id='word_1_489' title='bbox 683 5785 910 5849; x_wconf 64' lang='lat' dir='ltr'><strong>praecipui</strong></span> <span class='ocrx_word' id='word_1_490' title='bbox 937 5793 1038 5834; x_wconf 79' lang='lat' dir='ltr'><strong>Mss.</strong></span> <span class='ocrx_word' id='word_1_491' title='bbox 1065 5789 1118 5833; x_wconf 80' lang='lat' dir='ltr'><strong>At</strong></span> <span class='ocrx_word' id='word_1_492' title='bbox 1139 5779 1266 5833; x_wconf 75' lang='lat' dir='ltr'><strong>tidd.:</strong></span> <span class='ocrx_word' id='word_1_493' title='bbox 1301 5781 1474 5847; x_wconf 55' lang='lat' dir='ltr'><strong>txtquid</strong></span> <span class='ocrx_word' id='word_1_494' title='bbox 1499 5788 1630 5832; x_wconf 76' lang='lat' dir='ltr'><strong>rorat</strong></span> <span class='ocrx_word' id='word_1_495' title='bbox 1650 5781 1672 5831; x_wconf 85' lang='lat'><strong>?</strong></span> <span class='ocrx_word' id='word_1_496' title='bbox 1696 5781 1863 5846; x_wconf 84' lang='lat' dir='ltr'><strong>utqmd</strong></span> <span class='ocrx_word' id='word_1_497' title='bbox 1887 5779 1976 5832; x_wconf 88' lang='lat' dir='ltr'><strong>hoc</strong></span> <span class='ocrx_word' id='word_1_498' title='bbox 2002 5779 2026 5833; x_wconf 67' lang='grc' dir='ltr'><em>ἲ</em></span> 
     </span>
    </p>
   </div>
   <div class='ocr_carea' id='block_1_61' title="bbox 1595 332 2625 412">
    <p class='ocr_par' dir='ltr' id='par_1_61' title="bbox 1595 332 2625 412">
     <span class='ocr_line' id='line_1_61' title="bbox 1595 332 2625 412; baseline 0.007 -12"><span class='ocrx_word' id='word_1_499' title='bbox 1595 332 2092 402; x_wconf 71' lang='grc' dir='ltr'><strong>ΕΝᾹΒΒΑΤΙΟΊΝ</strong></span> <span class='ocrx_word' id='word_1_500' title='bbox 2134 341 2452 412; x_wconf 80' lang='lat' dir='ltr'><strong>PSALMUM</strong></span> <span class='ocrx_word' id='word_1_501' title='bbox 2491 351 2625 412; x_wconf 82' lang='lat' dir='ltr'><strong>Clll.</strong></span> 
     </span>
    </p>
   </div>
   <div class='ocr_carea' id='block_1_62' title="bbox 3587 357 3736 418">
    <p class='ocr_par' dir='ltr' id='par_1_62' title="bbox 3587 357 3736 418">
     <span class='ocr_line' id='line_1_62' title="bbox 3587 357 3736 418; baseline 0.02 -3"><span class='ocrx_word' id='word_1_502' title='bbox 3587 357 3736 418; x_wconf 73' lang='grc'><strong>1370</strong></span> 
     </span>
    </p>
   </div>
   <div class='ocr_carea' id='block_1_63' title="bbox 2155 463 3736 537">
    <p class='ocr_par' dir='ltr' id='par_1_63' title="bbox 2155 463 3736 537">
     <span class='ocr_line' id='line_1_63' title="bbox 2155 463 3736 537; baseline 0.009 -22"><span class='ocrx_word' id='word_1_503' title='bbox 2155 463 2329 522; x_wconf 89' lang='lat' dir='ltr'><strong>nitore</strong></span> <span class='ocrx_word' id='word_1_504' title='bbox 2359 467 2574 532; x_wconf 88' lang='lat' dir='ltr'><strong>divino;</strong></span> <span class='ocrx_word' id='word_1_505' title='bbox 2607 475 2661 521; x_wconf 91' lang='lat' dir='ltr'><strong>et</strong></span> <span class='ocrx_word' id='word_1_506' title='bbox 2687 465 2939 537; x_wconf 89' lang='lat' dir='ltr'><strong>quoniam</strong></span> <span class='ocrx_word' id='word_1_507' title='bbox 2965 465 3409 524; x_wconf 88' lang='lat' dir='ltr'><strong>excellentissima</strong></span> <span class='ocrx_word' id='word_1_508' title='bbox 3432 468 3487 526; x_wconf 89' lang='lat' dir='ltr'><strong>in</strong></span> <span class='ocrx_word' id='word_1_509' title='bbox 3515 469 3736 529; x_wconf 79' lang='lat' dir='ltr'><strong>Christo</strong></span> 
     </span>
    </p>
   </div>
   <div class='ocr_carea' id='block_1_64' title="bbox 2153 556 3738 629">
    <p class='ocr_par' dir='ltr' id='par_1_64' title="bbox 2153 556 3738 629">
     <span class='ocr_line' id='line_1_64' title="bbox 2153 556 3738 629; baseline 0.006 -21"><span class='ocrx_word' id='word_1_510' title='bbox 2153 557 2416 624; x_wconf 89' lang='lat' dir='ltr'><strong>apparuit,</strong></span> <span class='ocrx_word' id='word_1_511' title='bbox 2451 565 2595 610; x_wconf 88' lang='lat' dir='ltr'><strong>totus</strong></span> <span class='ocrx_word' id='word_1_512' title='bbox 2633 556 2776 612; x_wconf 90' lang='lat' dir='ltr'><strong>orbis</strong></span> <span class='ocrx_word' id='word_1_513' title='bbox 2810 571 2932 611; x_wconf 91' lang='lat' dir='ltr'><strong>eum</strong></span> <span class='ocrx_word' id='word_1_514' title='bbox 2973 556 3178 628; x_wconf 89' lang='lat' dir='ltr'><strong>diligit:</strong></span> <span class='ocrx_word' id='word_1_515' title='bbox 3210 560 3300 629; x_wconf 90' lang='lat' dir='ltr'><strong>qui</strong></span> <span class='ocrx_word' id='word_1_516' title='bbox 3344 574 3468 614; x_wconf 90' lang='lat' dir='ltr'><strong>cum</strong></span> <span class='ocrx_word' id='word_1_517' title='bbox 3493 572 3738 618; x_wconf 89' lang='lat' dir='ltr'><strong>contem-</strong></span> 
     </span>
    </p>
   </div>
   <div class='ocr_carea' id='block_1_65' title="bbox 2153 649 3738 723">
    <p class='ocr_par' dir='ltr' id='par_1_65' title="bbox 2153 649 3738 723">
     <span class='ocr_line' id='line_1_65' title="bbox 2153 649 3738 723; baseline 0.004 -20"><span class='ocrx_word' id='word_1_518' title='bbox 2153 661 2273 720; x_wconf 91' lang='lat' dir='ltr'><strong>ptus</strong></span> <span class='ocrx_word' id='word_1_519' title='bbox 2301 649 2386 705; x_wconf 92' lang='lat' dir='ltr'><strong>hic</strong></span> <span class='ocrx_word' id='word_1_520' title='bbox 2414 659 2577 715; x_wconf 89' lang='lat' dir='ltr'><strong>esset,</strong></span> <span class='ocrx_word' id='word_1_521' title='bbox 2626 649 2879 704; x_wconf 91' lang='lat' dir='ltr'><strong>adoratur</strong></span> <span class='ocrx_word' id='word_1_522' title='bbox 2902 649 3064 705; x_wconf 93' lang='lat' dir='ltr'><strong>modo</strong></span> <span class='ocrx_word' id='word_1_523' title='bbox 3090 651 3158 705; x_wconf 90' lang='lat' dir='ltr'><strong>ab</strong></span> <span class='ocrx_word' id='word_1_524' title='bbox 3197 653 3342 706; x_wconf 92' lang='lat' dir='ltr'><strong>omni</strong></span> <span class='ocrx_word' id='word_1_525' title='bbox 3368 661 3524 723; x_wconf 88' lang='lat' dir='ltr'><strong>gente</strong></span> <span class='ocrx_word' id='word_1_526' title='bbox 3554 670 3567 708; x_wconf 90' lang='lat'><strong>:</strong></span> <span class='ocrx_word' id='word_1_527' title='bbox 3598 653 3738 720; x_wconf 84' lang='lat' dir='ltr'><strong>Quo-</strong></span> 
     </span>
    </p>
   </div>
   <div class='ocr_carea' id='block_1_66' title="bbox 2160 742 3736 817">
    <p class='ocr_par' dir='ltr' id='par_1_66' title="bbox 2160 742 3736 817">
     <span class='ocr_line' id='line_1_66' title="bbox 2160 742 3736 817; baseline 0.003 -20"><span class='ocrx_word' id='word_1_528' title='bbox 2160 743 2288 797; x_wconf 72' lang='lat' dir='ltr'><strong>niam</strong></span> <span class='ocrx_word' id='word_1_529' title='bbox 2317 742 2476 811; x_wconf 87' lang='lat' dir='ltr'><strong>ipsius</strong></span> <span class='ocrx_word' id='word_1_530' title='bbox 2514 751 2586 795; x_wconf 89' lang='lat' dir='ltr'><strong>est</strong></span> <span class='ocrx_word' id='word_1_531' title='bbox 2624 759 2853 812; x_wconf 86' lang='lat' dir='ltr'><strong>regnum,</strong></span> <span class='ocrx_word' id='word_1_532' title='bbox 2881 751 2929 796; x_wconf 87' lang='lat' dir='ltr'><strong>et</strong></span> <span class='ocrx_word' id='word_1_533' title='bbox 2969 743 3079 813; x_wconf 88' lang='lat' dir='ltr'><strong>ipse</strong></span> <span class='ocrx_word' id='word_1_534' title='bbox 3129 743 3471 799; x_wconf 83' lang='lat' dir='ltr'><strong>dominabitur</strong></span> <span class='ocrx_word' id='word_1_535' title='bbox 3513 748 3736 817; x_wconf 88' lang='lat' dir='ltr'><strong>gentium</strong></span> 
     </span>
    </p>
   </div>
   <div class='ocr_carea' id='block_1_67' title="bbox 2157 833 3731 908">
    <p class='ocr_par' dir='ltr' id='par_1_67' title="bbox 2157 833 3731 908">
     <span class='ocr_line' id='line_1_67' title="bbox 2157 833 3731 908; baseline 0.006 -22"><span class='ocrx_word' id='word_1_536' title='bbox 2157 833 2331 906; x_wconf 86' lang='lat' dir='ltr'><strong>(Psat.</strong></span> <span class='ocrx_word' id='word_1_537' title='bbox 2367 850 2478 898; x_wconf 79' lang='lat' dir='ltr'><strong>xxi,</strong></span> <span class='ocrx_word' id='word_1_538' title='bbox 2507 834 2633 905; x_wconf 73' lang='lat'><strong>29).</strong></span> <span class='ocrx_word' id='word_1_539' title='bbox 2667 835 2833 890; x_wconf 89' lang='lat' dir='ltr'><strong>Tanta</strong></span> <span class='ocrx_word' id='word_1_540' title='bbox 2861 844 2942 891; x_wconf 89' lang='lat' dir='ltr'><strong>est</strong></span> <span class='ocrx_word' id='word_1_541' title='bbox 2966 836 3106 891; x_wconf 91' lang='lat' dir='ltr'><strong>enim</strong></span> <span class='ocrx_word' id='word_1_542' title='bbox 3132 836 3248 907; x_wconf 85' lang='lat' dir='ltr'><strong>ejus</strong></span> <span class='ocrx_word' id='word_1_543' title='bbox 3270 839 3459 908; x_wconf 87' lang='lat' dir='ltr'><strong>gratia,</strong></span> <span class='ocrx_word' id='word_1_544' title='bbox 3488 849 3546 894; x_wconf 89' lang='lat' dir='ltr'><strong>ut</strong></span> <span class='ocrx_word' id='word_1_545' title='bbox 3575 840 3731 896; x_wconf 88' lang='lat' dir='ltr'><strong>multi</strong></span> 
     </span>
    </p>
   </div>
   <div class='ocr_carea' id='block_1_68' title="bbox 2151 924 3731 1000">
    <p class='ocr_par' dir='ltr' id='par_1_68' title="bbox 2151 924 3731 1000">
     <span class='ocr_line' id='line_1_68' title="bbox 2151 924 3731 1000; baseline 0.006 -23"><span class='ocrx_word' id='word_1_546' title='bbox 2151 924 2238 994; x_wconf 92' lang='lat' dir='ltr'><strong>qui</strong></span> <span class='ocrx_word' id='word_1_547' title='bbox 2271 925 2323 978; x_wconf 93' lang='lat' dir='ltr'><strong>in</strong></span> <span class='ocrx_word' id='word_1_548' title='bbox 2350 940 2472 980; x_wconf 90' lang='lat' dir='ltr'><strong>eum</strong></span> <span class='ocrx_word' id='word_1_549' title='bbox 2498 940 2603 980; x_wconf 92' lang='lat' dir='ltr'><strong>non</strong></span> <span class='ocrx_word' id='word_1_550' title='bbox 2648 925 2892 993; x_wconf 88' lang='lat' dir='ltr'><strong>credunt,</strong></span> <span class='ocrx_word' id='word_1_551' title='bbox 2934 925 3148 981; x_wconf 91' lang='lat' dir='ltr'><strong>laudent</strong></span> <span class='ocrx_word' id='word_1_552' title='bbox 3176 942 3297 982; x_wconf 89' lang='lat' dir='ltr'><strong>eum</strong></span> <span class='ocrx_word' id='word_1_553' title='bbox 3319 970 3334 996; x_wconf 92' lang='lat'><strong>,</strong></span> <span class='ocrx_word' id='word_1_554' title='bbox 3363 937 3417 984; x_wconf 89' lang='lat' dir='ltr'><strong>et</strong></span> <span class='ocrx_word' id='word_1_555' title='bbox 3443 938 3731 1000; x_wconf 87' lang='lat' dir='ltr'><strong>propterea</strong></span> 
     </span>
    </p>
   </div>
   <div class='ocr_carea' id='block_1_69' title="bbox 2151 1016 3734 1091">
    <p class='ocr_par' dir='ltr' id='par_1_69' title="bbox 2151 1016 3734 1091">
     <span class='ocr_line' id='line_1_69' title="bbox 2151 1016 3734 1091; baseline 0.004 -20"><span class='ocrx_word' id='word_1_556' title='bbox 2151 1016 2334 1072; x_wconf 89' lang='lat' dir='ltr'><strong>dicant</strong></span> <span class='ocrx_word' id='word_1_557' title='bbox 2357 1018 2497 1072; x_wconf 91' lang='lat' dir='ltr'><strong>nolle</strong></span> <span class='ocrx_word' id='word_1_558' title='bbox 2526 1032 2585 1072; x_wconf 90' lang='lat' dir='ltr'><strong>se</strong></span> <span class='ocrx_word' id='word_1_559' title='bbox 2613 1019 2663 1071; x_wconf 91' lang='lat' dir='ltr'><strong>in</strong></span> <span class='ocrx_word' id='word_1_560' title='bbox 2693 1033 2814 1072; x_wconf 87' lang='lat' dir='ltr'><strong>eum</strong></span> <span class='ocrx_word' id='word_1_561' title='bbox 2845 1017 3086 1085; x_wconf 89' lang='lat' dir='ltr'><strong>credere,</strong></span> <span class='ocrx_word' id='word_1_562' title='bbox 3109 1019 3228 1088; x_wconf 88' lang='lat' dir='ltr'><strong>quia</strong></span> <span class='ocrx_word' id='word_1_563' title='bbox 3248 1034 3405 1075; x_wconf 89' lang='lat' dir='ltr'><strong>nemo</strong></span> <span class='ocrx_word' id='word_1_564' title='bbox 3427 1031 3602 1091; x_wconf 89' lang='lat' dir='ltr'><strong>potest</strong></span> <span class='ocrx_word' id='word_1_565' title='bbox 3629 1023 3734 1077; x_wconf 85' lang='lat' dir='ltr'><strong>im-</strong></span> 
     </span>
    </p>
   </div>
   <div class='ocr_carea' id='block_1_70' title="bbox 2150 1108 3734 1181">
    <p class='ocr_par' dir='ltr' id='par_1_70' title="bbox 2150 1108 3734 1181">
     <span class='ocr_line' id='line_1_70' title="bbox 2150 1108 3734 1181; baseline 0.005 -20"><span class='ocrx_word' id='word_1_566' title='bbox 2150 1108 2297 1178; x_wconf 90' lang='lat' dir='ltr'><strong>plere</strong></span> <span class='ocrx_word' id='word_1_567' title='bbox 2322 1108 2461 1178; x_wconf 90' lang='lat' dir='ltr'><strong>quod</strong></span> <span class='ocrx_word' id='word_1_568' title='bbox 2483 1108 2654 1177; x_wconf 86' lang='lat' dir='ltr'><strong>jubet.</strong></span> <span class='ocrx_word' id='word_1_569' title='bbox 2681 1108 2970 1164; x_wconf 81' lang='lat' dir='ltr'><strong>Laudando</strong></span> <span class='ocrx_word' id='word_1_570' title='bbox 2987 1109 3365 1179; x_wconf 91' lang='lat' dir='ltr'><strong>impediuntur,</strong></span> <span class='ocrx_word' id='word_1_571' title='bbox 3396 1113 3556 1181; x_wconf 87' lang='lat' dir='ltr'><strong>quiin</strong></span> <span class='ocrx_word' id='word_1_572' title='bbox 3583 1112 3734 1169; x_wconf 90' lang='lat' dir='ltr'><strong>illum</strong></span> 
     </span>
    </p>
   </div>
   <div class='ocr_carea' id='block_1_71' title="bbox 2149 1200 3727 1270">
    <p class='ocr_par' dir='ltr' id='par_1_71' title="bbox 2149 1200 3727 1270">
     <span class='ocr_line' id='line_1_71' title="bbox 2149 1200 3727 1270; baseline 0.004 -17"><span class='ocrx_word' id='word_1_573' title='bbox 2149 1200 2499 1270; x_wconf 84' lang='lat' dir='ltr'><strong>vituperando</strong></span> <span class='ocrx_word' id='word_1_574' title='bbox 2542 1201 2850 1256; x_wconf 81' lang='lat' dir='ltr'><strong>saeviebant.</strong></span> <span class='ocrx_word' id='word_1_575' title='bbox 2898 1203 3120 1256; x_wconf 83' lang='lat' dir='ltr'><strong>Amatur</strong></span> <span class='ocrx_word' id='word_1_576' title='bbox 3159 1211 3334 1257; x_wconf 90' lang='lat' dir='ltr'><strong>tamen</strong></span> <span class='ocrx_word' id='word_1_577' title='bbox 3361 1203 3429 1258; x_wconf 87' lang='lat' dir='ltr'><strong>ab</strong></span> <span class='ocrx_word' id='word_1_578' title='bbox 3457 1205 3727 1270; x_wconf 86' lang='lat' dir='ltr'><strong>omnibus,</strong></span> 
     </span>
    </p>
   </div>
   <div class='ocr_carea' id='block_1_72' title="bbox 2149 1290 3733 1361">
    <p class='ocr_par' dir='ltr' id='par_1_72' title="bbox 2149 1290 3733 1361">
     <span class='ocr_line' id='line_1_72' title="bbox 2149 1290 3733 1361; baseline 0.004 -17"><span class='ocrx_word' id='word_1_579' title='bbox 2149 1290 2466 1360; x_wconf 64' lang='lat' dir='ltr'><strong>praedicatur</strong></span> <span class='ocrx_word' id='word_1_580' title='bbox 2485 1292 2552 1345; x_wconf 89' lang='lat' dir='ltr'><strong>ab</strong></span> <span class='ocrx_word' id='word_1_581' title='bbox 2573 1291 2819 1346; x_wconf 92' lang='lat' dir='ltr'><strong>omnibus</strong></span> <span class='ocrx_word' id='word_1_582' title='bbox 2840 1308 2853 1356; x_wconf 94' lang='lat'><strong>;</strong></span> <span class='ocrx_word' id='word_1_583' title='bbox 2877 1291 3000 1361; x_wconf 90' lang='lat' dir='ltr'><strong>quia</strong></span> <span class='ocrx_word' id='word_1_584' title='bbox 3023 1292 3349 1348; x_wconf 86' lang='lat' dir='ltr'><strong>excellenter</strong></span> <span class='ocrx_word' id='word_1_585' title='bbox 3376 1301 3586 1360; x_wconf 90' lang='lat' dir='ltr'><strong>unctus,</strong></span> <span class='ocrx_word' id='word_1_586' title='bbox 3611 1294 3733 1351; x_wconf 89' lang='lat' dir='ltr'><strong>ideo</strong></span> 
     </span>
    </p>
   </div>
   <div class='ocr_carea' id='block_1_73' title="bbox 2147 1380 3734 1444">
    <p class='ocr_par' dir='ltr' id='par_1_73' title="bbox 2147 1380 3734 1444">
     <span class='ocr_line' id='line_1_73' title="bbox 2147 1380 3734 1444; baseline 0.005 -10"><span class='ocrx_word' id='word_1_587' title='bbox 2147 1380 2409 1435; x_wconf 88' lang='lat' dir='ltr'><strong>Christus.</strong></span> <span class='ocrx_word' id='word_1_588' title='bbox 2445 1380 2688 1435; x_wconf 86' lang='lat' dir='ltr'><strong>Christus</strong></span> <span class='ocrx_word' id='word_1_589' title='bbox 2729 1382 2870 1436; x_wconf 91' lang='lat' dir='ltr'><strong>enim</strong></span> <span class='ocrx_word' id='word_1_590' title='bbox 2897 1390 3089 1437; x_wconf 90' lang='lat' dir='ltr'><strong>unctus</strong></span> <span class='ocrx_word' id='word_1_591' title='bbox 3114 1423 3127 1444; x_wconf 86' lang='lat'><strong>,</strong></span> <span class='ocrx_word' id='word_1_592' title='bbox 3161 1397 3190 1436; x_wconf 90' lang='lat' dir='ltr'><strong>a</strong></span> <span class='ocrx_word' id='word_1_593' title='bbox 3237 1381 3525 1440; x_wconf 89' lang='lat' dir='ltr'><strong>chrismate</strong></span> <span class='ocrx_word' id='word_1_594' title='bbox 3561 1385 3734 1442; x_wconf 87' lang='lat' dir='ltr'><strong>dictus</strong></span> 
     </span>
    </p>
   </div>
   <div class='ocr_carea' id='block_1_74' title="bbox 2148 1470 3736 1543">
    <p class='ocr_par' dir='ltr' id='par_1_74' title="bbox 2148 1470 3736 1543">
     <span class='ocr_line' id='line_1_74' title="bbox 2148 1470 3736 1543; baseline 0.004 -17"><span class='ocrx_word' id='word_1_595' title='bbox 2148 1470 2407 1527; x_wconf 88' lang='lat' dir='ltr'><strong>Christus.</strong></span> <span class='ocrx_word' id='word_1_596' title='bbox 2438 1472 2652 1526; x_wconf 86' lang='lat' dir='ltr'><strong>Messias</strong></span> <span class='ocrx_word' id='word_1_597' title='bbox 2669 1472 2934 1538; x_wconf 88' lang='lat' dir='ltr'><strong>hebraice,</strong></span> <span class='ocrx_word' id='word_1_598' title='bbox 2959 1487 3132 1543; x_wconf 67' lang='lat' dir='ltr'><strong>graece</strong></span> <span class='ocrx_word' id='word_1_599' title='bbox 3149 1472 3409 1540; x_wconf 88' lang='lat' dir='ltr'><strong>Christus,</strong></span> <span class='ocrx_word' id='word_1_600' title='bbox 3440 1475 3601 1531; x_wconf 90' lang='lat' dir='ltr'><strong>latine</strong></span> <span class='ocrx_word' id='word_1_601' title='bbox 3625 1475 3736 1532; x_wconf 89' lang='lat' dir='ltr'><strong>Un-</strong></span> 
     </span>
    </p>
   </div>
   <div class='ocr_carea' id='block_1_75' title="bbox 2146 1563 3726 1636">
    <p class='ocr_par' dir='ltr' id='par_1_75' title="bbox 2146 1563 3726 1636">
     <span class='ocr_line' id='line_1_75' title="bbox 2146 1563 3726 1636; baseline 0.002 -18"><span class='ocrx_word' id='word_1_602' title='bbox 2146 1571 2264 1618; x_wconf 88' lang='lat' dir='ltr'><strong>ctus</strong></span> <span class='ocrx_word' id='word_1_603' title='bbox 2291 1580 2302 1616; x_wconf 95' lang='lat'>:</span> <span class='ocrx_word' id='word_1_604' title='bbox 2329 1563 2422 1618; x_wconf 91' lang='lat' dir='ltr'><strong>sed</strong></span> <span class='ocrx_word' id='word_1_605' title='bbox 2451 1578 2643 1633; x_wconf 92' lang='lat' dir='ltr'><strong>corpus</strong></span> <span class='ocrx_word' id='word_1_606' title='bbox 2674 1579 2826 1619; x_wconf 91' lang='lat' dir='ltr'><strong>suum</strong></span> <span class='ocrx_word' id='word_1_607' title='bbox 2851 1573 3020 1618; x_wconf 90' lang='lat' dir='ltr'><strong>totum</strong></span> <span class='ocrx_word' id='word_1_608' title='bbox 3045 1565 3345 1634; x_wconf 87' lang='lat' dir='ltr'><strong>peruuguit.</strong></span> <span class='ocrx_word' id='word_1_609' title='bbox 3367 1564 3568 1620; x_wconf 88' lang='lat' dir='ltr'><strong>Omnes</strong></span> <span class='ocrx_word' id='word_1_610' title='bbox 3595 1581 3726 1636; x_wconf 87' lang='lat' dir='ltr'><strong>ergo</strong></span> 
     </span>
    </p>
   </div>
   <div class='ocr_carea' id='block_1_76' title="bbox 2144 1655 3733 1727">
    <p class='ocr_par' dir='ltr' id='par_1_76' title="bbox 2144 1655 3733 1727">
     <span class='ocr_line' id='line_1_76' title="bbox 2144 1655 3733 1727; baseline 0.003 -18"><span class='ocrx_word' id='word_1_611' title='bbox 2144 1657 2422 1711; x_wconf 86' lang='lat' dir='ltr'><strong>venientes</strong></span> <span class='ocrx_word' id='word_1_612' title='bbox 2447 1656 2711 1726; x_wconf 90' lang='lat' dir='ltr'><strong>accipiunt</strong></span> <span class='ocrx_word' id='word_1_613' title='bbox 2733 1655 2990 1727; x_wconf 84' lang='lat' dir='ltr'><strong>gratiam,</strong></span> <span class='ocrx_word' id='word_1_614' title='bbox 3022 1663 3078 1710; x_wconf 90' lang='lat' dir='ltr'><strong>ut</strong></span> <span class='ocrx_word' id='word_1_615' title='bbox 3115 1655 3444 1711; x_wconf 88' lang='lat' dir='ltr'><strong>exhilaretur</strong></span> <span class='ocrx_word' id='word_1_616' title='bbox 3481 1656 3646 1714; x_wconf 87' lang='lat' dir='ltr'><strong>facies</strong></span> <span class='ocrx_word' id='word_1_617' title='bbox 3677 1659 3733 1714; x_wconf 89' lang='lat' dir='ltr'><strong>in</strong></span> 
     </span>
    </p>
   </div>
   <div class='ocr_carea' id='block_1_77' title="bbox 2146 1749 2288 1804">
    <p class='ocr_par' dir='ltr' id='par_1_77' title="bbox 2146 1749 2288 1804">
     <span class='ocr_line' id='line_1_77' title="bbox 2146 1749 2288 1804; baseline -0.021 0"><span class='ocrx_word' id='word_1_618' title='bbox 2146 1749 2288 1804; x_wconf 90' lang='lat' dir='ltr'><strong>oleo.</strong></span> 
     </span>
    </p>
   </div>
   <div class='ocr_carea' id='block_1_78' title="bbox 2219 1840 3728 1914">
    <p class='ocr_par' dir='ltr' id='par_1_78' title="bbox 2219 1840 3728 1914">
     <span class='ocr_line' id='line_1_78' title="bbox 2219 1840 3728 1914; baseline 0 -18"><span class='ocrx_word' id='word_1_619' title='bbox 2219 1842 2306 1896; x_wconf 75' lang='grc'><strong>14.</strong></span> <span class='ocrx_word' id='word_1_620' title='bbox 2339 1840 2410 1895; x_wconf 87' lang='lat' dir='ltr'><strong>Et</strong></span> <span class='ocrx_word' id='word_1_621' title='bbox 2442 1843 2589 1914; x_wconf 89' lang='lat' dir='ltr'><strong>panis</strong></span> <span class='ocrx_word' id='word_1_622' title='bbox 2627 1858 2714 1896; x_wconf 83' lang='lat' dir='ltr'><strong>cor</strong></span> <span class='ocrx_word' id='word_1_623' title='bbox 2761 1841 2978 1896; x_wconf 88' lang='lat' dir='ltr'><strong>hominis</strong></span> <span class='ocrx_word' id='word_1_624' title='bbox 3003 1842 3290 1910; x_wconf 80' lang='lat' dir='ltr'><strong>conﬁrmat.</strong></span> <span class='ocrx_word' id='word_1_625' title='bbox 3322 1840 3459 1908; x_wconf 89' lang='lat' dir='ltr'><strong>Quid</strong></span> <span class='ocrx_word' id='word_1_626' title='bbox 3487 1849 3567 1896; x_wconf 88' lang='lat' dir='ltr'><strong>est</strong></span> <span class='ocrx_word' id='word_1_627' title='bbox 3591 1841 3692 1896; x_wconf 88' lang='lat' dir='ltr'><strong>hoc</strong></span> <span class='ocrx_word' id='word_1_628' title='bbox 3711 1884 3728 1910; x_wconf 91' lang='lat'><strong>,</strong></span> 
     </span>
    </p>
   </div>
   <div class='ocr_carea' id='block_1_79' title="bbox 2144 1932 3734 2005">
    <p class='ocr_par' dir='ltr' id='par_1_79' title="bbox 2144 1932 3734 2005">
     <span class='ocr_line' id='line_1_79' title="bbox 2144 1932 3734 2005; baseline 0 -17"><span class='ocrx_word' id='word_1_629' title='bbox 2144 1932 2333 1988; x_wconf 85' lang='lat' dir='ltr'><strong>fratres</strong></span> <span class='ocrx_word' id='word_1_630' title='bbox 2349 1932 2542 2001; x_wconf 89' lang='lat' dir='ltr'><strong>?Quasi</strong></span> <span class='ocrx_word' id='word_1_631' title='bbox 2556 1934 2726 2004; x_wconf 85' lang='lat' dir='ltr'><strong>coegit</strong></span> <span class='ocrx_word' id='word_1_632' title='bbox 2746 1934 2964 2005; x_wconf 88' lang='lat' dir='ltr'><strong>intelligi</strong></span> <span class='ocrx_word' id='word_1_633' title='bbox 2983 1932 3050 1987; x_wconf 90' lang='lat' dir='ltr'><strong>de</strong></span> <span class='ocrx_word' id='word_1_634' title='bbox 3062 1947 3168 2002; x_wconf 89' lang='lat' dir='ltr'><strong>quo</strong></span> <span class='ocrx_word' id='word_1_635' title='bbox 3184 1948 3318 2002; x_wconf 89' lang='lat' dir='ltr'><strong>pane</strong></span> <span class='ocrx_word' id='word_1_636' title='bbox 3332 1932 3552 1988; x_wconf 90' lang='lat' dir='ltr'><strong>diceret.</strong></span> <span class='ocrx_word' id='word_1_637' title='bbox 3572 1933 3734 1988; x_wconf 87' lang='lat' dir='ltr'><strong>Panis</strong></span> 
     </span>
    </p>
   </div>
   <div class='ocr_carea' id='block_1_80' title="bbox 2144 2024 3733 2089">
    <p class='ocr_par' dir='ltr' id='par_1_80' title="bbox 2144 2024 3733 2089">
     <span class='ocr_line' id='line_1_80' title="bbox 2144 2024 3733 2089; baseline 0.001 -10"><span class='ocrx_word' id='word_1_638' title='bbox 2144 2026 2287 2080; x_wconf 90' lang='lat' dir='ltr'><strong>enim</strong></span> <span class='ocrx_word' id='word_1_639' title='bbox 2330 2026 2429 2081; x_wconf 90' lang='lat' dir='ltr'><strong>iste</strong></span> <span class='ocrx_word' id='word_1_640' title='bbox 2483 2026 2703 2081; x_wconf 88' lang='lat' dir='ltr'><strong>visibilis</strong></span> <span class='ocrx_word' id='word_1_641' title='bbox 2760 2025 3092 2080; x_wconf 88' lang='lat' dir='ltr'><strong>stomachum</strong></span> <span class='ocrx_word' id='word_1_642' title='bbox 3134 2024 3447 2089; x_wconf 78' lang='lat' dir='ltr'><strong>continuat,</strong></span> <span class='ocrx_word' id='word_1_643' title='bbox 3487 2034 3733 2080; x_wconf 87' lang='lat' dir='ltr'><strong>ventrem</strong></span> 
     </span>
    </p>
   </div>
   <div class='ocr_carea' id='block_1_81' title="bbox 2144 2117 3732 2188">
    <p class='ocr_par' dir='ltr' id='par_1_81' title="bbox 2144 2117 3732 2188">
     <span class='ocr_line' id='line_1_81' title="bbox 2144 2117 3732 2188; baseline -0.001 -14"><span class='ocrx_word' id='word_1_644' title='bbox 2144 2119 2425 2174; x_wconf 83' lang='lat' dir='ltr'><strong>conﬁrmat</strong></span> <span class='ocrx_word' id='word_1_645' title='bbox 2457 2137 2470 2172; x_wconf 90' lang='lat'><strong>:</strong></span> <span class='ocrx_word' id='word_1_646' title='bbox 2500 2128 2582 2174; x_wconf 88' lang='lat' dir='ltr'><strong>est</strong></span> <span class='ocrx_word' id='word_1_647' title='bbox 2610 2119 2745 2172; x_wconf 86' lang='lat' dir='ltr'><strong>alius</strong></span> <span class='ocrx_word' id='word_1_648' title='bbox 2775 2118 2924 2188; x_wconf 88' lang='lat' dir='ltr'><strong>panis</strong></span> <span class='ocrx_word' id='word_1_649' title='bbox 2968 2117 3058 2186; x_wconf 92' lang='lat' dir='ltr'><strong>qui</strong></span> <span class='ocrx_word' id='word_1_650' title='bbox 3097 2131 3192 2171; x_wconf 91' lang='lat' dir='ltr'><strong>cor</strong></span> <span class='ocrx_word' id='word_1_651' title='bbox 3237 2118 3555 2183; x_wconf 87' lang='lat' dir='ltr'><strong>confirmat,</strong></span> <span class='ocrx_word' id='word_1_652' title='bbox 3607 2117 3732 2186; x_wconf 87' lang='lat' dir='ltr'><strong>quia</strong></span> 
     </span>
    </p>
   </div>
   <div class='ocr_carea' id='block_1_82' title="bbox 2143 2207 3729 2282">
    <p class='ocr_par' dir='ltr' id='par_1_82' title="bbox 2143 2207 3729 2282">
     <span class='ocr_line' id='line_1_82' title="bbox 2143 2207 3729 2282; baseline -0.001 -18"><span class='ocrx_word' id='word_1_653' title='bbox 2143 2213 2297 2282; x_wconf 89' lang='lat' dir='ltr'><strong>panis</strong></span> <span class='ocrx_word' id='word_1_654' title='bbox 2341 2219 2422 2267; x_wconf 86' lang='lat' dir='ltr'><strong>est</strong></span> <span class='ocrx_word' id='word_1_655' title='bbox 2445 2210 2640 2266; x_wconf 89' lang='lat' dir='ltr'><strong>cordis.</strong></span> <span class='ocrx_word' id='word_1_656' title='bbox 2675 2209 2792 2263; x_wconf 90' lang='lat' dir='ltr'><strong>Jam</strong></span> <span class='ocrx_word' id='word_1_657' title='bbox 2819 2209 2962 2264; x_wconf 90' lang='lat' dir='ltr'><strong>enim</strong></span> <span class='ocrx_word' id='word_1_658' title='bbox 2984 2207 3188 2262; x_wconf 86' lang='lat' dir='ltr'><strong>dixerat</strong></span> <span class='ocrx_word' id='word_1_659' title='bbox 3209 2207 3274 2262; x_wconf 92' lang='lat' dir='ltr'><strong>de</strong></span> <span class='ocrx_word' id='word_1_660' title='bbox 3299 2221 3436 2278; x_wconf 91' lang='lat' dir='ltr'><strong>pane</strong></span> <span class='ocrx_word' id='word_1_661' title='bbox 3462 2207 3729 2276; x_wconf 88' lang='lat' dir='ltr'><strong>superius,</strong></span> 
     </span>
    </p>
   </div>
   <div class='ocr_carea' id='block_1_83' title="bbox 2147 2297 3832 2373">
    <p class='ocr_par' dir='ltr' id='par_1_83' title="bbox 2147 2297 3832 2373">
     <span class='ocr_line' id='line_1_83' title="bbox 2147 2297 3832 2373; baseline 0.001 -19"><span class='ocrx_word' id='word_1_662' title='bbox 2147 2301 2216 2359; x_wconf 85' lang='lat' dir='ltr'><strong>Ut</strong></span> <span class='ocrx_word' id='word_1_663' title='bbox 2241 2304 2419 2357; x_wconf 84' lang='lat' dir='ltr'><strong>educat</strong></span> <span class='ocrx_word' id='word_1_664' title='bbox 2440 2318 2620 2373; x_wconf 89' lang='lat' dir='ltr'><strong>panem</strong></span> <span class='ocrx_word' id='word_1_665' title='bbox 2641 2301 2703 2355; x_wconf 87' lang='lat' dir='ltr'><strong>de</strong></span> <span class='ocrx_word' id='word_1_666' title='bbox 2724 2310 2858 2355; x_wconf 90' lang='lat' dir='ltr'><strong>terra</strong></span> <span class='ocrx_word' id='word_1_667' title='bbox 2877 2341 2893 2366; x_wconf 90' lang='lat'><strong>,</strong></span> <span class='ocrx_word' id='word_1_668' title='bbox 2921 2297 3014 2354; x_wconf 90' lang='lat' dir='ltr'><strong>sed</strong></span> <span class='ocrx_word' id='word_1_669' title='bbox 3043 2313 3148 2352; x_wconf 93' lang='lat' dir='ltr'><strong>non</strong></span> <span class='ocrx_word' id='word_1_670' title='bbox 3169 2297 3374 2352; x_wconf 84' lang='lat' dir='ltr'><strong>dixerat</strong></span> <span class='ocrx_word' id='word_1_671' title='bbox 3389 2297 3558 2367; x_wconf 89' lang='lat' dir='ltr'><strong>qualis</strong></span> <span class='ocrx_word' id='word_1_672' title='bbox 3577 2299 3730 2368; x_wconf 88' lang='lat' dir='ltr'><strong>panis</strong></span> <span class='ocrx_word' id='word_1_673' title='bbox 3825 2344 3832 2355; x_wconf 93' lang='lat'><strong>.</strong></span> 
     </span>
    </p>
   </div>
   <div class='ocr_carea' id='block_1_84' title="bbox 2141 2387 3729 2461">
    <p class='ocr_par' dir='ltr' id='par_1_84' title="bbox 2141 2387 3729 2461">
     <span class='ocr_line' id='line_1_84' title="bbox 2141 2387 3729 2461; baseline -0.006 -10"><span class='ocrx_word' id='word_1_674' title='bbox 2141 2396 2210 2451; x_wconf 90' lang='lat' dir='ltr'><strong>sit</strong></span> <span class='ocrx_word' id='word_1_675' title='bbox 2233 2396 2339 2450; x_wconf 89' lang='lat' dir='ltr'><strong>ille.</strong></span> <span class='ocrx_word' id='word_1_676' title='bbox 2362 2393 2431 2449; x_wconf 85' lang='lat' dir='ltr'><strong>Et</strong></span> <span class='ocrx_word' id='word_1_677' title='bbox 2460 2392 2866 2461; x_wconf 76' lang='lat' dir='ltr'><strong>vinumlaztiﬁcat</strong></span> <span class='ocrx_word' id='word_1_678' title='bbox 2885 2406 2972 2444; x_wconf 89' lang='lat' dir='ltr'><strong>cor</strong></span> <span class='ocrx_word' id='word_1_679' title='bbox 2994 2389 3230 2444; x_wconf 83' lang='lat' dir='ltr'><strong>hominis.</strong></span> <span class='ocrx_word' id='word_1_680' title='bbox 3258 2387 3476 2443; x_wconf 83' lang='lat' dir='ltr'><strong>Videtur</strong></span> <span class='ocrx_word' id='word_1_681' title='bbox 3504 2387 3613 2456; x_wconf 87' lang='lat' dir='ltr'><strong>jam</strong></span> <span class='ocrx_word' id='word_1_682' title='bbox 3641 2387 3729 2442; x_wconf 84' lang='lat' dir='ltr'><strong>di-</strong></span> 
     </span>
    </p>
   </div>
   <div class='ocr_carea' id='block_1_85' title="bbox 2142 2477 3731 2556">
    <p class='ocr_par' dir='ltr' id='par_1_85' title="bbox 2142 2477 3731 2556">
     <span class='ocr_line' id='line_1_85' title="bbox 2142 2477 3731 2556; baseline -0.006 -13"><span class='ocrx_word' id='word_1_683' title='bbox 2142 2502 2266 2543; x_wconf 90' lang='lat' dir='ltr'><strong>cere</strong></span> <span class='ocrx_word' id='word_1_684' title='bbox 2298 2487 2365 2542; x_wconf 86' lang='lat' dir='ltr'><strong>de</strong></span> <span class='ocrx_word' id='word_1_685' title='bbox 2394 2484 2650 2556; x_wconf 89' lang='lat' dir='ltr'><strong>spirituali</strong></span> <span class='ocrx_word' id='word_1_686' title='bbox 2676 2483 2836 2547; x_wconf 89' lang='lat' dir='ltr'><strong>vino;</strong></span> <span class='ocrx_word' id='word_1_687' title='bbox 2864 2496 2985 2537; x_wconf 87' lang='lat' dir='ltr'><strong>nam</strong></span> <span class='ocrx_word' id='word_1_688' title='bbox 3023 2479 3074 2534; x_wconf 93' lang='lat' dir='ltr'><strong>id</strong></span> <span class='ocrx_word' id='word_1_689' title='bbox 3106 2480 3334 2534; x_wconf 83' lang='lat' dir='ltr'><strong>laetiticat</strong></span> <span class='ocrx_word' id='word_1_690' title='bbox 3355 2493 3450 2533; x_wconf 91' lang='lat' dir='ltr'><strong>cor</strong></span> <span class='ocrx_word' id='word_1_691' title='bbox 3477 2477 3731 2533; x_wconf 85' lang='lat' dir='ltr'><strong>hominis.</strong></span> 
     </span>
    </p>
   </div>
   <div class='ocr_carea' id='block_1_86' title="bbox 2143 2569 3733 2649">
    <p class='ocr_par' dir='ltr' id='par_1_86' title="bbox 2143 2569 3733 2649">
     <span class='ocr_line' id='line_1_86' title="bbox 2143 2569 3733 2649; baseline -0.007 -13"><span class='ocrx_word' id='word_1_692' title='bbox 2143 2580 2248 2637; x_wconf 89' lang='lat' dir='ltr'><strong>Sed</strong></span> <span class='ocrx_word' id='word_1_693' title='bbox 2261 2579 2434 2634; x_wconf 88' lang='lat' dir='ltr'><strong>adhuc</strong></span> <span class='ocrx_word' id='word_1_694' title='bbox 2455 2586 2666 2649; x_wconf 90' lang='lat' dir='ltr'><strong>putetur</strong></span> <span class='ocrx_word' id='word_1_695' title='bbox 2681 2576 2748 2630; x_wconf 91' lang='lat' dir='ltr'><strong>de</strong></span> <span class='ocrx_word' id='word_1_696' title='bbox 2766 2575 2892 2630; x_wconf 90' lang='lat' dir='ltr'><strong>vino</strong></span> <span class='ocrx_word' id='word_1_697' title='bbox 2907 2575 3008 2628; x_wconf 90' lang='lat' dir='ltr'><strong>isto</strong></span> <span class='ocrx_word' id='word_1_698' title='bbox 3019 2572 3145 2640; x_wconf 91' lang='lat' dir='ltr'><strong>dici,</strong></span> <span class='ocrx_word' id='word_1_699' title='bbox 3165 2572 3285 2642; x_wconf 87' lang='lat' dir='ltr'><strong>quia</strong></span> <span class='ocrx_word' id='word_1_700' title='bbox 3299 2570 3430 2626; x_wconf 91' lang='lat' dir='ltr'><strong>ebrii</strong></span> <span class='ocrx_word' id='word_1_701' title='bbox 3453 2569 3602 2640; x_wconf 87' lang='lat' dir='ltr'><strong>quasi</strong></span> <span class='ocrx_word' id='word_1_702' title='bbox 3622 2569 3733 2625; x_wconf 60' lang='lat' dir='ltr'><strong>laeti</strong></span> 
     </span>
    </p>
   </div>
   <div class='ocr_carea' id='block_1_87' title="bbox 2143 2660 3733 2737">
    <p class='ocr_par' dir='ltr' id='par_1_87' title="bbox 2143 2660 3733 2737">
     <span class='ocr_line' id='line_1_87' title="bbox 2143 2660 3733 2737; baseline -0.009 -10"><span class='ocrx_word' id='word_1_703' title='bbox 2143 2670 2305 2727; x_wconf 87' lang='lat' dir='ltr'><strong>corde</strong></span> <span class='ocrx_word' id='word_1_704' title='bbox 2317 2669 2561 2724; x_wconf 90' lang='lat' dir='ltr'><strong>videntur</strong></span> <span class='ocrx_word' id='word_1_705' title='bbox 2574 2680 2852 2737; x_wconf 86' lang='lat' dir='ltr'><strong>apparere.</strong></span> <span class='ocrx_word' id='word_1_706' title='bbox 2872 2664 3080 2720; x_wconf 88' lang='lat' dir='ltr'><strong>Utinam</strong></span> <span class='ocrx_word' id='word_1_707' title='bbox 3098 2663 3362 2725; x_wconf 68' lang='lat' dir='ltr'><strong>laetentur,</strong></span> <span class='ocrx_word' id='word_1_708' title='bbox 3377 2667 3432 2716; x_wconf 91' lang='lat' dir='ltr'><strong>et</strong></span> <span class='ocrx_word' id='word_1_709' title='bbox 3445 2675 3548 2715; x_wconf 93' lang='lat' dir='ltr'><strong>non</strong></span> <span class='ocrx_word' id='word_1_710' title='bbox 3563 2660 3733 2715; x_wconf 88' lang='lat' dir='ltr'><strong>rixen-</strong></span> 
     </span>
    </p>
   </div>
   <div class='ocr_carea' id='block_1_88' title="bbox 2142 2751 3734 2827">
    <p class='ocr_par' dir='ltr' id='par_1_88' title="bbox 2142 2751 3734 2827">
     <span class='ocr_line' id='line_1_88' title="bbox 2142 2751 3734 2827; baseline -0.008 -8"><span class='ocrx_word' id='word_1_711' title='bbox 2142 2774 2249 2820; x_wconf 89' lang='lat' dir='ltr'><strong>tur.</strong></span> <span class='ocrx_word' id='word_1_712' title='bbox 2283 2762 2424 2818; x_wconf 90' lang='lat' dir='ltr'><strong>Dicis</strong></span> <span class='ocrx_word' id='word_1_713' title='bbox 2449 2760 2578 2815; x_wconf 92' lang='lat' dir='ltr'><strong>mihi</strong></span> <span class='ocrx_word' id='word_1_714' title='bbox 2613 2778 2624 2813; x_wconf 89' lang='lat'><strong>:</strong></span> <span class='ocrx_word' id='word_1_715' title='bbox 2645 2757 2780 2827; x_wconf 92' lang='lat' dir='ltr'><strong>Quid</strong></span> <span class='ocrx_word' id='word_1_716' title='bbox 2803 2757 2974 2812; x_wconf 64' lang='lat' dir='ltr'><strong>laetius</strong></span> <span class='ocrx_word' id='word_1_717' title='bbox 2994 2754 3187 2810; x_wconf 90' lang='lat' dir='ltr'><strong>ebrio?</strong></span> <span class='ocrx_word' id='word_1_718' title='bbox 3219 2753 3330 2808; x_wconf 92' lang='lat' dir='ltr'><strong>lmo</strong></span> <span class='ocrx_word' id='word_1_719' title='bbox 3355 2752 3479 2823; x_wconf 89' lang='lat' dir='ltr'><strong>quid</strong></span> <span class='ocrx_word' id='word_1_720' title='bbox 3498 2751 3734 2807; x_wconf 89' lang='lat' dir='ltr'><strong>insanius</strong></span> 
     </span>
    </p>
   </div>
   <div class='ocr_carea' id='block_1_89' title="bbox 2146 2845 3730 2924">
    <p class='ocr_par' dir='ltr' id='par_1_89' title="bbox 2146 2845 3730 2924">
     <span class='ocr_line' id='line_1_89' title="bbox 2146 2845 3730 2924; baseline -0.008 -14"><span class='ocrx_word' id='word_1_721' title='bbox 2146 2853 2334 2912; x_wconf 89' lang='lat' dir='ltr'><strong>ebrio?</strong></span> <span class='ocrx_word' id='word_1_722' title='bbox 2367 2852 2491 2924; x_wconf 85' lang='lat' dir='ltr'><strong>quid</strong></span> <span class='ocrx_word' id='word_1_723' title='bbox 2528 2852 2842 2922; x_wconf 88' lang='lat' dir='ltr'><strong>plerumque</strong></span> <span class='ocrx_word' id='word_1_724' title='bbox 2870 2847 3215 2903; x_wconf 87' lang='lat' dir='ltr'><strong>iracundius?</strong></span> <span class='ocrx_word' id='word_1_725' title='bbox 3260 2846 3356 2900; x_wconf 86' lang='lat' dir='ltr'><strong>Est</strong></span> <span class='ocrx_word' id='word_1_726' title='bbox 3396 2861 3524 2916; x_wconf 89' lang='lat' dir='ltr'><strong>ergo</strong></span> <span class='ocrx_word' id='word_1_727' title='bbox 3548 2845 3730 2899; x_wconf 77' lang='lat' dir='ltr'><strong>vinum</strong></span> 
     </span>
    </p>
   </div>
   <div class='ocr_carea' id='block_1_90' title="bbox 2147 2936 3731 3019">
    <p class='ocr_par' dir='ltr' id='par_1_90' title="bbox 2147 2936 3731 3019">
     <span class='ocr_line' id='line_1_90' title="bbox 2147 2936 3731 3019; baseline -0.008 -16"><span class='ocrx_word' id='word_1_728' title='bbox 2147 2947 2289 3019; x_wconf 91' lang='lat' dir='ltr'><strong>quod</strong></span> <span class='ocrx_word' id='word_1_729' title='bbox 2312 2961 2438 3002; x_wconf 91' lang='lat' dir='ltr'><strong>vere</strong></span> <span class='ocrx_word' id='word_1_730' title='bbox 2469 2943 2700 3000; x_wconf 62' lang='lat' dir='ltr'><strong>laetificat</strong></span> <span class='ocrx_word' id='word_1_731' title='bbox 2721 2958 2835 3008; x_wconf 91' lang='lat' dir='ltr'><strong>cor,</strong></span> <span class='ocrx_word' id='word_1_732' title='bbox 2868 2950 3052 2997; x_wconf 91' lang='lat' dir='ltr'><strong>etnon</strong></span> <span class='ocrx_word' id='word_1_733' title='bbox 3084 2940 3230 2994; x_wconf 91' lang='lat' dir='ltr'><strong>novit</strong></span> <span class='ocrx_word' id='word_1_734' title='bbox 3257 2937 3400 2993; x_wconf 87' lang='lat' dir='ltr'><strong>aliud</strong></span> <span class='ocrx_word' id='word_1_735' title='bbox 3423 2938 3523 2992; x_wconf 92' lang='lat' dir='ltr'><strong>nisi</strong></span> <span class='ocrx_word' id='word_1_736' title='bbox 3555 2936 3731 2992; x_wconf 64' lang='lat' dir='ltr'><strong>laetifi-</strong></span> 
     </span>
    </p>
   </div>
   <div class='ocr_carea' id='block_1_91' title="bbox 2146 3030 3726 3105">
    <p class='ocr_par' dir='ltr' id='par_1_91' title="bbox 2146 3030 3726 3105">
     <span class='ocr_line' id='line_1_91' title="bbox 2146 3030 3726 3105; baseline -0.007 -10"><span class='ocrx_word' id='word_1_737' title='bbox 2146 3054 2272 3095; x_wconf 85' lang='lat' dir='ltr'><strong>care</strong></span> <span class='ocrx_word' id='word_1_738' title='bbox 2299 3054 2412 3093; x_wconf 93' lang='lat' dir='ltr'><strong>cor.</strong></span> <span class='ocrx_word' id='word_1_739' title='bbox 2440 3037 2544 3093; x_wconf 88' lang='lat' dir='ltr'><strong>Sed</strong></span> <span class='ocrx_word' id='word_1_740' title='bbox 2576 3051 2642 3091; x_wconf 91' lang='lat' dir='ltr'><strong>ne</strong></span> <span class='ocrx_word' id='word_1_741' title='bbox 2672 3044 2828 3105; x_wconf 89' lang='lat' dir='ltr'><strong>putes</strong></span> <span class='ocrx_word' id='word_1_742' title='bbox 2851 3033 2955 3088; x_wconf 90' lang='lat' dir='ltr'><strong>hoc</strong></span> <span class='ocrx_word' id='word_1_743' title='bbox 2982 3032 3194 3103; x_wconf 89' lang='lat' dir='ltr'><strong>quidem</strong></span> <span class='ocrx_word' id='word_1_744' title='bbox 3218 3031 3284 3086; x_wconf 88' lang='lat' dir='ltr'><strong>de</strong></span> <span class='ocrx_word' id='word_1_745' title='bbox 3311 3030 3573 3101; x_wconf 91' lang='lat' dir='ltr'><strong>spirituali</strong></span> <span class='ocrx_word' id='word_1_746' title='bbox 3598 3031 3726 3084; x_wconf 88' lang='lat' dir='ltr'><strong>vino</strong></span> 
     </span>
    </p>
   </div>
   <div class='ocr_carea' id='block_1_92' title="bbox 2148 3122 3737 3200">
    <p class='ocr_par' dir='ltr' id='par_1_92' title="bbox 2148 3122 3737 3200">
     <span class='ocr_line' id='line_1_92' title="bbox 2148 3122 3737 3200; baseline -0.008 -13"><span class='ocrx_word' id='word_1_747' title='bbox 2148 3133 2344 3189; x_wconf 91' lang='lat' dir='ltr'><strong>debere</strong></span> <span class='ocrx_word' id='word_1_748' title='bbox 2369 3131 2558 3200; x_wconf 89' lang='lat' dir='ltr'><strong>accipi,</strong></span> <span class='ocrx_word' id='word_1_749' title='bbox 2586 3129 2652 3184; x_wconf 90' lang='lat' dir='ltr'><strong>de</strong></span> <span class='ocrx_word' id='word_1_750' title='bbox 2693 3129 2782 3182; x_wconf 91' lang='lat' dir='ltr'><strong>illo</strong></span> <span class='ocrx_word' id='word_1_751' title='bbox 2809 3142 2944 3197; x_wconf 89' lang='lat' dir='ltr'><strong>pane</strong></span> <span class='ocrx_word' id='word_1_752' title='bbox 2973 3135 3149 3180; x_wconf 91' lang='lat' dir='ltr'><strong>autem</strong></span> <span class='ocrx_word' id='word_1_753' title='bbox 3189 3139 3292 3179; x_wconf 93' lang='lat' dir='ltr'><strong>non</strong></span> <span class='ocrx_word' id='word_1_754' title='bbox 3318 3141 3334 3189; x_wconf 92' lang='lat'><strong>;</strong></span> <span class='ocrx_word' id='word_1_755' title='bbox 3363 3123 3504 3193; x_wconf 88' lang='lat' dir='ltr'><strong>quod</strong></span> <span class='ocrx_word' id='word_1_756' title='bbox 3534 3131 3588 3177; x_wconf 89' lang='lat' dir='ltr'><strong>et</strong></span> <span class='ocrx_word' id='word_1_757' title='bbox 3619 3122 3737 3191; x_wconf 87' lang='lat' dir='ltr'><strong>ipse</strong></span> 
     </span>
    </p>
   </div>
   <div class='ocr_carea' id='block_1_93' title="bbox 2149 3212 3734 3293">
    <p class='ocr_par' dir='ltr' id='par_1_93' title="bbox 2149 3212 3734 3293">
     <span class='ocr_line' id='line_1_93' title="bbox 2149 3212 3734 3293; baseline -0.008 -15"><span class='ocrx_word' id='word_1_758' title='bbox 2149 3222 2435 3293; x_wconf 89' lang='lat' dir='ltr'><strong>spiritualis</strong></span> <span class='ocrx_word' id='word_1_759' title='bbox 2481 3222 2585 3287; x_wconf 91' lang='lat' dir='ltr'><strong>sit,</strong></span> <span class='ocrx_word' id='word_1_760' title='bbox 2615 3219 2862 3289; x_wconf 90' lang='lat' dir='ltr'><strong>exposuit</strong></span> <span class='ocrx_word' id='word_1_761' title='bbox 2908 3227 2962 3272; x_wconf 89' lang='lat' dir='ltr'><strong>et</strong></span> <span class='ocrx_word' id='word_1_762' title='bbox 2992 3217 3161 3286; x_wconf 91' lang='lat' dir='ltr'><strong>ipsum</strong></span> <span class='ocrx_word' id='word_1_763' title='bbox 3197 3233 3210 3269; x_wconf 90' lang='lat'>:</span> <span class='ocrx_word' id='word_1_764' title='bbox 3239 3215 3306 3268; x_wconf 84' lang='lat' dir='ltr'><strong>Et</strong></span> <span class='ocrx_word' id='word_1_765' title='bbox 3333 3214 3478 3284; x_wconf 89' lang='lat' dir='ltr'><strong>panis</strong></span> <span class='ocrx_word' id='word_1_766' title='bbox 3500 3255 3517 3281; x_wconf 91' lang='lat'><strong>,</strong></span> <span class='ocrx_word' id='word_1_767' title='bbox 3541 3212 3734 3284; x_wconf 88' lang='lat' dir='ltr'><strong>inquit,</strong></span> 
     </span>
    </p>
   </div>
   <div class='ocr_carea' id='block_1_94' title="bbox 2149 3304 3731 3380">
    <p class='ocr_par' dir='ltr' id='par_1_94' title="bbox 2149 3304 3731 3380">
     <span class='ocr_line' id='line_1_94' title="bbox 2149 3304 3731 3380; baseline -0.008 -10"><span class='ocrx_word' id='word_1_768' title='bbox 2149 3333 2235 3370; x_wconf 89' lang='lat' dir='ltr'><strong>cor</strong></span> <span class='ocrx_word' id='word_1_769' title='bbox 2258 3314 2473 3368; x_wconf 88' lang='lat' dir='ltr'><strong>hominis</strong></span> <span class='ocrx_word' id='word_1_770' title='bbox 2503 3311 2788 3380; x_wconf 84' lang='lat' dir='ltr'><strong>confirmat.</strong></span> <span class='ocrx_word' id='word_1_771' title='bbox 2822 3309 2963 3378; x_wconf 87' lang='lat' dir='ltr'><strong>Ergo</strong></span> <span class='ocrx_word' id='word_1_772' title='bbox 2989 3307 3066 3363; x_wconf 90' lang='lat' dir='ltr'><strong>sic</strong></span> <span class='ocrx_word' id='word_1_773' title='bbox 3085 3307 3268 3376; x_wconf 87' lang='lat' dir='ltr'><strong>accipe</strong></span> <span class='ocrx_word' id='word_1_774' title='bbox 3296 3304 3362 3360; x_wconf 90' lang='lat' dir='ltr'><strong>de</strong></span> <span class='ocrx_word' id='word_1_775' title='bbox 3408 3319 3564 3374; x_wconf 87' lang='lat' dir='ltr'><strong>pane,</strong></span> <span class='ocrx_word' id='word_1_776' title='bbox 3591 3317 3731 3374; x_wconf 89' lang='lat' dir='ltr'><strong>quo-</strong></span> 
     </span>
    </p>
   </div>
   <div class='ocr_carea' id='block_1_95' title="bbox 2148 3393 3726 3472">
    <p class='ocr_par' dir='ltr' id='par_1_95' title="bbox 2148 3393 3726 3472">
     <span class='ocr_line' id='line_1_95' title="bbox 2148 3393 3726 3472; baseline -0.01 -10"><span class='ocrx_word' id='word_1_777' title='bbox 2148 3406 2308 3462; x_wconf 91' lang='lat' dir='ltr'><strong>modo</strong></span> <span class='ocrx_word' id='word_1_778' title='bbox 2328 3403 2524 3472; x_wconf 89' lang='lat' dir='ltr'><strong>accipis</strong></span> <span class='ocrx_word' id='word_1_779' title='bbox 2558 3403 2626 3457; x_wconf 90' lang='lat' dir='ltr'><strong>de</strong></span> <span class='ocrx_word' id='word_1_780' title='bbox 2655 3403 2813 3466; x_wconf 89' lang='lat' dir='ltr'><strong>vino;</strong></span> <span class='ocrx_word' id='word_1_781' title='bbox 2848 3401 2988 3454; x_wconf 91' lang='lat' dir='ltr'><strong>intus</strong></span> <span class='ocrx_word' id='word_1_782' title='bbox 3017 3398 3182 3463; x_wconf 92' lang='lat' dir='ltr'><strong>esuri,</strong></span> <span class='ocrx_word' id='word_1_783' title='bbox 3235 3398 3378 3452; x_wconf 91' lang='lat' dir='ltr'><strong>intus</strong></span> <span class='ocrx_word' id='word_1_784' title='bbox 3404 3395 3491 3451; x_wconf 92' lang='lat' dir='ltr'><strong>siti</strong></span> <span class='ocrx_word' id='word_1_785' title='bbox 3525 3413 3539 3449; x_wconf 90' lang='lat'>:</span> <span class='ocrx_word' id='word_1_786' title='bbox 3577 3393 3726 3449; x_wconf 85' lang='lat' dir='ltr'><strong>Beati</strong></span> 
     </span>
    </p>
   </div>
   <div class='ocr_carea' id='block_1_96' title="bbox 2150 3489 3737 3570">
    <p class='ocr_par' dir='ltr' id='par_1_96' title="bbox 2150 3489 3737 3570">
     <span class='ocr_line' id='line_1_96' title="bbox 2150 3489 3737 3570; baseline -0.011 -14"><span class='ocrx_word' id='word_1_787' title='bbox 2150 3501 2291 3556; x_wconf 88' lang='lat' dir='ltr'><strong>enim</strong></span> <span class='ocrx_word' id='word_1_788' title='bbox 2319 3502 2404 3570; x_wconf 82' lang='lat' dir='ltr'><strong>qui</strong></span> <span class='ocrx_word' id='word_1_789' title='bbox 2443 3497 2665 3552; x_wconf 87' lang='lat' dir='ltr'><strong>esuriunt</strong></span> <span class='ocrx_word' id='word_1_790' title='bbox 2694 3504 2739 3548; x_wconf 89' lang='lat' dir='ltr'><strong>et</strong></span> <span class='ocrx_word' id='word_1_791' title='bbox 2763 3493 2937 3548; x_wconf 87' lang='lat' dir='ltr'><strong>sitiunt</strong></span> <span class='ocrx_word' id='word_1_792' title='bbox 2955 3492 3235 3562; x_wconf 89' lang='lat' dir='ltr'><strong>justitiam,</strong></span> <span class='ocrx_word' id='word_1_793' title='bbox 3270 3490 3391 3558; x_wconf 86' lang='lat' dir='ltr'><strong>quia</strong></span> <span class='ocrx_word' id='word_1_794' title='bbox 3415 3489 3514 3558; x_wconf 85' lang='lat' dir='ltr'><strong>ipsi</strong></span> <span class='ocrx_word' id='word_1_795' title='bbox 3532 3497 3737 3541; x_wconf 86' lang='lat' dir='ltr'><strong>satura-</strong></span> 
     </span>
    </p>
   </div>
   <div class='ocr_carea' id='block_1_97' title="bbox 2149 3577 3737 3662">
    <p class='ocr_par' dir='ltr' id='par_1_97' title="bbox 2149 3577 3737 3662">
     <span class='ocr_line' id='line_1_97' title="bbox 2149 3577 3737 3662; baseline -0.011 -14"><span class='ocrx_word' id='word_1_796' title='bbox 2149 3594 2334 3648; x_wconf 89' lang='lat' dir='ltr'><strong>buntur</strong></span> <span class='ocrx_word' id='word_1_797' title='bbox 2360 3590 2570 3662; x_wconf 78' lang='lat' dir='ltr'><strong>(Matth.</strong></span> <span class='ocrx_word' id='word_1_798' title='bbox 2600 3605 2654 3654; x_wconf 90' lang='lat' dir='ltr'><strong>v,</strong></span> <span class='ocrx_word' id='word_1_799' title='bbox 2686 3588 2775 3657; x_wconf 86' lang='grc' dir='ltr'><strong>ϐ).</strong></span> <span class='ocrx_word' id='word_1_800' title='bbox 2806 3585 2963 3640; x_wconf 87' lang='lat' dir='ltr'><strong>Panis</strong></span> <span class='ocrx_word' id='word_1_801' title='bbox 2991 3585 3077 3638; x_wconf 90' lang='lat' dir='ltr'><strong>ille</strong></span> <span class='ocrx_word' id='word_1_802' title='bbox 3099 3581 3302 3652; x_wconf 84' lang='lat' dir='ltr'><strong>justitia</strong></span> <span class='ocrx_word' id='word_1_803' title='bbox 3327 3588 3429 3644; x_wconf 89' lang='lat' dir='ltr'><strong>est,</strong></span> <span class='ocrx_word' id='word_1_804' title='bbox 3456 3579 3636 3633; x_wconf 91' lang='lat' dir='ltr'><strong>vinum</strong></span> <span class='ocrx_word' id='word_1_805' title='bbox 3663 3577 3737 3632; x_wconf 86' lang='lat' dir='ltr'><strong>il-</strong></span> 
     </span>
    </p>
   </div>
   <div class='ocr_carea' id='block_1_98' title="bbox 2149 3671 3740 3754">
    <p class='ocr_par' dir='ltr' id='par_1_98' title="bbox 2149 3671 3740 3754">
     <span class='ocr_line' id='line_1_98' title="bbox 2149 3671 3740 3754; baseline -0.011 -13"><span class='ocrx_word' id='word_1_806' title='bbox 2149 3686 2237 3740; x_wconf 91' lang='lat' dir='ltr'><strong>lud</strong></span> <span class='ocrx_word' id='word_1_807' title='bbox 2282 3683 2485 3754; x_wconf 78' lang='lat' dir='ltr'><strong>iustitia</strong></span> <span class='ocrx_word' id='word_1_808' title='bbox 2533 3690 2615 3736; x_wconf 88' lang='lat' dir='ltr'><strong>est</strong></span> <span class='ocrx_word' id='word_1_809' title='bbox 2663 3699 2675 3734; x_wconf 90' lang='lat'><strong>:</strong></span> <span class='ocrx_word' id='word_1_810' title='bbox 2726 3678 2925 3733; x_wconf 85' lang='lat' dir='ltr'><strong>veritas</strong></span> <span class='ocrx_word' id='word_1_811' title='bbox 2969 3684 3069 3738; x_wconf 89' lang='lat' dir='ltr'><strong>est,</strong></span> <span class='ocrx_word' id='word_1_812' title='bbox 3123 3674 3318 3728; x_wconf 89' lang='lat' dir='ltr'><strong>veritas</strong></span> <span class='ocrx_word' id='word_1_813' title='bbox 3358 3671 3601 3726; x_wconf 87' lang='lat' dir='ltr'><strong>Christus</strong></span> <span class='ocrx_word' id='word_1_814' title='bbox 3654 3674 3740 3724; x_wconf 84' lang='lat' dir='ltr'><strong>est</strong></span> 
     </span>
    </p>
   </div>
   <div class='ocr_carea' id='block_1_99' title="bbox 2152 3760 3737 3848">
    <p class='ocr_par' dir='ltr' id='par_1_99' title="bbox 2152 3760 3737 3848">
     <span class='ocr_line' id='line_1_99' title="bbox 2152 3760 3737 3848; baseline -0.012 -17"><span class='ocrx_word' id='word_1_815' title='bbox 2152 3775 2330 3848; x_wconf 85' lang='lat' dir='ltr'><strong>(Joau.</strong></span> <span class='ocrx_word' id='word_1_816' title='bbox 2360 3790 2472 3840; x_wconf 72' lang='lat' dir='ltr'><strong>xxv,</strong></span> <span class='ocrx_word' id='word_1_817' title='bbox 2501 3773 2535 3828; x_wconf 85' lang='lat'><strong><em>6</em></strong></span> <span class='ocrx_word' id='word_1_818' title='bbox 2559 3771 2598 3845; x_wconf 94' lang='lat'><strong>).</strong></span> <span class='ocrx_word' id='word_1_819' title='bbox 2625 3771 2737 3843; x_wconf 84' lang='lat' dir='ltr'><strong>Ego</strong></span> <span class='ocrx_word' id='word_1_820' title='bbox 2765 3786 2878 3823; x_wconf 87' lang='lat' dir='ltr'><strong>sum</strong></span> <span class='ocrx_word' id='word_1_821' title='bbox 2902 3809 2917 3833; x_wconf 92' lang='lat'><strong>,</strong></span> <span class='ocrx_word' id='word_1_822' title='bbox 2950 3767 3155 3836; x_wconf 86' lang='lat' dir='ltr'><strong>inquit,</strong></span> <span class='ocrx_word' id='word_1_823' title='bbox 3185 3765 3330 3834; x_wconf 85' lang='lat' dir='ltr'><strong>panis</strong></span> <span class='ocrx_word' id='word_1_824' title='bbox 3357 3763 3516 3828; x_wconf 79' lang='lat' dir='ltr'><strong>vivus,</strong></span> <span class='ocrx_word' id='word_1_825' title='bbox 3546 3761 3632 3831; x_wconf 82' lang='lat' dir='ltr'><strong>qui</strong></span> <span class='ocrx_word' id='word_1_826' title='bbox 3673 3760 3737 3814; x_wconf 87' lang='lat' dir='ltr'><strong>de</strong></span> 
     </span>
    </p>
   </div>
   <div class='ocr_carea' id='block_1_100' title="bbox 2150 3853 3737 3934">
    <p class='ocr_par' dir='ltr' id='par_1_100' title="bbox 2150 3853 3737 3934">
     <span class='ocr_line' id='line_1_100' title="bbox 2150 3853 3737 3934; baseline -0.012 -11"><span class='ocrx_word' id='word_1_827' title='bbox 2150 3869 2273 3924; x_wconf 67' lang='lat' dir='ltr'><strong>caelo</strong></span> <span class='ocrx_word' id='word_1_828' title='bbox 2316 3865 2550 3920; x_wconf 80' lang='lat' dir='ltr'><strong>descendi</strong></span> <span class='ocrx_word' id='word_1_829' title='bbox 2598 3861 2732 3934; x_wconf 85' lang='lat' dir='ltr'><strong>(Id.</strong></span> <span class='ocrx_word' id='word_1_830' title='bbox 2784 3876 2857 3926; x_wconf 79' lang='lat' dir='ltr'><strong>vr,</strong></span> <span class='ocrx_word' id='word_1_831' title='bbox 2890 3860 2952 3913; x_wconf 75' lang='lat' dir='ltr'><strong>M</strong></span> <span class='ocrx_word' id='word_1_832' title='bbox 2977 3860 3031 3929; x_wconf 86' lang='lat'><strong>);</strong></span> <span class='ocrx_word' id='word_1_833' title='bbox 3075 3866 3149 3922; x_wconf 93' lang='lat' dir='ltr'><strong>et,</strong></span> <span class='ocrx_word' id='word_1_834' title='bbox 3181 3854 3293 3925; x_wconf 84' lang='lat' dir='ltr'><strong>Ego</strong></span> <span class='ocrx_word' id='word_1_835' title='bbox 3342 3869 3452 3908; x_wconf 87' lang='lat' dir='ltr'><strong>sum</strong></span> <span class='ocrx_word' id='word_1_836' title='bbox 3487 3853 3619 3917; x_wconf 84' lang='lat' dir='ltr'><strong>vitis,</strong></span> <span class='ocrx_word' id='word_1_837' title='bbox 3648 3867 3737 3906; x_wconf 85' lang='lat' dir='ltr'><strong>vos</strong></span> 
     </span>
    </p>
   </div>
   <div class='ocr_carea' id='block_1_101' title="bbox 2150 3942 3736 4030">
    <p class='ocr_par' dir='ltr' id='par_1_101' title="bbox 2150 3942 3736 4030">
     <span class='ocr_line' id='line_1_101' title="bbox 2150 3942 3736 4030; baseline -0.014 -13"><span class='ocrx_word' id='word_1_838' title='bbox 2150 3970 2403 4018; x_wconf 86' lang='lat' dir='ltr'><strong>sarmenta</strong></span> <span class='ocrx_word' id='word_1_839' title='bbox 2432 3958 2561 4030; x_wconf 88' lang='lat' dir='ltr'><strong>(Id.</strong></span> <span class='ocrx_word' id='word_1_840' title='bbox 2606 3972 2697 4022; x_wconf 81' lang='lat' dir='ltr'><strong>xv,</strong></span> <span class='ocrx_word' id='word_1_841' title='bbox 2739 3954 2831 4024; x_wconf 81' lang='lat'><strong>5).</strong></span> <span class='ocrx_word' id='word_1_842' title='bbox 2873 3953 2943 4006; x_wconf 81' lang='lat' dir='ltr'><strong>Et</strong></span> <span class='ocrx_word' id='word_1_843' title='bbox 2985 3949 3132 4021; x_wconf 88' lang='lat' dir='ltr'><strong>panis</strong></span> <span class='ocrx_word' id='word_1_844' title='bbox 3157 3963 3245 4002; x_wconf 88' lang='lat' dir='ltr'><strong>cor</strong></span> <span class='ocrx_word' id='word_1_845' title='bbox 3290 3945 3506 3999; x_wconf 88' lang='lat' dir='ltr'><strong>hominis</strong></span> <span class='ocrx_word' id='word_1_846' title='bbox 3547 3942 3736 4013; x_wconf 80' lang='lat' dir='ltr'><strong>conﬁr-</strong></span> 
     </span>
    </p>
   </div>
   <div class='ocr_carea' id='block_1_102' title="bbox 2151 4064 3738 4219">
    <p class='ocr_par' dir='ltr' id='par_1_102' title="bbox 2151 4064 3738 4219">
     <span class='ocr_line' id='line_1_102' title="bbox 2151 4064 3738 4219; baseline -0.014 -14"><span class='ocrx_word' id='word_1_847' title='bbox 2151 4064 2306 4204; x_wconf 48' lang='lat' dir='ltr'><strong>maitii.</strong></span> <span class='ocrx_word' id='word_1_848' title='bbox 2339 4146 2488 4219; x_wconf 85' lang='lat' dir='ltr'><strong>[vers.</strong></span> <span class='ocrx_word' id='word_1_849' title='bbox 2520 4140 2630 4212; x_wconf 73' lang='lat'><strong>16.]</strong></span> <span class='ocrx_word' id='word_1_850' title='bbox 2660 4135 3150 4206; x_wconf 81' lang='lat' dir='ltr'><strong>Satiabunturtigna</strong></span> <span class='ocrx_word' id='word_1_851' title='bbox 3174 4130 3342 4201; x_wconf 87' lang='lat' dir='ltr'><strong>campi</strong></span> <span class='ocrx_word' id='word_1_852' title='bbox 3377 4145 3396 4184; x_wconf 91' lang='lat'><strong><em>:</em></strong></span> <span class='ocrx_word' id='word_1_853' title='bbox 3433 4127 3527 4183; x_wconf 87' lang='lat' dir='ltr'><strong>sed</strong></span> <span class='ocrx_word' id='word_1_854' title='bbox 3546 4126 3614 4182; x_wconf 90' lang='lat' dir='ltr'><strong>de</strong></span> <span class='ocrx_word' id='word_1_855' title='bbox 3635 4127 3738 4182; x_wconf 81' lang='lat' dir='ltr'><strong>ista</strong></span> 
     </span>
    </p>
   </div>
   <div class='ocr_carea' id='block_1_103' title="bbox 2152 4219 3733 4314">
    <p class='ocr_par' dir='ltr' id='par_1_103' title="bbox 2152 4219 3733 4314">
     <span class='ocr_line' id='line_1_103' title="bbox 2152 4219 3733 4314; baseline -0.016 -17"><span class='ocrx_word' id='word_1_856' title='bbox 2152 4242 2320 4314; x_wconf 89' lang='lat' dir='ltr'><strong>gratia</strong></span> <span class='ocrx_word' id='word_1_857' title='bbox 2363 4237 2555 4294; x_wconf 90' lang='lat' dir='ltr'><strong>educta</strong></span> <span class='ocrx_word' id='word_1_858' title='bbox 2597 4236 2664 4289; x_wconf 90' lang='lat' dir='ltr'><strong>de</strong></span> <span class='ocrx_word' id='word_1_859' title='bbox 2693 4241 2856 4286; x_wconf 88' lang='lat' dir='ltr'><strong>terra.</strong></span> <span class='ocrx_word' id='word_1_860' title='bbox 2885 4229 3050 4300; x_wconf 87' lang='lat' dir='ltr'><strong>Ligna</strong></span> <span class='ocrx_word' id='word_1_861' title='bbox 3075 4225 3262 4295; x_wconf 87' lang='lat' dir='ltr'><strong>campi,</strong></span> <span class='ocrx_word' id='word_1_862' title='bbox 3293 4221 3476 4314; x_wconf 80' lang='lat' dir='ltr'><strong>plebes</strong></span> <span class='ocrx_word' id='word_1_863' title='bbox 3504 4219 3733 4314; x_wconf 79' lang='lat' dir='ltr'><strong>populo-</strong></span> 
     </span>
    </p>
   </div>
   <div class='ocr_carea' id='block_1_104' title="bbox 2152 4310 3736 4392">
    <p class='ocr_par' dir='ltr' id='par_1_104' title="bbox 2152 4310 3736 4392">
     <span class='ocr_line' id='line_1_104' title="bbox 2152 4310 3736 4392; baseline -0.018 -1"><span class='ocrx_word' id='word_1_864' title='bbox 2152 4310 2291 4392; x_wconf 72' lang='lat' dir='ltr'><strong>rum.</strong></span> <span class='ocrx_word' id='word_1_865' title='bbox 2324 4331 2390 4387; x_wconf 87' lang='lat' dir='ltr'><strong>Et</strong></span> <span class='ocrx_word' id='word_1_866' title='bbox 2434 4329 2571 4385; x_wconf 86' lang='lat' dir='ltr'><strong>cedri</strong></span> <span class='ocrx_word' id='word_1_867' title='bbox 2603 4325 2783 4381; x_wconf 87' lang='lat' dir='ltr'><strong>Libani</strong></span> <span class='ocrx_word' id='word_1_868' title='bbox 2820 4338 2946 4392; x_wconf 88' lang='lat' dir='ltr'><strong>quas</strong></span> <span class='ocrx_word' id='word_1_869' title='bbox 2997 4317 3262 4390; x_wconf 83' lang='lat' dir='ltr'><strong>plantavit.</strong></span> <span class='ocrx_word' id='word_1_870' title='bbox 3303 4311 3464 4369; x_wconf 88' lang='lat' dir='ltr'><strong>Cedri</strong></span> <span class='ocrx_word' id='word_1_871' title='bbox 3510 4310 3736 4378; x_wconf 86' lang='lat' dir='ltr'><strong>Libani,</strong></span> 
     </span>
    </p>
   </div>
   <div class='ocr_carea' id='block_1_105' title="bbox 2152 4402 3737 4499">
    <p class='ocr_par' dir='ltr' id='par_1_105' title="bbox 2152 4402 3737 4499">
     <span class='ocr_line' id='line_1_105' title="bbox 2152 4402 3737 4499; baseline -0.018 -15"><span class='ocrx_word' id='word_1_872' title='bbox 2152 4434 2400 4499; x_wconf 89' lang='lat' dir='ltr'><strong>potentes</strong></span> <span class='ocrx_word' id='word_1_873' title='bbox 2416 4424 2470 4479; x_wconf 90' lang='lat' dir='ltr'><strong>in</strong></span> <span class='ocrx_word' id='word_1_874' title='bbox 2493 4420 2711 4484; x_wconf 84' lang='lat' dir='ltr'><strong>s:eculo,</strong></span> <span class='ocrx_word' id='word_1_875' title='bbox 2734 4426 2788 4472; x_wconf 92' lang='lat' dir='ltr'><strong>et</strong></span> <span class='ocrx_word' id='word_1_876' title='bbox 2808 4415 2906 4485; x_wconf 92' lang='lat' dir='ltr'><strong>ipsi</strong></span> <span class='ocrx_word' id='word_1_877' title='bbox 2925 4410 3273 4468; x_wconf 90' lang='lat' dir='ltr'><strong>satiabuntur.</strong></span> <span class='ocrx_word' id='word_1_878' title='bbox 3299 4405 3544 4462; x_wconf 83' lang='lat' dir='ltr'><strong>Pervenit</strong></span> <span class='ocrx_word' id='word_1_879' title='bbox 3563 4402 3737 4474; x_wconf 88' lang='lat' dir='ltr'><strong>panis,</strong></span> 
     </span>
    </p>
   </div>
   <div class='ocr_carea' id='block_1_106' title="bbox 2154 4493 3737 4581">
    <p class='ocr_par' dir='ltr' id='par_1_106' title="bbox 2154 4493 3737 4581">
     <span class='ocr_line' id='line_1_106' title="bbox 2154 4493 3737 4581; baseline -0.018 -7"><span class='ocrx_word' id='word_1_880' title='bbox 2154 4493 2208 4574; x_wconf 80' lang='lat' dir='ltr'><strong>et</strong></span> <span class='ocrx_word' id='word_1_881' title='bbox 2234 4519 2433 4581; x_wconf 89' lang='lat' dir='ltr'><strong>vinum,</strong></span> <span class='ocrx_word' id='word_1_882' title='bbox 2479 4523 2533 4568; x_wconf 88' lang='lat' dir='ltr'><strong>et</strong></span> <span class='ocrx_word' id='word_1_883' title='bbox 2566 4511 2741 4566; x_wconf 90' lang='lat' dir='ltr'><strong>oleum</strong></span> <span class='ocrx_word' id='word_1_884' title='bbox 2769 4505 2964 4562; x_wconf 85' lang='lat' dir='ltr'><strong>Christi</strong></span> <span class='ocrx_word' id='word_1_885' title='bbox 3005 4501 3070 4557; x_wconf 92' lang='lat' dir='ltr'><strong>ad</strong></span> <span class='ocrx_word' id='word_1_886' title='bbox 3100 4507 3395 4563; x_wconf 87' lang='lat' dir='ltr'><strong>senatores,</strong></span> <span class='ocrx_word' id='word_1_887' title='bbox 3423 4495 3488 4549; x_wconf 88' lang='lat' dir='ltr'><strong>ad</strong></span> <span class='ocrx_word' id='word_1_888' title='bbox 3511 4493 3737 4558; x_wconf 84' lang='lat' dir='ltr'><strong>n’obiles,</strong></span> 
     </span>
    </p>
   </div>
   <div class='ocr_carea' id='block_1_107' title="bbox 2155 4586 3740 4679">
    <p class='ocr_par' dir='ltr' id='par_1_107' title="bbox 2155 4586 3740 4679">
     <span class='ocr_line' id='line_1_107' title="bbox 2155 4586 3740 4679; baseline -0.019 -13"><span class='ocrx_word' id='word_1_889' title='bbox 2155 4610 2221 4666; x_wconf 89' lang='lat' dir='ltr'><strong>ad</strong></span> <span class='ocrx_word' id='word_1_890' title='bbox 2247 4622 2430 4679; x_wconf 87' lang='lat' dir='ltr'><strong>reges;</strong></span> <span class='ocrx_word' id='word_1_891' title='bbox 2465 4605 2651 4661; x_wconf 87' lang='lat' dir='ltr'><strong>satiata</strong></span> <span class='ocrx_word' id='word_1_892' title='bbox 2676 4609 2799 4656; x_wconf 91' lang='lat' dir='ltr'><strong>sunt</strong></span> <span class='ocrx_word' id='word_1_893' title='bbox 2832 4598 2972 4667; x_wconf 85' lang='lat' dir='ltr'><strong>ligna</strong></span> <span class='ocrx_word' id='word_1_894' title='bbox 2993 4591 3187 4662; x_wconf 91' lang='lat' dir='ltr'><strong>campi.</strong></span> <span class='ocrx_word' id='word_1_895' title='bbox 3218 4590 3373 4645; x_wconf 87' lang='lat' dir='ltr'><strong>Prius</strong></span> <span class='ocrx_word' id='word_1_896' title='bbox 3406 4586 3632 4641; x_wconf 90' lang='lat' dir='ltr'><strong>humiles</strong></span> <span class='ocrx_word' id='word_1_897' title='bbox 3652 4599 3740 4640; x_wconf 83' lang='lat' dir='ltr'><strong>sa-</strong></span> 
     </span>
    </p>
   </div>
   <div class='ocr_carea' id='block_1_108' title="bbox 2156 4677 3742 4762">
    <p class='ocr_par' dir='ltr' id='par_1_108' title="bbox 2156 4677 3742 4762">
     <span class='ocr_line' id='line_1_108' title="bbox 2156 4677 3742 4762; baseline -0.02 -4"><span class='ocrx_word' id='word_1_898' title='bbox 2156 4703 2268 4758; x_wconf 92' lang='lat' dir='ltr'><strong>tiati</strong></span> <span class='ocrx_word' id='word_1_899' title='bbox 2295 4677 2437 4762; x_wconf 80' lang='lat' dir='ltr'><strong>sunt,</strong></span> <span class='ocrx_word' id='word_1_900' title='bbox 2461 4694 2652 4751; x_wconf 87' lang='lat' dir='ltr'><strong>deinde</strong></span> <span class='ocrx_word' id='word_1_901' title='bbox 2675 4694 2834 4748; x_wconf 89' lang='lat' dir='ltr'><strong>etiam</strong></span> <span class='ocrx_word' id='word_1_902' title='bbox 2856 4687 3001 4745; x_wconf 89' lang='lat' dir='ltr'><strong>cedri</strong></span> <span class='ocrx_word' id='word_1_903' title='bbox 3022 4683 3230 4749; x_wconf 85' lang='lat' dir='ltr'><strong>Libani,</strong></span> <span class='ocrx_word' id='word_1_904' title='bbox 3254 4681 3347 4736; x_wconf 90' lang='lat' dir='ltr'><strong>sed</strong></span> <span class='ocrx_word' id='word_1_905' title='bbox 3377 4695 3502 4750; x_wconf 89' lang='lat' dir='ltr'><strong>quas</strong></span> <span class='ocrx_word' id='word_1_906' title='bbox 3538 4677 3742 4747; x_wconf 84' lang='lat' dir='ltr'><strong>planta-</strong></span> 
     </span>
    </p>
   </div>
   <div class='ocr_carea' id='block_1_109' title="bbox 2157 4769 3741 4862">
    <p class='ocr_par' dir='ltr' id='par_1_109' title="bbox 2157 4769 3741 4862">
     <span class='ocr_line' id='line_1_109' title="bbox 2157 4769 3741 4862; baseline -0.016 -14"><span class='ocrx_word' id='word_1_907' title='bbox 2157 4795 2225 4848; x_wconf 77' lang='lat' dir='ltr'><strong>vit</strong></span> <span class='ocrx_word' id='word_1_908' title='bbox 2259 4793 2373 4862; x_wconf 91' lang='lat' dir='ltr'><strong>ipse</strong></span> <span class='ocrx_word' id='word_1_909' title='bbox 2418 4808 2431 4844; x_wconf 90' lang='lat'><strong>:</strong></span> <span class='ocrx_word' id='word_1_910' title='bbox 2475 4789 2578 4858; x_wconf 74' lang='lat' dir='ltr'><strong>piae</strong></span> <span class='ocrx_word' id='word_1_911' title='bbox 2610 4788 2626 4817; x_wconf 86' lang='grc'>¹</span> <span class='ocrx_word' id='word_1_912' title='bbox 2656 4783 2842 4847; x_wconf 90' lang='lat' dir='ltr'><strong>cedri,</strong></span> <span class='ocrx_word' id='word_1_913' title='bbox 2885 4777 3117 4849; x_wconf 89' lang='lat' dir='ltr'><strong>religiosi</strong></span> <span class='ocrx_word' id='word_1_914' title='bbox 3164 4773 3375 4834; x_wconf 88' lang='lat' dir='ltr'><strong>fideles;</strong></span> <span class='ocrx_word' id='word_1_915' title='bbox 3413 4769 3547 4824; x_wconf 90' lang='lat' dir='ltr'><strong>tales</strong></span> <span class='ocrx_word' id='word_1_916' title='bbox 3595 4769 3741 4862; x_wconf 58' lang='lat' dir='ltr'><strong>etum</strong></span> 
     </span>
    </p>
   </div>
   <div class='ocr_carea' id='block_1_110' title="bbox 2159 4854 3741 4957">
    <p class='ocr_par' dir='ltr' id='par_1_110' title="bbox 2159 4854 3741 4957">
     <span class='ocr_line' id='line_1_110' title="bbox 2159 4854 3741 4957; baseline -0.021 -17"><span class='ocrx_word' id='word_1_917' title='bbox 2159 4854 2433 4957; x_wconf 66' lang='lat' dir='ltr'><strong>plantavit.</strong></span> <span class='ocrx_word' id='word_1_918' title='bbox 2465 4854 2597 4934; x_wconf 82' lang='lat' dir='ltr'><strong>Nam</strong></span> <span class='ocrx_word' id='word_1_919' title='bbox 2625 4885 2678 4932; x_wconf 89' lang='lat' dir='ltr'><strong>et</strong></span> <span class='ocrx_word' id='word_1_920' title='bbox 2698 4873 2844 4944; x_wconf 91' lang='lat' dir='ltr'><strong>impii</strong></span> <span class='ocrx_word' id='word_1_921' title='bbox 2869 4879 2992 4925; x_wconf 91' lang='lat' dir='ltr'><strong>sunt</strong></span> <span class='ocrx_word' id='word_1_922' title='bbox 3021 4866 3164 4923; x_wconf 90' lang='lat' dir='ltr'><strong>cedri</strong></span> <span class='ocrx_word' id='word_1_923' title='bbox 3196 4861 3402 4924; x_wconf 84' lang='lat' dir='ltr'><strong>Libani,</strong></span> <span class='ocrx_word' id='word_1_924' title='bbox 3434 4859 3580 4957; x_wconf 68' lang='lat' dir='ltr'><strong>quia,</strong></span> <span class='ocrx_word' id='word_1_925' title='bbox 3607 4854 3741 4957; x_wconf 70' lang='lat' dir='ltr'><strong>Gon-</strong></span> 
     </span>
    </p>
   </div>
   <div class='ocr_carea' id='block_1_111' title="bbox 2160 4946 3742 5034">
    <p class='ocr_par' dir='ltr' id='par_1_111' title="bbox 2160 4946 3742 5034">
     <span class='ocr_line' id='line_1_111' title="bbox 2160 4946 3742 5034; baseline -0.022 1"><span class='ocrx_word' id='word_1_926' title='bbox 2160 4946 2280 5034; x_wconf 65' lang='lat' dir='ltr'><strong>ieret</strong></span> <span class='ocrx_word' id='word_1_927' title='bbox 2323 4974 2571 5030; x_wconf 88' lang='lat' dir='ltr'><strong>Dominus</strong></span> <span class='ocrx_word' id='word_1_928' title='bbox 2624 4970 2798 5024; x_wconf 88' lang='lat' dir='ltr'><strong>cedros</strong></span> <span class='ocrx_word' id='word_1_929' title='bbox 2848 4962 3028 5019; x_wconf 86' lang='lat' dir='ltr'><strong>Libani</strong></span> <span class='ocrx_word' id='word_1_930' title='bbox 3059 4961 3075 5030; x_wconf 92' lang='lat'><strong>(</strong></span> <span class='ocrx_word' id='word_1_931' title='bbox 3102 4957 3247 5011; x_wconf 86' lang='lat' dir='ltr'><strong>Psal.</strong></span> <span class='ocrx_word' id='word_1_932' title='bbox 3298 4966 3494 5017; x_wconf 85' lang='lat' dir='ltr'><strong>xxvut,</strong></span> <span class='ocrx_word' id='word_1_933' title='bbox 3528 4946 3624 5018; x_wconf 88' lang='lat'><strong>5).</strong></span> <span class='ocrx_word' id='word_1_934' title='bbox 3653 4946 3742 5001; x_wconf 89' lang='lat' dir='ltr'><strong>Li-</strong></span> 
     </span>
    </p>
   </div>
   <div class='ocr_carea' id='block_1_112' title="bbox 2159 5044 3741 5129">
    <p class='ocr_par' dir='ltr' id='par_1_112' title="bbox 2159 5044 3741 5129">
     <span class='ocr_line' id='line_1_112' title="bbox 2159 5044 3741 5129; baseline -0.024 -1"><span class='ocrx_word' id='word_1_935' title='bbox 2159 5072 2328 5129; x_wconf 89' lang='lat' dir='ltr'><strong>banus</strong></span> <span class='ocrx_word' id='word_1_936' title='bbox 2359 5069 2499 5123; x_wconf 90' lang='lat' dir='ltr'><strong>enim</strong></span> <span class='ocrx_word' id='word_1_937' title='bbox 2527 5076 2682 5119; x_wconf 91' lang='lat' dir='ltr'><strong>mons</strong></span> <span class='ocrx_word' id='word_1_938' title='bbox 2707 5068 2824 5122; x_wconf 90' lang='lat' dir='ltr'><strong>est;</strong></span> <span class='ocrx_word' id='word_1_939' title='bbox 2855 5056 2922 5110; x_wconf 87' lang='lat' dir='ltr'><strong>ibi</strong></span> <span class='ocrx_word' id='word_1_940' title='bbox 2956 5055 3069 5109; x_wconf 80' lang='lat' dir='ltr'><strong>istae</strong></span> <span class='ocrx_word' id='word_1_941' title='bbox 3091 5049 3310 5104; x_wconf 88' lang='lat' dir='ltr'><strong>arbores</strong></span> <span class='ocrx_word' id='word_1_942' title='bbox 3347 5044 3508 5098; x_wconf 88' lang='lat' dir='ltr'><strong>etiam</strong></span> <span class='ocrx_word' id='word_1_943' title='bbox 3547 5054 3741 5095; x_wconf 88' lang='lat' dir='ltr'><strong>secun-</strong></span> 
     </span>
    </p>
   </div>
   <div class='ocr_carea' id='block_1_113' title="bbox 2160 5131 3738 5218">
    <p class='ocr_par' dir='ltr' id='par_1_113' title="bbox 2160 5131 3738 5218">
     <span class='ocr_line' id='line_1_113' title="bbox 2160 5131 3738 5218; baseline -0.023 1"><span class='ocrx_word' id='word_1_944' title='bbox 2160 5163 2284 5218; x_wconf 91' lang='lat' dir='ltr'><strong>dum</strong></span> <span class='ocrx_word' id='word_1_945' title='bbox 2315 5160 2542 5214; x_wconf 88' lang='lat' dir='ltr'><strong>litteram</strong></span> <span class='ocrx_word' id='word_1_946' title='bbox 2587 5148 2952 5208; x_wconf 59' lang='lat' dir='ltr'><strong>annosissimte</strong></span> <span class='ocrx_word' id='word_1_947' title='bbox 2991 5150 3114 5197; x_wconf 89' lang='lat' dir='ltr'><strong>sunt</strong></span> <span class='ocrx_word' id='word_1_948' title='bbox 3153 5148 3208 5193; x_wconf 92' lang='lat' dir='ltr'><strong>et</strong></span> <span class='ocrx_word' id='word_1_949' title='bbox 3251 5131 3738 5191; x_wconf 61' lang='lat' dir='ltr'><strong>excellentissimus.</strong></span> 
     </span>
    </p>
   </div>
   <div class='ocr_carea' id='block_1_114' title="bbox 2162 5220 3737 5310">
    <p class='ocr_par' dir='ltr' id='par_1_114' title="bbox 2162 5220 3737 5310">
     <span class='ocr_line' id='line_1_114' title="bbox 2162 5220 3737 5310; baseline -0.023 0"><span class='ocrx_word' id='word_1_950' title='bbox 2162 5255 2394 5310; x_wconf 89' lang='lat' dir='ltr'><strong>Libanus</strong></span> <span class='ocrx_word' id='word_1_951' title='bbox 2419 5258 2597 5303; x_wconf 88' lang='lat' dir='ltr'><strong>autem</strong></span> <span class='ocrx_word' id='word_1_952' title='bbox 2626 5244 3020 5309; x_wconf 84' lang='lat' dir='ltr'><strong>interpretatur,</strong></span> <span class='ocrx_word' id='word_1_953' title='bbox 3053 5231 3188 5285; x_wconf 89' lang='lat' dir='ltr'><strong>sicut</strong></span> <span class='ocrx_word' id='word_1_954' title='bbox 3215 5227 3439 5297; x_wconf 85' lang='lat' dir='ltr'><strong>legimus</strong></span> <span class='ocrx_word' id='word_1_955' title='bbox 3463 5223 3516 5278; x_wconf 93' lang='lat' dir='ltr'><strong>in</strong></span> <span class='ocrx_word' id='word_1_956' title='bbox 3543 5221 3622 5276; x_wconf 90' lang='lat' dir='ltr'><strong>eis</strong></span> <span class='ocrx_word' id='word_1_957' title='bbox 3645 5220 3737 5290; x_wconf 87' lang='lat' dir='ltr'><strong>qui</strong></span> 
     </span>
    </p>
   </div>
   <div class='ocr_carea' id='block_1_115' title="bbox 2165 5311 3748 5410">
    <p class='ocr_par' dir='ltr' id='par_1_115' title="bbox 2165 5311 3748 5410">
     <span class='ocr_line' id='line_1_115' title="bbox 2165 5311 3748 5410; baseline -0.023 -9"><span class='ocrx_word' id='word_1_958' title='bbox 2165 5346 2264 5400; x_wconf 90' lang='lat' dir='ltr'><strong>ista</strong></span> <span class='ocrx_word' id='word_1_959' title='bbox 2283 5341 2630 5410; x_wconf 88' lang='lat' dir='ltr'><strong>scripserunt,</strong></span> <span class='ocrx_word' id='word_1_960' title='bbox 2657 5327 2991 5388; x_wconf 86' lang='lat' dir='ltr'><strong>Candidatio.</strong></span> <span class='ocrx_word' id='word_1_961' title='bbox 3024 5323 3261 5378; x_wconf 87' lang='lat' dir='ltr'><strong>Libanus</strong></span> <span class='ocrx_word' id='word_1_962' title='bbox 3285 5317 3482 5373; x_wconf 91' lang='lat' dir='ltr'><strong>dicitur</strong></span> <span class='ocrx_word' id='word_1_963' title='bbox 3501 5311 3748 5370; x_wconf 83' lang='lat' dir='ltr'><strong>candida-</strong></span> 
     </span>
    </p>
   </div>
   <div class='ocr_carea' id='block_1_116' title="bbox 2165 5405 3742 5495">
    <p class='ocr_par' dir='ltr' id='par_1_116' title="bbox 2165 5405 3742 5495">
     <span class='ocr_line' id='line_1_116' title="bbox 2165 5405 3742 5495; baseline -0.025 0"><span class='ocrx_word' id='word_1_964' title='bbox 2165 5441 2284 5495; x_wconf 88' lang='lat' dir='ltr'><strong>tio:</strong></span> <span class='ocrx_word' id='word_1_965' title='bbox 2339 5405 2550 5490; x_wconf 78' lang='lat' dir='ltr'><strong>videtur</strong></span> <span class='ocrx_word' id='word_1_966' title='bbox 2596 5437 2770 5483; x_wconf 89' lang='lat' dir='ltr'><strong>autem</strong></span> <span class='ocrx_word' id='word_1_967' title='bbox 2820 5419 3119 5479; x_wconf 75' lang='lat' dir='ltr'><strong>candidatio</strong></span> <span class='ocrx_word' id='word_1_968' title='bbox 3171 5430 3291 5470; x_wconf 89' lang='lat' dir='ltr'><strong>esse</strong></span> <span class='ocrx_word' id='word_1_969' title='bbox 3334 5409 3516 5467; x_wconf 60' lang='lat' dir='ltr'><strong>saeculi</strong></span> <span class='ocrx_word' id='word_1_970' title='bbox 3563 5405 3742 5495; x_wconf 80' lang='lat' dir='ltr'><strong>hujus,</strong></span> 
     </span>
    </p>
   </div>
   <div class='ocr_carea' id='block_1_117' title="bbox 2164 5493 3745 5587">
    <p class='ocr_par' dir='ltr' id='par_1_117' title="bbox 2164 5493 3745 5587">
     <span class='ocr_line' id='line_1_117' title="bbox 2164 5493 3745 5587; baseline -0.025 0"><span class='ocrx_word' id='word_1_971' title='bbox 2164 5493 2324 5587; x_wconf 81' lang='lat' dir='ltr'><strong>modo</strong></span> <span class='ocrx_word' id='word_1_972' title='bbox 2358 5524 2570 5582; x_wconf 90' lang='lat' dir='ltr'><strong>nitentis</strong></span> <span class='ocrx_word' id='word_1_973' title='bbox 2615 5529 2666 5575; x_wconf 90' lang='lat' dir='ltr'><strong>et</strong></span> <span class='ocrx_word' id='word_1_974' title='bbox 2713 5515 2960 5586; x_wconf 86' lang='lat' dir='ltr'><strong>fulgentis</strong></span> <span class='ocrx_word' id='word_1_975' title='bbox 2988 5514 3039 5567; x_wconf 93' lang='lat' dir='ltr'><strong>in</strong></span> <span class='ocrx_word' id='word_1_976' title='bbox 3093 5506 3302 5579; x_wconf 86' lang='lat' dir='ltr'><strong>pompis</strong></span> <span class='ocrx_word' id='word_1_977' title='bbox 3345 5502 3475 5557; x_wconf 91' lang='lat' dir='ltr'><strong>suis.</strong></span> <span class='ocrx_word' id='word_1_978' title='bbox 3514 5495 3648 5587; x_wconf 84' lang='lat' dir='ltr'><strong>Sunt</strong></span> <span class='ocrx_word' id='word_1_979' title='bbox 3673 5493 3745 5548; x_wconf 87' lang='lat' dir='ltr'><strong>ibi</strong></span> 
     </span>
    </p>
   </div>
   <div class='ocr_carea' id='block_1_118' title="bbox 2164 5585 3747 5684">
    <p class='ocr_par' dir='ltr' id='par_1_118' title="bbox 2164 5585 3747 5684">
     <span class='ocr_line' id='line_1_118' title="bbox 2164 5585 3747 5684; baseline -0.027 -4"><span class='ocrx_word' id='word_1_980' title='bbox 2164 5585 2310 5680; x_wconf 80' lang='lat' dir='ltr'><strong>cedri</strong></span> <span class='ocrx_word' id='word_1_981' title='bbox 2340 5616 2524 5673; x_wconf 89' lang='lat' dir='ltr'><strong>Libani</strong></span> <span class='ocrx_word' id='word_1_982' title='bbox 2549 5626 2681 5684; x_wconf 86' lang='lat' dir='ltr'><strong>quas</strong></span> <span class='ocrx_word' id='word_1_983' title='bbox 2710 5585 2965 5680; x_wconf 87' lang='lat' dir='ltr'><strong>plantavit</strong></span> <span class='ocrx_word' id='word_1_984' title='bbox 2994 5602 3288 5665; x_wconf 84' lang='lat' dir='ltr'><strong>Dominus;</strong></span> <span class='ocrx_word' id='word_1_985' title='bbox 3319 5595 3446 5664; x_wconf 73' lang='lat' dir='ltr'><strong>ipsa:</strong></span> <span class='ocrx_word' id='word_1_986' title='bbox 3473 5585 3747 5644; x_wconf 76' lang='lat' dir='ltr'><strong>satiabun-</strong></span> 
     </span>
    </p>
   </div>
   <div class='ocr_carea' id='block_1_119' title="bbox 2233 5760 2983 5826">
    <p class='ocr_par' dir='ltr' id='par_1_119' title="bbox 2233 5760 2983 5826">
     <span class='ocr_line' id='line_1_119' title="bbox 2233 5760 2983 5826; baseline -0.028 2"><span class='ocrx_word' id='word_1_987' title='bbox 2233 5782 2249 5810; x_wconf 85' lang='grc'>¹</span> <span class='ocrx_word' id='word_1_988' title='bbox 2279 5774 2389 5826; x_wconf 69' lang='lat' dir='ltr'><strong>add.</strong></span> <span class='ocrx_word' id='word_1_989' title='bbox 2411 5771 2637 5825; x_wconf 89' lang='lat' dir='ltr'><strong>omittunt</strong></span> <span class='ocrx_word' id='word_1_990' title='bbox 2658 5776 2845 5825; x_wconf 87' lang='lat' dir='ltr'><strong>vocem,</strong></span> <span class='ocrx_word' id='word_1_991' title='bbox 2870 5760 2983 5826; x_wconf 72' lang='lat' dir='ltr'><strong>pice.</strong></span> 
     </span>
    </p>
   </div>
  </div>
