4088 6452
507 331 650 391 18Ἱὶ

507 460 593 507 tur
605 462 737 521 quas
762 450 1017 521 plantavit
1046 449 1321 506 Dominus.
1350 446 1480 503 Nam
1505 449 1681 513 arbor,
1704 450 1903 519 inquit,
1934 465 2086 520 quam

506 558 607 600 non
629 546 873 616 plantavit
894 544 1050 600 Pater
1068 554 1224 612 incus,
1248 543 1584 597 eradicabitur
1612 542 1823 615 (Matth.
1852 548 1941 611 xv,
1966 544 2031 598 15
2046 544 2088 614 ).

507 637 575 692 Et
596 640 731 692 tein
758 638 940 692 Libani
965 652 1088 708 quas
1116 636 1383 707 plantavit.

574 733 658 785 lli.
690 729 836 802 [vers.
868 728 980 800 17.]
1012 727 1126 782 Illic
1140 744 1367 799 passeres
1394 728 1745 798 nidiﬁcabunt.
1769 728 1966 783 Fulica.’
2001 728 2093 781 do-

504 836 617 875 mus
643 822 749 874 dua:
774 830 845 874 est
871 837 1063 875 eorum.
1095 822 1197 877 Ubi
1224 832 1469 891 passeres
1496 821 1883 876 nidificabunt?
1915 821 1967 874 In
1998 835 2091 877 ce-

504 914 613 969 dris
641 914 845 969 Libani.
891 915 1006 969 Jam
1052 913 1350 968 audivimus
1375 929 1494 984 qua:
1542 913 1650 968 sint
1690 913 1835 968 cedri
1880 912 2089 978 Libani,

504 1004 707 1061 nobiles
735 1005 936 1071 sreculi,
965 1004 1157 1060 excelsi
1176 1014 1391 1074 genere,
1421 1005 1609 1073 opibus
1637 1044 1651 1067 ,
1677 1004 1967 1058 honoribus
1996 1020 2009 1056 :
2040 1010 2093 1057 et

504 1097 630 1165 ipSae
656 1095 800 1150 cedri
828 1097 1105 1161 satiantur,
1148 1096 1253 1149 illa:
1283 1105 1457 1150 tamen
1485 1111 1618 1165 quas
1648 1095 1907 1165 plantavit
1946 1096 2080 1163 ipse.

502 1186 559 1243 lu
592 1188 672 1243 his
709 1189 885 1243 cedris
922 1196 1162 1258 passeres
1193 1188 1481 1243 nidificant.
1510 1190 1608 1255 Qui
1654 1194 1776 1243 sunt
1804 1187 2086 1258 passeres?

504 1281 647 1335 Aves
672 1282 884 1351 quidem
926 1291 980 1336 et
1000 1282 1232 1336 volatilia
1260 1282 1378 1336 coeli
1406 1288 1531 1335 sunt
1576 1295 1837 1350 passeres,
1862 1280 1956 1336 sed
1985 1280 2086 1335 mi-

506 1383 633 1428 nuta
663 1373 897 1428 volatilia
929 1374 1100 1429 solent
1122 1373 1224 1427 dici
1262 1386 1523 1442 passeres.
1564 1372 1699 1427 Sunt
1724 1374 1850 1441 ergo
1874 1372 2088 1442 quidam

504 1464 807 1534 spirituales
838 1462 1169 1518 nidificantes
1200 1464 1250 1517 in
1289 1464 1462 1518 cedris
1488 1462 1675 1517 Libani
1708 1481 1720 1516 :
1754 1462 1805 1518 id
1832 1472 1931 1529 est,
1962 1473 2087 1517 sunt

507 1555 721 1626 quidam
748 1555 885 1610 servi
912 1554 1005 1609 Dei
1028 1554 1301 1610 audientes
1328 1555 1378 1609 in
1412 1554 1721 1625 Evangelio,
1750 1554 1960 1610 Dimitte
1984 1571 2090 1609 οτη-

504 1647 590 1700 nia
610 1654 713 1711 tua,
736 1646 840 1710 vel,
867 1648 1021 1702 vende
1060 1646 1229 1701 omnia
1254 1656 1359 1712 tua,
1391 1654 1440 1700 et
1461 1646 1526 1701 da
1554 1647 1890 1716 pauperibus,
1924 1657 1969 1701 et
1997 1649 2089 1703 ha-

506 1738 638 1794 bebis
660 1740 950 1793 thesaurum
969 1739 1023 1793 in
1052 1738 1228 1803 caelis;
1254 1749 1299 1793 et
1328 1739 1457 1805 veni,
1503 1756 1706 1809 sequere
1729 1758 1806 1794 me
1833 1739 1940 1811 (Id.
1972 1755 2083 1805 XIX,

502 1833 566 1886 2i
599 1831 638 1901 ).
663 1831 727 1886 Et
751 1844 856 1885 non
884 1838 1084 1885 tantum
1111 1830 1212 1886 hoc
1238 1830 1520 1885 audierunt
1547 1832 1741 1902 magni,
1775 1833 1867 1886 sed
1899 1830 2087 1887 audie-

504 1931 629 1978 runt
657 1932 713 1977 et
742 1922 907 1993 parvi,
931 1932 983 1977 et
1004 1922 1286 1977 voluerunt
1311 1919 1413 1977 hoc
1434 1919 1607 1977 facere
1630 1930 1683 1977 et
1707 1924 1871 1992 parvi,
1900 1931 2089 1977 etesse

503 2013 830 2084 spirituales;
856 2027 959 2068 non
973 2013 1121 2083 jung‘i
1148 2013 1422 2080 uxoribus,
1453 2028 1555 2068 non
1587 2016 1843 2068 macerari
1869 2030 1997 2069 cura
2026 2014 2090 2068 fl-

504 2106 717 2170 llormn,
765 2112 869 2159 non
902 2105 1098 2161 habere
1123 2106 1366 2175 proprias
1399 2105 1554 2159 sedes
1582 2104 1772 2174 quibus
1799 2105 2091 2175 deligaren-

508 2206 612 2264 tur,
642 2196 733 2252 sed
761 2197 838 2252 ire
864 2198 917 2250 in
947 2197 1107 2250 vitam
1141 2195 1425 2266 quamdam
1454 2209 1810 2250 communem.
1843 2194 1946 2250 Sed
1965 2195 2090 2265 quid

501 2290 818 2346 dimiserunt
846 2290 931 2344 isti
976 2300 1221 2359 passeres
1259 2289 1284 2342 ?
1332 2288 1513 2343 Minu’ti
1558 2287 1699 2342 enim
1726 2288 1901 2342 szcculi
1934 2288 2090 2357 hujus

502 2395 746 2453 passeres
772 2381 1039 2438 videntur.
1084 2380 1225 2449 Quid
1268 2380 1621 2435 dimiserunt?
1666 2379 1790 2450 quid
1833 2394 2087 2450 magnum

502 2475 857 2530 dimiserunt?
896 2473 1046 2529 Alius
1082 2487 1141 2528 se
1170 2473 1450 2537 convertit,
1480 2471 1680 2526 dimisit
1705 2464 1889 2526 cellam
1918 2472 2087 2542 patris

500 2564 835 2634 su‘i‘inopem,
866 2566 956 2619 vix
1003 2568 1165 2619 unum
1196 2564 1391 2618 lectum
1426 2571 1481 2617 et
1524 2577 1681 2617 unam
1712 2574 1913 2617 arcam.
1941 2561 2084 2617 Con-

501 2657 659 2713 vertit
688 2673 745 2712 se
773 2662 971 2725 tanien,
1004 2657 1171 2713 factus
1197 2664 1279 2712 est
1305 2664 1507 2727 passer,
1549 2656 1791 2726 quaesivit
1832 2656 2086 2726 spiritua-

503 2749 592 2803 lia’.
628 2750 791 2817 Bene,
822 2751 1050 2819 optime;
1076 2765 1179 2806 non
1207 2749 1281 2804 illi
1313 2750 1646 2813 insultemus,
1681 2765 1784 2804 non
1811 2748 2087 2805 dicamus:

504 2840 645 2896 Nihil
688 2841 954 2896 dimisisti.
981 2841 1096 2896 Non
1124 2840 1392 2911 superbiat
1413 2840 1500 2910 qui
1528 2840 1692 2894 multa
1732 2838 1949 2894 dimisit.
1992 2839 2091 2894 Pe-

503 2941 616 2988 trus
645 2943 701 2987 ut
728 2942 1042 3003 sequeretur
1073 2933 1380 2996 Dominum,
1416 2933 1659 2986 novimus
1685 2932 1823 3001 quod
1861 2933 2091 3001 piscator

502 3028 635 3091 erat,
663 3024 787 3096 quid
816 3026 985 3095 potuit
1012 3024 1315 3079 dimittere?
1326 3023 1420 3078 Vel
1451 3022 1614 3077 frater
1660 3022 1776 3090 ejus
1826 3022 2087 3088 Andreas,

502 3117 583 3173 v'el
603 3116 692 3171 filii
720 3117 960 3172 Zebedtei
986 3116 1219 3171 Joannes
1241 3122 1292 3169 et
1318 3114 1569 3178 Jacobus,
1601 3113 1759 3167 etiam
1792 3114 1888 3183 ipsi
1920 3113 2091 3181 pisca-

502 3220 646 3266 tores
670 3209 791 3282 (Id.
815 3226 889 3265 lV.
919 3212 1008 3276 l8,
1038 3210 1102 3265 2i
1123 3208 1143 3281 )
1168 3225 1181 3274 ;
1216 3217 1269 3263 et
1294 3218 1468 3263 tamen
1502 3206 1626 3276 quid
1649 3205 1931 3260 dixerunt?
1960 3202 2092 3259 Ecce

505 3312 597 3359 nos
617 3302 897 3357 dimisimus
925 3302 1115 3368 oninia,
1136 3311 1182 3355 et
1206 3301 1362 3356 secuti
1385 3316 1555 3354 smnus
1582 3309 1627 3351 te
1652 3297 1774 3369 (Id.
1804 3313 1889 3351 tux
1911 3340 1925 3361 ,
1945 3297 2025 3351 27
2048 3296 2088 3368 ).

504 3395 619 3452 Non
647 3397 695 3451 ei
724 3395 853 3450 dixit
874 3395 1129 3449 Dominus
1159 3411 1171 3446 :
1201 3394 1406 3448 Oblitus
1428 3407 1485 3446 es
1517 3398 1876 3460 paupertatem
1898 3398 2040 3443 tuam
2070 3406 2084 3453 ;

505 3488 631 3560 q’uid
679 3486 922 3542 dimisisti
965 3495 1021 3539 ut
1045 3492 1212 3539 totum
1254 3483 1509 3538 mundum
1537 3483 1846 3551 acciperes?
1872 3481 2091 3534 Multum

506 3578 723 3643 dimisit,
749 3578 937 3633 fratres
963 3578 1089 3641 mei,
1138 3576 1365 3630 multum
1392 3573 1613 3638 dimisit,
1646 3573 1734 3641 qui
1770 3586 1874 3625 non
1916 3572 2087 3625 solum

506 3673 709 3731 dimisit
734 3668 986 3741 quidquid
1010 3667 1252 3731 habebat,
1288 3665 1382 3720 sed
1408 3664 1567 3720 etiam
1599 3662 1854 3733 quidquid
1896 3660 2093 3719 habere

418 3832 426 3838 ε
506 3763 772 3834 cupiebat.
825 3761 955 3829 Quis
996 3759 1136 3815 enim
1182 3772 1381 3828 pauper
1412 3769 1515 3810 non
1564 3753 1821 3823 turgescit
1847 3753 1899 3806 in
1942 3766 2093 3822 spem

508 3857 687 3914 sceculi
717 3856 913 3928 hujus?
964 3855 1083 3925 quis
1131 3866 1235 3907 non
1266 3848 1502 3920 quotidie
1550 3847 1694 3916 cupit
1730 3858 1922 3916 augere
1952 3844 2093 3914 quod

508 3948 707 4005 habet?
736 3947 834 4001 ISta
852 3944 1112 4017 cupiditas
1138 3941 1358 4011 pnccisa
1383 3947 1465 3993 est
1496 3957 1508 3991 :
1540 3937 1648 3992 ibat
1675 3936 1725 3989 in
1754 3936 2091 4000 immensum,

508 4044 713 4113 accepit
752 4041 988 4105 modum,
1017 4048 1073 4095 et
1101 4037 1232 4093 nihil
1277 4035 1552 4092 dimissum
1601 4032 1720 4088 est?
1751 4032 1978 4087 Prorsus
2010 4038 2096 4085 to-

510 4148 619 4193 tum
648 4133 901 4189 mundum
937 4132 1136 4187 dimisit
1174 4131 1363 4185 Petrus
1386 4171 1400 4195 ,
1432 4139 1483 4183 et
1517 4137 1685 4181 totum
1715 4126 1971 4181 mundum
2000 4126 2096 4181 Pe-

512 4230 625 4282 trus
655 4224 877 4297 accepit.
931 4222 1088 4290 Quasi
1138 4222 1264 4275 nihil
1296 4220 1570 4279 habentes,
1619 4227 1672 4272 et
1714 4216 1891 4272 omnia
1921 4218 2095 4289 possi-

516 4319 706 4375 dentes
759 4314 840 4388 (ΙΙ
884 4312 1000 4370 Cor.
1047 4330 1119 4377 vr,
1176 4311 1303 4382 10).
1348 4310 1573 4365 Faciunt
1600 4306 1698 4363 hoc
1725 4308 1874 4362 multi
1934 4326 1947 4361 :
1996 4309 2096 4363 ista

514 4410 713 4465 faciunt
734 4405 821 4476 qui
848 4420 1033 4476 parum
1063 4403 1288 4467 habent,
1319 4409 1373 4456 et
1396 4401 1633 4464 veniunt,
1668 4407 1721 4453 et
1751 4399 1884 4452 fiunt
1908 4412 2096 4468 passe-

514 4512 602 4557 res
629 4500 801 4553 utiles.
825 4492 1007 4552 Minuti
1034 4493 1295 4558 videntur,
1320 4491 1443 4561 quia
1472 4506 1575 4545 non
1620 4490 1816 4544 habent
1860 4488 2097 4543 altitudi-

516 4594 637 4647 nem
659 4588 926 4661 dignitatis
947 4584 1214 4643 schularis
1246 4602 1258 4637 :
1291 4580 1562 4638 nidificant
1589 4582 1644 4636 in
1674 4581 1847 4636 cedris
1890 4581 2096 4637 Libani.

518 4681 727 4739 Etenim
759 4688 812 4737 et
838 4678 983 4736 cedri
1019 4678 1241 4745 Libani,
1273 4675 1478 4730 nobiles
1507 4683 1561 4730 et
1600 4676 1789 4730 divites
1813 4684 1867 4731 et
1901 4676 2099 4731 excelsi

519 4776 677 4846 hujus
712 4774 921 4839 saeculi,
950 4768 1199 4842 quoniam
1246 4782 1367 4824 cum
1396 4768 1585 4823 timore
1609 4767 1863 4833 audiunt,
1917 4766 2103 4823 Beatus

517 4868 603 4938 qui
630 4866 861 4936 intelligit
888 4879 1041 4934 super
1060 4872 1269 4934 egenum
1298 4870 1343 4915 et
1374 4875 1680 4931 pauperem;
1706 4858 1987 4913 attendunt
2013 4862 2101 4914 res

516 4959 660 5026 s'uas,
680 4958 832 5013 villas
852 4970 993 5021 suas,
1018 4962 1069 5009 et
1091 4960 1276 5009 omnes
1288 4950 1585 5022 superﬂuas
1602 4951 1801 5019 copias,
1823 4950 2013 5020 quibus
2032 4950 2103 5004 vi-

516 5048 706 5107 dentur
721 5046 937 5113 excelsi,
960 5054 1012 5101 et
1029 5043 1397 5115 prtehentlllas
1419 5042 1586 5098 servis
1603 5041 1726 5106 Dei;
1767 5040 1894 5094 dant
1923 5056 2100 5111 agros,

516 5144 647 5199 dant
666 5141 866 5207 hortos,
885 5136 1146 5194 aedificant
1181 5136 1451 5202 ecclesias,
1485 5133 1821 5199 monasteria,
1852 5134 2105 5203 colligunt

519 5248 785 5307 passeres,
810 5243 863 5287 ut
888 5233 940 5286 in
966 5229 1142 5286 cedris
1166 5228 1351 5284 Libani
1384 5227 1656 5281 nidificcnt
1683 5240 1942 5295 passeres.
1965 5225 2104 5294 Ergo

526 5321 787 5383 Satiantur
809 5323 946 5377 cedri
976 5323 993 5353 ί
1024 5321 1204 5375 Libani
1224 5336 1347 5391 quas
1364 5320 1607 5391 plantavit
1626 5319 1894 5383 Deminus,
1919 5326 1973 5372 et
2000 5318 2105 5373 illic

524 5430 747 5490 passeres
765 5413 1117 5484 nidiﬁcabunt.
1140 5412 1410 5467 Attendite
1428 5422 1589 5467 totam
1611 5422 1827 5477 terram,
1851 5410 1893 5463 si
1911 5424 2013 5464 non
2035 5409 2104 5464 ita

523 5516 623 5568 est.
653 5508 723 5567 Ut
752 5510 1000 5581 loquerer
1024 5508 1142 5573 ista,
1177 5521 1281 5559 non
1305 5506 1474 5559 solum
1501 5504 1723 5571 credidi,
1754 5502 1849 5558 sed
1874 5512 1926 5556 et
1958 5501 2102 5567 vidi;

529 5598 675 5660 dedit
701 5590 830 5658 mihi
857 5596 1180 5656 intellectum
1209 5598 1377 5669 ipsum
1405 5598 1851 5665 experimentum.
1882 5595 2107 5649 interro-

529 5706 654 5775 gate.
682 5696 965 5753 latissimas
992 5701 1162 5747 terras
1209 5692 1298 5761 qui
1328 5690 1495 5744 nostis
1521 5731 1535 5754 ,
1566 5696 1619 5743 et
1647 5687 1823 5743 videte
1869 5688 1919 5741 in
1949 5702 2107 5760 quam

590 5812 607 5833 ⁸
632 5808 709 5864 ste
732 5814 835 5857 Mss.
866 5812 919 5855 At
939 5804 1071 5857 ιω,ᾶά
1100 5812 1325 5856 Pusseres
1354 5814 1469 5863 ergo
1486 5798 1721 5852 satiantur
1747 5798 1921 5850 cedris.

1750 330 1808 386 S.
1852 322 2215 386 AUGUSTINI
2254 326 2558 387 llPlSCOPl

3641 334 3765 399 1371

2204 451 2383 505 multis
2430 452 2603 507 cedris
2640 451 2826 508 Libani
2857 468 3098 527 passeres
3126 454 3219 525 illi,
3266 454 3331 512 de
3350 454 3544 527 quibus
3571 457 3767 517 locutus

2198 553 2335 607 sum,
2360 542 2654 600 nidiﬁcant.

2270 632 2357 690 l7.
2389 635 2494 691 Sed
2528 647 2722 702 tamen,
2754 637 2944 694 fratres
2973 640 3101 706 mei,
3136 640 3234 710 ipsi
3260 656 3509 712 passeres
3546 643 3590 696 si
3618 643 3765 713 spiri-

2198 727 2363 782 tuales
2393 737 2535 792 sunt,
2582 732 2821 799 quamvis
2856 718 3128 786 nidificent
3154 733 3204 786 in
3233 732 3407 787 cedris
3432 733 3641 799 Libani,
3670 751 3767 791 non

2198 832 2295 889 pro
2332 836 2524 891 magno
2565 822 2764 878 habere
2811 823 3008 879 debent
3037 826 3228 880 cedros
3270 825 3481 891 Libani,
3514 838 3568 881 et
3598 826 3770 896 putare

2198 910 2318 967 illos
2364 929 2482 968 esse
2546 916 2869 983 superiores,
2917 931 2947 970 a
3002 918 3192 986 quibus
3243 933 3429 972 eorum
3486 921 3769 976 necessaria

2198 1006 2550 1075 complentur.
2604 1007 2853 1063 Passeres
2898 1009 3040 1064 enim
3090 1019 3252 1074 sunt;
3288 1009 3391 1065 illae
3430 1020 3607 1066 autem
3636 1013 3769 1067 cedri

2197 1097 2383 1155 Libani
2431 1108 2572 1155 sunt.
2627 1101 2765 1172 Ergo
2795 1102 2965 1174 [ulicrc
3004 1103 3184 1158 domus
3226 1104 3334 1157 dua:
3369 1112 3445 1157 est
3484 1120 3764 1173 passerum.

2196 1188 2449 1258 Quamvis
2480 1191 2530 1245 in
2560 1192 2735 1246 cedris
2758 1192 2943 1247 Libani
2971 1194 3243 1251 nidificent
3265 1209 3533 1265 passeres,
3565 1212 3667 1251 non
3695 1206 3767 1252 ta-

2202 1296 2324 1334 men
2352 1281 2496 1336 cedri
2524 1281 2709 1338 Libani
2751 1285 2914 1339 duces
2948 1295 3071 1340 sunt
3099 1301 3399 1355 passerum.
3450 1287 3589 1343 Ecce
3626 1292 3769 1344 satia-

2196 1372 2392 1428 buntur
2413 1374 2549 1445 ligna
2573 1377 2764 1446 campi,
2787 1390 2973 1432 omnes
3002 1378 3179 1448 populi
3205 1392 3220 1443 ;
3247 1388 3301 1434 ct
3327 1379 3473 1435 cedri
3502 1378 3768 1436 Libanisa-

2195 1464 2486 1534 tiabuntur,
2513 1482 2642 1538 quas
2686 1470 3243 1539 plantavitDominus,
3275 1484 3468 1527 omnes
3507 1471 3701 1527 nobiles
3722 1482 3769 1529 et

2196 1559 2397 1614 e'xcelsi
2430 1558 2634 1615 fideles.
2678 1560 2810 1629 lllic,
2840 1562 2892 1617 id
2919 1563 3079 1618 estin
3108 1563 3279 1618 cedris
3305 1563 3517 1629 Libani,
3543 1579 3769 1634 passeres

2196 1648 2577 1717 nidificabunt;
2633 1653 2941 1722 prtebebunt
2986 1668 3161 1710 ramos
3207 1654 3517 1710 facultatum
3570 1672 3767 1713 suarum

2195 1738 2511 1811 colligendis
2532 1741 2749 1797 minutis
2766 1745 3145 1813 spiritualibus.
3166 1745 3419 1800 Praebent
3441 1746 3560 1811 ista,
3590 1746 3767 1802 faciunt

2196 1829 2313 1885 haec
2339 1830 2484 1885 cedri
2534 1826 2718 1887 Libani
2750 1848 2883 1904 quas
2927 1834 3188 1905 plantavit
3216 1835 3517 1903 Dominus;
3549 1836 3763 1905 faciunt,

2194 1928 2248 1976 et
2276 1920 2502 1977 libenter
2529 1923 2760 1992 faciunt;
2810 1936 3073 1981 noverunt
3098 1927 3225 1997 quid
3254 1926 3488 1993 faciant,
3520 1939 3766 1984 noverunt

2195 2012 2321 2082 quid
2348 2014 2626 2083 accipiant.
2647 2015 2751 2069 Sed
2771 2028 3013 2085 passeres
3042 2018 3282 2087 quamvis
3312 2017 3365 2072 in
3399 2018 3572 2073 cedris
3596 2017 3765 2073 Libani

2194 2104 2561 2174 nidificabunt,
2610 2103 2810 2162 Fulica:
2848 2109 3025 2164 domus
3076 2110 3183 2165 dua:
3211 2121 3281 2164 est
3319 2126 3517 2167 eorum.
3550 2111 3673 2179 Quae
3694 2121 3764 2167 est

2195 2196 2366 2252 fulica:
2394 2198 2617 2255 domus?
2647 2196 2825 2255 Fulica
2849 2243 2864 2268 ,
2896 2202 3032 2257 sicut
3057 2217 3247 2258 omnes
3275 2192 3557 2271 novimus,
3583 2204 3763 2260 marina

2195 2284 2311 2345 avis
2341 2300 2423 2346 est
2446 2309 2459 2357 ;
2485 2292 2571 2347 vel
2616 2294 2668 2347 in
2714 2296 2913 2366 Stagnis
2943 2304 3059 2362 cst,
3092 2296 3174 2351 vel
3203 2297 3254 2351 in
3304 2298 3443 2351 mari
3480 2306 3578 2351 cst.
3616 2297 3765 2352 liabet

2195 2380 2475 2453 quamdam
2529 2386 2746 2442 domum
2794 2403 2898 2442 non
2955 2388 3110 2444 facile
3140 2389 3191 2444 in
3253 2390 3437 2446 littore
3467 2399 3638 2458 terrm,
3687 2398 3765 2444 aut

2197 2491 2463 2546 nunquam
2489 2491 2502 2541 ;
2537 2476 2630 2531 sed
2677 2477 2728 2532 in
2759 2477 2823 2533 iis
2850 2494 2970 2549 quae
3016 2480 3067 2534 in
3096 2480 3267 2536 media
3295 2497 3437 2552 aqua
3466 2491 3619 2535 sunt:
3666 2482 3762 2550 ple-

2196 2568 2418 2638 rumqu‘e
2448 2581 2575 2639 ergo
2604 2568 2655 2623 in
2685 2569 2850 2638 petris
2894 2585 3024 2641 quas
3052 2585 3187 2641 aqua
3230 2572 3551 2627 circumdat.
3582 2571 3765 2627 intelli-

2194 2658 2366 2727 gimus
2420 2674 2545 2729 ergo
2600 2670 2804 2730 petram
2858 2677 2976 2717 esse
3024 2661 3265 2719 idoneam
3317 2665 3494 2719 fulica:
3546 2665 3759 2730 domum,

2195 2752 2452 2820 nusquam
2486 2750 2672 2806 fortius
2693 2761 2745 2808 et
2768 2753 2969 2807 firmius
2996 2753 3217 2819 habitat,
3249 2771 3410 2824 quam
3442 2755 3493 2809 in
3521 2767 3685 2826 petra.
3712 2754 3761 2809 lu

2195 2842 2333 2910 quali
2368 2843 2554 2911 petra?
2580 2840 2635 2897 ln
2681 2846 2813 2898 mari
2842 2846 3147 2899 constituta.
3196 2844 3306 2900 Etsi
3337 2846 3576 2901 tunditur
3612 2845 3764 2900 flucti-

2195 2934 2316 2999 bus,
2352 2933 2549 3005 frangit
2587 2945 2763 2992 tamcn
2793 2936 3005 3002 ﬂuctus,
3035 2952 3139 2992 non
3174 2937 3471 3009 frangitur:
3508 2943 3601 2993 hoc
3623 2938 3763 2993 habet

2198 3040 2441 3095 magnum
2468 3036 2615 3096 petra
2644 3027 2694 3081 in
2725 3028 2855 3081 mari
2881 3031 3187 3083 constituta.
3217 3029 3416 3097 Quanti
3450 3030 3633 3084 [luctus
3652 3042 3763 3085 coh-

2198 3119 2450 3172 tudcrunt
2474 3127 2680 3186 petram
2707 3129 2967 3185 nostram,
3000 3121 3282 3175 Dominum
3313 3119 3625 3175 Christum?
3650 3120 3761 3175 Elisi

2196 3210 2400 3264 suntin
2462 3209 2611 3265 illum
2655 3210 2863 3277 Judaei;
2908 3212 2983 3267 illi
3033 3211 3185 3267 fracti
3229 3223 3386 3279 sunt,
3447 3214 3536 3268 ille
3583 3214 3762 3283 integer

2198 3298 2409 3356 mansit.
2441 3301 2508 3357 Et
2542 3304 2906 3373 unusquisque
2961 3305 3173 3358 imitans
3200 3303 3497 3372 Christum,
3536 3306 3602 3359 ita
3630 3306 3693 3360 sit
3718 3305 3762 3357 in

2197 3393 2299 3448 isto
2327 3394 2521 3448 saeculo
2542 3436 2555 3461 ,
2586 3394 2635 3448 id
2680 3404 2762 3450 est
2789 3394 2842 3448 in
2890 3396 2991 3449 isto
3020 3396 3171 3460 mari,
3207 3395 3294 3449 ubi
3328 3410 3437 3451 non
3466 3404 3634 3466 potest
3676 3394 3762 3450 nisi

2198 3484 2454 3552 procellas
2480 3492 2927 3554 tempestatesque
2951 3486 3170 3553 sentire,
3193 3495 3248 3539 ut
3270 3486 3405 3539 nulli
3434 3495 3588 3541 vento
3607 3483 3759 3551 cedat,

2198 3576 2326 3631 nulli
2358 3575 2557 3642 fluctui,
2585 3577 2677 3631 sed
2706 3578 2885 3631 omnia
2915 3577 3147 3646 excipiat
3174 3620 3188 3643 ,
3216 3586 3270 3633 et
3296 3577 3510 3648 integer
3554 3585 3760 3631 maneat.

2199 3667 2339 3739 Ergo
2368 3666 2539 3722 fulica:
2568 3668 2758 3721 domus
2803 3676 2856 3722 et
2892 3665 3042 3723 fortis
3063 3676 3165 3734 est,
3200 3676 3253 3723 et
3278 3668 3518 3723 humilis.
3546 3668 3651 3722 Non
3678 3666 3762 3720 ha-

2199 3760 2288 3815 bet
2310 3761 2523 3815 domum
2548 3760 2705 3816 fulica
2729 3762 2779 3815 in
2809 3762 3074 3828 excelsis;
3099 3762 3231 3816 nihil
3254 3762 3343 3816 illa
3373 3762 3532 3817 domo
3558 3760 3759 3826 firmius,

2198 3864 2254 3908 et
2281 3852 2411 3907 nihil
2445 3852 2714 3907 humilius.
2748 3853 2803 3906 ln
2836 3852 3010 3908 cedris
3037 3851 3249 3922 quidem
3287 3852 3566 3908 nidificant
3607 3865 3763 3922 passe-

2198 3952 2306 4009 res,
2366 3954 2580 4014 propter
2627 3956 2943 4012 praesentem
2981 3946 3352 4000 necessitatem
3398 3963 3409 3999 :
3448 3945 3538 4001 sed
3585 3952 3763 4014 petram

2201 4036 2341 4089 illam
2372 4034 2565 4091 habent
2593 4033 2805 4102 ducem,
2834 4050 2953 4105 quae
2987 4032 3235 4092 fluctibus
3266 4036 3509 4091 tunditur
3538 4080 3551 4104 ,
3580 4044 3629 4090 et
3672 4048 3761 4087 non

2202 4128 2489 4198 frangitur;
2544 4122 2819 4183 imitantur
2867 4128 3008 4182 enim
3052 4126 3251 4181 Christi
3296 4129 3588 4197 passiones.
3632 4125 3693 4179 Et
3724 4122 3761 4178 si

2202 4206 2336 4273 forte
2366 4219 2508 4273 cedri
2541 4216 2728 4273 Libani
2772 4219 2920 4273 irata:
2950 4217 3166 4285 fuerint,
3198 4225 3251 4273 et
3279 4216 3478 4289 aliquid
3524 4214 3761 4272 molestia)

2211 4310 2295 4364 vel
2325 4309 2558 4365 scandali
2585 4310 2755 4365 servis
2792 4308 2884 4363 Dei
2924 4309 2975 4363 in
3010 4308 3171 4364 ramis
3230 4310 3339 4363 suis
3379 4305 3759 4367 commoverint,

2208 4400 2463 4455 volabunt
2488 4398 2699 4471 quidem
2729 4399 2852 4455 inde
2885 4414 3164 4470 passeres;
3198 4400 3289 4455 sed
3320 4416 3402 4455 va:
3430 4398 3588 4455 cedro
3611 4408 3761 4452 rema~

2204 4495 2347 4549 ncnti
2375 4495 2491 4549 sine
2522 4492 2659 4549 nidis
2682 4506 2976 4565 passerum.
2998 4494 3250 4549 Passeres
3278 4494 3421 4549 enim
3450 4509 3550 4547 non
3575 4487 3761 4545 naufra-

2203 4587 2418 4658 gabunt,
2440 4602 2545 4641 non
2569 4586 2845 4657 peribunt;
2866 4587 2984 4657 quia
3007 4587 3173 4658 fulica:
3186 4585 3365 4639 domus
3382 4585 3488 4638 dua:
3503 4592 3571 4637 est
3588 4594 3757 4635 eorum.

2277 4676 2361 4731 l8.
2391 4674 2539 4749 [vers.
2574 4675 2686 4751 l8.]
2724 4675 2860 4745 Quid
2905 4691 3033 4748 ergo
3083 4673 3358 4748 sequitur?
3392 4673 3587 4729 Montes
3632 4668 3757 4723 altis-

2205 4764 2323 4822 simi
2342 4769 2517 4822 cervis.
2550 4766 2729 4835 Cervi,
2760 4768 2956 4839 magni,
2989 4767 3313 4838 spiritualcs,
3347 4763 3757 4821 transcendentes

2207 4858 2258 4911 in
2289 4869 2444 4913 cursu
2474 4858 2648 4913 omnia
2676 4858 2887 4929 spinosa
2916 4861 3155 4929 veprium
3187 4866 3344 4927 atque
3370 4858 3633 4911 silvarum.
3676 4845 3760 4914 Qui

2208 4950 2422 5020 perﬁcit,
2454 4949 2642 5020 inquit,
2672 4948 2821 5018 pedes
2846 4966 2982 5004 meos
3009 4948 3141 5004 sicut
3173 4948 3321 5013 cervi,
3351 4958 3395 5003 et
3421 4948 3566 5018 super
3588 4941 3759 4999 excelsa

2206 5050 2387 5095 statuet
2432 5058 2511 5095 me
2546 5041 2884 5112 (Psal.xvu,
2914 5042 3025 5113 '54).
3079 5040 3317 5096 Teneant
3362 5048 3567 5095 montes
3620 5033 3753 5094 altos,

2208 5134 2309 5187 alta
2340 5142 2600 5203 przccepta
2635 5134 2758 5199 Dei;
2790 5133 3034 5188 sublimia
3065 5134 3315 5203 cogitent,
3350 5136 3559 5188 teneant
3583 5142 3637 5181 ca
3657 5135 3757 5193 qua“:

2212 5226 2437 5279 multum
2469 5225 2705 5280 eminent
2736 5226 2787 5279 in
2816 5224 3125 5294 Scripturis,
3168 5222 3523 5294 justificentur
3549 5221 3593 5272 in
3626 5226 3756 5269 sum-

2211 5317 2310 5370 mis
2336 5333 2346 5367 :
2376 5316 2553 5369 cervis
2580 5316 2720 5369 enim
2769 5324 2892 5369 sunt
2917 5315 2993 5369 illi
3039 5324 3246 5368 montes
3271 5311 3526 5367 altissimi.
3556 5304 3677 5375 Quid
3701 5300 3756 5354 ἀΰ

2213 5408 2499 5463 humilibus
2545 5407 2771 5462 bestiis?
2821 5407 2947 5477 quid
2991 5406 3057 5461 de
3082 5407 3306 5475 lepore?
3334 5403 3455 5475 quid
3482 5401 3544 5455 de
3580 5387 3756 5451 ericio?

2212 5503 2387 5571 Lepus
2417 5502 2674 5555 minutum
2720 5500 2914 5553 animal
2954 5505 3008 5554 et
3050 5498 3338 5560 infirmum,
3388 5492 3572 5549 ericius
3618 5485 3753 5540 etiam

2212 5596 2484 5661 spinosum
2518 5595 2534 5624 ¹
2570 5608 2582 5644 :
2618 5592 2745 5646 illud
2792 5592 2986 5646 animal
3018 5590 3279 5654 timidum,
3310 5587 3433 5644 illud
3455 5579 3634 5637 animal
3659 5574 3755 5641 spi-

2216 5687 2299 5741 nis
2319 5694 2650 5754 coepcrtum.
2675 5682 2853 5753 Spintc
2882 5682 3010 5753 quid
3056 5683 3376 5753 signiﬁcant,
3403 5675 3500 5731 nisi
3541 5672 3734 5743 peccato

2284 5799 2297 5828 ¹
2326 5796 2409 5845 ilic
2430 5796 2479 5845 in
2494 5793 2603 5843 ωδ.
2629 5792 2835 5857 additur,
2858 5793 3011 5844 minor
3035 5807 3215 5855 eorum,
3241 5792 3368 5856 quod
3390 5802 3416 5838 a
3442 5792 3541 5836 Mss.
3565 5781 3701 5829 abest-
