4088 6444
446 394 583 457 i373

444 510 566 568 res?
591 509 694 576 Qui
725 514 919 579 peccat
941 504 1198 578 quotidie,
1221 503 1553 561 etiamsinon
1579 520 1766 574 magna
1795 514 2032 573 peccata,

448 600 823 659 minutissimis
852 586 1021 669 Spiuis
1048 604 1329 665 c00pertus
1367 604 1468 650 est.
1503 590 1557 648 in
1590 610 1654 649 co
1686 594 1825 665 quod
1856 594 2034 662 timet,

432 694 593 767 ‘lepus
620 704 733 757 est;
765 694 818 747 in
848 708 913 747 eo
940 691 1080 763 quod
1110 688 1475 743 minutissimis
1506 688 1739 758 peccatis
1766 686 2024 757 operitur,

440 788 639 845 ericius
671 786 756 841 est
788 803 800 837 :
828 794 880 839 ct
913 798 1017 837 non
1048 789 1223 853 potest
1265 789 1447 835 tenere
1472 780 1678 833 excelsa
1711 778 1796 832 illa
1829 786 1882 832 et
1913 793 2033 847 pcr-

436 880 579 935 100111
611 882 899 948 priccepta.
934 864 1011 929 illi
1039 874 1177 927 enim
1222 880 1410 925 montes
1432 869 1667 924 altissimi
1693 866 1879 923 cervis.
1899 866 2035 935 Quid

446 972 611 1042 ergo?
641 970 727 1025 isti
762 967 1024 1039 pereunt?
1068 962 1203 1021 Non.
1235 962 1324 1021 Sic
1374 964 1514 1019 enim
1561 973 1753 1017 montes
1803 960 2035 1015 altissimi

436 1065 624 1129 cervis,
656 1070 801 1117 utet
838 1060 921 1115 his
970 1058 1148 1113 videas
1199 1053 1322 1127 quid
1362 1064 1616 1125 sequatur
1656 1053 1851 1109 :Petra
1893 1058 2033 1125 refu-

445 1157 584 1227 gium
610 1149 778 1209 ericii:
802 1162 848 1207 et
876 1150 1143 1221 leporibus.
1174 1148 1307 1217 Quia
1332 1147 1499 1202 factus
1526 1154 1606 1202 cst
1650 1145 1910 1201 Dominus
1943 1150 2032 1198 re-

446 1248 647 1319 fugium
678 1244 897 1317 pauperi
923 1241 1090 1315 (Psal.
1120 1256 1192 1305 ις,
1220 1239 1329 1309 10).
1357 1234 1532 1293 Ponus
1560 1244 1765 1307 petram
1804 1236 1948 1289 illam
1980 1234 2033 1289 111

434 1348 612 1404 terra,
642 1337 907 1406 refugium
930 1334 1011 1389 est
1039 1328 1215 1388 erieiis
1254 1338 1310 1385 et
1343 1329 1615 1400 leporibus
1648 1345 1661 1381 :
1689 1336 1854 1397 ponas
1889 1325 2031 1380 illam

438 1431 497 1486 in
532 1429 689 1494 mari,
720 1427 912 1483 domus
937 1424 1017 1480 est
1040 1424 1231 1479 fulicae.
1263 1420 1468 1491 Ubique
1502 1420 1648 1474 utilis
1680 1422 1848 1489 petra.
1880 1418 1945 1472 Et
1980 1417 2031 1473 in

446 1518 853 1588 montibusipsa
881 1510 1023 1570 Utilis
1050 1532 1061 1567 :
1094 1518 1304 1568 montes
1337 1511 1451 1567 sine
1475 1519 1639 1580 petra)
1686 1508 2032 1564 fundamento

442 1619 673 1668 ruerent
712 1610 777 1664 in
817 1606 1155 1679 profundum.
1182 1602 1370 1659 Nonne
1402 1602 1716 1674 jamdudum
1749 1602 1814 1656 de
1840 1600 2033 1655 monti-

430 1705 547 1761 ‘bus
602 1702 926 1758 dicebatur:
962 1694 1080 1752 Illic
1115 1698 1339 1751 volatilia
1379 1696 1490 1749 caeli
1538 1692 1920 1757 inhabitabant,-
1972 1688 2034 1747 de

447 1795 615 1850 medio
634 1801 891 1864 petrarum
918 1790 1107 1843 dabunt
1134 1805 1274 1842 voces
1304 1803 1420 1841 suas
1439 1788 1464 1840 ?
1490 1784 1700 1857 Ubique
1725 1800 1851 1854 ergo
1876 1784 2023 1853 petra

447 1886 708 1955 refugium
762 1886 999 1937 nostrum
1047 1879 1203 1934 :sive
1258 1878 1309 1932 in
1360 1877 1631 1932 montibus
1687 1875 1895 1930 excelsa
1940 1873 2029 1938 sit,

436 1981 563 2036 sive
584 1981 636 2034 in
678 1979 812 2033 mari
838 1976 1087 2031 tundatur
1108 1972 1377 2040 ﬂuetibus,
1409 1987 1513 2025 non
1543 1968 1815 2040 frangatur
1851 1969 1891 2035 ¹,
1921 1967 2032 2022 sive

448 2076 669 2130 interra
696 2064 987 2134 solidetur;
1018 2062 1083 2122 ad
1109 2067 1251 2121 illam
1296 2063 1458 2129 cervi,
1480 2060 1544 2117 ad
1584 2062 1725 2116 illam
1758 2059 1932 2127 fulica,
1965 2059 2031 2114 ad

440 2166 592 2220 illam
624 2164 779 2233 lepus
808 2171 862 2218 et
901 2158 1111 2220 ericius.
1154 2155 1399 2211 Tundant
1452 2162 1667 2226 pectora
1708 2152 1936 2222 lepores,
1979 2159 2033 2204 et

445 2257 597 2313 ericii
640 2256 998 2310 confiteantur
1039 2258 1253 2320 peccata
1300 2262 1433 2301 sua:
1471 2246 1595 2299 licet
1637 2243 1874 2313 cooperti
1924 2242 2031 2296 sint

439 2348 668 2403 minutis
694 2344 908 2417 quidem
938 2328 1363 2412 quotidianisque
1402 2337 1667 2408 peccatis;
1690 2346 1795 2389 non
1833 2335 1911 2391 eis
1952 2345 2027 2389 ta-

448 2438 569 2495 men
595 2438 751 2494 deest
782 2446 952 2506 petra,
983 2449 1098 2504 qua:
1126 2433 1244 2487 illos
1267 2430 1448 2485 docuit
1473 2429 1671 2492 dicere,
1700 2425 1906 2481 Dimitte
1934 2432 2029 2479 no-

448 2534 519 2588 bis
544 2533 711 2587 debita
731 2539 925 2593 nostra,
954 2529 1081 2581 sicut
1102 2536 1146 2580 et
1170 2540 1259 2579 nos
1286 2523 1580 2577 dimittimus
1611 2519 1913 2574 debitoribus
1940 2536 2031 2573 no-

448 2626 559 2678 stris
613 2622 828 2694 (Mattlt.
857 2618 1073 2691 1’1,12).
1098 2616 1254 2671 Petra
1291 2615 1543 2687 refugium
1590 2613 1752 2667 ericiis
1799 2621 1844 2665 et
1893 2612 2031 2681 lepo-

446 2717 601 2770 ribus.

514 2807 606 2862 19.
640 2803 790 2878 {vers}.
824 2797 937 2873 i9.]
974 2800 1113 2855 Fecit
1156 2799 1328 2853 lunam
1367 2798 1421 2851 in
1467 2806 1713 2866 tempora.
1773 2791 2031 2861 intelligi-

448 2894 938 2966 mus'Spiritualiter
991 2891 1282 2946 Ecclesium
1325 2882 1749 2943 0105001110111110
1784 2883 2025 2948 minimo,

444 3001 501 3047 et
524 2994 625 3045 ista
649 2988 977 3043 1110110111010
1006 2988 1128 3039 vitae
1176 2979 1569 3053 quodammodo
1619 2985 2025 3041 senescentem;

446 3084 539 3139 sed
584 3092 643 3135 ut
682 3080 1010 3151 propinquet
1054 3075 1119 3130 ad
1144 3075 1335 3130 solem.
1372 3072 1487 3127 Non
1526 3071 1677 3125 istam
1706 3070 1884 3123 lunam
1912 3064 2030 3120 dico

444 3177 713 3231 visibilem
765 3172 955 3238 oculis,
986 3169 1077 3226 sed
1126 3183 1244 3239 qua:
1275 3167 1377 3221 hoc
1422 3160 1637 3220 nomine
1683 3163 2027 3232 significatur.

442 3270 549 3325 ista
572 3265 791 3339 quando
834 3264 1059 3319 obseura
1104 3268 1218 3316 erat
1266 3250 1523 3323 Ecclesia,
1556 3255 1766 3327 quando
1794 3248 2029 3308 nondum

440 3360 758 3432 apparebat,
780 3355 1014 3411 nondum
1034 3352 1321 3416 eminebat,
1352 3349 1742 3405 seducehantur
1760 3344 2026 3408 homines,

438 3428 501 3507 ei
520 3428 824 3513 dicebatur,
851 3446 978 3501 Htce
1020 3453 1105 3500 051
1147 3442 1403 3507 Ecclesia,
1436 3439 1521 3493 hic
1548 3447 1630 3493 est
1673 3428 1946 3498 Christus;
1978 3443 2032 3486 ut

444 3545 743 3616 ugittamtt
782 3541 835 3594 in
863 3538 1071 3593 obscura
1114 3538 1234 3590 lana
1277 3541 1435 3587 rectos
1479 3532 1625 3586 card.
1672 3528 1838 3603 (Psaf.
1864 3544 1919 3592 x,
1951 3521 2028 3597 3);

446 3636 605 3693 Modo
632 3646 792 3705 quam
821 3637 995 3687 0000115
1019 3638 1101 3684 051
1126 3628 1214 3699 qui
1238 3627 1392 3697 plena
1416 3626 1538 3679 luna
1574 3623 1749 3678 errat?
1778 3619 1922 3676 Fecit
1951 3621 2031 3673 In.

445 3742 566 3782 mn
580 3728 633 3780 in‘
655 3730 898 3793 tempora.
916 3721 1011 3775 Hie
1027 3720 1167 3776 enim
1194 3728 1295 3773 tem
1305 3716 1553 3787 peraliter
1570 3715 1758 3769 transit
1773 3711 2028 3776 Ecclesia;

446 3830 555 3875 nm
576 3818 720 3873 enim
747 3815 834 3870 hic
862 3815 963 3869 erit
1005 3808 1217 3881 semper
1263 3810 1361 3864 ista
1398 3808 1696 3862 mortalitas
1727 3822 1739 3858 :
1770 3803 1949 3871 augeri
1978 3804 2032 3857 et

440 3912 621 3969 minui
664 3908 948 3979 aliquando
1001 3904 1324 3968 transibit';
1358 3904 1408 3957 in
1458 3908 1695 3969 tempora
1750 3898 1884 3951 facta
1927 3904 2026 3949 est.

447 4003 548 4060 Sat
590 4001 791 4073 agnovit
829 4012 1062 4053 occasum
1102 4008 1269 4050 suum.
1294 3993 1363 4047 Et
1405 3991 1491 4046 hic
1516 3990 1633 4061 quis
1668 3989 1768 4054 soi,
1810 3987 1911 4041 nisi
1945 3983 2027 4039 sol

442 4096 543 4154 ille
569 4093 806 4165 iustitiae,
829 4103 985 4161 quem
1012 4084 1112 4143 sibi
1154 4100 1262 4142 non
1287 4093 1463 4139 ortum
1508 4082 1657 4152 impii
1705 4080 1949 4150 plangunt
1980 4078 2031 4131 in

442 4188 541 4244 1110
564 4185 786 4257 iudicii?
812 4183 913 4253 Qui
940 4182 1130 4238 dicturi
1174 4188 1299 4235 sunt
1332 4178 1383 4233 in
1410 4166 1498 4231 illo
1525 4176 1626 4240 die,
1676 4172 1816 4245 Ergo
1847 4170 2035 4227 erravi-

442 4294 565 4333 mus
583 4296 615 4332 a
636 4280 714 4332 via
733 4277 974 4341 veritatis,
1006 4284 1052 4328 et
1069 4273 1286 4345 justitiat
1319 4271 1483 4324 lumen
1505 4280 1606 4322 non
1635 4268 1761 4321 luxit
1790 4264 1947 4328 nobis,
1988 4274 2033 4319 et

440 4372 532 4426 sol
557 4386 657 4425 non
692 4370 830 4425 ortas
854 4378 924 4423 est
946 4368 1085 4422 nobis
1117 4366 1274 4437 (Sap.
1307 4378 1363 4428 ν,
1394 4362 1473 4435 6).
1511 4362 1567 4415 Εἰ
1600 4360 1678 4415 sol
1708 4360 1806 4414 iste
1833 4359 2026 4425 oritur,

437 4464 546 4535 qui
573 4462 815 4531 intelligit
840 4459 1134 4514 Christum.
1177 4454 1400 4511 Recedlt
1441 4463 1616 4507 autem
1660 4451 1728 4504 ab
1756 4446 2027 4504 intellectu

442 4555 573 4623 ejus
592 4553 853 4611 CbriStus.
890 4550 977 4619 qui
1013 4550 1090 4604 sic
1112 4544 1274 4602 iratus
1303 4543 1461 4600 100111
1491 4542 1637 4597 fratri
1683 4556 1800 4607 suo,
1851 4547 1907 4593 ut
1953 4546 2031 4592 1οδ

446 4653 584 4701 neat
606 4645 806 4699 odium.
834 4638 1011 4712 itaque
1050 4638 1345 4705 irascimini,
1374 4646 1422 4691 et
1448 4636 1602 4689 nolite
1631 4646 1837 4706 peccare
1863 4629 2032 4701 (Ptol.

446 4752 534 4802 tv,
564 4737 640 4807 5).
672 4734 916 4791 Charitas
935 4733 1035 4788 etsi
1057 4731 1303 4785 irascitur
1344 4725 1648 4797 aliquando,
1699 4733 1755 4779 ut
1784 4724 2031 4793 corrigat,

444 4842 563 4885 non
589 4837 793 4883 tenetur
811 4840 931 4891 rea;
958 4825 1081 4896 quia
1104 4828 1209 4879 11011
1240 4820 1548 4876 inveteraVit
1576 4819 1672 4883 ira,
1713 4824 1770 4872 ut
1798 4822 2036 4871 vertere-

450 4930 546 4976 tur
570 4920 623 4974 in
653 4919 850 4975 odium.
877 4917 932 4973 Si
958 4924 1137 4971 autem
1168 4915 1246 4968 ira
1272 4926 1530 4967 c0nversa
1563 4908 1723 4964 fuerit
1746 4922 1799 4961 111
1830 4902 2031 4973 odium,

446 5014 653 5070 occidit
695 5013 778 5068 sol
827 5025 992 5082 super
1022 5002 1348 5063 iracundiam
1401 5010 1654 5058 vestram.
1706 5000 1827 5053 Non
1880 4998 2036 5068 igitur

447 5104 656 5159 occidat
678 5102 759 5158 sol
794 5116 945 5173 super
978 5098 1299 5153 iracundiam
1336 5103 1546 5149 vestram
1582 5090 1793 5163 (Epltes.
1829 5104 1898 5156 tv,
1922 5086 2031 5159 9.6).

529 5194 619 5249 20.
646 5193 754 5249 Nec
781 5192 993 5264 putetis,
1021 5190 1231 5254 fratres,
1263 5186 1382 5240 ideo
1408 5183 1657 5238 nonnulis
1708 5182 1875 5235 solem
1918 5193 2036 5234 esse

453 5287 813 5352 adorandum,
854 5286 976 5357 quia
1006 5284 1086 5338 sol
1140 5283 1194 5337 in
1232 5277 1522 5350 Scripturls
1554 5276 1836 5347 aliquando
1880 5274 2035 5328 Chri-

452 5389 604 5438 stum
626 5379 905 5451 signiﬁcat.
954 5377 1098 5431 Talis
1119 5384 1202 5431 est
1235 5375 1375 5428 enim
1415 5371 1679 5425 dementia
1729 5370 2035 5433 hominum;

452 5470 614 5541 quasi
651 5469 977 5524 adorandum
1033 5465 1227 5535 aliquid
1280 5463 1511 5528 dicatur,
1541 5472 1659 5514 00111
1704 5457 1917 5525 dicitur,
1946 5459 2039 5513 Sol

454 5561 731 5617 Christum
780 5559 1062 5630 signiﬁcat.
1116 5556 1290 5611 Adora
1345 5567 1474 5624 ergo
1526 5560 1582 5606 et
1641 5557 1862 5621 petram,
1917 5550 2039 5620 quia

457 5654 729 5710 Christum
770 5652 1031 5722 significat
1075 5650 1113 5721 (l
1142 5647 1260 5703 Cor.
1284 5664 1340 5713 Χ,
1364 5645 1444 5717 ti).
1484 5646 1626 5697 Sicut
1670 5642 1771 5696 ovis
1792 5642 1857 5694 ad
1902 5641 2041 5694 victi-

526 5772 541 5802 ί
566 5771 637 5819 Sic
652 5773 727 5817 Er.
749 5762 892 5831 Lugd.
918 5772 1086 5831 Venet.
1108 5768 1215 5831 Lovj.
1243 5770 1290 5810 10
1308 5768 1384 5831 0.,
1407 5759 1781 5831 fi'angatur.“M.

442 5830 478 5950 ἰ
797 5819 850 5880 Si
872 5829 1002 5878 add;
1034 5826 1203 5892 augeri
1218 5832 1263 5876 et
1287 5819 1435 5875 minus
1458 5819 1620 5888 poiest,
1644 5819 1904 5884 aliquanto
1926 5831 2038 5886 per-

481 5911 506 5947 r
691 5932 701 5943 .

481 5911 701 5947 ναηδιυιι.

1586 387 1980 465 ENARRATIO
2017 386 2084 445 lN
2123 386 2440 451 PSALMUM
2478 394 2605 453 Clli.

3579 396 3717 459 1571

2147 526 2279 562 mam
2307 512 2483 567 ductus
2525 523 2595 568 est
2626 513 2774 585 (lsai.
2817 514 2925 579 Llit.
2960 516 3033 586 7);
3085 516 3246 579 adora
3294 526 3346 573 et
3389 533 3563 585 ovem,
3595 522 3717 590 quia

2141 598 2405 657 Christum
2426 603 2702 673 significat.
2718 598 2845 659 Vicit
2862 605 2935 660 leo
2957 606 3018 661 de
3044 608 3171 662 tribu
3192 607 3333 663 Juda
3357 610 3536 682 (Apoc.
3560 628 3612 675 ν,
3636 612 3713 683 5);

2141 693 2304 749 adora
2348 704 2401 749 et
2446 695 2674 763 leonem,
2732 698 2853 767 quia
2903 698 3169 753 Christum
3216 694 3498 770 significat.
3528 692 3717 756 Videte
3764 762 3765 769 η

2140 801 2298 856 quam
2339 786 2503 841 multa
2557 786 2825 844 Christum
2876 788 3196 861 signiﬁCent;
3230 792 3405 846 omnia
3436 793 3531 848 ista
3563 784 3719 849 Chri-
3760 789 3790 855 ἷζ

2138 888 2251 933 stus
2280 879 2330 932 in
2363 878 2724 947 similitudine,
2762 898 2864 935 non
2897 860 2950 936 in
2981 882 3319 952 proprietate.
3352 883 3556 952 Quaeris
3594 899 3717 954 pro-

2138 968 2415 1040 prietatcm
2438 969 2669 1027 Christi?
2700 970 2762 1026 In
2789 973 3035 1043 principio
3074 969 3177 1027 erat
3222 973 3453 1041 Verbum,
3496 984 3541 1029 et
3586 972 3717 1028 Ver-

2139 1061 2253 1115 bum
2294 1062 2398 1117 erat
2434 1064 2577 1133 apud
2609 1063 2784 1118 Deum.
2821 1064 2959 1120 Ecce
3002 1066 3295 1139 proprietas
3345 1064 3575 1133 Christi,
3622 1082 3717 1136 per

2136 1171 2294 1227 quam
2326 1156 2492 1211 factus
2531 1171 2608 1213 es.
2638 1154 2728 1210 Vis
2755 1155 2937 1212 audire
2958 1166 3011 1213 et
3038 1150 3413 1230 proprietatem
3441 1174 3532 1227 per
3557 1152 3715 1227 quam

2132 1249 2362 1317 refectus
2390 1250 2483 1305 es?
2520 1247 2586 1305 Et
2623 1246 2833 1331 Verbum
2855 1266 2969 1303 caro
2992 1253 3181 1322 factum
3214 1261 3307 1316 est,
3336 1260 3380 1303 et
3406 1248 3639 1313 habitavit
3664 1250 3715 1305 in

2136 1342 2276 1397 nobis
2308 1341 2485 1415 (Joan.
2519 1359 2556 1409 1,
2589 1342 2639 1407 1,
2672 1342 2781 1410 id).
2815 1340 3015 1397 thtera
3061 1337 3435 1397 similitudines
3462 1350 3601 1396 sunt.
3634 1332 3715 1396 in-

2137 1437 2334 1507 1011180,
2386 1445 2501 1491 esto
2538 1430 2821 1504 Scriptum
2852 1450 3040 1503 capax,
3073 1444 3131 1491 ut
3171 1424 3312 1493 aliud
3344 1433 3524 1490 videas
3559 1433 3716 1503 objici

2124 1530 2303 1609 oculis
2336 1528 2456 1594 tuis,
2488 1526 2630 1583 aliud
2658 1526 2801 1581 innui
2833 1525 2977 1581 cordi
3002 1535 3109 1582 tuo.

2200 1618 2292 1680 21.
2329 1623 2417 1678 Sol
2442 1637 2567 1692 ergo
2596 1621 2705 1686 ille,
2733 1620 2842 1690 jam
2882 1618 3053 1679 securi
3092 1618 3337 1684 dicimus,
3380 1615 3457 1672 sol
3492 1615 3579 1671 ille
3625 1614 3712 1686 ju-

2132 1719 2316 1783 5111110,
2362 1732 2467 1770 11011
2519 1716 2635 1769 51110
2681 1728 2839 1767 causa
2886 1708 3059 1781 impiis
3093 1727 3195 1769 non
3240 1710 3424 1775 oritur,
3476 1709 3576 1764 etsi
3611 1724 3712 1763 vo-

2138 1810 2254 1864 lunt
2288 1827 2299 1861 :
2330 1808 2442 1878 ipsa
2475 1807 2618 1861 enim
2660 1804 2927 1874 Sapientia
2959 1803 3105 1869 dicit,
3143 1803 3378 1870 Quaerent
3402 1818 3479 1854 me
3496 1798 3638 1865 ntali,
3663 1808 3709 1857 ct

2128 1917 2236 1955 non
2277 1899 2546 1953 invenient.
2590 1897 2845 1962 Quaerant,
2890 1903 2935 1948 et
2981 1910 3079 1947 non
3108 1891 3374 1946 invenient.
3404 1890 3471 1945 Et
3510 1888 3712 1960 quare?

2135 1990 2372 2047 Oderunt
2425 1989 2567 2044 enim
2598 1976 2932 2059 sapientiam.
2986 1984 3102 2055 ipsa
3157 1981 3424 2052 Sapientia
3454 1981 3707 2050 loquitur,

2130 2094 2187 2139 et
2216 2084 2340 2139 dicit
2372 2100 2383 2135 :
2416 2070 2652 2147 Qua'rent
2690 2096 2767 2133 me
2812 2078 2954 2144 mali,
2988 2087 3032 2131 et
3056 2093 3155 2129 non
3180 2075 3455 2139 invenient;
3498 2073 3713 2128 oderunt

2134 2176 2267 2229 enim
2293 2172 2593 2243 sapientiam
2627 2169 2804 2244 (Prov.
2833 2185 2870 2233 1,
2902 2154 2993 2235 28,
3027 2155 3142 2239 '29).
3187 2160 3241 2221 Si
3291 2181 3418 2236 ergo
3462 2164 3709 2231 oderunt,

2134 2282 2296 2338 quare
2316 2262 2597 2334 quaerunt?
2627 2262 2903 2328 Quaerunt,
2930 2274 3034 2315 non
3064 2267 3120 2313 ut
3147 2257 3409 2322 fruantur,
3439 2256 3528 2310 sed
3554 2265 3610 2309 ut
3630 2253 3712 2309 in-

2135 2358 2363 2421 ﬂentur;
2396 2346 3012 2425 quaeruntscrmonibus,
3044 2348 3270 2404 oderunt
3301 2347 3556 2402 moribus.
3588 2344 3711 2417 Spi-

2131 2452 2257 2506 ritus
2277 2450 2409 2504 enint
2436 2458 2638 2503 sanctus
2667 2445 2948 2517 disciplima
2974 2442 3127 2515 fugiet
3156 2442 3349 2511 ﬁctum,
3382 2450 3426 2495 et
3452 2440 3641 2510 auferet
3663 2454 3713 2493 sc

2131 2559 2165 2596 α
2192 2539 2574 2612 cogitationibus
2620 2554 2732 2609 qua:
2776 2547 2892 2591 sunt
2938 2536 3043 2589 sine
3077 2533 3330 2587 intellectu
3378 2526 3530 2604 (Sap.
3560 2546 3598 2596 1,
3629 2530 3707 2600 5).

2132 2634 2247 2689 Non
2279 2647 2405 2703 ergo
2433 2631 2516 2687 sol
2543 2627 2629 2684 ille
2660 2628 2829 2684 oritur
2852 2626 3047 2695 impiis,
3079 2640 3182 2677 non
3224 2623 3390 2677 oritur
3436 2619 3609 2674 malis.
3644 2621 3712 2673 At

2130 2741 2260 2789 vero
2290 2724 2357 2779 de
2397 2724 2499 2778 isto
2542 2722 2655 2777 sole
2697 2716 2824 2790 quid
2873 2717 3071 2772 dictum
3116 2713 3230 2770 est?
3277 2713 3377 2780 Qui
3412 2713 3532 2783 facit
3557 2711 3713 2765 solem

2132 2836 2280 2872 suum
2321 2818 2439 2871 oriri
2487 2832 2637 2885 super
2674 2812 2828 2867 bonos
2861 2821 2904 2866 et
2944 2810 3125 2875 malos,
3155 2816 3199 2862 et
3222 2807 3346 2878 pluit
3381 2822 3530 2876 super
3544 2805 3713 2874 justas

2112 2904 2179 2963 ~et
2206 2910 2419 2979 injustas
2456 2898 2667 2977 (Matth.
2702 2920 2757 2969 ν,
2786 2902 2899 2973 45).
2932 2896 3071 2973 Ergo
3117 2896 3184 2953 dc
3215 2894 3305 2951 illo
3346 2896 3458 2950 sole
3493 2894 3711 2964 justitizn

2133 3001 2314 3055 nescio
2340 2996 2466 3068 quid
2495 2995 2754 3067 signiﬁcat
2774 2993 3010 3065 psalmus
3036 2992 3137 3045 iste
3173 2986 3463 3043 secundum
3515 2992 3713 3056 mystcc

2133 3092 2298 3156 rium;
2331 3106 2451 3144 nam
2489 3087 2732 3142 videmus
2770 3085 2872 3139 ista
2916 3078 3029 3138 ﬁeri
3077 3082 3127 3136 in
3160 3080 3399 3135 creatura
3426 3075 3587 3131 etiam
3618 3090 3703 3128 se-

2134 3183 2363 3240 cundum
2412 3181 2644 3251 speciem
2686 3174 2861 3232 rerum
2908 3171 3191 3229 visibilium
3228 3190 3239 3224 :
3271 3168 3365 3225 Sol
3397 3164 3711 3238 (1911001100-

2133 3284 2305 3332 casum
2343 3290 2510 3328 suum.
2550 3270 2689 3337 Quid
2716 3278 2814 3333 est,
2859 3264 2956 3321 Sol
2999 3262 3199 3335 agnovit
3250 3274 3483 3314 occasum
3527 3250 3712 3309 suum?

2134 3370 2380 3427 Christus
2422 3365 2635 3437 agnovit
2667 3360 2964 3434 passionem
3005 3370 3154 3412 suam
3186 3373 3197 3407 :
3224 3368 3445 3409 occasus
3492 3347 3711 3417 Christi,

2135 3461 2312 3534 passio
2334 3456 2552 3513 Christi.
2586 3448 2689 3510 Sed
2734 3448 2989 3522 numquid
3018 3444 3095 3503 sic
3137 3446 3217 3501 sol
3257 3441 3467 3507 occidit,
3502 3448 3557 3496 ut
3606 3446 3711 3493 non

2135 3550 2373 3607 oriatur?
2400 3545 2662 3618 Numquid
2687 3545 2771 3616 qui
2793 3542 2996 3609 dormit,
3029 3557 3127 3595 non
3166 3538 3369 3609 adjiciet
3405 3544 3455 3587 ut
3486 3536 3714 3602 resurgat

2136 3638 2303 3717 (Psal.
2338 3659 2425 3710 XL,
2454 3643 2537 3714 9)?
2568 3634 2745 3696 nonne
2782 3639 2895 3708 ipse
2919 3634 3072 3703 dixit,
3104 3628 3330 3686 θοι-111ἱυί
3354 3626 3615 3683 turbatus?
3659 3624 3714 3679 et

2135 3706 2312 3793 deillo
2338 3706 2534 3791 dictum
2571 3743 2672 3801 est,
2699 3706 2939 3786 Era—llare
2963 3722 3114 3798 super
3164 3724 3331 3787 caelos,
3364 3719 3501 3774 Deus
3543 3706 3711 3788 (Psal.

2135 3848 2240 3896 Lvt,
2270 3831 2324 3896 5,
2355 3828 2445 3900 6)?
2494 3824 2658 3898 Ergo,
2710 3821 2805 3878 Sol
2841 3819 3040 3892 agnovit
3085 3831 3317 3870 occasum
3368 3814 3511 3865 situm
3542 3826 3558 3862 :
3589 3805 3715 3877 quid

2135 3933 2237 3990 est,
2266 3920 2505 3992 agnovit?
2536 3913 2892 3987 Approbavit,
2922 3908 3113 3982 placuit
3146 3906 3214 3962 ci.
3241 3906 3305 3960 Et
3334 3902 3475 3958 unde
3527 3908 3712 3954 ostcn-

2135 4015 2309 4071 dimus
2335 4011 2456 4081 quia
2500 3984 2733 4079 agnovit,
2769 4006 2868 4057 hoc
2892 4011 2991 4065 est,
3043 3988 3237 4067 placuit
3264 3993 3349 4049 ei?
3390 3990 3523 4058 Quid
3570 3984 3713 4043 enim

2136 4124 2241 4163 non
2273 4104 2416 4160 novit
2443 4100 2618 4158 Deus?
2644 4100 2767 4171 quid
2803 4114 2907 4151 non
2939 4095 3087 4150 novit
3113 4086 3392 4147 Christus?
3424 4082 3490 4141 Et
3534 4084 3713 4139 tamen

2135 4202 2373 4257 dicturus
2398 4196 2551 4252 estin
2582 4192 2685 4247 line
2712 4182 3028 4261 quibusdam
3064 4204 3076 4241 :
3108 4181 3229 4238 Non
3252 4180 3467 4242 ttovivos
3499 4173 3710 4251 (Matth.

2135 4311 2227 4361 vn,
2257 4291 2371 4363 25).
2405 4285 2681 4358 Quomodo
2718 4298 2845 4354 ergo
2892 4278 2984 4345 ibi,
3043 4276 3164 4331 Nan
3203 4273 3315 4328 novi
3356 4270 3461 4336 vos,
3506 4284 3607 4323 non
3635 4258 3713 4322 esi

2136 4388 2306 4457 quasi,
2331 4362 2451 4438 111111
2485 4380 2645 4451 ignoti
2687 4377 2838 4441 estis,
2877 4373 2993 4442 sed,
3040 4386 3144 4427 non
3173 4366 3301 4423 mihi
3356 4363 3606 4437 placetis;
3640 4362 3715 4416 sic

2137 4456 2189 4532 et
2212 4478 2316 4537 hic,
2341 4476 2541 4545 agnovit
2564 4486 2795 4525 occasum
2817 4482 2984 4530 suum,
3010 4461 3203 4533 placuit
3226 4456 3300 4514 illi
3319 4466 3538 4512 occasus
3565 4468 3714 4529 suus.

2132 4554 2190 4623 Si
2215 4567 2353 4621 0111111
2386 4565 2433 4620 ei
2483 4563 2807 4633 displiceret,
2852 4553 3120 4628 quomodo
3168 4548 3470 4623 pateretur?
3504 4541 3717 4601 1101111111

2136 4661 2301 4724 0111111,
2327 4656 2450 4728 quia
2474 4632 2680 4709 nonest
2711 4648 2798 4705 ille
2828 4648 2928 4716 sol,
2969 4643 3179 4709 etiamsi
3223 4634 3495 4711 diSpIiceat
3539 4632 3717 4705 passio

2137 4769 2255 4819 sua,
2287 4750 2483 4821 patitur
2511 4755 2565 4801 et
2591 4744 2730 4815 quod
2751 4757 2856 4797 non
2883 4738 3014 4795 vult.
3046 4736 3138 4792 ille
3164 4742 3342 4789 autem
3369 4745 3471 4784 non
3502 4735 3714 4797 patere-

2139 4855 2243 4908 tur,
2276 4840 2374 4895 nisi
2406 4838 2453 4893 ci
2480 4836 2753 4906 placeret:
2786 4829 2838 4886 id
2866 4840 2971 4897 est,
3002 4825 3102 4882 nisi
3133 4825 3447 4895 agnosceret
3467 4818 3714 4869 occasum

2138 4951 2310 5000 suum,
2341 4947 2442 4986 non
2474 4930 2775 4995 occideret;
2803 4926 2923 4997 quia
2950 4922 3063 4995 ipse
3085 4914 3178 4985 ait,
3209 4936 3226 4968 1
3258 4916 3579 4970 Ρο1051010111
3612 4907 3711 4960 ha-

2140 5022 2240 5083 beo
2268 5023 2497 5097 ponendi
2520 5022 2749 5077 animam
2778 5033 2969 5083 meam,
3000 5023 3052 5070 et
3070 5016 3384 5083 potestatem
3426 4999 3595 5057 habeo
3621 4999 3718 5053 itc-

2139 5139 2256 5178 rum
2282 5118 2529 5177 sumendi
2556 5132 2672 5172 eam
2705 5133 2715 5167 :
2747 5126 2903 5168 nemo
2948 5106 3082 5163 tollit
3104 5119 3219 5158 eam
3251 5117 3279 5155 a
3314 5114 3421 5164 me,
3475 5092 3568 5149 sed
3621 5102 3718 5165 ego

2142 5194 2255 5283 ipse
2282 5228 2397 5269 eam
2428 5224 2565 5279 pono
2592 5224 2621 5261 a
2649 5220 2733 5259 1110
2761 5223 2777 5255 1
2815 5200 2987 5274 (Joan.
3008 5213 3062 5264 x,
3093 5194 3202 5266 18).
3230 5187 3387 5263 Ergo,
3412 5186 3720 5261 (1911011100-

2140 5322 2313 5360 casum
2335 5319 2502 5357 suum.

2144 5380 2149 5385 ’
2212 5398 2301 5453 ae.
2343 5394 2511 5467 [vcrs.
2538 5385 2769 5459 20,at.]
2796 5385 2865 5439 Et
2895 5378 3041 5453 quid,
3080 5395 3197 5435 cum
3233 5368 3424 5433 occidit
3454 5374 3553 5439 sol,
3601 5378 3718 5423 Cum

2142 5504 2331 5564 passus
2360 5496 2438 5542 est
2468 5479 2763 5539 Dominus?
2794 5476 2969 5531 Facta:
2993 5482 3115 5529 sunt
3136 5470 3377 5543 quaedam
3408 5466 3638 5520 tenebras
3669 5462 3719 5514 in’

2142 5560 2429 5656 bpostolis,
2461 5562 2653 5633 defecit
2678 5589 2802 5643 spes
2827 5586 3033 5635 eorum,
3077 5566 3267 5638 quibus
3305 5561 3475 5632 primo
3504 5560 3721 5619 magnus

2144 5689 2198 5734 et
2222 5674 2525 5741 redemptor
2572 5667 2807 5723 omnium
2856 5661 3155 5718 videbatur.
3196 5652 3410 5721 Quare?
3439 5668 3456 5699 1
3491 5644 3721 5701 Posuisti

2145 5740 2423 5833 tenebras,
2448 5773 2504 5819 et
2532 5762 2667 5818 facta
2695 5766 2777 5815 est
2803 5772 2907 5813 nox
2941 5774 2953 5809 :
2988 5753 3057 5807 ibi
3086 5740 3488 5818 pertransibunt
3533 5749 3721 5792 omnes

2147 5864 2332 5925 bestiae
2383 5826 2551 5917 silvm.
2584 5852 2755 5912 Catuli
2809 5851 3019 5905 leonum
3061 5838 3351 5910 rugientes,
3381 5840 3441 5887 ut
3492 5826 3724 5900 rapiant,
