4088 6460
574 332 716 392 1575

574 456 876 522 quaerentes
928 461 958 503 a
988 445 1100 504 Deo
1147 461 1325 503 escam
1375 444 1475 503 sibi
1510 464 1529 499 ι
1562 444 1822 520 (a).Quid
1866 445 2162 513 intelligam

576 541 924 616 spiritualiter
952 541 1159 595 catulos
1188 540 1425 605 leonum,
1457 540 1558 594 nisi
1585 536 1878 609 spiritualia
1908 536 2162 607 nequitiae

579 632 794 708 (Ep/tes.
823 648 891 698 v1,
923 632 1042 702 12)?
1070 631 1196 703 quid
1227 632 1518 704 intelligam
1569 631 1671 686 nisi
1696 631 1833 685 mala
1872 629 2157 696 daemonia,

577 741 698 796 quae
722 726 982 780 dzemonia
1015 735 1305 796 pascuntur
1352 725 1626 782 erroribus
1673 723 1982 779 hominum?
2027 722 2164 778 Sunt

576 818 718 874 enim
748 818 1016 890 principes
1046 819 1454 886 dannoniorum,
1491 828 1547 875 et
1575 827 1698 874 sunt
1726 818 1987 874 daemonia
2017 832 2164 888 qua:-

577 907 699 962 dam
729 909 1170 979 contemptibilia.
1217 911 1321 966 Ista
1349 910 1612 966 dzemonia
1653 909 1912 966 seducere
1959 909 2164 964 animas

577 1010 842 1068 quaerunt,
869 1001 963 1056 sed
1007 1002 1096 1057 ubi
1137 1002 1217 1057 sol
1263 1018 1371 1058 non
1421 1011 1572 1058 ortus
1602 1011 1716 1069 est;
1747 1001 1983 1057 tenebrae
2017 1001 2161 1056 enim

577 1100 723 1145 sunt.
755 1091 823 1146 Et
852 1107 972 1148 cum
1017 1093 1253 1148 tenebra:
1281 1103 1427 1161 sunt,
1470 1103 1717 1164 quaerunt
1757 1092 1916 1149 catuli
1951 1093 2162 1148 leonum

577 1198 713 1252 quos
742 1183 1020 1241 devorent.
1053 1184 1168 1256 Ipse
1196 1187 1280 1240 leo
1308 1185 1498 1256 major,
1537 1187 1783 1257 princeps
1809 1185 2046 1240 omnium
2088 1194 2165 1239 ta-

576 1271 705 1328 lium
737 1273 972 1344 leonum,
997 1277 1121 1346 quid
1143 1276 1210 1332 de
1240 1277 1334 1332 illo
1359 1275 1560 1333 dictum
1592 1277 1712 1330 est?
1739 1295 1757 1328 ‹
1787 1276 2012 1331 Nescitis
2038 1276 2163 1347 quia

577 1362 916 1421 adversarius
963 1375 1145 1423 vester
1199 1367 1466 1433 diabolus,
1527 1376 1778 1438 tanquam
1834 1369 1919 1423 leo
1950 1368 2164 1438 rugiens

577 1454 798 1522 circuit,
827 1471 1073 1527 quaerens
1109 1472 1266 1528 quem
1295 1458 1516 1514 devoret
1549 1477 1567 1510 ι
1602 1458 1643 1528 (l
1671 1459 1814 1513 Petr.
1840 1475 1892 1524 v,
1922 1459 2003 1530 8)?
2041 1458 2164 1514 Ideo

584 1563 603 1596 ι
629 1557 927 1617 qumrentes
951 1563 981 1602 a
1004 1549 1114 1603 Deo
1142 1563 1319 1604 escam
1352 1549 1485 1615 sibi;
1511 1567 1530 1602 ι
1553 1551 1674 1620 quia
1701 1566 1798 1605 nec
1829 1549 2021 1605 tentari
2044 1562 2165 1620 quts

576 1646 752 1707 potest
781 1654 808 1692 a
833 1639 1066 1707 diabolo,
1117 1642 1220 1696 nisi
1269 1643 1612 1712 permittente
1640 1642 1773 1697 Deo.
1804 1643 1906 1697 Job
1947 1653 2164 1698 sanctus

574 1737 698 1785 ante
747 1731 1016 1788 diabolum
1057 1742 1194 1799 erat,
1249 1742 1304 1789 et
1344 1743 1524 1789 tamen
1572 1735 1730 1804 longe
1758 1734 1825 1788 ab
1865 1734 1958 1790 illo
2004 1745 2159 1790 erat:

573 1831 792 1891 aspectu
816 1832 942 1880 ante
963 1824 1132 1893 illum,
1156 1834 1417 1894 potestate
1445 1836 1684 1881 remotus
1711 1827 1778 1882 ab
1799 1825 1909 1881 illo.
1938 1827 2163 1893 Quando

577 1912 799 1967 auderet
829 1922 1035 1970 tentare
1059 1917 1144 1971 vel
1168 1931 1407 1982 carnem,
1437 1917 1522 1971 vel
1567 1917 1844 1973 facultates
1885 1919 2000 1988 ejus
2032 1934 2165 1990 quas

575 2005 904 2074 possidebat,
932 2008 1033 2062 nisi
1063 2009 1359 2079 accepisset
1383 2010 1744 2079 potestatem?
1781 2009 1957 2079 Quare
1985 2020 2161 2065 autem

579 2092 737 2150 datur
772 2098 1044 2167 potestas?
1070 2100 1175 2154 Aut
1215 2099 1282 2154 ad
1333 2098 1666 2155 damnandos
1704 2101 1916 2171 impios,
1960 2111 2053 2157 aut
2095 2101 2163 2158 ad

576 2189 882 2258 probandos
913 2191 1049 2261 pios.
1094 2191 1245 2248 Juste
1291 2192 1393 2249 hoc
1436 2203 1604 2249 totum
1638 2195 1894 2251 Dominus
1941 2198 2076 2268 agit;
2109 2207 2164 2253 et

575 2280 630 2335 in
657 2283 926 2338 neminem
973 2283 1132 2339 habet
1169 2284 1414 2341 diabolus
1458 2295 1801 2356 potestatem,
1834 2288 1919 2343 vel
1964 2289 2014 2343 in
2067 2290 2163 2345 ali-

577 2373 702 2444 quid
732 2375 870 2445 ejus,
894 2376 995 2431 nisi
1023 2377 1110 2432 ille
1137 2378 1418 2446 concedat,
1448 2380 1534 2434 cui
1575 2389 1659 2435 est
1689 2390 1927 2452 potestas
1953 2397 2161 2440 summa

576 2475 631 2519 et
657 2466 918 2522 sublimis.
948 2467 1039 2523 Sic
1066 2467 1301 2534 diabolo,
1334 2471 1413 2526 sic
1456 2469 1659 2526 homini
1687 2471 1830 2527 nulla
1877 2482 1960 2528 est
2009 2483 2162 2544 pote-

573 2567 684 2613 stas
707 2559 758 2614 in
785 2559 1078 2628 hominem,
1102 2562 1203 2616 nisi
1230 2561 1462 2634 desuper
1480 2562 1655 2618 detur.
1683 2563 1868 2621 Stabat
1890 2565 2056 2636 judex
2078 2568 2162 2622 vi-

573 2666 761 2706 vorum
790 2661 843 2707 et
863 2663 1195 2709 mortuorum
1218 2663 1343 2709 ante
1373 2655 1644 2711 hominem
1680 2656 1939 2727 judicem,
1973 2667 2028 2714 et
2074 2659 2161 2714 in-

571 2744 720 2799 ﬂavit
746 2759 805 2799 se
836 2745 996 2801 homo
1011 2746 1176 2816 judex
1206 2747 1393 2803 videns
1413 2758 1537 2805 ante
1561 2764 1621 2805 se
1637 2748 1929 2818 Christum,
1957 2760 2012 2807 et
2041 2751 2112 2806 ait
2145 2770 2158 2808 :

576 2833 759 2889 Nescis
788 2837 905 2906 quia
948 2846 1238 2905 potestatem
1274 2837 1433 2891 habeo
1477 2840 1738 2894 occidendi
1776 2851 1823 2895 et
1877 2842 2161 2896 dimittendi

575 2927 658 2980 te?
678 2929 746 2982 At
775 2928 863 2983 ille
890 2929 978 2999 qui
1003 2937 1223 2985 venerat
1260 2938 1316 2985 et
1342 2945 1466 2986 eum
1496 2930 1714 2999 docere,
1743 2949 1772 2988 a
1804 2949 1910 3003 quo
1954 2934 2160 3004 judica-

576 3018 733 3074 batur
762 3038 775 3074 :
807 3019 928 3074 Non
950 3021 1176 3089 haberes,
1207 3022 1397 3092 inquit,
1427 3024 1481 3077 in
1516 3040 1595 3077 me
1615 3034 1927 3095 potestatem,
1955 3029 2052 3081 nisi
2081 3045 2161 3083 es-

574 3119 649 3164 set
692 3111 781 3164 tibi
803 3110 1018 3184 desuper
1038 3113 1158 3166 data
1195 3111 1373 3184 (Joan.
1408 3115 1632 3183 x1x,10,
1663 3115 1775 3186 Η).
1811 3116 1879 3171 Ει
1921 3117 2080 3174 homo
2107 3128 2161 3176 ct

571 3201 816 3258 diabolus
839 3212 893 3258 et
935 3203 1184 3274 quaslibet
1213 3204 1474 3261 daemonia
1519 3208 1731 3263 nonnisi
1771 3221 1984 3280 accepta
2012 3222 2161 3282 pote-

572 3303 712 3350 state
742 3305 936 3350 nocent
962 3314 975 3351 :
1002 3295 1096 3352 sed
1123 3297 1525 3367 proﬁcientibus
1554 3313 1658 3354 non
1681 3311 1894 3356 nocent.
1914 3303 2063 3358 Malis
2087 3305 2157 3361 ita

573 3395 699 3442 sunt
721 3394 968 3456 tanquam
986 3388 1122 3458 ignis
1150 3387 1304 3453 feno;
1333 3389 1487 3444 bonis
1509 3392 1581 3446 ita
1609 3401 1993 3463 sunttanquam
2024 3394 2158 3467 ignis

572 3491 725 3532 auro.
755 3477 1099 3533 Manducatus
1126 3488 1208 3534 est
1246 3479 1411 3536 Judas
1445 3490 1503 3536 ut
1527 3481 1741 3549 fenum;
1776 3486 2030 3554 probatus
2076 3498 2158 3544 est

571 3568 674 3625 Job
703 3577 760 3624 ut
786 3585 991 3626 aurum.
1021 3570 1247 3626 Posuisti
1273 3572 1520 3639 tenebras,
1551 3585 1600 3628 et
1620 3579 1754 3646 facta
1784 3586 1857 3630 est
1884 3594 1986 3632 nos:
2007 3595 2025 3632 :
2051 3580 2156 3634 illic

571 3661 942 3732 pertransibunt
981 3677 1151 3716 omnes
1198 3662 1366 3719 bestia:
1409 3665 1565 3720 silete.
1604 3666 1723 3721 Jam
1779 3667 1962 3724 bestia:
2008 3671 2156 3727 silva:

569 3752 676 3807 alio
701 3751 860 3808 modo
888 3771 901 3808 :
933 3753 1036 3809 alio
1065 3755 1206 3810 enim
1233 3763 1287 3811 et
1313 3757 1418 3811 alio
1443 3757 1602 3812 modo
1649 3773 1864 3830 semper
1895 3762 1909 3791 ¹
1938 3761 2039 3817 ista
2075 3763 2157 3819 in-

570 3845 916 3917 telliguntur;
947 3847 1217 3917 quomodo
1244 3849 1499 3904 Dominus
1529 3851 1641 3921 ipse
1672 3867 1862 3922 agnus,
1905 3855 2018 3924 ipse
2048 3857 2152 3914 leo.

571 3935 709 4004 Quid
742 3945 848 3991 tam
879 3937 1152 3994 diversum
1203 3956 1361 4009 quam
1403 3956 1571 4012 agnus
1597 3951 1653 3998 et
1701 3943 1821 3998 leo?
1848 3945 1954 4002 Sed
1980 3951 2154 4019 qualis

569 4029 779 4099 agnus?
809 4029 910 4098 Qui
951 4031 1187 4088 vinceret
1234 4032 1437 4103 lupum,
1474 4034 1710 4091 vinceret
1755 4035 1986 4094 leonem.
2037 4041 2154 4112 Ipse

569 4129 742 4190 petra,
777 4121 891 4203 ipse
920 4131 1118 4192 pastor,
1151 4124 1265 4194 ipse
1301 4125 1481 4195 janua.
1511 4126 1702 4182 Pastor
1731 4129 1894 4185 intrat
1928 4147 2022 4202 per
2064 4134 2152 4203 ja-

570 4224 732 4264 nuam
766 4228 780 4265 :
809 4199 864 4267 et
914 4213 1065 4281 dicit,
1097 4213 1208 4285 Ego
1244 4231 1352 4269 sum
1376 4226 1548 4286 pastor
1564 4219 1755 4284 bonus;
1781 4230 1834 4277 et
1861 4199 2009 4289 dicit,
2041 4199 2154 4297 Ego

569 4319 682 4357 sum
707 4305 872 4373 janua
905 4303 1013 4377 (Id.
1039 4322 1098 4372 x,
1123 4307 1175 4373 7,
1207 4305 1317 4378 Η).
1347 4307 1520 4378 Ipsum
1552 4310 1722 4367 leonis
1751 4329 1944 4370 nomen
1974 4316 2154 4373 Domi-

570 4411 698 4450 num
733 4395 1031 4466 signiﬁcat;
1062 4398 1206 4468 quia,
1243 4397 1373 4453 Vicit
1413 4401 1489 4455 leo
1528 4402 1591 4457 de
1631 4404 1762 4458 tribu
1788 4403 1931 4459 Juda
1967 4407 2148 4479 (Apoc.

569 4505 624 4557 v,
653 4489 730 4560 5),
761 4499 813 4545 et
841 4489 1147 4556 diabolum;
1171 4492 1316 4561 quia,
1340 4491 1666 4550 Conculcavit
1693 4498 1885 4553 leonem
1907 4509 1953 4554 et
1968 4502 2149 4556 draco-

570 4597 688 4635 ncm
719 4579 887 4651 (Psal.
912 4595 997 4647 xc,
1032 4582 1141 4652 l5).
1166 4582 1363 4640 Discite
1395 4586 1471 4641 sic
1519 4587 1834 4658 intelligere,
1866 4606 1985 4646 cum
2019 4593 2151 4665 ﬁgu-

567 4680 685 4727 rate
723 4670 824 4726 ista
852 4670 1132 4739 dicuntur;
1162 4688 1230 4729 ne
1266 4673 1400 4730 forte
1427 4677 1515 4732 ubi
1543 4677 1781 4748 tegeritis
1808 4682 1951 4751 quod
1989 4682 2150 4740 Citri-

567 4774 678 4819 tum
732 4765 993 4835 signiﬁcat
1041 4776 1190 4835 petra
1230 4767 1272 4838 (I
1304 4768 1420 4822 Cor.
1465 4785 1532 4832 x,
1568 4769 1647 4842 4),
1701 4774 1896 4845 ubique
1941 4787 2145 4848 petram

565 4856 837 4912 Christum
886 4856 1100 4928 putetis.
1152 4857 1423 4928 Signiﬁcat
1465 4861 1567 4915 alia
1612 4872 1769 4933 atque
1816 4866 1956 4933 alia,
2003 4871 2143 4928 sicut

565 4951 740 5007 littera
768 4966 875 5022 quo
905 4951 1023 5007 loco
1050 4959 1278 5022 ponatur
1305 4952 1424 5008 vide
1446 4995 1459 5017 ,
1489 4953 1562 5008 ibi
1589 4955 1836 5028 intelligis
1857 4961 1973 5030 ejus
2012 4964 2140 5022 vim.

564 5043 619 5098 Si
642 5045 873 5099 audieris
897 5043 1127 5099 litteram
1159 5043 1384 5114 primam
1413 5045 1464 5099 in
1495 5048 1709 5103 nomine
1743 5049 1872 5118 Dei,
1908 5063 1960 5108 et
1985 5063 2140 5124 puta-

564 5137 708 5191 veris
730 5151 846 5190 eam
876 5151 1088 5207 semper
1109 5135 1177 5190 ibi
1209 5138 1508 5206 ponendam
1527 5180 1540 5203 ,
1573 5137 1774 5196 delebis
1799 5157 1916 5199 eam
1958 5146 2009 5200 in
2040 5163 2141 5203 no-

562 5227 706 5280 mine
735 5226 950 5282 diaboli.
979 5228 1062 5282 Ab
1109 5228 1294 5284 eadem
1325 5229 1468 5284 enim
1501 5231 1673 5287 littera
1713 5234 1896 5306 incipit
1944 5253 2139 5296 nomen

562 5316 679 5381 Dei,
709 5331 738 5370 a
762 5331 864 5386 qua
896 5318 1079 5388 incipit
1104 5333 1296 5374 nomen
1319 5320 1549 5389 diaboli;
1575 5333 1629 5378 et
1651 5325 1784 5379 nihil
1814 5336 1918 5383 tam
1945 5329 2141 5402 disjun-

559 5419 742 5477 ctum,
795 5423 953 5478 quam
1009 5409 1152 5464 Deus
1204 5420 1259 5466 et
1311 5411 1571 5469 diabolus.
1624 5415 1756 5472 Vide
1805 5434 1931 5490 ergo
1980 5438 2138 5492 quam

557 5503 822 5560 absurdus
846 5510 928 5558 est
954 5517 984 5557 a
1013 5501 1172 5558 rebus
1196 5511 1250 5559 et
1279 5503 1523 5562 humanis
1550 5515 1603 5563 et
1623 5508 1835 5579 divinis,
1865 5513 1957 5583 qui
1983 5513 2137 5573 dixe-

615 5687 633 5718 ί
659 5692 777 5733 'n‘es
797 5690 924 5742 Mss,
947 5695 1091 5747 saepe.

551 5747 871 5868 w(don013§e
914 5745 1085 5799 verSus
1112 5745 1210 5809 jam
1233 5759 1376 5810 supra
1401 5750 1644 5814 exposuit,
1666 5753 1715 5803 tn
1733 5756 1894 5805 Enarr.
1927 5756 2048 5809 Psal.
2073 5763 2134 5822 C,

625 5843 635 5856 .
695 5840 749 5871 ..,
843 5844 852 5858 .

1779 329 1836 386 S.
1877 322 2242 386 AUGUSTINI
2283 326 2583 388 EPISCOPI

3685 360 3800 425 l376

2271 444 2339 499 rit
2359 445 2426 548 de
2449 447 2632 554 littera.
2653 451 2907 554 singulari
2941 455 2999 523 D,
3038 455 3153 514 Non
3179 458 3338 518 debet
3371 465 3548 528 haberi
3577 474 3626 532 in
3658 483 3802 554 capite

2268 537 2500 642 nominis
2527 539 2745 642 diaboli,
2775 554 2830 601 et
2871 561 2994 603 cum
3031 552 3326 624 qumsieris,
3361 566 3571 630 quare?
3612 537 3801 642 respan

2267 626 2427 726 deat:
2457 630 2569 701 Ego
2599 632 2651 687 in
2682 638 2899 693 nomine
2922 639 3015 696 Dei
3042 641 3142 713 legi
3171 646 3325 703 istam
3345 626 3588 711 litteram.
3615 626 3802 726 Rideto:

2269 721 2400 789 iste;
2429 739 2552 781 nam
2579 742 2678 784 nec
2703 731 2823 787 talis
2849 743 2930 788 est
2947 736 3032 790 cui
3057 737 3292 808 digneris
3319 744 3537 804 reddere
3555 721 3801 821 rationem,

2267 815 2443 872 Nolite
2469 834 2597 890 ergo
2642 830 2747 877 tam
2779 827 3054 894 pueriliter
3078 846 3269 903 sapere
3297 839 3456 895 etiam
3501 843 3593 899 ista
3620 815 3802 924 divina,

2270 917 2327 964 ut
2357 909 2494 966 forte
2521 912 2714 984 aliquis
2741 927 2977 975 vestrum
2998 964 3012 989 ,
3039 925 3162 994 quia
3200 927 3311 985 dixi
3359 936 3598 1003 superius
3641 909 3805 1003 bestias

2268 1002 2416 1058 silvm
2444 1005 2745 1076 signiﬁcare
2790 1010 3009 1080 Gentes,
3039 1016 3201 1074 modo
3252 1002 3440 1080 autem,
3477 1026 3592 1084 dico
3641 1002 3805 1096 bestias

2268 1093 2417 1148 silvae
2438 1096 2739 1166 signiﬁcare
2757 1101 3020 1162 daemonia
3051 1117 3106 1164 et
3138 1113 3355 1184 angelos
3375 1093 3802 1198 praevaricationis,

2269 1194 2417 1277 putet
2441 1186 2504 1240 iis
2525 1203 2612 1244 me
2637 1190 2837 1262 aliquid
2861 1201 3189 1257 contrarium
3230 1186 3430 1263 dicere.
3463 1186 3805 1277 Similitudines

2267 1275 2409 1330 enim
2440 1286 2582 1344 sunt,
2615 1289 2670 1336 et
2697 1283 2750 1336 in
2777 1299 3113 1360 quocumque
3140 1291 3260 1350 loco
3280 1307 3425 1366 sunt,
3453 1275 3806 1369 circumstantia

2267 1366 2350 1456 sui
2381 1379 2738 1437 exponuntur.
2762 1372 2882 1430 Illic
2915 1384 3291 1448 pertransibunt
3310 1403 3484 1445 omnes
3502 1391 3659 1450 bestia:
3675 1366 3804 1456 silua.

2269 1453 2402 1511 Ubi?
2422 1457 2478 1513 in
2510 1472 2668 1519 nocte
2693 1476 2851 1563 quam
2875 1471 3053 1538 posuit
3083 1473 3363 1547 Dominus,
3392 1483 3514 1553 quia
3538 1488 3612 1543 sol
3639 1453 3809 1563 agnouit

2269 1561 2502 1602 occasum
2541 1563 2708 1654 sun-nt.
2761 1555 2932 1613 Catuli
2978 1562 3180 1620 leonum
3219 1571 3494 1642 rugientes,
3530 1587 3583 1632 ut
3618 1555 3807 1654 rapiant,

2267 1649 2544 1706 qua’renles
2564 1661 2596 1696 a
2615 1643 2723 1700 Deo
2751 1663 2916 1704 escam
2943 1653 3058 1709 sibi.
3085 1655 3274 1715 Merito
3304 1661 3558 1724 Dominus
3592 1643 3810 1734 ventura;

2268 1730 2334 1785 ad
2362 1746 2611 1791 occasum
2641 1753 2818 1808 suum,
2852 1743 2966 1813 ipse
3005 1749 3084 1803 sol
3107 1751 3330 1819 justitiae
3359 1771 3648 1830 agnoscens

2266 1837 2386 1926 sum
2416 1839 2592 1901 suum,
2633 1833 2706 1887 ait
2729 1834 3030 1907 discipulis,
3056 1849 3306 1915 tanquam
3332 1853 3568 1911 tenebris
3582 1856 3750 1919 futuris
3771 1866 3805 1930 ⁸,

2267 1915 2554 2023 circuitum
2580 1920 2754 2023 leone,
2785 1936 2842 1982 ut
2868 1943 3134 1999 quaereret
3161 1952 3322 2007 quem
3361 1941 3667 2018 devoraret,

2267 2005 2356 2062 ille
2378 2009 2463 2065 leo
2486 2014 2752 2070 neminem
2779 2018 3081 2092 devoraret,
3112 2005 3216 2084 nisi
3251 2043 3500 2101 peteret:
3531 2037 3640 2095 Hac
3653 2005 3807 2116 3.3m,

2267 2099 2436 2171 inquit
2459 2145 2474 2170 ,
2505 2110 2775 2175 postulavit
2804 2124 3008 2171 satanas
3028 2134 3210 2177 vexare
3232 2099 3319 2180 uos
3345 2129 3479 2183 sicut
3517 2099 3810 2206 triticum;

2265 2210 2357 2301 ego
2377 2200 2665 2301 r-ofg‘avipro
2685 2203 2952 2301 te,-Petre,
2974 2226 3038 2264 ne
3056 2212 3258 2281 deﬁciat
3283 2218 3416 2286 ﬁdes
3435 2230 3520 2276 tua
3540 2224 3677 2296 (Luc.
3700 2200 3808 2301 x'xn,

2267 2285 2505 2394 ἓξὲξ).
2536 2290 2724 2394 i‘ionne
2747 2295 2938 2356 Petrus
2958 2317 3078 2358 cum
3106 2313 3188 2361 ter
3210 2285 3431 2380 negavit
3461 2285 3808 2394 (Malliana;

2265 2376 2450 2450 ’ΖΟ-74)
2484 2423 2499 2446 ,
2551 2383 2663 2452 jam
2709 2386 2851 2444 inter
2882 2391 3071 2450 dentes
3112 2376 3307 2456 leonis—
3329 2376 3491 2461 erat?
3528 2408 3680 2466 Catuli

2264 2484 2383 2562 num
2409 2473 2678 2543 rugientes,
2716 2488 2772 2532 ut
2798 2483 3019 2552 rapiant,
3059 2498 3107 2541 et
3143 2499 3196 2543 ut
3223 2507 3461 2562 quterant
3492 2515 3523 2553 a
3546 2499 3648 2557 Deo
3675 2520 3806 2561 escam

2263 2559 2376 2615 sibi.

2334 2653 2424 2749 25.
2459 2655 2607 2727 [vers.
2637 2659 2752 2735 22.]
2782 2664 2935 2722 Ortus
2976 2679 3051 2724 est
3095 2675 3194 2731 sol.
3222 2674 3322 2746 Qui
3356 2679 3517 2749 dixit,
3549 2683 3809 2745 Potestatem

2264 2744 2422 2800 habeo
2444 2753 2668 2817 ponendi
2693 2757 2916 2813 animant
2953 2778 3137 2833 meam,
3165 2777 3214 2822 et
3249 2744 3551 2841 potestatem
3585 2779 3722 2835 habeo
3737 2744 3808 2838 ite?

2261 2855 2376 2894 runt
2405 2848 2636 2901 sumendi
2687 2865 2835 2918 eam;
2877 2859 3080 2927 agnovit
3123 2877 3353 2920 occasum
3391 2886 3553 2941 suum,
3581 2883 3632 2930 et
3667 2880 3808 2948 postult

2262 2946 2380 3038 eam
2401 2946 2582 3041 iartus
2611 2949 2684 2995 est
2713 2945 2812 3008 sol,
2835 2955 2889 3001 et
2913 2952 3115 3021 recepit
3141 2969 3280 3011 eam.
3315 2958 3479 3018 Ortus
3514 2974 3584 3020 est
3601 2945 3689 3037 sol,
3712 2971 3807 3041 quis

2261 3026 2458 3084 occidit
2483 3032 2583 3098 sol,
2612 3035 2707 3090 sed
2737 3052 2843 3094 non
2883 3045 3176 3102 exstinctus
3202 3060 3284 3106 est
3312 3056 3422 3111 sol.
3450 3058 3628 3116 Adhuc
3649 3026 3806 3135 eis'qui

2263 3133 2367 3174 non
2401 3122 2700 3196 intelligunt
2719 3128 3008 3203 Christum,
3034 3139 3145 3210 ipsa
3173 3159 3276 3199 nox
3306 3159 3430 3214 est;
3469 3153 3634 3211 adhuc
3658 3157 3724 3213 eis
3743 3122 3806 3214 sol

2257 3581 2432 3695 Mlagis.
2446 3592 2720 3662 magisque
2769 3597 2858 3652 ubi
2885 3601 2904 3632 ¹
2935 3603 3105 3660 oritur
3132 3608 3214 3677 sol
3261 3611 3387 3680 iste,
3424 3627 3481 3674 ut
3526 3581 3807 3695 intelligatur

2256 3676 2326 3732 ab
2353 3680 2484 3773 orbe
2541 3692 2798 3745 terrarum
2827 3731 2843 3758 ,
2890 3704 2944 3750 et
2993 3698 3316 3760 clariﬁcetur
3361 3676 3608 3770 Christus
3645 3676 3806 3773 inutoto

2257 3771 2489 3870 mundo,
2517 3789 2907 3852 congregantur
2952 3792 3110 3848 catuli
3159 3794 3371 3856 leonum
3402 3818 3418 3870 ;
3453 3804 3540 3862 illa
3578 3807 3802 3866 daemonia

2258 3863 2578 3971 recedunta
2621 3877 2991 3939 persecutione
3043 3881 3318 3956 Ecclesize,
3351 3863 3474 3963 quas
3521 3863 3802 3971 instigabath

2258 3957 2502 4047 persequi
2545 3957 2762 4018 domum
2797 3966 2913 4035 Dei,
2942 3976 3214 4041 operando
3260 3981 3314 4036 in
3359 3957 3481 4042 ﬁliis
3508 3957 3800 4047 difﬁdentiae.

2256 4042 2386 4146 Nam
2413 4046 2610 4106 dictum
2630 4062 2751 4111 est:
2781 4057 3075 4118 Secundum
3098 4069 3378 4140 principem
3404 4042 3798 4146 potuimus-eri;

2359 4154 2502 4244 nunc
2549 4155 2787 4213 operatur
2815 4149 2867 4204 in
2900 4153 3018 4223 [iliis
3063 4136 3706 4240 inﬁdelitatis'(Epltes.n,
3733 4136 3798 4244 2):

2255 4227 2412 4329 DiOdo
2431 4231 2541 4302 jam
2564 4238 2686 4306 quia
2728 4255 2886 4298 nemo
2930 4260 3114 4305 eorum
3161 4261 3411 4329 persequi
3438 4227 3606 4320 audet
3645 4227 3801 4322 Decle-

2255 4321 2410 4390 siam,
2441 4336 2580 4384 ortus
2600 4339 2674 4384 est
2697 4334 2794 4398 sol,
2819 4344 2868 4389 et
2905 4321 3195 4413 congregati
3221 4321 3362 4405 sunt:
3386 4352 3453 4409 Et
3472 4354 3556 4411 ubi
3577 4357 3724 4413 sunt?
3745 4356 3802 4410 Et

2252 4413 2323 4512 in
2348 4416 2592 4512 cubilibus
2617 4423 2722 4478 suis
2762 4427 3034 4485 cubabant.
3073 4433 3280 4494 Cubilia
3333 4456 3534 4512 eorum,
3562 4447 3706 4503 corda
3732 4447 3799 4503 in-

2252 4504 2510 4608 ﬁdelium.
2540 4511 2708 4579 Quam
2738 4519 2891 4574 multi
2933 4535 3122 4592 gerunt
3150 4527 3334 4587 leones
3359 4504 3611 4595 cubantes
3637 4540 3684 4596 in
3698 4554 3798 4595 cor-

2316 4967 2421 5068 24._
2442 4969 2590 5043 [vers.
2620 4973 2738 5049 25.]
2769 4977 2913 5051 Ergo
2936 4982 3057 5040 vide
3081 4987 3206 5057 quid
3234 5003 3505 5064 sequatur,
3527 4997 3640 5068 quia
3675 5004 3794 5052 ortus

2246 5068 2318 5112 est
2343 5061 2441 5128 sol,
2471 5073 2518 5115 et
2564 5073 2856 5139 congregati
2903 5085 3038 5141 sunt,
3067 5088 3113 5131 et
3141 5081 3193 5134 in
3235 5061 3618 5142 cubilibus—suis
3661 5088 3793 5141 cuba-

2246 5150 2384 5206 bunt.
2417 5155 2553 5222 Quid
2585 5165 2659 5226 tu,
2688 5175 2721 5215 ο
2750 5160 2909 5220 homo
2938 5166 3074 5222 Dei?
3100 5173 3224 5240 quid
3250 5185 3325 5243 tu,
3355 5190 3388 5232 ο
3415 5178 3642 5234 Ecclesia
3666 5176 3790 5232 Dei?

2243 5245 2370 5315 quid
2401 5255 2476 5316 tu,
2504 5264 2537 5305 o
2560 5265 2756 5322 corpus
2794 5249 3014 5329 Christi,
3044 5263 3194 5333 cujus
3222 5278 3378 5338 caput
3425 5269 3478 5324 in
3525 5270 3656 5325 coelo
3684 5265 3788 5324 est?

2243 5339 2371 5432 quid
2417 5351 2471 5397 tu
2514 5343 2662 5414 iacis,
2694 5365 2728 5405 o
2772 5351 2953 5420 homo,
3001 5357 3176 5413 unitas
3219 5361 3381 5430 ejus?
3413 5362 3596 5428 Esset,
3623 5360 3784 5432 inquii.

2242 5429 2392 5522 (δοητο
2419 5433 2488 5487 ad
2515 5451 2643 5506 οραδ
2670 5456 2842 5496 δυωκ-
2874 5443 3138 5514 Operetur
3155 5429 3285 5521 ergo
3312 5453 3409 5508 iste
3455 5453 3609 5509 homo
3647 5429 3785 5522 opera

2241 5521 2379 5580 bona
2409 5527 2460 5581 in
2491 5531 2776 5590 securitate
2814 5537 2961 5606 pacis
3000 5536 3273 5613 Ecclesiae,
3298 5555 3541 5616 operetur
3565 5521 3714 5616 usque
3737 5541 3782 5595 in

2305 5700 2465 5785 fles
2484 5706 2968 5785 ξεξξοεεεεςιεεςίραιέε
2989 5712 3105 5767 διάει
3131 5722 3184 5768 ει
3201 5726 3402 5781 quatuor
3420 5724 3778 5785 ριωεφιωιιιιτε

2239 5767 2466 5832 tanquam
2487 5767 2537 5814 in
2558 5768 2763 5832 tenebris
2783 5767 2975 5832 ruam.

2304 5826 2325 5854 ²
2347 5828 2418 5875 sic
2441 5834 2545 5876 Mss.
2575 5836 2625 5879 At
2650 5826 2792 5893 add,
2807 5832 2893 5886 ibi.
