4088 6452
364 424 494 481 1377

360 541 540 596 ﬁnem.
572 539 878 611 Aliquando
897 542 1037 598 enim
1065 541 1166 599 erit
1192 542 1433 614 quaedam
1475 539 1876 597 contenebratio
1898 538 1940 604 ⁸,

361 641 414 689 et
443 632 532 688 ﬁet
561 633 782 703 quidam
829 634 1079 705 impetus,
1109 636 1204 692 sed
1233 636 1284 690 in
1313 649 1553 705 vespera,
1579 634 1628 688 id
1647 642 1732 689 est
1761 633 1814 688 in
1841 632 1947 687 ﬁne

360 724 543 781 mundi
573 744 587 781 :
616 726 780 782 modo
807 735 984 782 autem
1013 728 1064 782 in
1107 743 1238 798 pace
1263 736 1317 782 et
1339 728 1718 797 tranquillitate
1755 741 1948 796 opera-

357 827 444 872 tur
477 816 758 882 Ecclesia;
800 819 923 888 quia
963 819 1091 873 exiet
1132 820 1279 873 homo
1311 819 1377 872 ad
1411 836 1540 890 opus
1581 835 1748 885 suum,
1783 828 1830 872 et
1880 819 1948 872 ad

354 909 706 976 operationem
733 925 878 962 suam
908 925 1063 979 usque
1082 910 1150 964 ad
1180 926 1455 980 vesperam.

430 998 524 1055 25.
559 999 711 1072 10ers.
740 999 859 1072 24.]
889 1001 1053 1068 Quam
1079 1056 1088 1066 ,
1114 1004 1438 1074 magniﬁcam
1484 1015 1601 1058 sunt
1639 1019 1794 1074 Opera
1838 1012 1946 1072 tua,

353 1091 617 1145 Domine!
647 1091 834 1147 Merito
883 1107 1091 1163 magna,
1148 1094 1338 1150 merito
1385 1096 1615 1151 excelsa.
1657 1095 1760 1152 Ubi
1810 1094 1950 1150 facta

356 1192 481 1238 sunt
510 1198 674 1253 opera
709 1182 810 1238 ista
857 1192 961 1237 tam
1000 1186 1229 1254 magna?
1257 1200 1376 1256 qua:
1419 1186 1506 1241 illa
1549 1187 1709 1242 statio
1735 1185 1828 1242 Dei
1857 1185 1948 1241 ubi

355 1274 532 1341 stetit,
563 1275 786 1345 velqutn
827 1275 918 1330 illa
968 1276 1138 1332 sessio
1169 1277 1256 1332 ubi
1281 1279 1302 1309 ³
1330 1278 1486 1344 sedit,
1517 1288 1572 1334 et
1618 1277 1716 1334 ista
1763 1292 1952 1348 opera-

359 1379 444 1421 tus
467 1369 589 1424 est?
609 1370 727 1440 quis
756 1368 906 1425 locus
951 1369 1041 1424 ubi
1098 1369 1198 1426 ista
1249 1381 1498 1442 operatus
1523 1373 1636 1428 est?
1667 1371 1806 1428 unde
1831 1386 1952 1442 pro-

365 1469 646 1515 cesserunt
669 1461 838 1530 primo
867 1461 966 1514 ista
995 1471 1098 1516 tam
1125 1462 1388 1533 pulchra?
1415 1463 1471 1520 Si
1510 1463 1576 1519 ad
1602 1464 1831 1520 litteram
1857 1478 1949 1521 ac-

363 1552 554 1621 cipias,
584 1553 759 1606 omnis
796 1552 1040 1609 ordinata
1089 1563 1334 1610 creatura
1359 1597 1374 1623 ,
1413 1555 1656 1612 ordinate
1707 1571 1948 1623 currens,

366 1642 610 1699 ordinate
641 1645 886 1715 pulchra,
909 1646 1152 1703 ordinate
1179 1649 1380 1716 oriens,
1413 1649 1656 1706 ordinate
1678 1650 1948 1718 occidens,

364 1733 610 1789 ordinate
652 1750 912 1807 peragens
957 1738 1134 1792 omnia
1180 1746 1440 1809 tempora,
1469 1739 1609 1795 unde
1655 1741 1952 1812 processit?

363 1824 480 1897 Ipsa
517 1835 696 1882 autem
744 1827 983 1884 Ecclesia
1037 1829 1307 1900 quomodo
1352 1832 1555 1902 accepit
1602 1831 1950 1898 incrementa,

362 1934 668 1985 successus,
699 1920 1122 1989 perfectionem?
1169 1922 1447 1992 Quomodo
1473 1924 1773 1981 destinalur
1792 1926 1858 1982 ad
1886 1926 1950 1980 ﬁ-

363 2025 486 2067 nem
535 2010 824 2082 quemdam
885 2012 1338 2070 immortalitatis?
1404 2014 1608 2083 Quibus
1671 2017 1954 2086 praeconiis

363 2101 730 2172 praedicatur?
756 2105 947 2176 quibus
989 2108 1257 2178 mysteriis
1287 2109 1735 2165 commendatur?
1763 2111 1953 2180 quibus

363 2198 720 2252 sacramentis
746 2198 1091 2253 occultatur?
1117 2214 1217 2270 qua
1243 2200 1616 2269 przedicatione
1643 2204 1954 2260 revelatur?

362 2289 464 2346 Ubi
493 2290 621 2347 fecit
659 2290 776 2346 lucc
803 2291 976 2347 Deus?
999 2291 1164 2348 Video
1195 2308 1384 2363 magna
1433 2309 1594 2365 opera
1619 2313 1632 2349 :
1656 2296 1820 2363 Quam
1841 2313 1953 2351 ma-

360 2383 607 2452 gniﬁcam
633 2392 749 2438 sunt
778 2400 932 2452 opera
973 2393 1081 2450 tua,
1104 2385 1321 2440 Domine
1344 2388 1365 2441 !
1391 2387 1582 2455 Quaero
1621 2390 1709 2444 uhi
1745 2389 1950 2458 fecerit,

361 2473 541 2529 locum
569 2490 675 2530 non
705 2475 919 2530 invenio
943 2493 956 2539 ;
985 2476 1080 2532 sed
1112 2477 1266 2532 video
1283 2478 1409 2548 quid
1438 2490 1694 2550 sequatur
1723 2499 1735 2534 :
1768 2481 1955 2537 Omnia

360 2565 411 2617 in
437 2565 692 2632 sapientia
722 2566 901 2636 fecisti.
925 2566 1067 2637 Ergo
1105 2568 1281 2623 omnia
1313 2569 1365 2624 in
1395 2569 1610 2625 Christo
1647 2570 1837 2628 fecisti.
1862 2572 1954 2629 llle

360 2666 728 2726 contemptus,
757 2659 846 2714 ille
871 2660 1228 2730 expalmatus,
1258 2661 1353 2717 ille
1388 2674 1699 2733 COttSplllus,
1730 2665 1817 2722 ille
1841 2667 1954 2736 spi-

361 2749 444 2802 nis
473 2758 784 2815 coronatus,
809 2750 898 2805 ille
936 2752 1256 2820 cruciﬁxus,
1313 2755 1491 2809 omnia
1541 2756 1593 2810 in
1639 2757 1731 2812 illo
1761 2757 1952 2814 fecisti.

361 2838 558 2905 Audio,
590 2840 750 2895 audio
780 2841 905 2912 quid
941 2841 1008 2899 de
1037 2845 1126 2899 illo
1172 2853 1263 2900 tuo
1314 2846 1483 2902 milite
1513 2849 1726 2904 nunties
1783 2850 1954 2906 homi-

361 2929 521 2984 nibus
541 2945 556 2995 ;
580 2930 708 3001 quid
730 2931 796 2987 de
819 2933 907 2987 illo
930 2949 1177 3004 praecone
1200 2946 1386 2994 sancto
1407 2939 1662 3008 praedices
1684 2942 1951 3011 gentibus,

359 3019 636 3078 Christum
666 3024 759 3079 Dei
790 3025 1050 3082 Virtutem
1073 3070 1086 3095 ,
1115 3037 1172 3084 et
1198 3030 1293 3086 Dei
1324 3030 1670 3100 Sapientiam.
1695 3032 1957 3092 irrideant

359 3113 530 3171 Judaei
563 3115 878 3172 cruciﬁxum
909 3117 1205 3187 Christum,
1236 3122 1360 3192 quia
1391 3124 1699 3181 scandalum
1736 3136 1818 3183 est
1842 3128 1952 3195 eis;

361 3205 619 3261 irrideant
649 3206 844 3278 Pagani
874 3211 1185 3266 crucifixum
1224 3213 1494 3269 Christum
1517 3257 1530 3280 ,
1570 3217 1694 3287 quia
1731 3219 1954 3276 stultitia

360 3305 442 3350 est
467 3295 549 3350 eis
575 3313 589 3350 :
620 3296 734 3351 Nos
758 3308 944 3364 autent,
975 3300 1166 3370 inquit,
1195 3304 1534 3372 prazdicamus
1557 3306 1813 3362 Christum
1839 3326 1955 3364 cru-

361 3386 604 3455 ciﬁxum,
651 3387 848 3443 Iudaeis
891 3391 1092 3460 quidem
1136 3396 1466 3462 scandalum,
1513 3396 1754 3453 Gentibus
1787 3410 1954 3455 autent

362 3477 669 3542 stultitiam;
696 3480 818 3548 ipsis
844 3496 961 3535 vero
989 3485 1173 3537 vocatis
1192 3484 1391 3541 Judazis
1412 3496 1458 3540 et
1485 3486 1676 3543 Graecis
1700 3489 1954 3546 Christum

363 3565 461 3623 Dei
503 3567 788 3636 Virtutem,
822 3581 867 3626 et
902 3571 991 3627 Dei
1035 3573 1354 3644 Sapientiam
1390 3577 1442 3649 (1
1475 3578 1593 3635 Cor.
1622 3596 1672 3649 t,
1696 3581 1801 3652 ‘23,
1825 3583 1949 3656 24).

365 3660 552 3715 Omnia
578 3665 631 3716 in
658 3665 906 3733 sapientia
936 3667 1117 3737 fecisti.

433 3753 528 3810 26.
560 3755 776 3826 Repleta
805 3767 879 3810 est
904 3766 1035 3813 terra
1065 3770 1298 3816 creatura
1318 3770 1422 3818 tua.
1451 3764 1672 3836 chleta
1699 3776 1781 3824 est
1813 3777 1952 3826 terra

360 3852 610 3899 creatura
640 3845 842 3902 Christi
866 3847 908 3900 ³.
937 3849 1002 3903 Ει
1023 3851 1331 3920 quomodo?
1351 3853 1631 3921 Quomodo
1662 3858 1905 3915 videmus
1934 3878 1946 3914 :

360 3934 492 4005 quid
512 3937 653 3991 enim
681 3951 786 3992 non
810 3952 839 3992 a
868 3939 1024 3996 Patre
1052 3956 1147 4010 per
1175 3942 1368 3998 Filium
1395 3955 1632 4001 creatum
1655 3950 1774 4002 cst?
1795 3949 1952 4017 Quid-

360 4028 490 4100 quid
532 4029 767 4089 ambulat
805 4040 860 4086 et
906 4032 1042 4103 repit
1097 4035 1150 4089 in
1204 4036 1381 4101 terris,
1428 4039 1680 4109 quidquid
1719 4049 1867 4096 natat
1899 4042 1952 4099 in

358 4123 534 4192 aquis,
562 4121 818 4194 quidquid
851 4124 993 4180 volat
1021 4125 1073 4180 in
1096 4142 1242 4193 acre,
1273 4128 1528 4200 quidquid
1582 4130 1634 4185 in
1665 4132 1802 4187 caelo
1849 4134 1953 4190 cir-

357 4215 680 4286 cumagitur,
707 4225 906 4286 quanto
937 4217 1105 4287 magis
1146 4227 1286 4274 terra
1308 4259 1322 4286 ,
1364 4229 1505 4276 totus
1536 4222 1764 4279 mundus
1800 4240 1953 4282 crea-

360 4317 481 4362 tura
506 4307 596 4363 Dei
618 4319 718 4363 est.
742 4307 848 4364 Sed
875 4311 1056 4365 nescio
1082 4311 1206 4381 quid
1231 4311 1316 4367 hic
1343 4313 1605 4385 signiﬁcat
1633 4315 1700 4371 de
1723 4318 1951 4388 quadam

356 4409 605 4456 creatura
651 4416 822 4466 nova,
874 4401 942 4457 de
988 4418 1090 4473 qua
1131 4402 1260 4458 dicit
1290 4406 1609 4475 Apostolus,
1655 4408 1715 4464 Si
1757 4427 1857 4480 qua
1898 4412 1952 4466 in

358 4491 563 4546 Christo
607 4509 734 4547 nova
777 4505 1041 4562 creatura,
1082 4505 1246 4551 vetera
1288 4500 1628 4564 transierunt;
1669 4518 1780 4557 ecce
1809 4506 1953 4574 facta

354 4593 479 4638 sunt
501 4585 669 4638 omnia
690 4584 710 4616 ⁸
739 4602 906 4641 noua:
935 4588 1107 4642 omnia
1134 4597 1304 4643 autem
1331 4607 1392 4646 ea:
1419 4590 1530 4646 Deo
1553 4592 1616 4662 (ll
1641 4594 1758 4648 Cor.
1783 4611 1833 4662 v,
1859 4598 1948 4663 17,

362 4673 480 4744 18).
512 4675 656 4730 Nova
684 4685 928 4732 creatura
951 4693 1070 4748 quae
1096 4679 1228 4735 facta
1256 4688 1358 4746 est,
1381 4696 1568 4738 omnes
1595 4685 1874 4741 credentes
1896 4687 1951 4742 in

356 4764 656 4833 Christum,
684 4777 945 4823 exueutes
971 4783 1031 4824 se
1062 4778 1297 4824 veterem
1326 4771 1616 4839 hominem,
1640 4783 1694 4830 et
1723 4776 1953 4833 induen-

356 4865 445 4912 tes
473 4872 670 4913 novum
701 4857 917 4931 (Ephes.
943 4876 1015 4924 tv,
1044 4861 1136 4925 22,
1158 4861 1275 4932 21).
1310 4861 1523 4933 Repleta
1550 4875 1622 4920 est
1650 4875 1782 4922 terra
1805 4885 1950 4923 crea-

359 4945 482 5004 tura
522 4958 624 5005 tua.
667 4951 724 5006 lu
765 4967 872 5007 uno
919 4952 1039 5007 loco
1083 4962 1238 5007 terrae
1267 4954 1553 5010 cruciﬁxus
1586 4966 1731 5023 erat,
1763 4959 1812 5013 in
1845 4975 1951 5016 uno

360 5042 558 5111 exiguo
584 5042 702 5098 loco
728 5042 920 5098 cecidit
945 5059 1169 5114 granum
1200 5044 1329 5099 illud
1360 5045 1411 5100 in
1438 5055 1656 5112 terram,
1686 5058 1740 5104 et
1759 5053 1950 5107 morti-

362 5134 580 5188 ficatum
616 5143 730 5198 est;
761 5134 853 5190 sed
885 5150 1134 5205 magnum
1163 5135 1396 5192 fructum
1423 5139 1618 5193 attulit.
1655 5140 1950 5212 Singularis

362 5239 509 5291 eras,
534 5225 756 5281 Domine
782 5225 931 5293 Jesu,
964 5227 1137 5284 donec
1167 5230 1453 5292 transires;
1483 5246 1714 5302 agnosco
1756 5235 1809 5289 in
1845 5237 1950 5291 alio

359 5316 571 5387 psalmo
601 5332 787 5372 vocem
816 5329 981 5385 luam,
1007 5334 1110 5390 qua
1133 5320 1311 5375 dixisti
1339 5340 1350 5372 :
1382 5322 1671 5392 Singularis
1699 5342 1790 5395 ego
1811 5344 1945 5396 sum,

362 5409 524 5462 donec
549 5417 801 5463 transeam
830 5409 999 5479 (Psal.
1028 5426 1154 5477 εει,
1185 5412 1294 5481 10).
1320 5411 1614 5483 Singularis
1636 5432 1762 5486 ergo
1788 5434 1909 5473 eras
1929 5460 1945 5486 ,

359 5501 536 5557 donec
566 5488 854 5568 trausires';
887 5501 1173 5572 singularis
1201 5518 1341 5570 eras,
1367 5520 1486 5559 cum
1517 5508 1776 5576 agnovisti
1800 5524 1948 5565 ocea-

425 5676 443 5708 ί
472 5673 639 5725 Plures
661 5681 789 5733 Μεε..
811 5675 1217 5726 contenebricatio.

426 5740 452 5806 ξ
475 5746 579 5806 mss.
599 5744 785 5806 carenti
798 5736 875 5806 bis
891 5739 1074 5806 verbis,
1094 5739 1233 5796 stetit,
1263 5738 1336 5787 vel
1356 5751 1465 5801 ante
1488 5739 1574 5806 illa
1594 5742 1758 5806 sessio,
1781 5744 1877 5796 ubi.

429 5800 453 5831 ³
475 5801 549 5849 sic
569 5797 752 5860 aliquot
773 5804 883 5860 uss.
910 5806 963 5860 at
984 5799 1116 5860 Edd.,
1147 5797 1376 5850 creatura
1392 5808 1475 5850 tua
1493 5801 1694 5856 rhriste.

475 5868 592 5929 Vox,
617 5857 794 5924 omnia,
820 5859 910 5910 hoc
932 5859 1037 5911 loco
1057 5857 1110 5922 iu
1130 5870 1233 5916 Mss.
1259 5863 1412 5917 omitti
1436 5862 1578 5922 δοιοί.

1483 420 1878 485 ΕΝΑΙὶιιΛΤΙΟ
1914 419 1980 477 IN
2018 422 2339 484 PSALMUM
2375 428 2509 486 Clll.

3501 444 3641 504 1578

2055 554 2174 595 sum
2206 550 2392 598 tuum:
2424 547 2518 602 sed
2553 548 2621 604 ab
2658 565 2849 610 occasu
2883 554 2936 610 in
2973 564 3147 612 ortum
3179 559 3437 617 transisti.
3478 561 3639 620 Ortus

2054 650 2134 700 es,
2167 638 2503 709 splenduisti,
2533 643 2856 704 clariticatus
2883 664 2972 716 es,
2998 666 3123 707 cum
3150 653 3203 708 in
3232 655 3426 711 ctelum
3454 671 3636 714 ascen-

2054 727 2201 794 disti,
2229 741 2284 786 et
2310 735 2503 802 repleta
2529 746 2602 791 est
2631 748 2764 793 terra
2797 752 3029 798 creatura
3060 754 3166 800 tua.
3198 747 3500 817 Psalmum,
3529 750 3640 806 fra-

2056 828 2187 889 tres,
2211 824 2447 882 nondum
2470 827 2767 898 ﬁnivimus;
2799 835 2893 891 sed
2919 837 3117 910 aliquid
3150 840 3275 897 inde
3317 843 3372 898 in
3422 844 3643 903 nomine

2054 910 2252 970 Christi
2278 916 2438 974 etiam
2463 919 2530 976 ad
2557 920 2697 978 diem
2727 923 3059 985 Dominicum
3085 929 3418 990 dilferamus.

2711 1071 2882 1114 SERMO
2918 1074 2990 1115 IV.

2129 1160 2180 1215 t.
2211 1159 2453 1218 Meminit
2491 1163 2736 1225 Charitas
2758 1169 2984 1239 Vestra,
3014 1186 3137 1228 cum
3177 1174 3247 1230 sit
3284 1191 3420 1233 unus
3459 1192 3641 1238 sermo

2056 1251 2152 1307 Dei
2176 1252 2230 1308 in
2255 1253 2547 1327 Scripturis
2574 1261 2826 1318 omnibus
2855 1261 3129 1333 dilatatus,
3154 1275 3208 1321 et
3236 1283 3333 1338 per
3361 1270 3524 1325 multa
3548 1287 3643 1327 ora

2055 1353 2363 1402 sanctorum
2393 1365 2556 1405 unum
2598 1350 2836 1408 Verbum
2883 1364 3078 1423 sonet,
3124 1358 3266 1429 quod
3307 1375 3428 1416 cum
3477 1363 3547 1417 sit
3587 1364 3644 1424 iu

2056 1436 2318 1507 principio
2341 1438 2481 1495 Deus
2504 1441 2646 1512 apud
2673 1443 2838 1500 Deum
2860 1485 2875 1512 ,
2923 1447 2994 1502 ibi
3037 1463 3144 1503 non
3191 1450 3352 1506 habet
3379 1452 3643 1524 syllabas,

2055 1528 2177 1599 quia
2204 1545 2309 1584 non
2339 1530 2501 1588 habet
2531 1541 2811 1604 tempora;
2862 1553 2960 1594 nec
3007 1541 3305 1596 mirandum
3344 1545 3498 1600 nobis
3539 1546 3643 1614 sit,

2055 1620 2178 1690 quia
2205 1631 2424 1693 propter
2448 1624 2812 1697 inﬁrmitatem
2841 1639 3078 1686 nostram
3108 1631 3388 1690 descendit
3426 1635 3494 1690 ad
3524 1652 3646 1707 par—

2057 1711 2244 1767 ticulas
2271 1728 2525 1770 sonorum
2557 1727 2892 1787 nostrorum,
2923 1736 3044 1775 cum
3073 1722 3408 1781 descenderit
3427 1726 3494 1781 ad
3520 1742 3642 1783 sus-

2056 1801 2352 1872 cipiendam
2380 1806 2740 1866 inﬁrmitatem
2765 1813 3007 1882 corporis
3050 1816 3220 1870 nostri
3260 1815 3453 1886 (Joan.
3496 1834 3544 1888 ι,
3575 1822 3641 1889 1,

2058 1891 2148 1966 ill)
2179 1912 2192 1949 :
2227 1895 2386 1953 istum
2418 1906 2597 1955 tamen
2627 1902 2886 1974 psalmum
2910 1903 3022 1974 jam
3056 1906 3252 1962 multos
3279 1908 3431 1964 nobis
3456 1909 3646 1970 fecisse

2055 1999 2331 2042 sermones
2351 2028 2366 2053 ,
2395 1988 2751 2062 mysteriaquc
2777 1991 2891 2062 ipsa
2915 2010 3035 2065 qua:
3061 1995 3148 2051 hic
3167 1996 3345 2052 clausa
3376 2008 3644 2069 tenentur,

2056 2084 2115 2129 ut
2144 2077 2475 2146 pulsantibus
2500 2082 2854 2152 aperirentur,
2877 2088 3121 2144 attulisse
3147 2089 3301 2145 nobis
3327 2106 3430 2146 non
3459 2109 3647 2163 parvas

2057 2180 2153 2236 per
2179 2168 2380 2240 aliquot
2408 2171 2523 2227 dies
2548 2189 2728 2229 moras
2756 2178 3010 2246 temporis
3029 2219 3042 2244 ,
3066 2194 3188 2234 cum
3216 2185 3646 2254 pronuntiantur,

2056 2273 2176 2314 cum
2207 2263 2671 2334 commendantur,
2706 2281 2827 2322 cum
2871 2268 3051 2324 clausa
3095 2285 3215 2327 esse
3260 2282 3646 2344 monstrantur,

2056 2368 2176 2411 cum
2203 2355 2534 2425 aperiuntur,
2564 2374 2687 2414 cum
2718 2370 2998 2429 eruuntur,
3026 2378 3147 2419 cum
3178 2367 3648 2436 ostenduntur;ac

2063 2462 2160 2517 per
2175 2447 2276 2505 hoc
2297 2451 2558 2518 meminit,
2584 2461 2641 2508 ut
2668 2452 2802 2521 dixi,
2827 2455 3073 2512 Charitas
3087 2467 3284 2527 vestra,
3309 2476 3407 2516 nec
3434 2471 3647 2533 practer-

2057 2541 2132 2596 ito
2156 2543 2241 2598 die
2269 2544 2334 2598 ad
2373 2545 2489 2614 ejus
2516 2548 2798 2603 terminum
2843 2550 3032 2619 psalmi
3077 2565 3174 2606 nos
3222 2555 3502 2622 pervenire
3545 2571 3640 2626 po-

2058 2632 2225 2689 tuisse
2243 2673 2258 2699 ,
2282 2643 2336 2689 et
2361 2634 2630 2693 distulisse
2657 2638 2711 2692 in
2741 2637 2884 2694 hunc
2907 2639 3069 2696 diem.
3103 2641 3279 2698 Voluit
3313 2645 3567 2703 Dominus
3590 2655 3646 2704 et

2060 2733 2269 2796 tempus
2294 2727 2609 2786 redditionis
2637 2731 2790 2788 nobis
2819 2731 3096 2804 exhibere,
3137 2743 3193 2792 et
3233 2752 3320 2794 me
3346 2738 3646 2798 debitorem

2058 2816 2238 2874 debito
2275 2820 2621 2888 satisfacere,
2661 2831 2718 2879 et
2754 2833 3035 2882 exactores
3061 2829 3363 2887 securiores
3391 2832 3643 2891 efﬁcere:

2057 2907 2147 2964 det
2175 2925 2304 2981 ergo
2335 2913 2447 2983 ipse
2468 2914 2665 2972 bonum
2695 2919 2838 2988 quod
2867 2919 3179 2992 reddamus,
3213 2923 3307 2994 qui
3334 2940 3441 2981 non
3465 2926 3647 2985 reddi-

2059 3001 2138 3056 dit
2161 3004 2421 3076 quidquid
2446 3008 2571 3062 mali
2607 3008 2929 3067 feceramus.

2127 3092 2182 3148 2.
2217 3093 2364 3168 [vers.
2395 3097 2485 3163 24,
2517 3098 2631 3171 25.]
2660 3092 3124 3174 Exclamaverunt,
3150 3115 3207 3163 ut
3231 3109 3420 3177 nostis,
3445 3119 3504 3167 ut
3521 3127 3645 3170 cum

2059 3186 2256 3255 pietate
2283 3188 2580 3260 gaudioque
2604 3194 2861 3261 recolitis,
2892 3197 3324 3256 exclamaverunt
3346 3218 3467 3258 cum
3497 3204 3648 3262 Psal-

2058 3291 2146 3331 mo
2173 3277 2373 3333 viscera
2419 3281 2597 3336 cordis
2641 3285 2828 3350 nostri,
2858 3294 2913 3341 et
2935 3286 3223 3345 dixerunt:
3254 3291 3418 3358 Quam
3450 3299 3651 3368 magni-

2059 3370 2210 3438 ﬁcata
2237 3380 2353 3426 sunt
2382 3389 2537 3442 opera
2563 3385 2669 3442 tua,
2701 3376 2954 3434 Domine!
2985 3379 3168 3437 Omnia
3196 3383 3248 3438 in
3280 3387 3526 3456 sapientia
3566 3392 3645 3461 {e-

2058 3461 2169 3515 cisti
2197 3479 2214 3516 :
2242 3464 2432 3532 repleta
2475 3475 2550 3521 est
2592 3477 2725 3522 terra
2771 3479 3005 3525 creatura
3045 3483 3151 3527 tua.
3188 3474 3452 3548 Quidquid
3474 3494 3504 3534 a
3536 3479 3647 3537 Dco

2059 3551 2256 3609 factum
2284 3565 2385 3624 est,
2415 3557 2466 3612 in
2491 3560 2748 3630 sapientia
2777 3561 2970 3619 factum
2994 3575 3096 3633 est,
3129 3576 3183 3623 ct
3209 3584 3304 3639 per
3331 3572 3645 3641 sapientiam

2057 3644 2253 3701 factum
2283 3657 2385 3704 est.
2417 3649 2681 3722 Quidquid
2725 3655 2873 3710 novit
2911 3657 3246 3727 sapientiam,
3295 3671 3350 3718 et
3391 3665 3646 3736 quidquid

2057 3750 2167 3791 non
2197 3740 2341 3795 novit
2369 3742 2702 3812 sapientiam,
2744 3753 2799 3799 et
2840 3755 3015 3803 tamen
3046 3749 3100 3805 in
3124 3762 3364 3807 creatura
3407 3755 3498 3812 Dei
3539 3768 3643 3826 est,

2059 3828 2114 3884 in
2158 3832 2416 3902 sapientia
2459 3834 2655 3891 factum
2699 3847 2811 3905 est,
2858 3850 2911 3895 et
2958 3857 3053 3912 per
3096 3845 3409 3913 sapientiam
3445 3848 3640 3908 factum

2058 3928 2158 3975 est.
2185 3921 2283 3988 Qui
2306 3936 2635 3994 cognoscunt
2661 3929 2997 3996 sapientiam,
3027 3931 3198 3988 lucem
3223 3934 3644 4008 habentsapien-

2058 4012 2214 4077 tiam;
2262 4014 2349 4083 qui
2391 4030 2498 4070 non
2542 4028 2888 4088 cognoscunt,
2923 4019 3120 4076 habent
3164 4032 3337 4079 tamen
3383 4029 3642 4085 artiﬁcem

2058 4108 2392 4178 sapientiam,
2427 4127 2547 4167 cum
2578 4114 2684 4175 sint
2710 4116 2806 4184 ipsi
2836 4116 3036 4173 detenti
3069 4119 3403 4192 insipientia‘
3436 4144 3450 4182 :
3481 4136 3534 4183 et
3553 4131 3644 4202 qui

2055 4213 2173 4254 eam
2205 4199 2378 4257 lucem
2405 4202 2637 4270 habent;
2663 4205 2823 4262 etiam
2849 4209 3109 4266 artiﬁcem
3137 4212 3368 4282 habent;
3400 4233 3504 4275 non
3525 4199 3645 4291 qui.

2056 4307 2283 4363 cumque
2319 4294 2575 4351 artiﬁcem
2620 4296 2850 4365 habent,
2895 4300 3054 4356 etiam
3099 4303 3270 4360 lucem
3312 4307 3526 4366 habent.
3576 4312 3647 4369 Et

2058 4385 2270 4454 quidem
2299 4385 2351 4441 in
2385 4386 2685 4444 hominibus
2714 4391 2861 4445 multi
2906 4401 3031 4448 sunt
3072 4397 3160 4466 qui
3203 4395 3321 4467 ejus
3359 4403 3644 4475 participes

2059 4476 2209 4542 ﬁunt,
2260 4487 2315 4533 et
2356 4479 2623 4548 sapientes
2668 4491 2958 4550 vocantur;
3007 4487 3159 4542 multi
3208 4488 3322 4558 ejus
3365 4503 3642 4562 expertes,

2057 4571 2203 4626 stulti
2230 4572 2592 4628 nominantur.
2635 4573 2859 4645 Propter
2885 4575 2986 4632 hoc
3007 4578 3199 4635 vitioso
3241 4583 3457 4640 nomine
3496 4587 3644 4643 stulti

2056 4663 2408 4734 appellantur,
2437 4665 2558 4735 quia
2602 4665 2648 4720 si
2688 4666 2936 4722 studeant
2973 4671 3268 4740 sapientiae,
3291 4673 3336 4728 si
3365 4683 3564 4744 petant,
3596 4677 3645 4733 si

2058 4764 2318 4823 quaerant,
2345 4755 2390 4810 si
2417 4756 2646 4825 pulsent,
2678 4768 2900 4828 possunt
2930 4762 3214 4830 pervenire
3244 4763 3310 4818 ad
3336 4765 3452 4834 ejus
3474 4767 3643 4835 parti-

2057 4848 2375 4919 cipationem
2402 4866 2413 4902 :
2441 4864 2544 4904 non
2569 4851 2706 4906 enim
2731 4861 2957 4918 naturre,
2991 4853 3083 4908 sed
3113 4853 3446 4925 negligentia:
3472 4856 3642 4914 deuc-

2058 4950 2228 5011 gatur.
2271 4942 2407 4998 Sunt
2431 4953 2608 4998 autem
2650 4944 2768 4999 alia:
2803 4955 3081 5010 creaturae,
3121 4961 3242 5016 quas
3285 4962 3390 5004 non
3421 4960 3645 5019 possunt

2061 5034 2174 5088 fieri
2207 5035 2490 5105 participes
2516 5036 2820 5106 sapientite;
2853 5037 2989 5091 sicut
3017 5051 3205 5092 omnes
3228 5038 3430 5108 bestiae,
3463 5044 3643 5100 omnia

2058 5140 2271 5196 pecora,
2297 5141 2483 5182 omnes
2513 5128 2750 5193 arbores,
2783 5142 2902 5197 qua:
2932 5141 3030 5182 nec
3060 5142 3275 5184 sensum
3319 5130 3515 5189 habent
3555 5135 3641 5190 ul-

2059 5217 2186 5271 lum.
2232 5218 2496 5288 Numquid
2543 5220 2665 5289 quia
2706 5219 2991 5290 participes
3047 5221 3322 5290 sapientia:
3368 5239 3490 5282 esse
3534 5244 3642 5285 uon

2059 5319 2301 5380 possunt,
2334 5311 2452 5366 ideo
2477 5327 2580 5365 non
2611 5311 2662 5364 in
2684 5310 2940 5381 sapientia
2962 5321 3016 5366 et
3045 5327 3138 5382 per
3158 5314 3474 5385 sapientiam
3505 5319 3641 5376 facta

2056 5405 2212 5459 sunt?
2255 5403 2367 5458 Non
2407 5418 2536 5474 ergo
2573 5403 2739 5473 exigit
2786 5403 2923 5458 Deus
2965 5404 3291 5462 intellectum
3327 5408 3395 5464 de
3423 5426 3560 5480 equo
3587 5421 3644 5468 et

2057 5498 2201 5551 mulo
2229 5514 2240 5549 :
2273 5496 2365 5551 sed
2396 5495 2698 5550 hominibus
2724 5495 2870 5562 dicit,
2912 5496 3084 5552 Nolite
3107 5516 3214 5554 esse
3240 5502 3368 5555 sicut
3401 5519 3553 5572 equus
3592 5514 3640 5559 et

2059 5590 2254 5654 multis,
2317 5588 2494 5658 quibus
2535 5603 2634 5641 non
2678 5597 2748 5642 est
2796 5589 3071 5644 intellectus
3105 5590 3123 5661 (
3154 5590 3291 5646 Psal.
3344 5608 3498 5662 xxxi,
3544 5595 3636 5666 9).

2122 5746 2136 5776 ¹
2165 5742 2332 5809 Plures
2350 5748 2459 5809 Mss.
2486 5743 2732 5809 omittunt,
2746 5757 2867 5809 cum
2889 5744 2983 5795 sint
3014 5743 3107 5809 ipsi
3129 5743 3307 5809 detenti
3345 5745 3634 5809 insipientia.

2058 5804 2273 5874 Sonnulli
2300 5805 2420 5874 loco,
2440 5803 2726 5874 insipientia,
2746 5806 2945 5867 habent,
2964 5803 3213 5869 sapientia.
3241 5808 3327 5859 Alii
3341 5803 3450 5871 cuni
3469 5823 3566 5865 am.
3579 5803 3639 5868 et

2054 5877 2150 5930 βπ,
2177 5869 2225 5930 in
2255 5869 2506 5933 sapientia.
