4088 6444
588 358 729 419 1379

586 475 739 545 Quod
769 488 907 549 equo
934 482 1118 530 natura
1157 479 1269 541 est,
1302 472 1503 528 homini
1532 472 1733 529 crimen
1758 480 1861 528 est.
1893 473 2007 527 lloc
2035 487 2165 544 ergo

585 570 715 625 dicit
736 571 874 625 Deus
894 587 906 624 :
926 568 1039 624 Non
1071 568 1222 639 exigo
1248 566 1705 637 participationem
1733 566 2008 638 sapientize
2036 581 2168 620 meae

584 664 651 720 ab
678 665 754 719 eis
775 678 891 733 quae
918 676 1022 716 non
1047 660 1147 715 feci
1174 660 1243 715 ad
1266 658 1547 730 imaginem
1572 673 1776 724 meam;
1808 658 1900 713 sed
1925 657 2009 712 ubi
2044 657 2163 724 feci,

584 759 706 814 inde
736 759 920 827 exigo,
969 763 1023 811 et
1057 771 1210 810 usum
1247 754 1365 825 ejus
1394 754 1472 809 rei
1504 754 1733 824 postulo,
1760 768 1917 825 quam
1950 751 2161 807 donavi.

582 850 835 907 Homines
856 864 981 920 ergo
1008 847 1294 903 reddentes
1319 846 1429 902 Deo
1454 861 1571 917 quze
1599 846 1695 907 Dei
1725 853 1868 909 sunt,
1901 844 1944 897 si
1968 840 2162 899 Caesari

581 941 807 998 reddunt
832 941 973 1011 quod
1005 939 1230 994 Ctesaris
1257 946 1337 994 est
1368 937 1386 1009 (
1412 937 1594 991 Matth.
1622 951 1751 1000 χχιι,
1774 935 1838 989 21
1865 935 1915 1005 );
1960 934 2009 988 id
2046 940 2159 1001 est,

580 1034 866 1091 reddentes
895 1032 1093 1088 Οωετιιί
1120 1032 1402 1101 imaginem
1431 1044 1602 1093 suam,
1637 1038 1689 1083 et
1729 1026 2011 1082 reddentcs
2051 1025 2160 1079 Deo

578 1127 863 1199 imaginem
887 1139 1058 1197 suam,
1083 1123 1295 1197 erigunt
1314 1123 1481 1193 ipsam
1509 1128 1740 1177 mentem
1768 1134 1937 1184 suam,
1966 1132 2069 1172 non
2093 1116 2158 1171 ad

578 1234 658 1281 se.
693 1217 787 1273 sed
813 1216 881 1272 ad
908 1214 1163 1289 artificem
1188 1230 1363 1279 suum,
1395 1221 1449 1268 et
1472 1212 1537 1267 ad
1569 1213 1747 1267 lumen
1779 1210 1916 1267 unde
1941 1218 2083 1274 sunt,
2107 1218 2162 1265 et

579 1311 645 1381 ad
674 1310 905 1366 calorem
929 1306 1210 1381 quemdam
1239 1304 1569 1377 spiritualem
1590 1303 1731 1359 unde
1754 1302 2078 1370 fervescunt,
2108 1312 2161 1356 et

566 1400 721 1477 [unde
752 1399 943 1454 rcmOti
969 1397 1280 1467 frigescunt,
1310 1404 1361 1450 ct
1389 1394 1527 1449 unde
1563 1394 1875 1450 recedentes
1901 1402 2159 1449 contene-

568 1491 820 1565 vbrantur,
850 1500 904 1545 et
926 1504 1031 1560 quo
1048 1496 1383 1544 revertentes
1410 1487 1775 1543 illuminantur
1804 1504 1817 1538 :
1846 1494 1901 1559 et
1924 1486 2043 1555 quia
2073 1485 2159 1557 pie

564 1585 652 1645 illi
678 1584 941 1651 dixerunt,
970 1583 1049 1639 Tu
1078 1582 1383 1639 illuminabis
1410 1582 1666 1635 lucernam
1692 1596 1874 1645 meam,
1911 1578 2158 1644 Domine;

576 1676 713 1729 Deus
740 1691 899 1741 meus,
930 1673 1236 1728 illuminabis
1264 1670 1653 1741 tenebrasmeas
1687 1670 1855 1743 (Ρωι.
1879 1687 2005 1735 xvu,
2033 1667 2154 1741 29);

576 1767 830 1822 discussis
867 1766 1101 1835 tenebris
1138 1773 1364 1820 terrena:
1402 1764 1661 1831 stultitiae,
1690 1764 1994 1834 aperientes
2019 1778 2079 1818 os
2104 1770 2159 1825 et

578 1858 833 1913 (lucentes
854 1857 1121 1929 Spiritum,
1154 1858 1383 1927 erigunt,
1414 1866 1471 1911 ut
1495 1856 1628 1925 dixi,
1660 1854 1910 1923 fidentem
1942 1857 2153 1911 oculum

560 1950 780 2021 cordis;
811 1959 865 2004 et
882 1949 1312 2019 circumspiciunt
1340 1955 1516 2003 mente
1537 1948 1839 2003 universum
1863 1947 2116 2002 mundum
2136 1989 2152 2018 ,

576 2050 802 2106 terram,
848 2054 992 2109 mare
1028 2048 1084 2107 et
1119 2038 1334 2105 cmlum,
1365 2047 1420 2095 et
1456 2036 1696 2093 videntes
1726 2038 1903 2099 omnia
1933 2038 2156 2108 pulchre

560 2132 850 2205 disrzosita,
880 2132 1118 2188 ordinata
1148 2147 1384 2203 currere,
1410 2130 1579 2202 digeri
1618 2131 1905 2201 generibus
1924 2174 1937 2199 ,
1982 2132 2153 2187 fulciri

556 2212 885 2303 seminibus,
910 2224 1103 2280 mutari
1119 2223 1564 2289 successionibus,
1587 2238 1805 2279 currere
1826 2223 2154 2293 temporibus

572 2318 746 2389 placet
784 2318 861 2373 eis
890 2316 942 2371 in
976 2317 1057 2371 bis
1080 2315 1305 2383 artifex,
1345 2323 1479 2371 utet
1508 2315 1607 2387 ipsi
1638 2316 1882 2386 placeant
1906 2314 1957 2370 in
1988 2315 2156 2370 artifi-

572 2411 694 2466 cio‘
734 2410 955 2475 artifici;
1001 2417 1057 2464 et
1094 2408 1398 2463 exclamant
1426 2421 1537 2479 pra:
1564 2422 1756 2477 magno
1784 2405 1999 2478 gaudio,
2032 2406 2152 2477 quia

572 2518 699 2565 vere
728 2502 853 2559 huic
876 2501 1073 2557 lmtitite
1098 2500 1229 2555 nihil
1264 2498 1562 2570 comparari
1592 2507 1766 2568 potest
1795 2517 1809 2554 :
1840 2499 2004 2565 Quam
2041 2516 2152 2553 ma-

558 2595 809 2667 ,gniﬁcata
842 2602 957 2647 sunt
985 2608 1139 2662 opera
1165 2602 1279 2655 tua,
1308 2589 1562 2645 Domine!
1597 2590 1781 2646 Omnia
1817 2591 1869 2645 in
1905 2592 2154 2663 sapientia

569 2685 752 2761 fecisti.
796 2682 896 2739 Ubi
931 2692 1011 2738 est
1039 2682 1152 2759 ipsa
1176 2681 1433 2755 sapientia
1476 2681 1529 2736 in
1574 2696 1678 2752 qua
1722 2682 1898 2736 omnia
1940 2682 2153 2737 fecisti?

571 2792 676 2847 quo
707 2792 866 2833 sensu
896 2774 1202 2845 attingitur?
1239 2790 1343 2845 quo
1381 2776 1536 2831 oculo
1568 2775 1773 2832 videtur
1795 2776 1818 2829 ?
1843 2791 1949 2847 quo
1975 2775 2153 2830 studio

571 2869 860 2943 quaeritur?
900 2884 1003 2939 quo
1044 2868 1236 2923 merito
1274 2868 1608 2939 possidetur?
1652 2869 1768 2936 Quo
1802 2869 2014 2939 putatis,
2049 2868 2150 2925 nisi

570 2960 737 3029 gratia
782 2960 911 3013 sua?
938 2958 1037 3025 Qui
1068 2959 1281 3014 donavit
1323 2968 1381 3014 ut
1426 2958 1612 3023 simus,
1643 2958 1807 3015 donat
1830 2969 1886 3013 ut
1925 2957 2049 3014 boni
2082 2960 2152 3015 si-

569 3067 710 3107 mus.
738 3051 908 3105 Donat
934 3050 1231 3117 conversis,
1257 3050 1349 3122 qui
1374 3059 1656 3121 antequam
1687 3058 2143 3123 converterentur,

568 3152 623 3199 et
665 3159 787 3198 cum
827 3144 998 3198 aversi
1042 3128 1184 3198 irent
1213 3150 1329 3213 post
1355 3143 1466 3195 vias
1494 3156 1650 3209 suas,
1692 3157 1867 3197 nonne
1906 3142 2149 3213 quaesivit

566 3236 704 3291 eos?
750 3250 925 3290 nonne
966 3232 1283 3313 descendit?
1332 3248 1509 3288 nonne
1540 3233 1771 3289 Verbum
1802 3249 1926 3290 caro
1954 3234 2147 3290 factum

542 3336 670 3395 ,esl,
702 3336 755 3382 et
784 3326 1036 3399 habitavit
1062 3326 1112 3381 in
1140 3325 1292 3403 nobis
1319 3325 1498 3396 (Joan.
1530 3342 1567 3394 ι,
1602 3326 1729 3400 li)?
1756 3342 1933 3382 nonne
1958 3343 2148 3382 accen-

566 3420 645 3476 dit
672 3421 939 3475 lucernam
965 3420 1141 3475 carnis
1166 3434 1295 3487 sum,
1328 3419 1451 3485 dum
1486 3419 1743 3491 penderet
1785 3422 1836 3475 in
1883 3436 2063 3487 cruce,
2096 3430 2149 3491 et

565 3511 809 3587 quaesivit
833 3510 1087 3580 perditam
1110 3509 1417 3565 drachmam
1453 3510 1612 3581 (Luc.
1647 3528 1735 3579 xv,
1762 3510 1871 3585 8)?
1896 3512 2149 3579 Quaesivit

566 3614 621 3661 et
649 3604 866 3668 invenit,
896 3603 1081 3661 vicinis
1106 3603 1612 3675 congratulantibus,
1641 3604 1694 3657 id
1718 3612 1799 3658 est
1823 3606 1967 3659 omni
1994 3620 2145 3671 crea-

566 3709 682 3752 tura
727 3696 985 3767 spirituali
1032 3712 1149 3767 qum
1192 3696 1358 3750 Deum
1403 3696 1648 3767 proxime
1690 3696 1917 3765 attingit.
1948 3696 2147 3752 Vicinis

566 3789 867 3845 laetantibus
905 3788 1115 3844 inventa
1157 3797 1237 3842 est
1275 3786 1556 3852 drachma;
1602 3787 1815 3862 Angelis
1849 3788 2147 3849 lmtantibus

564 3880 775 3937 inventa
804 3887 885 3934 est
904 3878 1077 3933 anima
1106 3878 1354 3932 humana.
1390 3878 1603 3931 Inventa
1626 3885 1726 3945 est,
1751 3893 1876 3947 ergo
1896 3878 2143 3948 gaudeat,

563 3983 616 4029 et
642 3974 781 4027 dicat
815 3989 825 4024 :
859 3971 1021 4039 Quam
1064 3972 1387 4042 magni/icata
1425 3979 1543 4025 sunt
1579 3986 1732 4040 opera
1759 3981 1867 4038 tua,
1895 3970 2147 4025 Domine!

567 4065 751 4119 Omnia
780 4064 831 4118 in
852 4064 1098 4133 sapientia
1120 4063 1301 4134 fecisti.

636 4158 689 4211 '5.
720 4156 930 4224 Repleta
959 4164 1031 4210 est
1055 4165 1185 4209 terra
1212 4162 1441 4208 creatura
1468 4162 1573 4208 tua.
1623 4154 1738 4221 Qua
1772 4164 2014 4211 creatura
2060 4163 2145 4223 tua

564 4248 767 4316 repleta
819 4255 899 4301 est
945 4245 1123 4301 terra?
1174 4244 1429 4300 Omnibus
1480 4245 1760 4301 arboribus
1805 4256 1859 4301 et
1900 4246 2143 4314 frutetis,

564 4340 811 4396 omnibus
849 4339 1161 4395 animalibus
1206 4350 1259 4393 et
1302 4340 1614 4410 pecoribus;
1658 4349 1713 4395 et
1753 4340 2001 4396 universo
2031 4342 2147 4411 ipso

564 4446 759 4505 genere
789 4433 1037 4497 humano,
1065 4430 1263 4500 repleta
1290 4440 1371 4485 cst
1402 4440 1537 4485 terra
1563 4441 1802 4486 creatura
1839 4433 1951 4487 Dei.
1983 4433 2142 4487 Vide-

564 4541 704 4591 mus,
739 4523 1004 4588 novimus,
1040 4524 1285 4595 legimus,
1311 4524 1668 4594 agnoscimus,
1696 4525 1988 4594 laudamus,
2015 4537 2069 4582 et
2094 4529 2146 4583 in

564 4616 648 4672 liis
671 4600 1047 4691 praedicamus;
1071 4623 1123 4669 et
1146 4615 1196 4668 in
1220 4614 1301 4669 his
1331 4630 1437 4670 non
1462 4613 1749 4671 sufficimus
1779 4616 1993 4673 laudare
2025 4628 2144 4674 tan-

566 4718 677 4764 tum
699 4749 712 4773 ,
755 4715 1009 4779 quantum
1048 4706 1283 4763 abundat
1313 4723 1377 4762 ex
1417 4707 1555 4762 bona
1583 4708 1905 4779 inspectione
1930 4726 2023 4785 cor
2052 4727 2147 4768 no-

548 4812 755 4877 pstrum.
787 4799 893 4857 Sed
922 4800 987 4856 ad
1019 4800 1159 4856 illam
1182 4800 1350 4873 magis
1370 4809 1664 4856 creaturam
1689 4801 1943 4859 debemus
1969 4815 2146 4861 atten-

564 4897 726 4963 dere,
774 4895 914 4951 undc
952 4894 1080 4955 dicit
1122 4896 1433 4965 Apostolus,
1476 4896 1537 4952 Si
1562 4914 1661 4967 qua
1688 4898 1839 4969 igitur
1865 4900 1917 4952 in
1947 4898 2147 4956 Christo

564 5004 692 5043 nova
716 4998 965 5063 creatura,
997 4997 1157 5043 vetera
1184 4988 1524 5053 transierunt;
1553 5006 1662 5043 ecce
1681 4992 1817 5061 facta
1841 5002 1956 5045 sunt
1979 4995 2149 5048 omnia

565 5096 693 5134 nova
721 5079 784 5151 (ll
810 5079 924 5134 Cor.
958 5096 1007 5146 v,
1040 5080 1147 5151 l7).
1177 5078 1305 5148 Qua:
1335 5090 1497 5135 vetera
1522 5081 1858 5135 transierunt?
1886 5082 1939 5137 ln
1968 5083 2150 5139 Genti-

546 5173 667 5246 .bus
698 5174 870 5228 omnis
897 5172 1216 5240 idololatria,
1250 5172 1302 5227 in
1338 5173 1467 5243 ipsis
1495 5172 1693 5228 Judaeis
1720 5176 1892 5228 omnis
1917 5176 2004 5229 illa
2030 5190 2147 5231 scr-

568 5263 705 5318 vitus
734 5263 909 5334 Legis,
956 5266 1130 5320 omnia
1178 5266 1264 5320 illa
1294 5264 1547 5321 sacrificia
1576 5268 1985 5338 praenuntiantia
2013 5284 2149 5338 pra:-

566 5372 689 5412 scus
732 5356 1069 5413 sacrificium.
1116 5359 1435 5431 Abundabat
1464 5368 1589 5415 tunc
1615 5368 1851 5417 vetustas
1878 5360 2107 5417 hominis
2132 5380 2146 5428 ;

565 5449 711 5505 venit
756 5447 846 5519 qui
884 5459 1163 5525 renovaret
1202 5467 1335 5525 opus
1376 5470 1551 5519 suum,
1589 5456 1733 5509 venit
1770 5455 1859 5525 qui
1893 5456 2151 5512 conflaret

565 5549 841 5612 argentum
873 5554 1050 5609 suum,
1082 5543 1171 5614 qui
1206 5542 1457 5601 formaret
1486 5558 1752 5617 monetam
1779 5563 1948 5616 suam,
1980 5556 2032 5604 et
2064 5558 2148 5602 at-

566 5636 833 5692 tendimus
876 5636 1085 5707 plenam
1129 5645 1320 5692 terram
1359 5638 1676 5696 Christianis
1715 5641 2051 5697 credentibus
2096 5642 2148 5696 in

568 5725 757 5793 Deum,
787 5722 1145 5783 avertentibus
1187 5743 1245 5784 se
1289 5745 1316 5783 a
1359 5731 1620 5800 prioribus
1669 5732 2013 5799 immunditiis
2041 5733 2149 5790 suis

635 5839 647 5867 ¹
677 5838 748 5887 sic
766 5838 931 5901 plures
953 5846 1055 5890 Mss.
1085 5848 1139 5891 At
1162 5840 1293 5900 Edd.,
1317 5839 1366 5889 in
1386 5839 1588 5903 artifice.

1832 357 1889 413 S.
1929 353 2293 414 AUGUSTINI
2337 353 2634 412 EPlSCOPl

3714 370 3835 431 1380

2273 479 2325 524 et
2354 470 2669 539 idololatria,
2700 487 2728 526 a
2759 487 2852 544 spe
2880 476 3147 545 prreterita
3187 478 3253 543 ad
3292 494 3437 551 spem
3476 482 3597 545 novi
3629 488 3833 543 seaculi:

2271 572 2324 618 et
2349 579 2473 620 ecce
2504 566 2737 620 nondum
2768 576 2849 621 est
2875 569 2926 621 in
2961 585 3045 635 re,
3085 579 3137 625 et
3172 570 3279 640 jam
3322 583 3533 629 tenetur
3572 578 3623 630 in
3665 592 3770 649 spe,
3792 591 3838 636 et

2272 674 2367 729 per
2396 660 2561 730 ipsam
2585 676 2730 731 spem
2749 663 2857 733 jam
2886 674 3159 722 cantamus
3190 676 3241 722 et
3267 669 3515 738 dicimus,
3551 671 3753 745 Repleta
3772 687 3836 730 est

2271 760 2403 806 terra
2422 764 2651 808 creatura
2673 766 2777 809 tua.
2809 757 3053 813 Nondum
3094 761 3235 817 enim
3280 763 3328 817 in
3374 767 3547 835 patria
3584 779 3837 827 cantamus

2272 842 2393 911 hoc,
2424 846 2655 901 nondum
2687 847 2739 902 in
2769 850 2855 902 illa
2879 851 3059 921 requie
3083 868 3200 922 qum
3226 856 3588 924 promittitur,
3621 861 3834 917 nondum

2270 935 2594 992 confirmatis
2658 940 2897 994 vectibus
2968 951 3237 1011 portarum
3302 944 3599 1021 Jerusalem
3658 950 3831 1021 (Paul.

2269 1037 2467 1093 chvu,
2503 1028 2633 1099 l5);
2678 1029 2771 1084 sed
2813 1030 2985 1086 adhuc
3031 1033 3081 1087 in
3121 1038 3556 1107 peregrinatione
3594 1040 3833 1101 intuentes

2271 1117 2524 1172 mundum
2558 1120 2713 1174 istum
2747 1130 2937 1187 totum,
2967 1133 3019 1178 et
3050 1110 3279 1201 undique
3308 1127 3557 1187 homines
3584 1145 3831 1192 currentes

2268 1208 2332 1261 ad
2364 1210 2540 1277 ﬁdem,
2577 1214 2822 1270 timentes
2849 1215 3137 1288 gehennas,
3170 1230 3578 1280 contemnentes
3607 1236 3828 1297 mortem,

2269 1311 2509 1356 amantes
2550 1305 2710 1358 vitam
2749 1314 3020 1375 aeternam,
3064 1320 3377 1380 spernentes
3418 1327 3749 1385 praesentem,
3785 1327 3832 1375 et

2268 1392 2359 1445 tali
2404 1396 2705 1462 spectaculo
2742 1398 2988 1468 completi
3027 1402 3221 1471 gaudio
3249 1403 3512 1472 dicimus,
3548 1406 3749 1479 Repleta
3771 1418 3830 1463 est

2268 1493 2399 1537 terra
2424 1496 2654 1540 creatura
2680 1497 2785 1543 tua.

2336 1576 2389 1631 4.
2418 1577 2529 1633 Hoc
2551 1588 2728 1635 autem
2752 1583 3006 1637 saeculum
3029 1584 3201 1641 adhuc
3231 1590 3583 1644 tentationum
3606 1590 3825 1653 ﬂuctibus

2265 1667 2516 1736 quatitur,
2550 1669 2721 1725 adhuc
2747 1676 3145 1743 tempestatibus
3180 1685 3233 1731 et
3272 1680 3523 1748 procellis
3553 1682 3823 1741 tribulatio-

2264 1774 2393 1814 num
2420 1770 2472 1815 ct
2501 1770 2766 1817 tumorem
2791 1766 2806 1796 ¹
2843 1766 3085 1821 turbatur
3109 1786 3119 1820 ε
3144 1768 3241 1823 hac
3270 1777 3449 1827 tamen
3482 1773 3605 1827 itur.
3630 1773 3826 1839 Minetur

2267 1848 2388 1905 licet
2426 1867 2592 1917 mare,
2624 1863 2677 1907 et
2714 1863 2913 1909 tumeat
2955 1855 3219 1923 ﬂuetibus,
3262 1861 3631 1932 procellaSque
3669 1878 3824 1934 partu-

2265 1941 2399 2006 riat;
2431 1941 2529 1997 hac
2555 1943 2676 2008 itur,
2711 1945 2888 1999 datum
2922 1956 3002 2001 est
3028 1948 3180 2015 nobis
3208 1949 3409 2020 lignum
3435 1950 3487 2007 in
3512 1968 3614 2024 quo
3639 1958 3823 2029 navige-

2262 2045 2381 2087 mus
2414 2050 2424 2084 :
2459 2031 2667 2104 Repleta
2694 2046 2764 2089 est
2792 2046 2922 2090 terra
2952 2048 3182 2092 creatura
3209 2050 3313 2093 tua.
3366 2040 3474 2096 Sed
3504 2044 3724 2100 nondum
3745 2061 3822 2102 sn-

2262 2144 2382 2184 mus
2409 2131 2461 2184 in
2496 2140 2635 2187 terra
2662 2134 2976 2201 viventium,
3008 2136 3183 2192 adhuc
3215 2139 3314 2193 ista
3343 2147 3488 2194 terra
3518 2143 3822 2196 morientium

2254 2230 2374 2286 est;
2421 2223 2712 2277 clamamus
2755 2233 2953 2291 autem,
2991 2237 3045 2281 et
3084 2228 3350 2284 dicimus:
3393 2230 3524 2302 Spes
3550 2250 3653 2287 mea
3688 2250 3732 2287 es
3761 2240 3820 2299 tu,

2263 2315 2423 2383 portio
2448 2330 2555 2367 mea
2585 2316 2635 2367 in
2666 2324 2798 2369 terra
2825 2318 3089 2371 viventium
3117 2318 3287 2389 (Psal.
3318 2336 3473 2389 (ιλιι,
3507 2322 3582 2393 6).
3612 2324 3671 2377 Ιιι
3702 2333 3819 2377 terra

2267 2404 2607 2459 morientium
2644 2421 2767 2475 spes
2802 2422 2939 2473 mea,
2961 2409 3011 2463 in
3033 2420 3168 2464 terra
3191 2413 3487 2467 viventium
3518 2396 3681 2483 portio
3698 2428 3813 2469 mea.

2262 2494 2398 2549 Ecce
2442 2496 2539 2549 ista
2585 2505 2723 2551 terra
2767 2513 2884 2568 qua:
2933 2501 3133 2568 repleta
3179 2512 3259 2557 est
3296 2514 3546 2559 creatura
3592 2504 3697 2559 Dei.
3739 2504 3820 2572 Qui

2260 2584 2433 2639 adhuc
2470 2595 2551 2641 est
2586 2586 2638 2641 in
2668 2588 2765 2642 ista
2795 2598 2933 2644 terra
2961 2594 3301 2648 morientium
3322 2638 3336 2662 ,
3376 2597 3607 2651 nondum
3633 2597 3679 2651 in
3704 2605 3818 2653 terra

2259 2678 2549 2732 viventium
2574 2721 2588 2746 ,
2631 2696 2731 2750 qua
2774 2682 2996 2736 transit?
3034 2685 3168 2738 Audi
3209 2690 3493 2757 sequentia
3526 2707 3537 2742 :
3572 2689 3674 2742 Hoc
3708 2707 3819 2743 mare

2259 2787 2496 2841 magnum
2538 2781 2584 2824 et
2620 2774 2920 2841 spatiosum,
2948 2774 3016 2827 ibi
3039 2779 3263 2846 repentia
3288 2795 3511 2849 quorum
3539 2799 3632 2835 non
3650 2792 3712 2835 est
3737 2797 3817 2834 nu-

2260 2876 2460 2926 merus;
2503 2863 2747 2917 animalia
2776 2864 2962 2934 pusilla
2990 2876 3037 2920 et
3075 2883 3278 2937 magna.
3308 2868 3579 2927 Terribile
3605 2887 3734 2925 mare
3757 2871 3814 2926 si-

2257 2952 2472 3021 gniﬁcat
2498 2970 2512 3005 :
2541 2954 2609 3006 ibi
2655 2964 2779 3009 sunt
2820 2958 3041 3027 repentia
3082 2974 3296 3029 quorum
3342 2977 3457 3015 non
3497 2972 3565 3017 est
3598 2978 3812 3017 numerus.

2258 3042 2471 3099 Insidiae
2498 3055 2692 3115 repunt
2718 3046 2769 3102 in
2794 3047 2894 3102 hoc
2916 3050 3132 3117 sacculo,
3161 3061 3212 3106 et
3242 3052 3492 3109 incautos
3516 3065 3715 3125 repente
3740 3066 3812 3110 oc-

2256 3144 2451 3205 cupant
2485 3155 2496 3189 :
2526 3148 2771 3207 repentes
2811 3149 2987 3195 autem
3036 3144 3355 3200 tentationes
3406 3147 3524 3217 quis
3562 3146 3811 3201 numerat?

2258 3230 2487 3300 Repnnt,
2528 3232 2622 3288 sed
2650 3249 2799 3301 cave,
2834 3251 2902 3290 ne
2938 3236 3256 3307 subripiunt.
3294 3240 3556 3311 Vigilettu'
3586 3243 3632 3297 in
3661 3242 3809 3313 ligno;

2256 3323 2416 3378 etiam
2459 3325 2509 3379 in
2558 3325 2764 3396 aquis’,
2802 3328 2960 3381 etiam
3002 3330 3053 3382 in
3092 3328 3335 3387 fluctibus
3371 3335 3469 3388 tuti
3496 3349 3668 3389 sumus
3692 3352 3702 3386 :
3726 3348 3810 3387 non

2255 3414 2481 3471 dormiat
2506 3417 2773 3487 Christus,
2805 3435 2909 3473 non
2938 3421 3166 3477 dormiat
3194 3424 3359 3491 fides;
3398 3435 3452 3481 et
3478 3428 3519 3483 si
3550 3420 3805 3490 dormierit,

2256 3510 2547 3573 excitetur;
2602 3511 2881 3579 imperabit
2928 3514 3119 3581 ventis,
3171 3515 3407 3584 placabit
3450 3533 3590 3572 mare
3629 3515 3805 3586 (Matth.

2255 3614 2365 3664 vut,
2398 3600 2621 3672 24-26);
2652 3602 2864 3657 finietur
2891 3606 2994 3669 via,
3026 3605 3340 3675 gaudebitur
3377 3609 3428 3661 in
3455 3608 3633 3677 patria.
3660 3606 3808 3661 lbire.

2257 3694 2425 3761 pentia
2452 3709 2665 3763 quarunt
2708 3712 2808 3749 non
2851 3706 2922 3750 est
2970 3714 3235 3763 numerus;
3291 3700 3540 3753 animalia
3577 3698 3739 3771 pusilla
3771 3705 3806 3750 et

2254 3799 2460 3853 magna.
2505 3782 2672 3838 Video
2700 3786 2841 3839 enim
2870 3786 3042 3842 adhuc
3082 3788 3134 3842 in
3176 3790 3308 3844 mari
3350 3789 3458 3846 isto
3502 3788 3804 3845 formidolosa

2257 3874 2491 3928 nondum
2538 3875 2856 3931 credentes:
2888 3878 2986 3947 ipsi
3035 3878 3176 3932 enim
3222 3890 3507 3935 versantur
3550 3881 3599 3933 in
3642 3860 3802 3931 amaris

2255 3970 2408 4039 aquis
2428 3976 2481 4022 ct
2504 3970 2801 4035 sterilibus;
2830 3969 2903 4023 illi
2933 3980 3109 4024 autem
3131 3979 3185 4025 et
3210 3973 3388 4040 pusilli
3415 3982 3466 4027 et
3493 3970 3654 4041 magni
3682 3974 3797 4023 sunt.

2253 4056 2511 4112 Novimus
2542 4058 2673 4125 hoc;
2718 4061 2871 4114 multi
2913 4060 3087 4129 pusilli
3129 4061 3308 4119 szcculi
3340 4062 3568 4117 nondum
3594 4057 3800 4115 credide-

2256 4156 2402 4212 runt,
2443 4148 2595 4202 multi
2644 4149 2897 4218 primates
2941 4150 3126 4205 saeculi
3167 4151 3401 4206 nondum
3452 4150 3795 4207 crediderunt:

2254 4238 2499 4292 animalia
2539 4240 2724 4307 pusilla
2750 4249 2795 4293 et
2820 4257 3001 4311 magna
3032 4242 3233 4295 suntin
3264 4241 3366 4298 hoc
3403 4244 3552 4298 mari.
3596 4234 3799 4297 Oderunt

2255 4332 2574 4399 Ecclesiam,
2605 4342 2923 4403 premuntur
2946 4333 3142 4388 Christi
3165 4337 3413 4399 nomine;
3446 4352 3547 4390 non
3574 4334 3794 4393 srcviunt,

2254 4424 2378 4495 quia
2422 4439 2526 4478 non
2580 4426 2993 4493 permittuntur:
3027 4425 3079 4480 in
3129 4442 3317 4482 manus
3365 4443 3469 4483 non
3516 4438 3794 4493 erumpens.

2254 4515 2431 4571 clausa
2453 4525 2534 4570 est
2564 4516 2614 4569 in
2638 4514 2799 4571 corde
2820 4516 3039 4571 saevitia.
3085 4516 3217 4572 Nam
3248 4532 3436 4573 omnes
3474 4518 3579 4572 sive
3613 4512 3792 4585 pusilli.

2255 4608 2374 4661 sive
2406 4606 2599 4676 magni,
2633 4606 2874 4659 animalia
2902 4608 3086 4677 pusilla
3111 4617 3155 4661 et
3179 4624 3384 4679 magna,
3416 4624 3530 4678 qua:
3558 4604 3701 4662 modo
3718 4600 3795 4655 do-

2255 4697 2367 4753 lent
2389 4698 2581 4766 templa
2612 4697 2787 4751 clausa
2813 4710 2951 4762 esse,
2984 4713 3104 4751 aras
3129 4712 3365 4759 eversas.
3399 4698 3664 4753 simulacra
3684 4706 3791 4747 con—

2257 4789 2440 4854 fracta,
2470 4790 2612 4858 leges
2634 4788 2767 4842 latas
2792 4797 2849 4842 ut
2882 4788 3180 4844 sacriﬁcare
3206 4789 3359 4845 idolis
3385 4790 3600 4862 capitale
3626 4788 3686 4841 sit
3706 4782 3793 4838 cri-

2255 4894 2409 4944 men;
2462 4894 2647 4933 omnes
2685 4879 2773 4949 qui
2811 4878 2991 4933 dolent
3032 4880 3164 4945 ham,
3209 4880 3263 4935 in
3305 4882 3437 4935 mari
3480 4888 3595 4935 sunt
3631 4876 3790 4945 adhuc.

2258 4969 2391 5038 Quid
2414 4985 2540 5041 ergo
2563 4970 2692 5024 nos?
2712 4970 2776 5023 ad
2800 4971 3021 5040 patriam
3044 4987 3145 5041 qua
3166 4970 3289 5027 ituri
3310 4972 3522 5027 sumus?
3542 4971 3635 5025 Per
3651 4969 3791 5037 ipsum

2257 5077 2402 5117 mare
2422 5103 2435 5126 ,
2464 5060 2557 5116 sed
2584 5062 2633 5115 in
2657 5060 2818 5131 ligno.
2844 5061 2960 5117 Noli
2989 5063 3175 5118 timere
3200 5065 3519 5134 periculum;
3547 5062 3723 5132 lignum
3749 5063 3791 5109 te

2256 5160 2429 5222 portat
2458 5151 2596 5222 quod
2624 5154 2863 5208 continet
2904 5153 3178 5208 smculum.
3216 5154 3355 5224 Ergo
3392 5152 3634 5208 attendite
3660 5165 3672 5201 :
3700 5144 3791 5199 Hoc

2256 5261 2395 5298 mare
2423 5246 2661 5316 magnum
2682 5255 2729 5299 et
2750 5246 3131 5317 spatiosum,ibi
3151 5250 3372 5319 repentia
3392 5262 3595 5318 quorum
3623 5258 3707 5295 non
3733 5244 3789 5291 at

2256 5353 2495 5390 numerus
2507 5338 2525 5402 ξ
2560 5337 2804 5391 animalia
2834 5338 3020 5407 pusilla
3048 5348 3091 5392 et
3119 5356 3322 5409 magna.
3354 5339 3466 5393 Noli
3490 5339 3676 5396 timere,
3700 5329 3786 5384 noli

2257 5426 2477 5490 terreri;
2520 5426 2761 5483 desidera
2798 5427 3043 5496 patriam,
3073 5430 3305 5500 intelligo
3321 5425 3783 5499 peregrinationem.

2327 5518 2380 5573 5.
2412 5516 2562 5589 [νει-ε.
2593 5518 2708 5593 26.]
2753 5518 2873 5574 Illic
2916 5537 3063 5575 naves
3104 5523 3457 5577 commeabant.
3500 5520 3626 5574 Ecce
3662 5516 3704 5567 in
3734 5524 3785 5565 eo

2256 5610 2395 5679 quod
2426 5611 2681 5679 terrebat,
2705 5627 2866 5667 naves
2888 5622 3088 5681 natant,
3112 5626 3287 5669 etnon
3317 5622 3621 5684 merguntur.
3646 5606 3786 5673 Νἱινθδ

2325 5721 2341 5791 ἓ
2367 5719 2703 5791 eliquans,
2727 5722 2955 5791 timorm
2977 5736 2999 5776 :
3023 5733 3075 5776 et
3094 5728 3305 5791 Quidam,
3329 5734 3518 5777 umore.

2322 5782 2447 5852 '_ttic
2471 5784 2518 5831 in
2543 5784 2655 5852 ald.
2682 5782 2888 5848 additur,
2914 5784 2966 5838 in
3000 5782 3143 5839 cruc'e
3164 5782 3434 5852 natantium
3460 5800 3477 5837 :
3505 5782 3621 5849 quod
3640 5794 3663 5829 a
3696 5787 3783 5827 me-

2262 5843 2465 5893 lioribus
2488 5852 2591 5894 Mss.
2617 5848 2771 5896 abest.
