4088 6452
370 358 504 416 1381

372 470 640 527 Ecclesias
669 474 1049 549 intelligimus;
1083 487 1389 535 commeant
1429 481 1568 536 inter
1607 492 1968 552 tempestates,

370 564 507 620 inter
529 568 798 635 procellas
826 572 1208 639 tentationum,
1234 573 1372 628 inter
1393 573 1587 629 ﬂuctus
1612 575 1813 639 surculi,
1833 576 1977 631 inter

372 659 619 716 animalia
649 646 842 732 pusilla
888 675 941 721 et
985 680 1192 738 magna.
1239 669 1574 724 Gubernator
1612 662 1692 724 est
1729 669 1973 745 Christus

370 752 421 807 in
454 752 600 823 ligno
629 757 807 811 crucis
845 748 975 812 sum.
1012 757 1135 814 Illic
1166 778 1324 815 naves
1356 761 1722 816 commeabant.
1762 763 1877 817 Non
1910 764 1974 817 ti-

370 836 551 898 meant
586 860 776 912 naves,
806 864 914 902 non
950 848 1102 906 valde
1136 850 1413 907 attendant
1456 853 1546 907 ubi
1586 862 1787 921 natent,
1819 854 1911 911 sed
1940 868 1971 911 a

368 951 471 1004 quo
496 930 887 1015 gubernentur.
920 940 1039 995 Illic
1062 958 1210 998 naves
1231 946 1596 1000 commeabant.
1627 947 1792 1015 Quem
1822 962 1967 1003 como

368 1034 606 1083 meatum
660 1033 934 1101 reperiunt
986 1035 1191 1091 tristem
1222 1078 1235 1102 ,
1286 1039 1499 1107 quando
1554 1041 1964 1111 gubernatorem

369 1121 610 1174 Sentium
636 1120 946 1180 Christum?
982 1126 1366 1193 Commcabunt
1390 1145 1597 1199 secure,
1628 1137 1965 1189 commeent‘

371 1224 806 1283 perseveranter,
836 1218 1052 1273 venient
1081 1219 1146 1274 ad
1182 1221 1341 1276 linem
1383 1214 1639 1291 debitum,
1672 1224 1970 1296 perducen-

370 1312 457 1357 tur
484 1305 550 1359 ad
576 1316 775 1363 terram
803 1310 1014 1378 quietis.

442 1396 495 1451 6.
552 1399 652 1452 Est
697 1400 748 1454 in
793 1401 895 1456 isto
944 1405 1077 1459 mari
1122 1406 1318 1477 aliquid
1362 1408 1521 1463 etiam
1566 1409 1707 1480 quod
1751 1422 1968 1481 superat

372 1489 554 1543 omnia
582 1492 832 1547 animalia
856 1496 1044 1565 pusilla
1073 1506 1127 1551 et
1148 1514 1357 1569 magna.
1390 1501 1523 1569 Quid
1551 1512 1632 1557 est
1656 1502 1793 1558 hoc?
1817 1502 1964 1559 Psal-

370 1596 517 1635 mum
548 1582 826 1639 audiamus
848 1584 1051 1643 :Draco
1077 1591 1159 1644 hic
1185 1580 1330 1662 quem
1351 1594 1542 1661 ﬁuxisti
1564 1596 1632 1648 ad
1650 1596 1966 1651 illudendum

370 1672 435 1725 ei.
464 1674 538 1728 lbi
567 1677 809 1744 repentia
832 1693 1056 1748 quorum
1082 1697 1185 1736 non
1215 1694 1295 1737 est
1320 1699 1593 1747 numerus,
1624 1687 1693 1741 ibi
1715 1688 1959 1743 animalia

370 1764 561 1833 pusilla
610 1774 665 1821 et
705 1783 927 1840 magna;
979 1772 1087 1827 illic
1128 1789 1290 1830 naves
1331 1778 1723 1844 commeabant,
1770 1790 1823 1835 et
1855 1795 1959 1835 non

370 1855 656 1924 timebunt,
687 1874 792 1913 non
824 1862 996 1916 solum
1026 1866 1262 1934 repentia
1288 1908 1302 1933 ,
1341 1854 1565 1937 quorum
1602 1885 1707 1924 non
1743 1880 1823 1926 est
1868 1888 1967 1926 nu-

368 1961 574 2015 merus,
606 1960 659 2005 et
690 1951 933 2008 animalia
968 1957 1151 2023 pusilla
1183 1966 1237 2013 et
1261 1974 1473 2031 magna,
1505 1961 1595 2016 sed
1634 1978 1733 2018 nec
1773 1964 1962 2018 draco-

366 2057 489 2096 nem
518 2044 611 2114 qui
644 2045 715 2100 ihi
747 2046 827 2101 est
856 2066 868 2101 :
903 2048 1061 2115 Quem
1090 2052 1305 2119 ﬁnxisti,
1341 2054 1510 2123 inquit
1544 2054 1649 2109 Deo
1672 2097 1685 2119 ,
1729 2058 1797 2109 ad
1838 2056 1962 2110 illu-

367 2136 595 2192 dendum
620 2141 685 2193 ei.
730 2140 973 2212 Magnum
1003 2153 1266 2200 secretum
1290 2189 1303 2211 ,
1337 2155 1388 2201 et
1419 2157 1592 2202 tamen
1623 2148 1762 2219 quod
1795 2151 1961 2206 nostis

364 2229 610 2285 dicturus
650 2245 788 2286 sum.
835 2232 1013 2289 NOStis
1063 2236 1332 2291 inimicum
1381 2238 1635 2293 Ecclesiae
1678 2240 1960 2309 quemdam

358 2317 661 2377 draconem
697 2342 709 2377 :
743 2340 845 2379 non
894 2326 1099 2382 vidistis
1149 2329 1318 2382 oculis
1362 2331 1537 2385 carnis
1568 2375 1580 2397 ,
1632 2332 1725 2387 sed
1771 2330 1962 2389 videtis

362 2412 538 2467 oculis
568 2413 712 2468 ﬁdei.
763 2414 877 2485 Ipse
905 2426 986 2472 est
1016 2419 1105 2488 qui
1136 2430 1187 2473 et
1216 2420 1300 2475 Ico
1332 2422 1526 2476 dicitur
1552 2443 1563 2477 :
1591 2423 1658 2479 dc
1691 2424 1779 2479 illo
1811 2425 1961 2479 Scri-

354 2507 523 2573 ‘ptura
554 2504 702 2571 dicit,
731 2506 1058 2563 Conculcabis
1080 2510 1271 2565 leonem
1292 2521 1340 2566 et
1370 2513 1636 2569 draconem
1668 2515 1838 2585 (Psal.
1871 2531 1957 2583 xc,

350 2596 432 2650 1‘5
458 2596 499 2666 ).
532 2595 789 2653 Subditus
810 2590 897 2652 ‘cSt
930 2600 1027 2655 iste
1055 2601 1212 2671 capiti
1246 2612 1355 2670 tuo,
1387 2605 1645 2660 subdetur
1668 2615 1721 2661 et
1746 2609 1959 2677 corpori

358 2690 514 2759 ejus;
548 2689 791 2746 htereant
812 2703 1013 2747 tantum
1040 2696 1279 2750 membra
1306 2699 1463 2765 capiti
1492 2715 1607 2766 suo,
1638 2709 1697 2753 ut
1722 2701 1960 2756 membra

360 2783 481 2852 ejus
514 2783 644 2839 sint.
674 2786 882 2841 Dictum
912 2797 993 2842 est
1022 2787 1088 2843 de
1117 2790 1284 2858 prima
1315 2790 1530 2856 femina,
1560 2808 1716 2863 quam
1748 2794 1960 2849 seduxit

357 2873 448 2931 hic
473 2876 675 2942 draco;
725 2877 832 2931 Eva
865 2878 1070 2934 scilicet
1090 2878 1185 2933 illa
1216 2881 1299 2934 cui
1327 2882 1605 2936 consilium
1642 2884 1824 2937 mortis
1857 2884 1953 2939 de~

354 2968 456 3034 dit,
495 2978 551 3024 et
584 2972 929 3039 persuasione
959 2981 1132 3028 astuta
1166 2973 1216 3028 in
1246 2990 1339 3029 cor
1363 2976 1647 3030 femineum
1675 2992 1822 3031 more
1845 2990 1959 3032 scr-

354 3062 542 3131 pentis
566 3061 800 3132 irrepsit.
832 3063 1050 3119 Factum
1079 3074 1160 3119 est
1186 3066 1329 3136 quod
1355 3068 1620 3131 novimus.
1645 3068 1784 3138 quod
1814 3069 1881 3123 ibi
1906 3079 1959 3139 et

355 3167 458 3207 nos
488 3154 735 3220 fecimus,
766 3155 906 3225 quod
939 3155 1201 3211 dolemus.
1244 3157 1296 3211 In
1336 3159 1439 3213 illis
1464 3162 1604 3214 enim
1635 3161 1837 3216 duobus
1860 3162 1958 3215 ho-

346 3242 598 3300 "minibus
642 3254 808 3301 totum
838 3264 1005 3319 genus
1034 3249 1321 3305 humanam
1354 3270 1365 3305 :
1399 3253 1517 3305 inde
1548 3268 1782 3323 propago
1811 3272 1955 3309 mor—

354 3338 447 3403 tis,
501 3338 628 3392 inde
676 3348 729 3392 et
770 3339 822 3393 in
872 3341 1106 3410 parvulis
1142 3341 1340 3407 debita,
1383 3342 1596 3396 delicta.
1649 3342 1774 3407 Quis
1813 3344 1952 3400 enim

354 3428 603 3496 mundus,
636 3430 711 3485 ait
736 3428 1007 3501 Scriptura
1029 3474 1042 3497 ,
1080 3433 1131 3485 in
1166 3442 1430 3501 conspectu
1466 3436 1587 3488 tuo?
1634 3432 1742 3488 Nec
1784 3437 1954 3507 infans

344 3521 508 3590 'cujus
537 3531 610 3575 est
640 3522 784 3578 unius
813 3523 912 3576 diei
942 3524 1039 3576 vita
1068 3539 1218 3593 super
1248 3534 1429 3576 terram
1459 3524 1580 3593 (Job
1610 3541 1716 3592 xrv,
1750 3527 1783 3581 4
1808 3538 1852 3580 et
1871 3529 1951 3609 5).

348 3610 577 3666 Tradux
626 3613 864 3682 peccati,
917 3614 1109 3668 tradux
1158 3615 1342 3669 mortis
1384 3614 1450 3671 de
1496 3632 1665 3685 primo
1710 3630 1949 3689 peccato.

350 3702 541 3758 Nostis
582 3706 722 3760 cnim
763 3714 815 3761 et
853 3706 978 3775 quid
1020 3707 1219 3761 dictum
1266 3718 1347 3762 est
1387 3710 1615 3775 mulieri,
1651 3712 1731 3765 vel
1776 3715 1951 3782 potius

356 3797 625 3866 serpenti,
648 3813 766 3852 cum
789 3798 997 3853 audiret
1030 3800 1172 3854 Deus
1195 3810 1471 3869 peccatum
1499 3803 1650 3870 primi
1678 3803 1907 3859 hominis
1934 3825 1946 3858 :

352 3882 488 3959 hlpsa
514 3898 655 3943 tuum
682 3890 955 3944 obscrvabit
981 3901 1150 3960 caput,
1180 3902 1229 3945 et
1259 3902 1311 3945 tu
1336 3894 1443 3963 ejus
1475 3893 1756 3949 observabis
1784 3897 1952 3950 calca-

352 3988 513 4034 mum
563 3979 729 4048 (Gen.
764 3998 837 4048 tu,
866 3984 932 4037 15
954 3980 994 4053 ).
1038 3982 1090 4037 1η
1120 3981 1325 4052 'inaguo
1368 3988 1619 4054 mysterio
1645 3986 1863 4052 dictum,
1893 3990 1947 4043 in

352 4071 530 4142 ﬁgura
577 4072 772 4126 dictum
820 4073 1071 4127 Ecclesia:
1110 4073 1325 4138 l'uturm,
1360 4074 1508 4129 facta:
1548 4076 1613 4131 de
1654 4078 1817 4133 latere
1852 4082 1947 4135 viri

358 4152 463 4229 sui,
518 4174 573 4219 et
625 4164 726 4219 hoc
782 4165 1116 4221 dormientis.
1168 4167 1293 4221 Erat
1348 4176 1522 4223 autem
1564 4169 1731 4224 ‘Adam
1775 4171 1943 4228 forma

350 4246 547 4309 Tuturi.
604 4254 713 4310 Hoc
759 4255 1045 4326 Apostolus
1092 4256 1220 4309 dicit
1257 4272 1269 4311 :
1304 4257 1402 4324 Qui
1452 4267 1523 4311 est
1578 4263 1741 4329 forma
1787 4265 1947 4333 futuri

357 4347 535 4420 (Rom.
568 4366 619 4414 v,
652 4350 758 4417 11).
809 4349 1208 4419 Prteiiguratum
1239 4359 1320 4405 est
1349 4352 1487 4421 quod
1521 4352 1755 4408 futurum
1795 4366 1907 4410 erat
1928 4400 1941 4423 ,

352 4439 495 4495 facta
543 4450 624 4494 est
667 4440 902 4494 Ecclesia
948 4439 1015 4495 de
1062 4440 1226 4494 latere
1282 4441 1490 4495 Domini
1533 4443 1843 4498 dormientis
1891 4447 1941 4500 in

354 4532 537 4585 cruce.
582 4529 712 4584 Nam
757 4531 824 4586 de
866 4532 1028 4586 latere
1054 4531 1291 4585 cruciﬁxi
1321 4524 1575 4601 percusso
1604 4534 1791 4606 (Joan.
1822 4554 1908 4591 xtx
1928 4583 1940 4603 ,

352 4622 473 4690 55),
518 4620 861 4676 Sacramenta
906 4622 1155 4677 Ecclesim
1190 4624 1579 4693 proﬂuxerunt.
1636 4627 1770 4691 Quid
1816 4644 1943 4699 ergo

354 4713 558 4767 dictum
599 4721 681 4767 est
722 4713 1009 4766 Ecclesiae?
1052 4712 1167 4767 Jam
1214 4713 1373 4768 modo
1410 4714 1606 4780 audite,
1642 4717 1938 4789 intelligitc,

350 4810 576 4861 'cavetc:
606 4804 733 4875 Ipsa
758 4816 897 4859 tuum
931 4805 1206 4860 observabit
1234 4815 1419 4877 caput,
1457 4819 1504 4862 et
1543 4819 1595 4862 tu
1636 4812 1743 4881 ejus
1778 4814 1943 4868 calca-

350 4890 524 4951 ncum.
553 4898 597 4952 Ο
628 4897 889 4964 Ecclesia,
922 4907 1081 4968 caput
1108 4900 1373 4966 serpentis
1404 4900 1651 4956 observa.
1683 4903 1832 4971 Quod
1860 4918 1943 4961 est

351 4998 516 5060 caput
544 4990 846 5059 serpentis?
894 4990 1071 5045 Prima
1112 4992 1313 5061 peccati
1346 4995 1634 5063 suggestio.
1668 4996 1822 5050 Venit
1850 4998 1941 5053 tibi

350 5081 409 5139 in
432 5092 665 5138 mentem
690 5084 872 5138 nescio
896 5085 1019 5154 quid
1044 5085 1314 5151 illicitum;
1348 5087 1453 5141 noli
1487 5087 1555 5141 ibi
1584 5099 1765 5144 tenere
1794 5107 1943 5146 men-

353 5182 465 5229 tem
502 5183 647 5229 tuam
668 5217 684 5242 ,
719 5176 826 5230 noli
858 5178 1180 5232 consentire.
1226 5177 1339 5233 Iloc
1368 5179 1511 5249 quod
1541 5181 1683 5235 venit
1714 5182 1763 5235 in
1790 5199 1938 5238 men-

351 5274 484 5333 tem,
517 5276 677 5339 caput
702 5268 963 5338 serpentis
989 5277 1102 5333 est;
1136 5278 1295 5339 caput
1328 5272 1495 5335 calca,
1523 5279 1578 5326 et
1610 5272 1803 5329 evades
1832 5290 1938 5329 ca:-

352 5365 499 5413 teros
525 5368 721 5413 motus.
755 5358 891 5425 Quid
918 5367 1020 5436 est,
1048 5366 1207 5429 caput
1236 5360 1423 5415 calca?
1455 5362 1625 5430 Ipsam
1652 5367 1941 5435 suggestio-

350 5459 815 5510 nemcontemne.
858 5451 963 5506 Sed
1004 5450 1209 5505 lucrum
1250 5453 1547 5522 suggessit:
1576 5470 1824 5525 magnum
1867 5459 1935 5513 ibi

347 5542 556 5599 lucrum
584 5552 687 5611 est,
715 5558 962 5615 maguum
995 5543 1067 5597 ibi
1097 5558 1284 5597 aurum
1316 5554 1431 5612 est;
1460 5548 1503 5601 si
1533 5548 1669 5604 hanc
1696 5549 1933 5608 fraudem

342 5637 564 5705 feceris,
606 5638 759 5693 dives
795 5638 924 5692 eris.
973 5634 1142 5706 Caput
1179 5640 1443 5707 serpentis
1469 5650 1570 5709 est,
1599 5644 1764 5699 calca.
1800 5645 1934 5713 Quid

339 5720 449 5797 est,
479 5730 663 5787 calca?
706 5730 1004 5785 Contemne
1031 5728 1172 5799 quod
1207 5733 1486 5802 suggessit.
1539 5733 1643 5790 Sed
1687 5752 1931 5806 magnum

407 5865 423 5894 ¹
454 5862 527 5911 Sic
552 5865 774 5934 plerique
792 5878 894 5920 Mss.
926 5875 977 5918 At
1003 5868 1138 5927 editi,
1165 5867 1507 5919 commeabant.

1515 366 1907 423 ENARRATIO
1945 367 2012 423 ΙΝ
2052 366 2373 429 PSALMUM
2412 373 2545 431 CIII.

3544 386 3565 440 1
3579 384 3684 451 582

2090 500 2278 541 aurum
2311 491 2593 560 suggessit.
2636 492 2703 547 Et
2735 491 2859 563 quid
2897 493 3117 565 prodest
3158 494 3390 566 homini,
3424 499 3469 556 si
3514 510 3679 564 tom'n

2086 580 2341 636 mundum
2388 583 2650 652 lucretur,
2696 587 2889 643 animae
2928 598 3104 646 autem
3140 607 3251 648 sum
3295 594 3678 654 detrimentum

2087 670 2321 741 patiatur
2355 672 2581 745 (Matth.
2616 693 2721 741 xv1.
2749 678 2896 752 26)?
2922 681 3116 737 Pereat
3140 685 3323 740 mundi
3350 686 3581 756 lucrum,
3616 702 3683 745 ne

2084 760 2175 817 fiat
2212 763 2405 819 animae
2446 766 2718 823 damnum.
2771 771 2897 826 llaec
2934 772 3153 842 dicens,
3185 776 3483 833 observasti
3520 790 3683 851 caput

2085 858 2368 926 serpentis,
2397 869 2447 914 et
2477 861 2714 917 calcasti.
2761 864 2851 920 Ille
2889 875 3066 922 autem
3093 868 3340 925 diabolus
3368 872 3679 930 caleaneum

2082 956 2229 1004 tuum
2270 946 2542 1007 observat.
2570 953 2706 1020 Quid
2734 964 2835 1021 est,
2864 958 3117 1013 observat
3141 961 3450 1017 ealeaneum
3478 973 3630 1021 tuum
3654 966 3680 1020 ?

2076 1041 2304 1109 Quando
2330 1042 2527 1100 labaris
2546 1060 2575 1100 a
2592 1046 2674 1101 via
2704 1048 2819 1104 Dei.
2849 1048 2928 1105 Tu
2950 1050 3204 1107 observas
3230 1055 3455 1124 primam
3478 1072 3673 1129 sugge-

2080 1135 2328 1203 stionem,
2373 1135 2465 1192 ille
2492 1138 2741 1195 observat
2780 1140 2987 1212 lapsum
3030 1153 3202 1201 tuum.
3241 1147 3299 1203 Si
3329 1148 3677 1222 enimiapsus

2076 1222 2263 1295 fueris,
2294 1228 2488 1297 cades;
2520 1233 2563 1286 si
2593 1234 2871 1315 cecideris,
2916 1237 3228 1317 possidebit.
3254 1240 3328 1298 Ut
3358 1252 3535 1300 autem
3565 1262 3675 1303 non

2072 1317 2259 1386 cadas,
2289 1321 2397 1376 noli
2425 1324 2573 1379 exire
2598 1324 2663 1381 de
2689 1326 2794 1381 via.
2827 1331 3121 1400 Angustam
3148 1328 3244 1389 tibi
3263 1336 3509 1392 semitam
3539 1346 3675 1394 stra-

2076 1410 2153 1465 vit
2185 1411 2358 1478 Deus;
2406 1416 2667 1488 quidquid
2705 1430 2860 1475 extra
2900 1422 3068 1491 illam,
3094 1424 3359 1482 lubricum
3399 1436 3500 1484 est.
3545 1428 3679 1486 Pro-

2073 1513 2259 1573 pterea
2293 1507 2472 1563 lumen
2504 1519 2587 1566 est
2614 1509 2880 1581 Christus,
2910 1524 2963 1571 et
2988 1515 3072 1572 via
3108 1529 3192 1574 est
3227 1517 3476 1577 Christus
3504 1541 3517 1577 :
3543 1523 3677 1580 Erat

2078 1596 2248 1652 lumen
2272 1615 2440 1653 verum
2460 1602 2596 1673 quod
2622 1603 2878 1659 illuminat
2902 1624 3097 1663 omnem
3124 1606 3374 1666 hominem
3394 1616 3674 1672 venientem

2077 1687 2128 1741 in
2156 1688 2288 1744 [tunc
2312 1682 2555 1746 mundum
2582 1692 2759 1765 (Joan.
2793 1690 2831 1764 t,
2868 1696 2926 1769 9)
2952 1715 2965 1764 ;
2997 1708 3069 1767 et,
3104 1698 3214 1773 Ego
3244 1698 3355 1758 sum
3381 1704 3483 1773 via,
3508 1714 3555 1761 et
3583 1722 3673 1764 ve-

2075 1780 2221 1847 ritas,
2251 1792 2299 1835 et
2334 1784 2434 1837 vita
2478 1784 2586 1856 (Id.
2618 1786 2727 1853 xw,
2758 1787 2853 1859 6).
2897 1789 2999 1845 Per
3025 1807 3112 1847 me
3148 1792 3213 1859 is,
3241 1795 3258 1826 ¹
3288 1795 3353 1850 ad
3394 1812 3479 1853 me
3518 1798 3582 1853 is.
3614 1796 3673 1857 Si

2076 1888 2201 1945 ergo
2228 1877 2342 1945 ipse
2372 1885 2455 1933 est
2482 1878 2682 1946 lumen,
2713 1890 2766 1937 et
2798 1883 2911 1953 ipse
2938 1894 3020 1939 est
3050 1886 3165 1952 via;
3198 1888 3241 1942 si
3273 1887 3340 1943 ab
3364 1889 3456 1945 illo
3487 1906 3669 1950 reces-

2075 1968 2230 2035 seris,
2265 1972 2429 2025 necin
2454 1971 2655 2028 lumine
2681 1976 2808 2043 eris,
2841 1992 2940 2031 nec
2964 1977 3017 2031 in
3037 1978 3143 2033 via.
3166 1978 3235 2033 Et
3262 1981 3385 2051 quid
3415 1991 3466 2039 te
3489 1982 3671 2055 sequi-

2074 2061 2196 2114 tur?
2227 2062 2377 2129 Quod
2410 2062 2539 2117 dicit
2570 2063 2636 2120 de
2662 2066 2839 2135 impiis
2874 2067 3089 2140 quidam
3121 2071 3361 2143 psalmus
3397 2091 3410 2127 :
3443 2068 3567 2151 Fiat
3590 2074 3671 2132 via

2071 2152 2278 2207 illorum
2304 2158 2519 2211 tenebra:
2543 2168 2588 2211 et
2609 2158 2858 2214 lubricum
2886 2161 3055 2233 (Psal.
3090 2180 3273 2239 xxxrv,
3303 2166 3380 2240 6).
3626 2160 3631 2167 ’

2143 2245 2193 2298 7.
2237 2246 2334 2301 llic
2362 2262 2488 2318 ergo
2513 2248 2707 2317 draco,
2733 2252 2982 2323 antiquus
3010 2254 3181 2311 hostis
3207 2268 3417 2324 noster,
3447 2260 3524 2315 ira
3558 2260 3669 2317 fer-

2058 2334 2251 2401 vidus,
2284 2335 2493 2394 insidiis
2531 2349 2770 2406 astutus,
2793 2342 2846 2395 in
2881 2344 3014 2397 mari
3045 2360 3237 2417 magno
3266 2359 3366 2404 est.
3390 2350 3560 2407 Draco
3582 2353 3667 2408 hic

2054 2440 2213 2493 quem
2243 2427 2435 2495 ﬁnxisti
2467 2431 2535 2483 ad
2563 2431 2882 2487 illudendum
2910 2435 2973 2489 ei.
3003 2435 3118 2491 Jam
3143 2446 3201 2493 tu
3225 2438 3388 2496 illude
3408 2440 3663 2500 draconi:

2054 2513 2137 2569 ad
2168 2514 2267 2570 hoc
2294 2516 2437 2571 enim
2466 2518 2552 2575 hic
2574 2520 2743 2577 factus
2766 2532 2848 2578 est
2870 2524 3052 2581 draco.
3078 2527 3194 2598 Ipse
3222 2530 3416 2588 cadens
3445 2544 3667 2607 peccato

2066 2619 2163 2659 suo
2193 2608 2259 2662 de
2302 2608 2515 2664 sublimi
2567 2611 2893 2670 habitatione
2938 2618 3234 2687 oculorum,
3274 2631 3330 2678 et
3374 2640 3440 2680 ex
3476 2626 3666 2699 angelo

2065 2696 2235 2754 factus
2264 2701 2543 2771 diabolus,
2592 2707 2798 2776 accepit
2840 2710 3125 2779 quemdam
3183 2712 3359 2771 locum
3405 2696 3568 2774 suum'
3607 2720 3665 2777 in

2065 2789 2166 2846 huc
2196 2794 2329 2847 mari
2379 2810 2572 2867 magno
2602 2806 2656 2851 et
2675 2800 2933 2867 spatioso.
2962 2802 3201 2877 Regnum
3230 2808 3348 2879 ejus
3394 2812 3534 2880 quod
3562 2829 3664 2883 pu-

2067 2892 2167 2951 tas,
2199 2901 2385 2941 carccr
2412 2890 2527 2958 ejus
2555 2899 2654 2947 est.
2678 2890 2826 2947 Multi
2849 2894 2989 2949 enim
3017 2896 3201 2954 dicunt
3225 2917 3237 2952 :
3263 2892 3438 2967 Quare
3459 2913 3662 2963 tantam

2064 2984 2380 3046 potestatem
2408 2980 2651 3036 diabolus
2679 2985 2904 3055 accepit,
2929 2996 2985 3042 ut
3018 2988 3320 3046 dominetur
3336 2978 3399 3048 in
3440 2994 3542 3051 isto
3562 3012 3664 3053 sae-

2063 3068 2203 3132 culo,
2228 3078 2282 3124 et
2311 3078 2513 3125 tantum
2548 3074 2737 3139 valeat,
2769 3084 2973 3133 tantum
3019 3082 3229 3149 possit?
3259 3083 3521 3152 Quantum
3565 3105 3663 3145 va-

2043 3157 2153 3223 'let,
2189 3170 2279 3215 aut
2307 3172 2563 3232 quantum
2588 3174 2761 3234 potest
2786 3166 2939 3222 ?Nisi
2969 3172 3281 3242 permissus,
3301 3176 3430 3232 nihil
3460 3190 3657 3249 potest.

2050 3249 2141 3305 ‘l‘u
2178 3252 2254 3306 sic
2279 3267 2409 3322 age,
2439 3270 2506 3309 ne
2548 3256 2883 3324 permittatur
2928 3259 2980 3314 in
3035 3270 3236 3327 te;aut
3272 3266 3315 3321 si
3366 3272 3659 3339 permissus

2060 3340 2221 3397 fuerit
2262 3344 2327 3397 ad
2377 3346 2899 3417 tentandum,victus
2944 3351 3222 3423 abscedat,
3250 3366 3305 3412 ct
3346 3375 3451 3415 non
3480 3362 3659 3433 possi-

2060 3432 2201 3488 deat.
2232 3435 2533 3492 Permissus
2555 3447 2636 3493 est
2659 3438 2800 3493 enim
2834 3440 2900 3496 ad
2936 3444 3220 3502 tentandos
3246 3432 3504 3519 quosdam
3535 3468 3661 3510 san-

2050 3536 2175 3583 ctos
2204 3528 2346 3584 viros
2374 3530 2601 3586 famulos
2633 3532 2726 3587 Dei
2756 3551 2770 3586 :
2803 3546 3192 3605 superaverunt
3236 3556 3379 3610 eum,
3421 3546 3543 3615 quia
3588 3546 3658 3605 de

2058 3621 2139 3674 via
2166 3636 2271 3676 non
2299 3635 2652 3693 recesserunt,
2684 3643 2789 3683 non
2813 3629 2948 3700 lapsi
2977 3641 3119 3699 sunt,
3151 3650 3374 3705 quorum
3403 3639 3656 3696 observa-

2058 3712 2151 3768 bat
2175 3715 2507 3770 calcancum.
2538 3717 2639 3774 Job
2678 3719 2769 3774 ille
2798 3732 3012 3778 sanctus
3056 3725 3273 3781 sedebat
3301 3728 3352 3782 in
3393 3739 3651 3805 stercore,

2057 3814 2109 3858 et
2137 3806 2387 3861 currebat
2412 3808 2463 3862 in
2496 3808 2578 3862 via
2613 3826 2625 3862 :
2658 3811 2835 3867 videte
2864 3815 3130 3885 quomodo
3159 3817 3524 3878 observaverit
3554 3840 3647 3881 ca-

2058 3904 2149 3963 put
2173 3896 2303 3969 ejus,
2335 3907 2389 3952 et
2414 3899 2862 3969 quemadmodum
2891 3904 2980 3958 ille
3010 3904 3317 3964 calcaneum
3340 3910 3456 3981 ejus
3477 3921 3652 3970 atten-

2055 3984 2234 4039 debat.
2268 3985 2362 4042 Ille
2392 3989 2687 4058 repellebat
2714 4004 3086 4062 suggerentem
3109 4039 3124 4062 ,
3157 3998 3249 4054 ille
3289 4002 3539 4071 sperabat
3566 4005 3649 4061 la-

2054 4075 2271 4131 bentem
2298 4094 2311 4129 :
2336 4079 2474 4148 cepit
2506 4088 2559 4133 et
2578 4080 2693 4150 ejus
2720 4083 3119 4153 mulierculam;
3160 4089 3427 4147 subtraxit
3469 4098 3650 4161 omnia

2054 4184 2171 4238 qua:
2207 4168 2474 4237 habebat,
2498 4172 2665 4227 solam
2716 4172 2917 4230 dimisit
2965 4178 3278 4248 adjutricem
3322 4199 3509 4256 suam,
3541 4166 3650 4249 non

2054 4261 2229 4314 mariti
2260 4263 2685 4331 consolatricetn,
2716 4266 2808 4320 sed
2841 4268 3017 4338 potius
3048 4274 3384 4332 tentatricem
3415 4280 3467 4347 ’ς
3506 4284 3650 4356 cepit

2054 4351 2212 4405 etiam
2236 4352 2402 4422 ipsam
2427 4369 2532 4408 non
2558 4355 2929 4413 observantem
2953 4369 3113 4431 caput
3132 4363 3267 4433 ejus.
3288 4366 3477 4435 Adhuc
3499 4351 3643 4431 enim

2053 4442 2140 4497 illa
2176 4444 2279 4497 Eva
2318 4454 2467 4511 erat;
2496 4446 2590 4501 sed
2626 4447 2737 4518 jam
2769 4448 2856 4505 ille
2903 4450 3073 4508 Adam
3118 4470 3224 4511 non
3264 4469 3401 4516 erat.
3443 4463 3648 4524 Ablatis

2052 4535 2321 4605 omnibus,
2349 4539 2608 4595 remansit
2631 4537 2733 4596 Job
2759 4557 2879 4597 cum
2914 4559 3113 4613 uxore,
3147 4564 3243 4621 per
3279 4567 3437 4622 quam
3472 4534 3645 4615 tenta-

2054 4639 2200 4684 retur
2227 4648 2239 4697 ;
2270 4639 2467 4685 etcum
2502 4631 2634 4696 Deo,
2666 4648 2696 4687 a
2736 4650 2841 4705 quo
2881 4649 3178 4709 regeretur.
3206 4642 3341 4711 Quid
3392 4646 3483 4703 illo
3512 4666 3646 4720 pau-

2052 4722 2230 4790 perius
2282 4721 2457 4776 subito
2508 4722 2736 4792 factum,
2771 4725 2813 4780 si
2864 4725 3080 4785 domum
3125 4733 3241 4800 ejus
3292 4724 3646 4798 consideres?

2046 4805 2188 4873 Quid
2213 4806 2300 4859 illo
2326 4806 2519 4874 ditius,
2544 4807 2586 4862 si
2610 4824 2701 4863 cor
2730 4809 2844 4879 ejus
2861 4814 3250 4883 cogites?Vide
3272 4833 3662 4891 paupertatem.

2052 4897 2241 4951 domus
2269 4915 2280 4951 :
2306 4896 2478 4951 ablata
2515 4907 2638 4952 sunt
2666 4900 2862 4954 omnia.
2894 4902 3027 4959 Vide
3056 4904 3264 4961 divitias
3291 4911 3505 4967 cordis:
3530 4913 3641 4969 Do-

2050 4991 2215 5043 minus
2238 4988 2392 5054 dedit,
2428 4988 2673 5044 Dominus
2717 4990 2961 5059 abstulit;
2996 4995 3126 5049 sicut
3160 4995 3379 5055 Domino
3427 5005 3637 5075 placuit,

2049 5081 2118 5132 ita
2144 5086 2331 5150 factum
2356 5089 2428 5135 est
2453 5081 2553 5134 :sit
2582 5097 2762 5135 nomen
2799 5080 3008 5137 Domini
3032 5083 3362 5143 benedictum.
3389 5088 3639 5152 Dominus

2050 5172 2203 5238 dedit,
2235 5171 2487 5227 Dominus
2514 5172 2717 5227 abstulit
2750 5184 3014 5231 :noverat
3058 5186 3322 5236 rectorem
3370 5201 3525 5243 suum
3546 5230 3561 5255 ,
3584 5200 3641 5247 et

2052 5276 2364 5320 tentatorem
2394 5280 2546 5319 suum
2576 5281 2591 5329 ;
2633 5266 3013 5336 permissorem
3045 5275 3324 5331 tentatoris
3362 5280 3441 5333 sui
3470 5278 3637 5340 nove-

2048 5366 2153 5412 rat.
2208 5357 2348 5411 Nihil
2392 5357 2512 5423 sibi,
2549 5357 2738 5426 inquit,
2772 5357 3014 5415 diabolus
3052 5362 3282 5433 tribuat;
3312 5368 3635 5430 voluntatem

2045 5449 2206 5505 habet
2239 5449 2484 5515 nocendi,
2520 5457 2837 5518 potestatem
2868 5461 3043 5507 autem
3071 5454 3172 5511 nisi
3218 5460 3501 5530 acciperet,
3529 5481 3633 5522 non

2046 5542 2301 5605 haberet;
2332 5548 2586 5609 quantum
2614 5541 2817 5611 accepit
2847 5543 2934 5597 ille
2962 5548 3268 5614 potestatis,
3302 5557 3502 5607 tantum
3533 5568 3636 5626 ego

2044 5635 2215 5703 patior
2244 5649 2256 5685 :
2291 5648 2393 5686 non
2439 5647 2566 5702 ergo
2595 5633 2663 5688 ab
2692 5634 2782 5689 illo
2826 5635 3026 5706 patior,
3056 5640 3148 5694 sed
3179 5640 3246 5695 ab
3285 5658 3351 5699 eo
3376 5646 3463 5715 qui
3492 5659 3634 5718 pote-

2108 5811 2123 5839 ι
2154 5808 2285 5867 Εό‹1.,
2307 5806 2347 5857 si
2370 5808 2435 5858 ad
2452 5822 2526 5859 me
2550 5809 2607 5859 is.
2632 5811 2881 5869 Particula,
2920 5810 2979 5870 si,
3005 5812 3143 5863 abest
3163 5826 3188 5862 a
3212 5821 3318 5865 Mss.

2106 5873 2125 5902 ¹
2151 5871 2339 5935 Aliquot
2362 5877 2465 5923 Mss.
2494 5874 2736 5933 omittunt,
2754 5876 2837 5924 sed
2860 5874 3013 5936 potius
3036 5876 3351 5929 tentatricem.
