4188 6444
593 426 737 493 1583

590 552 782 601 statem
827 540 1013 608 dedit,
1044 543 1417 596 contemnatur
1462 532 1708 604 superbia
1736 527 2017 585 tentatoris
2045 524 2171 590 mei,

592 636 951 693 sustineantur
975 630 1182 702 ﬂagella
1209 626 1377 700 patris
1412 624 1535 680 mei.
1585 620 1847 692 Repulsus
1893 624 1977 673 est
2003 625 2176 671 tenta-

593 735 697 793 tor,
726 726 1063 781 observatum
1091 729 1175 776 est
1202 726 1361 788 caput
1384 715 1500 786 ejus
1519 755 1533 781 ,
1566 720 1849 785 penetrem
1876 722 1983 764 non
2010 704 2179 778 potuit

594 818 651 873 in
698 830 812 871 cor.
865 813 1121 869 Muratam
1174 810 1442 866 civitatem
1498 805 1797 861 forinsecus
1832 797 2174 872 oppugnavit,

590 908 685 966 sed
717 922 823 964 non
852 904 1197 977 expugnavit.
1228 901 1465 959 Accessit
1501 899 1602 954 alia
1649 896 1872 953 tentatio
1904 912 1917 949 :
1950 891 2178 963 permis-

589 1017 682 1059 sus
703 1009 786 1059 est
812 998 879 1055 ad
906 1012 1099 1069 corpus
1132 996 1269 1067 ejus,
1298 992 1561 1065 percussit
1588 989 1733 1062 gravi
1771 986 1995 1042 vulnere
2032 998 2063 1039 a
2089 997 2179 1039 ca-

592 1094 702 1164 pite
730 1105 902 1163 usque
928 1088 994 1145 ad
1037 1086 1235 1159 pedes;
1275 1083 1688 1141 contabescebat
1720 1077 1997 1152 putredine
2017 1118 2031 1142 ,
2063 1091 2180 1131 sca-

592 1184 739 1241 tebat
775 1179 1078 1247 vermibus,
1115 1177 1311 1233 amissa
1355 1175 1514 1231 domo
1558 1173 1778 1229 sedebat
1820 1171 1873 1225 in
1917 1178 2174 1225 stercore.

594 1275 669 1331 lbi
708 1276 819 1331 Eva
848 1274 1130 1343 captivata,
1156 1286 1184 1325 a
1214 1268 1427 1326 diabolo
1471 1282 1577 1322 non
1602 1265 1669 1321 ad
1702 1262 2024 1335 adjutorium
2067 1274 2181 1316 ma-

593 1367 698 1422 rito
719 1364 1011 1436 supposita,
1034 1360 1125 1418 sed
1141 1360 1209 1417 ad
1235 1360 1439 1430 lapsum
1460 1357 1498 1422 ⁸,
1515 1355 1748 1427 suggerit
1770 1351 2181 1423 utblaspbeme-

596 1467 683 1513 tur
700 1458 859 1513 Deus.
875 1456 1052 1511 Primo
1068 1452 1329 1524 suggessit
1344 1452 1396 1506 in
1415 1449 1659 1521 paradiso
1676 1456 1732 1504 ut
1746 1452 2182 1503 contemneretur

596 1549 758 1612 Deus,
790 1545 952 1602 modo
992 1554 1051 1601 ut
1092 1542 1491 1615 blasphemetur
1529 1541 1687 1596 Deus.
1738 1538 1916 1594 Valuit
1960 1546 2083 1593 tunc
2126 1536 2181 1592 in

597 1639 880 1709 integrum,
914 1649 1057 1691 nunc
1081 1634 1251 1689 victus
1292 1642 1375 1689 est
1402 1647 1432 1687 a
1471 1632 1613 1702 putri
1644 1648 1656 1685 :
1685 1629 1738 1686 in
1763 1628 2007 1701 paradiso
2034 1627 2182 1698 deje-

597 1733 691 1801 cit,
724 1732 777 1787 in
808 1740 1047 1786 stercore
1076 1736 1355 1799 superatus
1396 1734 1497 1782 est.
1527 1722 1846 1779 Attendebat
1891 1730 2067 1777 autem
2094 1719 2182 1775 ille

595 1823 758 1879 draco
784 1830 961 1878 utrum
991 1819 1091 1875 Job
1120 1819 1297 1889 lingua
1326 1816 1613 1873 laberetur.
1641 1814 1827 1871 Omnis
1850 1810 1993 1870 enim
2021 1811 2181 1870 homo

596 1916 652 1972 in
681 1923 800 1970 actu
822 1928 920 1969 suo
949 1910 1113 1984 pedes
1141 1909 1303 1965 habet
1327 1910 1381 1964 in
1418 1923 1484 1964 eo
1517 1907 1655 1979 quod
1685 1907 1827 1978 agit;
1856 1906 1909 1961 in
1934 1921 2040 1977 quo
2068 1920 2183 1963 mo-

597 2016 773 2074 vetur,
800 2007 872 2061 ibi
898 2014 1147 2075 tauquam
1164 2002 1418 2059 ambulat.
1438 2001 1655 2057 Dicebat
1683 2000 1772 2055 ille
1801 1998 1962 2055 multa
1983 2013 2178 2071 ;quan-

597 2109 651 2156 ta
700 2101 840 2157 enim
893 2100 1025 2156 dixit
1076 2098 1198 2165 Job,
1254 2097 1344 2168 qui
1382 2096 1601 2167 legunt,
1644 2104 1942 2150 noverunt:
1975 2094 2026 2149 in
2074 2103 2183 2151 tam

599 2192 781 2250 multis
831 2190 937 2247 illis
974 2189 1155 2246 verbis
1216 2186 1536 2245 observabat
1593 2199 1815 2257 serpens
1875 2184 2183 2242 calcaneum

602 2283 850 2340 labentis.
891 2281 985 2338 lllc
1010 2291 1188 2337 autem
1226 2279 1315 2351 qui
1353 2286 1511 2349 caput
1536 2276 1853 2334 observabat
1896 2276 2180 2347 serpentis,

598 2376 795 2448 repulit
822 2390 1035 2432 omnem
1079 2374 1495 2446 suggestionem.
1524 2371 1818 2442 Respondit
1858 2381 1913 2427 et
1940 2371 2180 2439 mulieri,

596 2470 734 2526 sicut
769 2468 986 2539 dignum
1030 2475 1146 2523 erat
1182 2464 1507 2539 respondere
1566 2464 1775 2521 mulieri
1804 2481 1817 2517 :
1848 2462 2042 2519 Locuta
2086 2480 2137 2518 es
2164 2504 2179 2529 ,

596 2560 806 2633 inquit,
848 2569 1087 2631 tanquam
1124 2575 1226 2613 una
1264 2561 1326 2613 de
1380 2556 1733 2627 insipientibus
1783 2555 2184 2610 mulieribus:si

602 2650 733 2708 bona
777 2650 1086 2723 percepimus
1131 2650 1196 2705 de
1242 2665 1397 2704 manu
1422 2647 1661 2712 Domini,
1715 2647 1853 2701 mala
1891 2662 1992 2701 non
2024 2646 2182 2701 susti-

602 2743 869 2799 nebimus?
914 2743 983 2797 Et
1024 2743 1154 2797 inter
1202 2742 1291 2795 illa
1339 2741 1505 2795 omnia
1556 2754 1668 2810 qua:
1718 2738 1879 2805 dixit,
1934 2754 2183 2807 nusquam

598 2834 773 2904 lapsus
800 2841 872 2887 est
915 2830 1034 2905 (Job
1066 2847 1123 2896 ιι,
1154 2830 1265 2901 10)-
1293 2829 1446 2897 Quod
1474 2829 1629 2885 multi
1650 2828 1701 2883 in
1729 2828 1833 2884 illis
1860 2828 2036 2885 verbis
2073 2843 2181 2884 non

600 2923 919 2996 intelligunt,
935 2932 989 2979 et
1013 2921 1253 2993 quaedam
1286 2920 1357 2976 ibi
1386 2920 1463 2977 sic
1490 2920 1781 2991 accipiunt,
1810 2920 1962 2991 quasi
1980 2918 2182 2992 aliquid

596 3013 790 3072 durum
818 3013 1014 3069 dixerit
1039 3011 1141 3067 Job
1169 3010 1223 3067 in
1254 3011 1437 3067 Deum.

667 3107 723 3162 8.
760 3104 892 3160 Nam
915 3104 1055 3160 inter
1080 3103 1245 3158 multa
1280 3102 1437 3158 etiam
1472 3102 1575 3158 hoc
1614 3101 1768 3170 dixit,
1795 3102 1941 3158 velut
1982 3112 2181 3160 stoma-

596 3196 763 3254 cbans
791 3195 1047 3252 adversus
1074 3194 1263 3261 Deum,
1295 3194 1430 3249 sicut
1449 3193 1728 3249 videbatur
1746 3208 1851 3249 non
1879 3194 2180 3267 intelligen-

594 3287 737 3345 tibus
761 3306 773 3341 :
799 3288 887 3343 ille
912 3296 1087 3343 autem
1112 3286 1355 3358 gestabat
1392 3300 1673 3357 personam
1709 3302 1953 3358 magnam
1973 3302 2180 3360 magum

596 3377 888 3449 prophetiae
916 3394 931 3433 :
967 3376 1193 3443 Utinam,
1221 3376 1391 3447 inquit
1417 3376 1639 3448 loquens
1665 3376 1731 3432 ad
1770 3378 1957 3443 Deum,
1986 3379 2180 3435 utinam

596 3479 723 3527 esset
770 3470 910 3524 nobis
936 3469 1120 3525 arbiter
1145 3468 1253 3541 (Id.
1288 3486 1361 3536 ix,
1407 3470 1497 3536 35,
1524 3487 1623 3526 sec.
1655 3469 1818 3543 LXX)
1844 3473 1856 3525 !
1880 3470 2016 3540 Quid
2061 3480 2174 3539 est,

599 3554 805 3611 Utinam
854 3554 996 3609 nobis
1036 3564 1161 3609 esset
1190 3553 1375 3608 arbiter
1402 3553 1516 3627 (a)?
1556 3555 1716 3623 Quasi
1767 3557 1857 3627 qui
1904 3558 2043 3611 inter
2079 3571 2178 3612 nos

592 3644 875 3716 iudicaret,
901 3653 956 3700 et
995 3659 1101 3716 quo
1144 3645 1418 3716 judicante
1463 3660 1622 3701 causa
1658 3662 1773 3701 mea
1802 3648 2056 3703 vinceret.
2088 3649 2177 3705 Sic

592 3735 849 3807 accipitur
876 3734 941 3790 ad
979 3736 1206 3806 primum
1246 3751 1434 3791 sonum
1465 3750 1478 3787 :
1506 3734 1601 3791 sed
1647 3734 1851 3793 discute
1882 3746 1966 3804 te,
1998 3754 2065 3794 ne
2095 3738 2175 3794 la-

594 3825 767 3891 baris;
790 3824 1014 3880 attendit
1051 3824 1193 3881 enim
1221 3838 1446 3895 serpens
1495 3824 1583 3880 ille
1620 3840 1831 3896 semper
1868 3827 2173 3883 calcaneum

593 3926 762 3973 tuum.
794 3916 931 3985 Quid
957 3917 1100 3972 visus
1120 3925 1203 3972 est
1230 3916 1430 3972 dixisse
1459 3917 1560 3973 Job
1587 3917 1606 3971 .’
1639 3916 1845 3974 Utinam
1885 3931 2007 3976 esset
2034 3922 2174 3977 nobis

592 4010 777 4066 arbiter
804 4010 825 4064 !
855 4011 1054 4066 utinam
1072 4018 1214 4066 esset
1242 4008 1449 4066 medius
1468 4011 1657 4081 aliquis
1694 4013 1781 4083 qui
1806 4012 2071 4083 judicaret
2096 4015 2175 4071 in-

592 4110 674 4157 ter
699 4114 785 4155 me
805 4107 861 4156 et
892 4102 981 4156 te!
1014 4098 1125 4155 Hoc
1155 4099 1264 4156 Deo
1295 4100 1475 4167 homo,
1510 4100 1612 4156 hoc
1639 4101 1690 4156 in
1720 4111 1955 4159 stercore
1989 4104 2167 4172 homo,

590 4192 695 4247 hoc
726 4190 813 4247 vel
842 4190 895 4245 in
941 4190 1080 4246 coelo
1122 4191 1341 4261 angelus
1379 4191 1489 4247 Deo
1522 4209 1534 4246 :
1568 4190 1786 4248 Utinam‘
1824 4204 1969 4250 esset
2008 4197 2166 4254 nobis

591 4281 817 4338 arbiter!
850 4280 953 4337 Sed
983 4281 1111 4353 quid
1151 4281 1517 4353 prtevidcbat?
1544 4284 1668 4354 quid
1695 4286 1955 4354 optabat?
1985 4286 2167 4358 Multi,

592 4374 762 4445 inquit
787 4374 1064 4441 Dominus,
1092 4375 1215 4440 iusti
1234 4382 1278 4429 et
1299 4377 1557 4445 propheta:
1581 4377 1842 4431 voluerunt
1870 4379 2036 4435 videre
2062 4398 2173 4450 quae

591 4465 766 4519 uidetis
787 4505 801 4531 ,
835 4474 882 4519 et
921 4480 1023 4519 non
1050 4464 1279 4518 uiderunt
1310 4463 1523 4535 (Matth.
1581 4480 1675 4520 xm
1700 4507 1714 4531 ,
1756 4467 1864 4539 l7).
1896 4468 2169 4527 Arbitrum

591 4555 947 4613 desiderabat.
980 4554 1117 4623 Quid
1144 4564 1227 4612 cst
1246 4556 1478 4612 arbiter?
1504 4555 1706 4613 Medius
1734 4557 1801 4613 ad
1841 4573 2168 4631 componen-

589 4648 712 4705 dum
745 4662 979 4704 causam.
1018 4646 1205 4702 Nonne
1245 4647 1440 4702 inimici
1480 4662 1693 4703 eramus
1722 4649 1855 4714 Dei,
1896 4658 1951 4705 et
1976 4652 2167 4710 malam

593 4755 810 4799 causam
840 4741 1167 4796 habebamus
1194 4738 1449 4795 adversus
1478 4740 1828 4810 Deum?Quis
1859 4741 2032 4799 liniret
2051 4760 2168 4801 cau-

543 4836 552 4844 ’
587 4850 701 4892 sam
741 4833 895 4890 istam
934 4832 1129 4889 malam
1159 4873 1174 4898 ,
1202 4832 1302 4887 nisi
1342 4831 1433 4888 illc
1459 4833 1666 4888 medius
1694 4834 1911 4901 arbiter,
1944 4838 2033 4907 qui
2064 4839 2164 4896 nisi

585 4928 829 4993 veniret,
873 4925 1250 4981 misericordia:
1281 4926 1507 4995 perierat
1536 4925 1670 4982 iter?
1697 4927 1770 4983 De
1799 4944 1904 4999 quo
1934 4933 2163 5000 Aposto-

585 5018 670 5074 lus
697 5017 844 5082 dicit,
872 5016 1018 5072 Unus
1042 5017 1172 5071 enim
1202 5014 1341 5069 Deus
1360 5025 1405 5070 et
1427 5016 1671 5071 mediator
1692 5016 1788 5072 Dei
1813 5028 1859 5073 et
1885 5019 2157 5088 hominum,

584 5108 733 5163 homo
762 5108 991 5163 Christus
1019 5106 1169 5161 Iesus
1198 5106 1239 5179 (Ι
1266 5105 1400 5160 Tim.
1437 5122 1495 5173 ιι,
1523 5106 1599 5180 5).
1629 5108 1685 5163 Si
1712 5125 1816 5163 non
1848 5108 2029 5178 homo,
2055 5129 2159 5168 non

580 5198 880 5263 mediator;
912 5198 1033 5268 quia
1064 5197 1284 5267 mqualis
1312 5197 1456 5252 Patri
1494 5198 1652 5254 Deus.
1684 5199 1821 5255 Dicit
1853 5201 1956 5256 alio
1995 5202 2109 5258 loco
2144 5222 2156 5257 :

584 5290 838 5347 Mediator
860 5298 1026 5343 autem
1052 5288 1202 5342 unius
1244 5304 1343 5342 non
1386 5298 1495 5353 est;
1540 5287 1674 5344 Deus
1716 5300 1882 5345 autent
1924 5308 2051 5347 unus
2087 5304 2159 5349 est

579 5383 780 5455 (Galat.
810 5396 896 5445 ιιι,
922 5380 1040 5449 20).
1069 5378 1208 5435 Inter
1249 5380 1383 5436 duos
1425 5381 1685 5436 mediator
1714 5399 1725 5433 :
1757 5398 1885 5452 ergo
1912 5383 2157 5442 Christus

576 5474 841 5533 mediator
883 5472 1021 5527 inter
1054 5470 1321 5526 hominem
1367 5482 1420 5527 et
1466 5473 1651 5528 Deum.
1682 5472 1796 5528 Non
1835 5475 1954 5544 quia
1985 5475 2153 5545 Deus,

575 5567 669 5623 sed
713 5565 835 5637 quia
867 5564 1028 5619 homo
1054 5580 1067 5617 :
1098 5578 1219 5617 nam
1246 5563 1368 5634 quia
1398 5564 1565 5630 Deus,
1598 5567 1815 5637 aequalis
1842 5567 2019 5635 Patri;
2060 5570 2154 5626 scd

641 5704 655 5735 ι
684 5702 852 5752 Plures
866 5708 993 5763 Mss;
1026 5698 1093 5763 tbi
1123 5706 1217 5763 ευα
1240 5697 1492 5763 catiliva
1534 5696 1721 5763 άίιέδοίο
1756 5700 1820 5750 ad
1842 5701 2151 5763 αάΙυιονίιιηιν

573 5766 746 5827 marito
766 5760 1010 5825 supposita
1030 5762 1096 5812 ad
1120 5759 1323 5824 lapsum.
1351 5760 1414 5809 Ad
1453 5760 1573 5810 hanc
1597 5760 1857 5812 lectionem
1891 5759 2041 5827 prope
2076 5759 2154 5815 ac;

575 5826 756 5877 cedunt
779 5834 878 5873 Am.
897 5832 949 5875 et
971 5830 1044 5872 Er.

641 5888 712 5950 (τι)
742 5895 779 5935 0
815 5883 1002 5939 mesités
1021 5884 1175 5937 embn.

1830 415 1889 470 S.
1930 405 2299 469 AUGUSTINI
2339 406 2640 466 EPISCOPI

3712 416 3835 477 1384

2289 523 2507 594 aequalis
2526 522 2691 590 Patri,
2715 538 2822 580 non
2846 524 3104 581 mediator
3127 527 3165 579 ί.
3201 525 3270 582 Ut
3290 532 3464 583 autem
3484 528 3555 584 sit
3577 529 3837 601 mediator,

2282 612 2575 671 descendat
2615 630 2646 670 a
2686 615 2961 686 superiore
2999 616 3068 671 ad
3100 615 3439 684 inferiorem,
3467 618 3537 674 ab
3560 622 3839 693 inqualith
3922 612 3929 668 ἓ

2282 703 2489 773 Patris;
2534 706 2693 762 faciat
2729 706 2873 778 quod
2908 708 2984 762 ait
3022 707 3312 779 Apostolus
3344 726 3359 764 :
3392 709 3721 782 Semetipsunt
3744 715 3840 770 etri-

2281 798 2472 853 nanivit
2491 801 2708 871 formam
2726 799 2854 853 servi
2880 799 3153 870 accipiens,
3177 801 3231 856 in
3254 800 3583 858 similitudine
3600 805 3840 863 hominum

2281 890 2470 960 factus,
2496 899 2543 946 et
2563 889 2737 946 habitu
2756 891 2985 947 inventus
3005 901 3061 947 ut
3080 893 3229 949 homo
3255 892 3510 967 (Philipp.
3534 911 3592 964 tt,
3614 895 3690 967 7).
3709 897 3841 955 Fun-

2281 980 2375 1037 dat
2396 982 2710 1052 sanguiuem
2745 997 2901 1038 suum
2924 1024 2940 1050 ,
2972 983 3150 1041 deleat
3172 984 3585 1057 chirographum
3620 996 3840 1047 nostrum

2284 1072 2503 1147 (Coloss.
2544 1092 2580 1131 ιι
2606 1117 2620 1143 ,
2652 1074 2766 1150 ll),
2799 1089 3087 1149 componat
3112 1080 3133 1111 ⁹
3161 1080 3298 1136 inter
3326 1096 3424 1137 nos
3452 1089 3509 1137 et
3531 1080 3726 1150 Deum;
3752 1100 3839 1140 no.

2282 1176 2450 1223 stram
2478 1167 2807 1226 voluntatem
2835 1170 3111 1243 corrigens
3140 1170 3207 1227 ad
3233 1172 3489 1243 justitiam
3515 1214 3531 1239 ,
3576 1174 3709 1231 illius
3733 1190 3841 1232 sen-

2287 1262 2506 1318 tentiam
2545 1261 2768 1320 ﬂectens
2796 1264 2864 1320 ad
2908 1264 3352 1321 misericordiam.
3397 1265 3547 1323 Sicut
3589 1282 3713 1340 ergo
3751 1267 3843 1327 hoc

2284 1373 2450 1413 unum
2478 1357 2821 1429 exposuimus
2845 1401 2861 1428 ,
2906 1368 3163 1432 quantum
3208 1359 3467 1416 Dominus
3505 1360 3687 1429 dedit,
3715 1361 3843 1434 quod

2284 1450 2475 1507 durum
2500 1449 2711 1509 videtur
2737 1452 2939 1509 dictum
2977 1467 3010 1508 a
3046 1450 3181 1520 Job;
3211 1451 3289 1509 sic
3328 1461 3385 1508 et
3411 1460 3605 1509 caetera
3634 1468 3747 1524 quae
3779 1453 3844 1511 ibi

2284 1542 2535 1600 videntur
2557 1544 2709 1617 quasi
2742 1558 2932 1617 aspera
2955 1552 3011 1601 et
3034 1543 3378 1616 blasphema,
3420 1543 3618 1601 habent
3654 1545 3844 1621 intelle-

2283 1644 2402 1692 ctus
2440 1635 2587 1692 suos.
2627 1635 2782 1703 Quod
2826 1644 3137 1706 putaremus
3181 1636 3337 1692 aliter
3376 1649 3519 1702 esse,
3574 1634 3673 1692 nisi
3720 1635 3843 1693 Deus

2287 1725 2596 1797 perhiberet
2625 1726 3013 1795 testimonium,
3036 1736 3089 1783 et
3109 1734 3392 1798 antequam
3415 1725 3719 1797 loqueretur
3736 1725 3842 1794 Job,

2285 1825 2344 1874 et
2382 1827 2730 1889 posteaquam
2779 1825 2952 1874 totum
2999 1818 3207 1874 locutus
3257 1826 3359 1872 est.
3399 1815 3678 1873 Perhibuit
3722 1817 3844 1874 Deus

2286 1909 2461 1981 primo
2487 1909 2878 1978 testimonium,
2911 1910 3096 1967 dicens
3126 1927 3140 1964 :
3174 1908 3344 1965 Homo
3374 1910 3487 1966 sine
3525 1911 3749 1982 querela,
3776 1927 3844 1969 ve-

2285 2018 2382 2056 raa:
2408 2000 2503 2056 Dei
2531 2002 2694 2057 cultor
2720 2001 2864 2073 (Job.
2897 2018 2949 2071 ι,
2981 2003 3062 2074 8).
3101 2002 3247 2058 Dixit
3270 2002 3375 2059 hoc
3404 2002 3579 2071 Deus,
3611 2002 3738 2059 dixit
3758 2002 3846 2060 hoc

2286 2102 2410 2150 ante
2437 2094 2786 2151 tentationem
2813 2094 2972 2151 illius.
3008 2094 3088 2152 Ne
3121 2094 3242 2167 quis
3268 2104 3452 2153 autem
3482 2095 3537 2152 in
3567 2096 3669 2152 illis
3690 2096 3845 2155 verbis

2289 2185 2427 2243 forte
2453 2186 2595 2243 male
2622 2186 2923 2259 intelligens
2950 2186 3425 2255 scaudalizaretur,
3458 2195 3517 2245 et
3546 2196 3747 2259 putaret
3770 2190 3845 2260 ju-

2287 2288 2428 2337 stum
2464 2280 2679 2352 quidem
2706 2284 2878 2336 virum
2904 2279 3069 2337 fuisse
3092 2280 3193 2337 Job
3221 2289 3346 2338 ante
3380 2281 3723 2339 tentationem
3746 2323 3761 2350 ,
3797 2283 3843 2339 in

2291 2370 2581 2427 tentatione
2606 2379 2780 2427 autem
2819 2371 2969 2443 gravi
2994 2371 3292 2439 defecisse,
3322 2380 3379 2428 et
3417 2371 3627 2443 lapsum
3667 2387 3775 2429 esse
3798 2373 3845 2429 iu

2285 2460 2595 2533 sacrilegam
2636 2460 3053 2532 blasphemiam;
3100 2461 3265 2518 ﬁnitis
3307 2462 3563 2520 omnibus
3607 2464 3843 2521 sermoni-

2285 2552 2405 2620 bus,
2432 2562 2487 2609 et
2510 2553 2674 2624 ipsius
2698 2552 2820 2620 Job,
2849 2562 2905 2610 et
2929 2553 3225 2610 amicorum
3252 2554 3368 2625 ejus
3395 2570 3429 2610 a
3458 2554 3650 2626 quibus
3672 2554 3718 2613 ei
3735 2569 3843 2610 con-

2286 2645 2479 2701 solatio
2508 2644 2851 2713 reddebatur,
2882 2644 3014 2701 dicit
3040 2645 3299 2702 Dominus
3328 2645 3712 2715 testimonium,
3741 2646 3843 2705 illos

2285 2752 2392 2793 non
2418 2752 2603 2794 verum
2626 2736 2856 2804 locutos,
2884 2736 3025 2793 sicut
3050 2752 3262 2793 servum
3284 2736 3401 2807 ejus
3426 2736 3554 2794 Job.
3596 2736 3711 2793 Non
3732 2738 3843 2793 enim

2286 2828 2437 2884 locuti
2471 2830 2610 2898 estis,
2643 2828 2833 2900 inquit,
2860 2846 3033 2885 coram
3070 2846 3149 2884 me
3175 2846 3348 2885 verum
3388 2831 3696 2903 quidquam,
3735 2832 3843 2885 sicut

2284 2936 2455 2977 servus
2483 2936 2622 2976 meus
2644 2918 2766 2975 Job.
2794 2919 2998 2977 Deinde
3020 2920 3175 2992 jubet
3212 2929 3271 2976 ut
3312 2921 3402 2977 ille
3432 2936 3535 2993 pro
3562 2922 3640 2978 eis
3673 2921 3839 2977 oderat

2284 3009 2488 3066 hostias
2512 3050 2527 3078 ,
2569 3010 2762 3081 quibus
2789 3024 2978 3067 eorum
3020 3020 3239 3081 peccata
3277 3011 3560 3068 solvantur
3582 3009 3691 3083 (Id.
3725 3025 3842 3078 χιιι,

2284 3103 2348 3172 7,
2373 3103 2451 3175 8).

2354 3196 2408 3255 9.
2443 3196 2533 3252 Eia
2555 3236 2570 3263 ,
2616 3196 2809 3253 fratres
2838 3196 2980 3262 mei,
3006 3196 3099 3267 qui
3124 3196 3234 3252 vult
3257 3195 3550 3254 observare
3572 3206 3721 3269 caput
3743 3210 3840 3252 ser-

2283 3289 2460 3360 pentis
2481 3331 2497 3357 ,
2534 3298 2588 3345 et
2622 3304 2844 3347 securus
2871 3289 3097 3346 transire
3130 3287 3234 3345 hoc
3272 3304 3463 3357 mare;
3505 3292 3624 3362 quia
3651 3304 3841 3347 necesse

2282 3389 2363 3436 est
2392 3380 2592 3437 habitet
2618 3382 2705 3438 hic
2728 3396 2950 3452 serpens
2988 3382 3090 3437 iste
3116 3423 3131 3447 ,
3169 3389 3261 3447 et,
3293 3390 3352 3437 ut
3374 3382 3559 3440 dicere
3579 3397 3840 3454 cmperam,

2284 3470 2469 3541 lapsus
2511 3472 2752 3528 diabolus
2776 3472 2843 3529 de
2879 3472 3018 3529 coelo
3048 3473 3190 3528 hunc
3217 3473 3393 3529 locum
3420 3475 3655 3546 accepit;
3679 3472 3840 3529 obser-

2281 3570 2369 3617 vet
2394 3570 2552 3632 caput
2577 3561 2714 3631 ejus,
2732 3576 2761 3617 a
2783 3561 2974 3618 timore
2993 3563 3196 3630 saeculi,
3220 3571 3274 3619 et
3297 3578 3329 3618 a
3357 3563 3647 3635 cupiditate
3663 3562 3838 3621 saeculi.

2280 3653 2415 3709 llinc
2442 3653 2585 3709 enim
2614 3652 2849 3725 suggerit
2894 3652 3092 3724 aliquid
3117 3693 3133 3720 ,
3178 3662 3271 3709 aut
3314 3653 3461 3711 unde
3526 3656 3711 3722 times,
3762 3661 3839 3710 aut

2281 3747 2421 3804 unde
2446 3747 2631 3818 cupis;
2676 3756 2769 3803 aut
2792 3761 3029 3803 amorem
3054 3755 3201 3802 tuum
3232 3755 3437 3813 tentat,
3473 3756 3566 3803 aut
3594 3748 3835 3803 timorem.

2280 3838 2359 3895 Tu
2386 3838 2433 3894 si
2463 3838 2702 3895 timueris
2730 3840 3002 3909 gehennas
3021 3880 3037 3907 ,
3068 3837 3330 3893 amaveris
3355 3853 3581 3909 regnum
3607 3837 3729 3903 Dei,
3752 3836 3838 3893 ob-

2280 3929 2519 3986 servabis
2542 3939 2699 4001 caput
2724 3930 2856 4000 ejus.
2891 3930 3101 3985 Evitato
3125 3929 3319 4000 capite,
3343 3943 3570 3986 securus
3593 3931 3725 3995 eris;
3754 3942 3837 3986 nec

2280 4024 2369 4079 ille
2396 4023 2599 4093 lapsum
2631 4030 2781 4078 tuum
2810 4022 3042 4090 tenebit,
3071 4037 3171 4078 nec
3200 4021 3268 4077 de
3292 4030 3379 4077 tua
3407 4025 3563 4079 ruina
3588 4021 3833 4094 gaudebit.

2277 4115 2446 4172 Nemo
2474 4126 2651 4171 autem
2676 4115 2851 4183 dicat,
2884 4122 2940 4170 ut
2960 4114 3076 4169 dixi
3110 4133 3123 4169 :
3156 4114 3398 4187 Magnam
3440 4114 3599 4172 habet
3624 4122 3833 4188 potestav

2280 4219 2409 4266 tem.
2442 4208 2639 4265 Vident
2675 4210 2819 4265 enim
2846 4206 3090 4264 homines
3118 4208 3268 4278 quasi
3310 4220 3569 4279 quantum
3597 4210 3834 4280 acuperit

2278 4302 2593 4373 potestatis;
2624 4301 2751 4372 quid
2779 4298 3072 4371 perdiderit
3102 4298 3147 4366 ',
3180 4315 3285 4355 non
3316 4300 3519 4358 vident.
3546 4302 3659 4373 lpse
3676 4309 3832 4356 autem

2275 4405 2488 4452 sanctus
2518 4395 2619 4452 Joh
2648 4395 2700 4450 in
2742 4394 2919 4451 verbis
2952 4393 3063 4450 suis
3106 4394 3344 4466 mysticis
3371 4404 3427 4450 et
3468 4397 3574 4452 alte
3613 4392 3830 4458 secretis,

2275 4486 2457 4543 dicens
2483 4486 2549 4543 de
2578 4486 2677 4542 ista
2717 4494 2982 4557 potestate
3023 4500 3182 4558 quam
3228 4485 3424 4541 dicitur
3470 4486 3703 4542 diabolus
3742 4483 3825 4538 ha-

2272 4577 2433 4645 bere,
2463 4587 2517 4634 et
2549 4576 2859 4634 describens
2903 4576 3053 4635 illum
3077 4576 3259 4631 multis
3285 4577 3459 4633 modis
3489 4578 3541 4633 in
3570 4576 3738 4649 ﬁguris
3758 4573 3824 4630 sic

2273 4669 2654 4736 militudinum,
2679 4684 2961 4740 exponens
2989 4664 3116 4739 quid
3146 4668 3235 4724 ille
3259 4669 3350 4735 sit,
3381 4671 3467 4726 vel
3492 4669 3617 4742 quid
3647 4669 3818 4731 valeat.

2274 4760 2375 4816 hoc
2413 4776 2624 4831 quoque
2666 4762 2777 4816 ait:
2814 4779 2832 4814 t
2869 4760 2984 4816 Non
3026 4770 3110 4817 est
3146 4761 3438 4833 quidquam
3484 4764 3653 4819 simile
3684 4762 3728 4818 ei
3753 4760 3822 4815 la-

2272 4864 2417 4908 ctum
2462 4866 2626 4922 super
2671 4861 2904 4921 terram,
2958 4851 3026 4907 ad
3073 4851 3398 4909 illudendum
3439 4853 3488 4909 ei
3525 4854 3592 4910 ab
3630 4849 3822 4923 Angelis

2269 4944 2421 4999 meis.
2463 4962 2482 4996 ι
2533 4943 2673 4998 Deus
2718 4942 2789 4997 ibi
2828 4943 3061 5013 loquitur
3106 4943 3159 4998 iu
3205 4942 3344 5000 libro
3378 4943 3526 5001 Job:
3573 4963 3593 4998 ι
3624 4942 3821 5000 Nonest

2268 5034 2555 5106 quidquam
2582 5035 2631 5090 ei
2652 5049 2811 5105 super
2838 5042 3034 5090 terram
3061 5035 3235 5090 simile
3263 5034 3491 5104 factum,
3520 5036 3586 5092 ad
3615 5033 3819 5091 illuden-

2268 5127 2393 5183 dum
2422 5124 2472 5182 ei
2501 5125 2570 5181 ab
2598 5126 2819 5198 Angelis
2846 5125 3001 5181 meis.
3048 5125 3221 5182 Omne
3249 5126 3414 5182 altum
3440 5126 3619 5192 videt;
3645 5136 3697 5182 et
3720 5125 3817 5195 ipse

2268 5236 2362 5278 rex
2388 5220 2626 5275 omnium
2667 5234 2785 5290 quas
2814 5218 2866 5274 in
2892 5219 3044 5290 aquis
3080 5228 3207 5274 sunt
3232 5237 3252 5272 ›
3285 5218 3395 5291 (Id.
3427 5235 3544 5285 xu,
3574 5218 3641 5273 24
3669 5226 3711 5271 et
3736 5214 3814 5279 25,

2265 5329 2364 5368 sec.
2400 5311 2588 5382 LXX).
2638 5312 2734 5367 Cui
2778 5311 3081 5368 testimonio
3108 5312 3356 5384 congruit
3401 5311 3502 5367 hoc
3529 5311 3580 5367 in
3606 5307 3812 5365 Psalmo.

2264 5406 2397 5461 Cum
2428 5405 2569 5460 enim
2612 5404 2813 5460 diceret
2839 5404 2908 5461 de
2946 5404 3081 5460 mari
3120 5419 3312 5476 magno
3350 5415 3405 5461 et
3443 5404 3694 5475 spatioso,
3737 5396 3811 5452 ubi

2330 5517 2346 5549 ί
2372 5516 2446 5580 sic
2467 5514 2651 5580 aliquot
2678 5522 2864 5580 Μεεηᾼι
2899 5522 2971 5565 Er.
2990 5521 3053 5580 get
3085 5521 3214 5575 mv.,
3242 5527 3334 5580 noti
3356 5514 3468 5579 quia
3494 5521 3613 5563 Deus

2265 5578 2433 5636 Patri;
2455 5576 2540 5627 sed
2549 5569 2619 5627 ’δέ
2641 5574 2843 5638 tequulis
2866 5576 3017 5636 Patri,
3063 5590 3156 5627 non
3182 5569 3434 5627 mediator.
3467 5569 3807 5638 κοᾳαυιιιήξες.

2263 5651 2355 5709 non
2377 5634 2860 5709 quiqpeusaiqualis
2898 5634 3044 5709 Patri,
3080 5638 3165 5689 sed
3200 5639 3311 5703 quia
3332 5638 3468 5689 homo
3500 5634 3647 5685 minor
3667 5635 3808 5681 Patre.

2262 5700 2312 5750 si
2335 5700 2534 5761 manalis
2560 5700 2827 5757 Patrimon
2849 5701 3100 5752 mediator.
3214 5700 3222 5703 ⁷
3810 5732 3818 5745 .

2327 5765 2347 5827 ι
2370 5763 2501 5827 md”
2523 5769 2773 5827 gqmponat
2794 5775 2984 5827 pacem._
3002 5771 3122 5827 Vox,
3149 5776 3334 5827 pacem,
3358 5764 3495 5814 abes»!
3511 5772 3538 5808 ³
3554 5764 3655 5827 ᾏεδῐ

2264 5825 2453 5944 ὼὲἐίο
2488 5820 2599 5874 Edd.
2629 5820 2843 5886 addunt,
2885 5820 3196 5895 mqjestatis':
3219 5820 3349 5891 quod
3380 5838 3409 5875 a
3713 5820 3807 5869 ’δ’
