4188 6488
355 438 376 492 I
387 440 488 494 383i

355 551 602 604 animalia
623 551 817 621 pusilla
840 558 893 605 et
919 565 1128 619 magna,
1149 550 1235 604 ubi
1250 551 1484 621 repentia
1498 567 1723 622 quorum
1740 568 1844 607 non
1859 561 1943 607 est

358 657 630 706 intinctus,
651 643 738 695 ubi
758 656 919 697 naves
933 642 1335 712 navigantligno
1353 649 1498 708 lultr,
1521 643 1594 696 ait
1623 660 1636 697 :
1673 641 1836 696 Draco
1861 643 1944 696 hic

356 748 497 803 quem
524 731 722 800 [Duxisti
751 733 819 784 ad
840 731 1152 786 illudeudum
1179 733 1241 786 ei.
1271 732 1374 788 Sed
1405 736 1447 786 si
1479 733 1554 786 atl-
1575 733 1898 787 illudentlum
1921 775 1936 801 ,

355 824 625 895 quoinodo
663 825 800 879 Deus
838 825 910 879 illi
947 825 1110 878 illudit
1135 827 1158 876 ?
1188 827 1266 880 An
1299 825 1511 880 tradidit
1549 842 1671 880 eum
1717 826 1941 882 illuden-

354 919 480 972 dum
509 961 524 982 ,
559 919 664 973 hoc
691 930 768 972 est
798 959 814 982 ,
861 928 914 973 ut
944 919 1233 973 illudatur?
1276 919 1590 974 Putaremus
1617 919 1757 989 quod
1804 919 1943 973 Deus

359 1013 430 1066 illi
477 1011 770 1076 illuderet,
817 1011 917 1065 nisi
949 1011 1222 1080 Scriptura
1266 1011 1368 1065 Job
1414 1011 1664 1066 solvisset
1690 1013 1942 1081 quaestio-

358 1119 510 1167 nem;
543 1102 614 1156 ibi
651 1102 794 1156 enim
819 1101 1018 1156 dictum
1041 1112 1124 1156 cst
1153 1119 1166 1155 :
1195 1101 1275 1155 Αιι
1307 1102 1622 1156 illudendum
1656 1104 1699 1156 ei
1737 1103 1799 1157 ab
1838 1103 1946 1156 Au-

358 1197 482 1268 gelis
512 1197 658 1250 uicis.
703 1196 794 1250 Vis
833 1195 1054 1250 illudere
1097 1195 1358 1251 draconi?
1389 1197 1516 1250 Esto
1561 1197 1782 1266 angelus
1827 1197 1940 1250 Dei.

361 1288 467 1344 Sed
496 1289 732 1343 nondum
762 1303 822 1343 es
847 1289 1064 1359 angelus
1093 1288 1209 1344 Dei.
1249 1289 1424 1343 Donec
1450 1289 1545 1350 sis,
1571 1289 1615 1342 si
1657 1303 1778 1344 eum
1818 1303 1945 1342 cur-

360 1395 474 1434 sum
509 1389 662 1433 tenes
688 1388 746 1433 ut
771 1380 864 1441 sis,
891 1390 1012 1433 sunt
1042 1380 1214 1449 angeli
1243 1380 1329 1450 qui
1363 1379 1586 1434 illudant
1612 1379 1852 1446 draconi,
1877 1395 1945 1436 ne

363 1471 452 1524 tibi
489 1478 703 1524 noceat.
735 1469 1012 1538 Praepositi
1035 1470 1178 1524 enim
1203 1479 1329 1525 sunt
1363 1471 1548 1540 Angeli
1577 1471 1834 1526 carlorum
1857 1485 1948 1525 su-

367 1575 462 1630 per
491 1568 784 1629 potestates
809 1575 1016 1625 aereas,
1041 1570 1095 1614 et
1120 1560 1244 1616 inde
1275 1561 1513 1630 procedit
1541 1561 1762 1616 verbum
1802 1562 1944 1631 quod

364 1654 420 1702 tit
441 1649 547 1704 hic.
573 1649 850 1704 Intuentur
877 1650 1018 1704 enim
1050 1651 1218 1722 legem
1249 1651 1427 1713 lixam,
1459 1652 1628 1722 legem
1668 1661 1943 1716 mternam,

362 1739 634 1808 jubentem
662 1739 780 1795 sine
804 1741 1092 1809 scriptura,
1120 1741 1235 1796 sine
1257 1741 1497 1812 syllabis,
1527 1742 1644 1796 sine
1679 1741 1942 1812 strepitu,

367 1834 522 1886 lixam
567 1846 782 1902 semper
823 1840 877 1886 et
925 1841 1188 1896 stantem;
1231 1833 1502 1887 intuentur
1550 1831 1740 1902 Angeli
1782 1831 1947 1887 corde

368 1923 584 1986 mundo,
607 1933 661 1979 et
681 1940 746 1979 ex
772 1924 860 1979 illa
889 1923 1085 1979 faciunt
1114 1924 1368 1995 quidquid
1397 1925 1481 1978 hic
1521 1922 1598 1989 lit,
1630 1933 1684 1978 et
1723 1933 1949 1993 potesta-

365 2026 444 2071 tes
465 2031 532 2070 ex
570 2015 660 2070 illa
692 2014 1007 2070 ordinantur
1041 2030 1071 2069 a
1109 2016 1332 2070 summis
1359 2029 1524 2084 usque
1553 2015 1603 2067 in
1650 2016 1774 2068 ima.
1807 2015 1872 2068 Et
1900 2016 1944 2069 si

368 2113 659 2175 potestates
682 2120 1010 2159 summorum
1047 2105 1303 2160 cmlorum
1337 2113 1589 2173 reguntur
1624 2106 1786 2158 verbo
1827 2105 1943 2169 Dei,

363 2204 562 2267 quanto
606 2195 777 2266 magis
822 2195 1098 2250 inferiores
1149 2206 1309 2264 atque
1359 2195 1632 2249 terreme‘!
1687 2194 1946 2249 Romanct

363 2300 490 2356 ergo
534 2286 589 2340 in
641 2286 798 2339 malis
836 2285 946 2340 sola
987 2285 1210 2339 nocendi
1265 2285 1549 2354 cupiditas.
1599 2284 1748 2340 Ilanc
1786 2284 1947 2340 habet

366 2378 522 2430 homo
562 2377 616 2431 in
660 2384 921 2446 potestate
962 2376 1302 2445 cupiditatem
1331 2375 1578 2439 nocendi,
1620 2376 1944 2430 voluntatem

362 2467 424 2520 ad
481 2465 792 2537 perniciem.
845 2465 900 2522 Si
942 2477 1117 2520 autem
1154 2466 1396 2536 cuiquam
1448 2481 1643 2521 nocere
1683 2469 1939 2536 patuerit,

362 2576 464 2613 non
492 2560 784 2630 glorietur;
831 2573 936 2613 non
967 2559 1078 2625 ipse
1109 2558 1311 2622 nocuit,
1351 2557 1472 2612 data
1499 2567 1582 2613 est
1604 2558 1656 2612 ei
1685 2567 1941 2628 potestas.

363 2649 538 2704 Semel
562 2649 767 2704 dictum
799 2657 901 2712 est,
930 2649 1192 2704 sententia
1225 2649 1374 2703 ﬁrma
1399 2657 1480 2703 est
1507 2667 1520 2702 :
1566 2647 1686 2704 Non
1712 2659 1784 2703 est
1806 2660 1945 2719 pote-

361 2750 478 2804 stas,
513 2739 616 2794 nisi
642 2756 675 2792 a
702 2738 809 2793 Deo
842 2737 1016 2811 (Rom.
1058 2754 1172 2801 xm,
1207 2739 1280 2807 l).
1309 2737 1446 2804 Quid
1475 2754 1602 2808 ergo
1647 2739 1846 2793 times?
1887 2738 1942 2792 In

361 2833 510 2904 aquis
536 2833 608 2886 sit
634 2830 829 2897 draco,
881 2833 930 2883 in
976 2831 1108 2885 mari
1140 2831 1208 2884 sit
1248 2829 1443 2893 draco;
1478 2830 1598 2884 illac
1624 2830 1945 2884 transiturus

361 2939 437 2978 es.
465 2923 557 2978 Sic
592 2931 676 2978 est
704 2923 855 2976 lictus
889 2932 944 2975 ut
977 2921 1244 2983 ilhnlatur,
1278 2919 1363 2975 hic
1387 2921 1452 2974 ad
1483 2920 1622 2974 hunc
1654 2921 1827 2974 locum
1857 2936 1942 2974 or-

359 3015 574 3069 dinatus
598 3024 701 3079 est,
732 3014 781 3067 in
812 3013 892 3067 his
915 3011 1130 3067 sedibus
1151 3011 1434 3082 deputatus
1454 3020 1553 3066 est.
1579 3011 1826 3081 Magnum
1850 3010 1946 3065 ali-

360 3106 482 3176 quid
528 3105 602 3160 illi
631 3113 786 3175 putas
825 3118 944 3159 esse
974 3102 1068 3157 bas
1093 3102 1249 3158 sedes
1273 3144 1288 3168 ,
1316 3103 1438 3173 quia
1480 3119 1583 3157 non
1620 3103 1757 3157 nosti
1789 3102 1944 3158 sedes

362 3197 687 3266 Angelorum
721 3195 858 3250 unde
889 3195 1067 3263 lapsus
1104 3205 1187 3249 est
1215 3195 1229 3226 ί
1266 3211 1279 3247 :
1308 3210 1427 3265 qum
1465 3194 1556 3248 tibi
1600 3192 1809 3250 videtur
1830 3193 1945 3265 ejus

361 3286 631 3358 gloriatio,
657 3285 928 3340 damnatio
957 3292 1059 3340 est.

433 3377 521 3434 10.
567 3376 976 3433 Similitudinem
1024 3375 1246 3445 accipite
1291 3374 1556 3440 breviter;
1591 3375 1711 3446 quia
1761 3390 1944 3430 revera

362 3485 610 3542 magnum
639 3469 837 3540 aliquid
865 3478 948 3524 est
979 3468 1078 3523 hoc
1108 3482 1266 3524 nosse
1295 3477 1348 3523 et
1376 3468 1688 3538 intelligere.
1721 3468 1942 3521 Domum

362 3575 606 3632 uagnam
637 3561 864 3630 aliquam
911 3567 1091 3630 putate
1119 3567 1283 3614 totam
1327 3560 1481 3614 istam
1527 3559 1944 3614 administratio-

361 3670 481 3708 nem
523 3662 785 3708 ereatura:
818 3669 830 3704 :
861 3651 1052 3707 domus
1083 3651 1179 3706 ista
1211 3667 1397 3722 magna
1429 3651 1589 3707 habet
1627 3651 1900 3707 dominum
1927 3693 1942 3720 ,

361 3743 522 3798 habet
550 3757 736 3798 servos
755 3783 771 3807 ,
797 3753 852 3796 et
882 3742 932 3796 in
976 3742 1104 3812 ipsis
1133 3742 1300 3797 servis
1326 3742 1486 3798 habet
1513 3743 1652 3798 circa
1678 3757 1737 3798 se
1768 3744 1947 3812 proxi-

361 3851 479 3890 mos
504 3834 605 3889 sibi
648 3833 699 3888 in
731 3833 1072 3904 apparatibus
1100 3833 1410 3890 melioribus
1436 3835 1695 3896 vestium,
1729 3834 1944 3890 thesau-

359 3941 543 3981 rorum
563 3967 578 3993 ,
609 3925 924 3980 horreorum
947 3965 962 3988 ,
994 3940 1302 3992 magnarum
1325 3926 1755 3994 possessionum;
1787 3924 1950 3979 habet

359 4018 522 4072 etiam
565 4031 752 4071 servos
782 4014 833 4069 in
865 4015 1062 4069 inlimis
1105 4015 1412 4070 ministeriis
1433 4056 1448 4079 ,
1480 4015 1550 4069 ita
1597 4015 1822 4070 subditis
1849 4015 1948 4070 sibi

361 4109 735 4180 potestatibus,
755 4118 810 4163 ut
824 4108 1080 4179 quosdam
1108 4109 1298 4163 habeat
1312 4118 1364 4162 et
1378 4107 1444 4163 ad
1464 4106 1792 4162 mundandas
1809 4108 1951 4162 cloa-

359 4218 451 4257 cas
483 4219 498 4256 :
533 4217 563 4256 a
593 4200 818 4255 summis
844 4201 1273 4270 procuratoribus
1299 4215 1467 4270 usque
1492 4199 1557 4254 ad
1586 4210 1821 4254 extrema
1852 4200 1950 4255 ista

360 4309 413 4352 et
440 4297 625 4352 infima
655 4293 948 4350 ministeria
977 4309 1134 4363 quam
1167 4293 1317 4348 multi
1348 4303 1470 4347 sunt
1496 4291 1712 4363 gradus.
1746 4291 1800 4346 Si
1827 4307 1954 4362 ergo

362 4388 555 4459 aliquis
586 4402 808 4458 magnus
839 4398 1149 4456 procurator
1177 4383 1408 4439 oll'endat
1427 4423 1441 4446 ,
1470 4392 1525 4438 et
1567 4397 1724 4454 parua
1752 4383 1950 4438 domini

363 4481 481 4544 sai,
514 4480 664 4534 verbi
693 4477 860 4548 gratia
881 4519 896 4545 ,
927 4476 1016 4531 fiat
1041 4476 1291 4532 ostiarius
1322 4477 1371 4529 in
1402 4475 1582 4546 aliquo
1612 4475 1731 4530 loco
1774 4484 1953 4530 extre-

366 4589 490 4636 mo;
517 4571 562 4626 si
607 4585 862 4625 exercens
891 4569 990 4624 sibi
1018 4569 1192 4622 datam
1227 4577 1538 4636 potestatem
1563 4610 1578 4634 ,
1605 4569 1846 4623 volentes
1873 4569 1954 4622 in-

368 4673 512 4717 trare
540 4661 626 4717 vel
655 4661 802 4716 exire
833 4660 1135 4730 perturbet,
1162 4659 1454 4714 secundum
1485 4659 1697 4713 modum
1728 4671 1957 4728 potesta-

370 4756 436 4808 tis
465 4767 626 4822 quem
672 4752 876 4820 accepit
903 4767 931 4804 ει
963 4749 1213 4814 domino,
1247 4750 1320 4803 illi
1345 4759 1524 4804 autem
1571 4753 1808 4805 nesciant
1834 4765 1955 4805 eum

371 4846 538 4900 fuisse
560 4843 846 4913 aliquando
877 4857 1125 4911 magnum
1157 4851 1583 4911 procuratorem;
1605 4857 1845 4910 magnam
1866 4857 1959 4910 p0-

372 4944 622 4990 testatem
650 4933 788 4988 illius
823 4945 942 4986 esse
968 4931 1324 4997 arbitrantur,
1353 4931 1473 5001 quia
1504 4931 1628 5000 quid
1671 4930 1960 5000 perdiderit

375 5026 638 5081 nesciunt.
673 5025 733 5079 Et
763 5034 959 5087 tamen,
990 5023 1182 5076 fratres
1211 5022 1336 5089 mei,
1368 5023 1617 5076 ostiarius
1648 5022 1735 5076 ille
1760 5021 1827 5076 de
1857 5037 1960 5090 quo

373 5117 480 5183 dixi
502 5157 519 5183 ,
547 5115 616 5170 ad
639 5113 1034 5170 similitudinem
1062 5113 1252 5168 domus
1279 5129 1482 5185 magme
1509 5114 1666 5182 hujus
1693 5122 1919 5169 terrena:
1942 5156 1958 5180 ,

376 5217 553 5279 potest
595 5207 790 5278 aliquid
831 5205 1007 5261 facere
1033 5206 1306 5260 nesciente
1331 5205 1550 5259 domino
1580 5219 1711 5270 suo,
1755 5215 1808 5260 et
1847 5213 1962 5260 tur-

378 5307 504 5358 bare
531 5303 761 5371 aliquem
794 5299 882 5355 illo
911 5315 1016 5354 non
1044 5299 1266 5368 jubente
1299 5314 1312 5351 :
1347 5297 1445 5352 iste
1473 5305 1650 5351 autem
1682 5312 1780 5352 nec
1804 5297 1870 5351 ad
1901 5298 1966 5352 il-

378 5395 481 5448 lam
508 5392 725 5463 januam
759 5390 958 5460 positus
984 5398 1085 5455 est,
1105 5404 1207 5459 qua
1236 5389 1492 5442 intramus
1515 5388 1580 5442 ad
1605 5388 1793 5442 Deum.
1812 5388 1966 5443 Chri-

441 5595 458 5626 ί
487 5592 562 5641 sic
581 5589 816 5640 meliores
838 5598 972 5655 3155.,
987 5598 1040 5641 et
1063 5603 1127 5655 ex
1155 5590 1236 5655 his
1257 5588 1474 5655 nonnulli
1497 5591 1742 5655 omittunt,
1763 5591 1967 5655 deputa-

375 5663 452 5705 tus
475 5662 549 5704 est
571 5667 589 5703 :
613 5661 721 5714 post
740 5667 851 5716 quze
877 5654 1025 5701 verba
1059 5653 1130 5702 sic
1154 5653 1395 5716 habebant
1419 5653 1549 5716 uid,
1576 5654 1623 5702 si
1640 5653 1861 5715 utagmuu
1883 5653 1971 5703 ali—

377 5715 497 5778 qaid
522 5723 665 5779 putas
687 5714 788 5763 esse
813 5714 898 5779 ltus
922 5716 1090 5773 sertos;
1117 5715 1230 5773 quia
1252 5727 1342 5762 non
1366 5715 1487 5764 uo.in
1511 5716 1650 5765 sedes
1673 5777 1680 5779 _
1705 5714 1972 5779 ,ιιιισιοετιωι

378 5775 510 5828 unde
524 5775 808 5840 lapsusest,
829 5775 1024 5824 uzirarts
1045 5781 1181 5825 sedes
1195 5784 1489 5826 mortuorum
1507 5779 1631 5828 unde
1649 5775 1861 5840 ilcji-l'tus
1881 5785 1967 5828 est.

377 5852 500 5900 Qua!
521 5837 610 5889 lib-1'
627 5837 836 5896 videtur,
857 5845 948 5885 etc.

593 5944 818 6004 Sascr.
857 5947 1127 6005 Auccsr.
1177 5946 1282 6008 IV.

1453 441 1847 498 EN.\RR.-ITIO
1887 441 1949 498 IN
1991 442 2309 500 PSALIIUII
2349 445 2477 501 CIII.

3491 462 3624 516 Iiiﬁli

2045 561 2158 608 stus
2180 563 2260 608 est
2289 555 2430 609 enim
2459 557 2542 610 illa
2563 557 2745 627 janua,
2778 569 2828 614 et
2858 576 2950 630 per
2979 561 3249 619 Christum
3280 567 3534 624 intramus
3558 574 3624 626 ad

2044 643 2202 698 vitam
2231 655 2483 701 aeternam
2517 647 2694 720 (Joan.
2730 667 2758 704 κ
2783 693 2797 714 .
2831 653 2908 723 9).
2943 653 3046 709 Sed
3071 664 3154 710 est
3178 659 3417 727 qua‘dam
3443 664 3624 730 janua.

2045 749 2144 802 qua
2179 735 2406 791 intratur
2433 739 2484 790 in
2518 739 2619 792 hoc
2643 742 2893 796 sarculum
2915 786 2929 810 ,
2953 745 3112 814 jauua
3139 749 3380 815 quaedam
3423 763 3625 807 morta-

2048 827 2206 879 litatis
2233 844 2246 881 :
2269 827 2408 882 circa
2440 831 2534 883 ista
2566 831 2790 886 inlirmte
2814 835 2829 863 ί
2853 836 3027 889 carnis
3051 835 3206 905 hujus
3234 840 3548 897 detrimenta
3571 854 3625 897 et

2045 917 2430 985 supplementa,
2449 919 2514 973 ad
2544 921 2696 974 istam
2724 923 2939 990 januam
2965 929 3112 996 quasi
3141 930 3350 999 quidam
3377 935 3628 988 ostiarius

2045 1016 2155 1071 est;
2175 1007 2261 1063 hic
2278 1008 2438 1064 habet
2464 1021 2776 1081 potestatem
2806 1013 2855 1068 in
2887 1015 2988 1070 isto
3005 1019 3158 1085 mari,
3177 1035 3276 1088 qua
3307 1037 3465 1077 naves
3479 1038 3629 1078 cum-

2047 1108 2246 1165 meant,
2267 1101 2359 1156 sed
2387 1117 2492 1156 non
2525 1111 2721 1158 tantam
2753 1117 2806 1160 ut
2841 1107 2996 1162 faciat
3021 1111 3216 1180 aliquid
3244 1114 3510 1172 nesciente
3538 1127 3631 1172 aut

2048 1190 2263 1245 nolente
2291 1191 2513 1247 Domino
2542 1209 2659 1248 suo.
2688 1195 2762 1250 Ne
2792 1196 2926 1253 forte
2954 1199 3143 1269 aliquis
3172 1202 3314 1256 dicat
3348 1223 3360 1258 :
3394 1205 3628 1262 Perdidit

2046 1279 2256 1348 quidem
2299 1281 2388 1337 ille
2415 1298 2658 1353 magnam
2706 1296 3015 1356 potestatem
3044 1294 3373 1361 superiorum
3402 1312 3596 1365 appara
3616 1329 3629 1340 -

2050 1379 2228 1437 tuum;
2260 1371 2353 1425 sed
2380 1387 2478 1442 ego
2509 1377 2560 1427 In
2593 1373 2674 1428 his
2701 1377 2895 1431 inlimis
2921 1394 3036 1432 sum
3057 1419 3072 1445 ,
3105 1380 3191 1436 hic
3219 1397 3304 1438 me
3332 1395 3504 1453 potest
3533 1388 3630 1440 ba-

2048 1460 2173 1514 bere
2202 1461 2253 1514 in
2284 1471 2563 1532 potestate,
2595 1479 2728 1534 Opus
2751 1475 2834 1521 est
2861 1479 2916 1521 ut
2944 1471 3173 1524 serviam
3206 1472 3300 1526 illi.
3328 1473 3447 1528 Noli
3481 1477 3585 1531 falli
3613 1494 3628 1538 ;

2048 1552 2198 1606 nuvit
2223 1560 2274 1606 te
2304 1553 2556 1609 Dominus
2584 1564 2721 1619 tuus,
2741 1568 2793 1612 et
2823 1560 2899 1614 sic
2924 1567 2973 1614 te
3001 1562 3166 1625 novit,
3187 1575 3241 1618 ut
3269 1567 3488 1636 capillos
3510 1577 3630 1623 tuo;

2049 1639 2238 1698 habeat
2277 1655 2583 1700 numeratos
2609 1647 2821 1720 (Matth.
2853 1668 2882 1705 χ
2905 1692 2920 1717 ,
2953 1651 3066 1721 50).
3099 1653 3235 1720 Quid
3261 1672 3388 1726 ergo
3431 1659 3633 1714 times?

2047 1732 2366 1790 Tentaturus
2395 1745 2477 1791 est
2501 1736 2636 1792 forte
2664 1753 2878 1795 carnem
2911 1749 3052 1796 tuam
3078 1759 3094 1795 :
3117 1745 3384 1813 ﬂagellum
3412 1758 3493 1803 est
3524 1749 3629 1804 Do-

2049 1825 2175 1878 mini
2205 1826 2276 1880 tui
2296 1866 2313 1892 ,
2345 1841 2448 1882 non
2481 1838 2716 1897 potestas
2745 1833 3022 1886 tentatoris
3053 1835 3148 1888 tui.
3177 1836 3301 1892 Vult
3330 1855 3519 1896 nocere
3544 1858 3631 1896 sa-

2050 1913 2142 1968 luti
2172 1928 2292 1984 qua:
2319 1917 2676 1985 promittitur;
2705 1919 2799 1974 sed
2831 1936 2934 1974 non
2970 1924 3290 1991 permittitur
3320 1945 3334 1981 :
3367 1939 3424 1984 ut
3451 1939 3630 1986 autem

2050 2021 2153 2060 non
2197 2009 2565 2077 permittatur,
2599 2009 2735 2066 habe
2776 2024 2936 2082 C3|IIII
2977 2015 3280 2084 Christum;
3314 2022 3511 2090 repelle
3537 2039 3629 2078 ca-

2051 2107 2141 2165 put
2185 2097 2471 2164 draconis,
2522 2103 2846 2170 suggestioni
2893 2104 3008 2173 ejus
3058 2107 3164 2162 noli
3209 2113 3549 2176 consentire,
3598 2130 3630 2170 a

2051 2189 2135 2240 via
2183 2196 2269 2241 tua
2299 2189 2406 2242 noli
2441 2189 2564 2243 labi.
2598 2189 2768 2244 Draco
2796 2193 2877 2247 hic
2903 2210 3050 2264 quem
3079 2197 3272 2265 ﬁnxisti
3315 2203 3382 2255 ad
3408 2203 3630 2259 illuden-

2047 2277 2166 2330 tlum
2195 2279 2261 2332 ei.

2099 2373 2204 2425 .11.
2239 2372 2388 2445 [vers.
2420 2361 2630 2450 97-29.]
2661 2376 2790 2431 Nam
2811 2379 2889 2434 vis
2906 2381 3085 2438 videre
3106 2399 3261 2451 quam
3293 2401 3396 2442 non
3421 2388 3512 2444 tibi
3536 2405 3632 2446 no-

2046 2471 2162 2515 ceat
2181 2503 2197 2528 ,
2229 2463 2327 2518 nisi
2356 2466 2684 2534 permiSsus?
2713 2467 2897 2524 Omnia
2917 2513 2930 2533 ,
2962 2472 3161 2542 inquit,
3194 2491 3226 2527 a
3256 2486 3303 2530 te
3320 2490 3627 2548 exspectant,

2050 2549 2261 2605 Domine
2280 2594 2294 2617 ,
2341 2563 2396 2606 ut
2439 2554 2526 2608 des
2552 2555 2655 2609 illis
2681 2558 2843 2611 cibum
2887 2560 2937 2612 iu
2968 2571 3185 2631 tempore
3209 2577 3516 2633 opportuno.
3566 2571 3632 2624 Et

2048 2642 2146 2697 iste
2175 2644 2336 2698 draco
2367 2647 2685 2703 manducare
2713 2649 2858 2716 vult,
2891 2651 2982 2706 sed
3017 2669 3117 2707 non
3163 2658 3445 2714 mandarat
3470 2678 3627 2730 quem

2047 2734 2179 2788 vult.
2209 2733 2396 2789 Omnia
2424 2754 2456 2790 a
2485 2748 2532 2792 te
2557 2751 2863 2811 exspectant,
2885 2743 3120 2809 Domine,
3143 2758 3197 2800 ut
3225 2750 3312 2804 des
3338 2752 3440 2806 illis
3465 2755 3630 2810 cibum

2046 2824 2097 2877 in
2123 2835 2346 2895 tempore
2365 2839 2669 2898 opportuno.
2693 2831 2878 2886 Onmia
2898 2849 2916 2888 :
2939 2845 2991 2888 et
3016 2840 3252 2906 repenlia
3279 2856 3502 2908 quorum
3526 2859 3628 2900 non

2045 2923 2129 2969 est
2157 2931 2410 2972 numerus
2433 2960 2446 2983 ,
2491 2930 2544 2974 et
2587 2923 2834 2976 animalia
2869 2926 3054 2994 pusilla
3097 2938 3151 2982 et
3181 2945 3367 3000 magna
3389 2973 3403 2997 ,
3436 2947 3488 2988 et
3522 2937 3632 3004 ipse

2047 3006 2208 3061 draco
2227 3049 2243 3074 ,
2274 3019 2328 3063 et
2367 3011 2538 3064 onmis
2565 3021 2804 3067 creatura
2836 3024 2920 3069 tua
2943 3058 2957 3078 ,
2985 3032 3085 3086 qua
3134 3019 3363 3089 implesti
3395 3032 3586 3079 terram
3615 3043 3630 3092 ;

2050 3099 2236 3152 Omnia
2262 3116 2294 3152 a
2323 3110 2371 3155 te
2396 3113 2682 3171 exspectant
2710 3116 2762 3156 ut
2788 3107 2874 3160 des
2901 3106 3001 3161 illis
3026 3109 3189 3162 cibum
3214 3111 3265 3163 in
3294 3122 3514 3183 tempore
3541 3133 3634 3182 op-

2048 3197 2264 3258 portuno
2284 3229 2298 3253 ,
2329 3192 2610 3262 unicuique
2635 3193 2808 3248 cibum
2839 3210 3015 3250 suum.
3044 3199 3216 3255 llabes
3240 3202 3418 3257 cibum
3444 3213 3588 3260 tuum
3614 3248 3629 3270 ,

2046 3276 2202 3332 habet
2247 3289 2300 3333 et
2325 3279 2486 3334 draco
2513 3282 2687 3335 cibum
2731 3299 2904 3338 suum.
2934 3284 2987 3340 Si
3034 3286 3168 3343 bene
3197 3291 3424 3359 vixeris,
3453 3295 3631 3351 cibum

2045 3365 2312 3420 Christum
2345 3367 2598 3434 habebis;
2625 3371 2668 3424 si
2699 3388 2727 3425 a
2758 3371 2971 3427 Christo
2999 3380 3303 3448 recesseris,
3333 3383 3483 3437 cibus
3513 3385 3637 3439 dra-

2045 3459 2198 3514 eonis
2223 3460 2350 3515 eris.
2383 3461 2566 3516 Omnia
2593 3481 2625 3516 a
2654 3473 2698 3518 te
2724 3477 3010 3536 exspectant
3036 3479 3088 3522 ut
3130 3471 3218 3525 des
3245 3471 3349 3527 illis
3389 3476 3553 3529 cibum
3584 3480 3636 3532 in

2047 3562 2270 3623 tempore
2297 3565 2600 3625 opportuno.
2621 3557 2753 3623 Quid
2781 3559 2979 3614 dictum
3011 3573 3094 3615 est
3120 3563 3214 3632 ipsi
3243 3563 3637 3624 draconi?Tcr-

2047 3659 2157 3696 ram
2201 3645 2547 3701 manducabis.
2579 3647 2804 3702 Draconi
2847 3649 3044 3705 dictum
3074 3663 3156 3707 est
3188 3670 3200 3706 :
3235 3653 3447 3710 Terram
3488 3676 3636 3713 mau-

2048 3735 2255 3790 ducabis
2281 3740 2472 3792 cunctis
2500 3739 2672 3793 diebus
2708 3742 2820 3794 vita:
2849 3752 2966 3797 tuae.
2997 3745 3202 3800 Audisti
3242 3749 3417 3802 cibum
3444 3752 3635 3807 draco-

2051 3826 2152 3881 nis.
2186 3826 2299 3882 Non
2331 3829 2410 3883 vis
2439 3840 2496 3883 ut
2536 3831 2624 3884 det
2671 3843 2721 3885 to
2751 3833 2892 3887 Deus
2921 3835 3346 3892 manducandum
3377 3841 3590 3897 draconi
3616 3861 3632 3906 ;

2049 3917 2156 3972 noli
2189 3933 2310 3974 esse
2336 3921 2484 3974 cibus
2513 3921 2759 3976 draconis
2778 3964 2794 3989 ,
2828 3925 2878 3978 id
2910 3935 2987 3982 est
3009 3965 3024 3991 ,
3058 3928 3164 3979 noli
3193 3929 3492 3999 relinquere
3520 3950 3637 3989 vcr-

2051 4009 2176 4062 lnun
2205 4010 2316 4063 Dei.
2351 4011 2449 4066 Ubi
2481 4015 2620 4066 enim
2647 4013 2844 4067 dictum
2873 4025 2954 4069 est
2977 4016 3191 4071 draconi
3214 4060 3227 4082 ,
3261 4019 3468 4076 Terram
3495 4042 3639 4079 man-

2053 4099 2298 4165 ducabis;
2331 4101 2397 4155 ibi
2421 4102 2529 4170 jam
2558 4103 2755 4158 dictum
2782 4115 2897 4160 erat
2935 4116 2989 4161 et
3017 4111 3410 4177 przevaricatori
3431 4156 3448 4182 ,
3478 4116 3637 4172 Terra

2053 4206 2106 4244 es
2126 4233 2142 4257 ,
2169 4201 2215 4245 et
2240 4191 2292 4244 in
2317 4203 2499 4247 terram
2527 4195 2620 4248 ibis
2646 4195 2798 4260 (Cen.
2831 4213 2920 4263 ιιι,
2955 4200 3052 4266 14,
3089 4202 3195 4270 l9).
3227 4204 3387 4260 Cibus
3416 4222 3639 4279 serpen-

2057 4285 2124 4340 tis
2163 4300 2282 4340 essc
2308 4301 2412 4340 non
2441 4288 2557 4342 vis?
2584 4287 2688 4342 noli
2731 4304 2850 4344 esse
2887 4299 3050 4346 terra.
3079 4295 3392 4366 Quomodo,
3425 4301 3599 4374 inquis
3622 4349 3636 4369 ,

2057 4390 2160 4429 non
2205 4391 2299 4432 ero
2339 4379 2520 4432 terra?
2545 4379 2599 4432 Si
2646 4389 2852 4436 terrena
2882 4397 2986 4436 non
3016 4386 3209 4454 sapias.
3242 4389 3376 4443 Audi
3409 4393 3639 4463 Aposto-

2058 4467 2165 4520 lum
2187 4508 2203 4533 ,
2251 4477 2308 4522 ut
2335 4485 2441 4524 non
2467 4469 2540 4524 sis
2569 4481 2726 4526 terra.
2757 4472 2887 4528 Nam
2931 4491 3126 4546 corpus
3150 4480 3289 4548 quod
3316 4485 3459 4552 geris
3499 4495 3642 4544 terra

2057 4568 2140 4614 est
2158 4602 2172 4625 ,
2203 4561 2294 4615 sed
2324 4570 2375 4614 tu
2404 4563 2510 4616 noli
2539 4578 2658 4618 esse
2687 4573 2844 4618 terra.
2876 4567 3011 4632 Quid
3053 4579 3135 4624 est
3163 4570 3302 4627 hoc?
3329 4575 3392 4629 Si
3417 4592 3643 4632 resurre-

2057 4651 2201 4705 xistis
2222 4692 2236 4715 ,
2271 4652 2471 4723 inquit,
2499 4671 2613 4707 cum
2644 4654 2840 4710 Christo
2862 4699 2875 4724 ,
2907 4675 3021 4729 qua:
3043 4677 3245 4717 sursum
3272 4678 3388 4720 sunt
3415 4671 3641 4736 quatritc,

2058 4741 2143 4794 ubi
2164 4741 2390 4796 Christus
2417 4753 2486 4797 est
2521 4745 2571 4798 iu
2600 4745 2775 4799 dextra
2801 4747 2897 4801 Dei
2918 4748 3132 4817 sedens;
3157 4769 3270 4823 qua:
3293 4773 3490 4810 sursum
3527 4774 3643 4814 sum

2059 4832 2239 4900 sapite,
2269 4849 2368 4885 non
2395 4848 2508 4902 quia
2528 4850 2680 4903 super
2705 4845 2888 4890 terram
2910 4837 3127 4908 (Coloss.
3149 4857 3224 4904 ιιι,
3250 4843 3273 4895 I
3295 4855 3340 4896 et
3357 4844 3435 4915 ἓ).
3459 4845 3514 4902 Si
3539 4866 3643 4903 non

2061 4921 2204 4991 sapis
2230 4930 2460 4988 terrena,
2491 4938 2594 4978 non
2621 4941 2680 4979 es
2711 4929 2942 4993 terra;si
2971 4945 3073 4984 non
3101 4947 3160 4984 es
3184 4941 3340 4998 terra,
3371 4951 3475 4990 non
3497 4954 3645 4993 man-

2062 5013 2272 5073 ducarjs
2302 5029 2332 5067 a
2362 5027 2644 5084 serpente,
2689 5018 2771 5071 cui
2817 5019 2968 5074 cibus
2995 5020 3113 5074 data
3143 5031 3226 5075 est
3269 5033 3425 5079 terra.
3455 5027 3642 5085 Cibum

2064 5118 2217 5157 sumn
2260 5105 2352 5158 dat
2382 5105 2518 5160 Deus
2557 5109 2791 5176 serpenti
2816 5151 2829 5170 ,
2862 5109 3071 5178 quando
3113 5112 3257 5180 vult,
3298 5131 3455 5186 quem
3485 5121 3598 5174 vult
3631 5141 3643 5176 :

2065 5195 2202 5251 bene
2230 5206 2408 5251 autem
2445 5197 2682 5267 judicat,
2717 5199 2823 5253 falli
2855 5215 2956 5253 non
2988 5212 3194 5271 potest,
3225 5221 3328 5262 non
3355 5210 3401 5263 ei
3430 5210 3519 5266 dat
3548 5229 3648 5267 an-

2067 5302 2185 5340 rum
2219 5301 2313 5356 pro
2338 5297 2496 5341 terra.
2531 5287 2713 5342 Omnia
2741 5306 2771 5342 a
2803 5300 2849 5343 te
2878 5303 3186 5361 exspectant,
3218 5295 3452 5362 Domine,
3481 5313 3535 5355 ut
3564 5304 3652 5359 de:

2067 5374 2172 5429 illis
2201 5376 2366 5429 cibum
2393 5377 2446 5429 in
2472 5385 2693 5445 tempore
2721 5388 3026 5447 opportuno.
3058 5379 3183 5436 Cum
3211 5385 3408 5441 dederis
3435 5392 3527 5455 eis,
3548 5396 3654 5446 col-

2071 5465 2244 5536 ligent.
2264 5468 2400 5521 Ante
2418 5467 2535 5520 illos
2551 5477 2669 5521 sunt
2688 5485 2702 5533 ;
2721 5468 2813 5523 sed
2832 5483 2936 5523 non
2955 5471 3223 5542 colligant,
3244 5477 3344 5531 nisi
3363 5494 3480 5532 cum
3499 5481 3656 5534 dede.

2072 5557 2166 5611 ris.
2185 5559 2321 5612 Ante
2349 5556 2615 5611 diabolmn
2643 5557 2743 5612 Job
2769 5569 2884 5614 erat
2902 5577 2916 5626 ;
2936 5571 2992 5615 et
3016 5565 3228 5633 quidem
3252 5585 3362 5622 non
3382 5571 3656 5629 devoravit

2073 5647 2193 5715 Job,
2208 5649 2392 5702 sedch
2415 5660 2614 5702 tentare
2631 5667 2735 5705 non
2753 5669 2913 5706 ausus
2931 5663 3030 5720 est,
3048 5657 3146 5710 nisi
3163 5673 3281 5712 cum
3305 5661 3387 5712 ille
3398 5661 3650 5717 dedisset.

2141 5844 2156 5875 ί
2190 5849 2290 5890 Am.
2320 5849 2368 5892 cl
2393 5849 2518 5904 Mss,
2544 5841 2755 5909 infirma.

2881 5956 3507 6033 (thranlc-quuh'c.
3519 5967 3548 6035 )
