4188 6452
603 401 740 458 138⁸7

606 521 643 573 Α
669 528 712 572 te
740 520 1025 586 exspectant
1044 526 1061 567 :
1077 526 1188 565 cum
1212 505 1405 563 dederis
1429 502 1519 571 eis,
1540 498 1807 569 colligent;
1826 496 1867 551 si
1896 510 2003 552 non
2026 492 2187 549 dede-

604 612 676 665 ris
698 652 711 675 ,
746 623 851 663 non
881 604 1148 673 colligent.

677 674 765 755 t2.
801 698 869 752 Et
894 694 1018 767 quid
1060 706 1159 747 nos
1180 733 1194 759 ,
1224 687 1451 744 fratres?
1482 697 1639 755 quem
1685 680 1863 736 cibum
1894 674 2192 732 habemus?

607 790 855 861 Sequitur
881 796 933 841 et
962 784 1029 841 de
1057 782 1177 838 cibo
1204 787 1405 835 nostro.
1436 776 1701 846 Aperiente
1731 781 1896 826 autem
1918 780 1963 823 te
1989 782 2195 823 manuni

606 858 743 937 tuam
764 923 778 948 ,
810 880 1042 934 universa
1070 872 1412 944 implebantur
1442 869 1677 923 bonitate.
1706 861 1842 930 Quid
1873 869 1952 916 est
1975 901 1989 923 .
2020 874 2054 914 0
2087 858 2187 913 Do-

609 976 773 1039 mine,
797 970 937 1043 quod
969 968 1147 1039 aperis
1174 978 1386 1019 manum
1415 958 1598 1014 tuam?
1627 956 1812 1011 Manus
1840 962 1923 1007 tua
1950 950 2197 1006 Christus

606 1077 707 1121 est.
741 1064 804 1119 Et
845 1061 1105 1117 brachium
1135 1054 1335 1110 Domini
1363 1052 1443 1105 cui
1471 1049 1738 1105 ret-elatum
1780 1054 1850 1101 est
1878 1043 2031 1113 (lsai.
2065 1056 2154 1099 Litt
2176 1079 2194 1108 ,

609 1156 661 1227 1)
680 1158 702 1211 ?
732 1155 828 1212 Cui
858 1152 1144 1215 revelatur,
1169 1148 1243 1202 illi
1274 1144 1514 1214 aperitur
1547 1158 1558 1193 :
1595 1136 1848 1194 revelatio
1874 1135 2014 1189 enim
2044 1147 2197 1202 aper-

610 1251 683 1304 tio
710 1257 811 1302 est.
845 1245 1110 1314 Aperiente
1134 1250 1301 1293 autent
1330 1246 1376 1289 te
1405 1249 1609 1287 manum
1638 1240 1808 1292 tuam,
1840 1227 2071 1280 universa
2098 1225 2196 1276 int-

612 1341 881 1413 plebuutur
907 1336 1141 1391 bonitate.
1169 1329 1462 1386 Revelante
1492 1336 1541 1380 te
1567 1323 1834 1378 Christum
1867 1329 2013 1373 tuum
2037 1358 2051 1382 ,
2086 1316 2200 1370 ani-

612 1450 753 1488 rersa
779 1431 1116 1501 implebantur
1142 1423 1379 1478 bonitate.
1408 1418 1522 1473 Non
1551 1428 1725 1471 autem
1754 1412 1950 1467 habent
1971 1426 1999 1464 ιι
2022 1424 2079 1465 se
2108 1408 2200 1463 bo—

615 1526 863 1585 nitatem;
886 1534 1006 1573 nam
1034 1512 1320 1586 aliquando
1346 1512 1360 1543 ι
1396 1509 1649 1581 probatur
1676 1505 1809 1560 illis:
1835 1502 2096 1555 Avertente
2110 1516 2201 1552 au-

618 1626 714 1668 tent
733 1622 780 1667 te
799 1612 978 1681 facient
1006 1618 1165 1673 tuam,
1188 1600 1543 1659 turbabuntur.
1560 1596 1708 1652 Multi
1735 1594 1922 1663 repleti
1942 1591 2198 1655 bonitate,

615 1705 715 1761 sibi
747 1679 1045 1758 tribuerunt
1085 1695 1227 1766 quod
1257 1691 1553 1753 habebant,
1584 1695 1636 1742 et
1680 1685 1961 1740 voluerunt
1988 1679 2203 1751 gloriari

616 1797 766 1865 quasi
798 1796 852 1849 in
889 1787 1358 1864 justiﬁcatiouibus
1384 1783 1494 1839 suis
1514 1824 1528 1848 ,
1559 1791 1610 1836 et
1653 1779 1900 1833 dixerunt
1927 1774 2063 1838 sibi,
2108 1771 2202 1826 Ju-

619 1902 735 1947 stus
764 1904 878 1944 sum
902 1929 915 1952 ,
948 1898 1170 1954 magnus
1195 1897 1310 1935 smn
1335 1895 1348 1943 ;
1390 1886 1444 1933 et
1471 1875 1589 1929 f.:cti
1635 1880 1759 1926 sunt
1782 1869 1881 1923 sibi
1915 1868 2199 1937 placentes.

620 1983 690 2037 Et
714 1980 890 2036 sonuit
918 1977 996 2031 eis
1014 1973 1327 2045 Apostolus.-
1354 1967 1487 2033 Quid
1508 1966 1643 2020 enint
1670 1962 1820 2016 [tabes
1846 1958 1981 2029 quod
2002 1973 2100 2010 non
2121 1972 2205 2008 ac-

620 2073 795 2143 cepisti
826 2070 865 2141 (l
895 2068 1013 2125 Cor.
1048 2082 1123 2131 tv,
1144 2064 1239 2137 7)?
1270 2062 1468 2117 Valens
1495 2067 1671 2111 autem
1703 2054 1927 2124 probare
1956 2050 2093 2104 Deus
2112 2047 2207 2103 ho-

620 2139 747 2218 mini
778 2139 917 2231 qtiod
948 2159 1014 2213 ab
1045 2157 1134 2211 illo
1162 2155 1353 2209 lmbeat
1381 2147 1633 2221 quidquid
1663 2146 1851 2207 habet,
1883 2154 1939 2196 ut
1964 2155 2084 2195 cum
2112 2139 2207 2193 b0-

622 2255 786 2307 uitate
818 2250 1008 2304 habeat
1034 2254 1087 2302 et
1118 2243 1464 2298 humilitatem
1488 2281 1501 2302 ,
1535 2234 1965 2306 aliquantlocum
1997 2238 2205 2298 pertur-

620 2345 747 2408 bat;
780 2340 969 2397 avertit
999 2337 1066 2393 ab
1097 2336 1186 2389 illo
1216 2334 1402 2388 faciem
1429 2345 1615 2392 suam,
1643 2336 1696 2381 et
1724 2324 1920 2379 decidit
1948 2322 1997 2375 in
2030 2329 2205 2374 tenta—

619 2438 856 2501 tiouem;
886 2442 939 2488 et
963 2428 1196 2487 ostendit
1222 2426 1295 2481 illi
1323 2424 1442 2494 quia
1466 2420 1604 2492 quod
1628 2419 1799 2489 juntus
1828 2422 1961 2478 erat,
1986 2421 2036 2467 et
2064 2420 2206 2465 recte

619 2527 943 2591 ambulabat,
968 2523 1084 2594 ipso
1116 2527 1330 2589 regente
1361 2515 1535 2569 fiebat.
1570 2512 1828 2563 Avertente
1856 2515 2023 2558 autem
2054 2512 2099 2555 te
2129 2504 2209 2571 fa-

620 2623 743 2675 ciem
775 2629 947 2682 luant,
981 2593 1331 2668 turbabuntur.
1367 2604 1552 2659 V'idrte
1583 2600 1708 2671 quid
1736 2599 1876 2653 dicat
1914 2606 1965 2649 et
2013 2594 2062 2648 in
2102 2593 2208 2647 alio

618 2714 825 2784 psalmo
856 2725 873 2769 ;
910 2706 1017 2778 Ego
1044 2704 1149 2758 dixi
1173 2703 1223 2756 in
1254 2698 1563 2753 abundantia
1592 2710 1718 2759 mea,
1750 2690 1869 2745 Non
1896 2687 2126 2743 movebar
2155 2688 2208 2739 in

620 2813 880 2857 cateruam.
912 2792 1261 2863 Prii-sumpsit
1288 2791 1354 2845 de
1383 2803 1473 2851 se;
1507 2784 1755 2855 impletus
1786 2789 1900 2836 erat
1929 2778 2165 2833 bonitate
2190 2816 2205 2840 ,

622 2903 676 2949 et
706 2891 923 2962 putabat
950 2904 977 2940 a
1008 2901 1065 2940 se
1093 2883 1190 2939 sibi
1223 2895 1342 2937 esse
1374 2886 1536 2933 totam
1566 2874 1890 2934 bonitatem,
1921 2877 1974 2923 et
1999 2866 2130 2921 dixit
2156 2866 2206 2920 in

618 2982 781 3039 aorde
802 2994 930 3035 suo:
956 2977 1073 3031 Non
1098 2973 1325 3028 movebar
1342 2971 1392 3023 in
1415 2977 1674 3022 a'ternum.
1695 2962 1796 3017 Sed
1816 2961 1937 3030 quia
1963 2960 2069 3027 jam
2088 2973 2211 3012 sett-

618 3085 764 3133 serat
793 3073 881 3128 Dei
912 3069 1133 3141 gratiam
1159 3081 1216 3121 se
1245 3061 1565 3134 percepisse,
1593 3071 1688 3127 pro
1718 3070 1782 3110 eo
1808 3053 1949 3123 quod
1978 3059 2094 3106 erat
2113 3065 2208 3104 ex-

620 3177 806 3239 pertus
827 3208 840 3230 ,
871 3159 1099 3218 reddidit
1121 3156 1410 3229 gratiarum
1438 3150 1701 3205 actionem
1736 3164 1747 3200 :
1780 3144 2021 3207 Domine,
2049 3142 2100 3195 in
2121 3156 2209 3194 vo—

624 3264 816 3317 luntate
840 3268 927 3313 tua
955 3250 1229 3328 prmstitisti
1253 3246 1418 3301 decori
1450 3260 1557 3298 meo
1584 3242 1847 3301 virtutem;
1869 3236 2089 3291 avertisti
2114 3251 2211 3287 au-

626 3365 723 3409 tem
750 3353 926 3425 faciem
945 3358 1082 3402 luant
1111 3361 1142 3397 a
1171 3359 1268 3409 me,
1288 3349 1333 3394 et
1359 3340 1522 3409 factus
1548 3352 1658 3389 sunt
1687 3331 2012 3387 conturbatus
2039 3326 2209 3400 (Psal.

626 3462 770 3509 χχιχ,
800 3445 854 3508 7,
876 3442 955 3510 8).
978 3440 1066 3493 Sic
1090 3447 1143 3492 et
1167 3434 1274 3499 hic,
1299 3431 1565 3501 Aperiente
1594 3437 1638 3480 te
1662 3441 1868 3479 manum
1894 3430 2212 3488 tuant;apc—

623 3540 733 3592 ries
750 3545 984 3595 manum,
1004 3538 1057 3584 et
1072 3528 1301 3581 universa
1317 3522 1654 3591 implebantur
1671 3518 1911 3579 bonitate;
1933 3528 2034 3567 non
2054 3528 2211 3566 manu

626 3642 721 3682 sua
743 3668 759 3693 ,
791 3622 885 3680 sed
914 3636 1073 3676 manu
1099 3627 1185 3671 tua
1215 3621 1396 3685 aperta
1430 3630 1441 3665 :
1477 3612 1739 3665 Avertcnte
1763 3616 1932 3661 autem
1957 3614 2005 3659 te
2033 3604 2213 3675 {aciem

629 3730 766 3773 tuam
791 3758 805 3783 ,
839 3714 1186 3768 turbabantur.

701 3810 788 3864 15.
806 3805 908 3862 Sed
935 3817 1099 3875 quare
1126 3801 1227 3854 hoc
1254 3796 1594 3866 facis?quare
1616 3790 1813 3846 avertis
1840 3788 2027 3843 faciem
2046 3794 2212 3853 tuam,

628 3910 687 3956 ut
714 3894 1025 3953 turbentur?
1048 3891 1259 3961 Auferes
1280 3888 1511 3958 spiritum
1537 3900 1731 3949 eorum,
1752 3890 1795 3934 et
1819 3879 2069 3947 deficient.
2096 3876 2214 3946 Spi-

627 3995 763 4048 ritus
792 4004 975 4045 eorum
996 4027 1012 4052 ,
1042 3982 1288 4053 superbia
1320 3993 1504 4034 eorum
1549 3984 1665 4031 erat
1697 3992 1708 4027 :
1740 3973 2036 4043 gloriantur
2056 4011 2070 4035 ,
2115 3968 2216 4023 sibi

628 4084 887 4145 tribuunt,
912 4077 1122 4146 seipsos
1138 4070 1446 4143 justiﬁeant.
1472 4070 1667 4122 Averte
1688 4079 1815 4134 ergo
1839 4062 2026 4117 faciem
2052 4070 2215 4123 tuam,

632 4184 690 4229 ut
718 4174 997 4230 turbentur
1021 4184 1035 4220 :
1059 4166 1206 4221 aufer
1234 4164 1479 4233 spiritum
1503 4174 1709 4221 eorum,
1732 4164 1785 4211 ct
1808 4155 2086 4217 deﬁciant;
2109 4151 2219 4205 cla-

632 4274 782 4323 ment
822 4262 888 4317 ad
917 4271 967 4316 te
986 4300 1001 4327 ,
1029 4258 1138 4314 Cito
1167 4255 1349 4311 exaudi
1375 4270 1487 4318 ine,
1520 4251 1730 4304 Domine
1747 4266 1765 4313 ;
1794 4246 1973 4316 defecit
2014 4245 2219 4315 spiritus

631 4372 794 4412 meas.
835 4352 917 4407 Ne
953 4359 1149 4405 avertas
1192 4347 1371 4417 faciem
1399 4354 1536 4397 tuam
1564 4358 1595 4393 a
1624 4357 1703 4393 nte
1736 4337 1904 4409 (Psal.
1936 4352 2073 4391 CXLII
2094 4376 2108 4401 ,
2138 4335 2215 4405 7).

635 4452 846 4521 Auferes
861 4444 1091 4515 spiritum
1119 4455 1310 4503 eorum,
1329 4447 1373 4491 et
1390 4435 1642 4502 deﬁcient,
1665 4442 1707 4486 et
1730 4432 1781 4483 in
1810 4430 2056 4499 puluerem
2074 4442 2219 4480 suum

635 4519 1002 4595 convertentur.
1019 4530 1224 4588 Invenit
1248 4543 1307 4582 se
1326 4527 1484 4581 homo
1499 4523 1765 4595 pmuitens
1779 4519 1849 4575 de
1866 4526 2084 4588 peccato
2100 4530 2218 4581 suo,

634 4633 755 4704 quia
784 4643 889 4684 non
932 4622 1157 4681 habebat
1186 4621 1329 4675 vires
1357 4632 1420 4672 ex
1449 4630 1542 4679 se;
1572 4622 1627 4668 et
1650 4611 1933 4667 conﬁtetur
1961 4608 2069 4663 Deo
2090 4646 2104 4673 ,
2133 4605 2216 4660 di-

635 4740 761 4781 cens
808 4715 867 4777 se
911 4731 1031 4774 esse
1074 4722 1268 4769 terram
1313 4717 1368 4764 et
1408 4708 1666 4763 cinerem.
1700 4703 1743 4759 Ο
1773 4700 2039 4773 superbe,
2086 4713 2219 4754 con-

631 4829 823 4873 versus
867 4827 926 4869 es
972 4812 1023 4865 in
1070 4807 1343 4878 pulverem
1389 4812 1536 4857 tuum
1564 4841 1577 4866 ,
1628 4799 1835 4853 ablatus
1881 4803 1963 4851 est
2004 4792 2221 4863 Spiritus

631 4921 759 4966 tuus
784 4925 798 4973 ;
825 4905 936 4976 jam
964 4916 1071 4956 non
1110 4907 1159 4953 te
1182 4896 1350 4967 iactas
1373 4935 1387 4961 ,
1422 4907 1526 4946 non
1555 4900 1605 4945 te
1628 4888 1844 4944 extollis
1867 4927 1882 4953 ,
1914 4900 2022 4941 non
2052 4895 2101 4940 te
2132 4884 2222 4953 ju-

634 5001 872 5063 stiﬁcas;
905 4992 1052 5049 vides
1076 4990 1198 5061 quia
1228 4986 1296 5042 de
1319 4984 1536 5056 pulvere
1567 4980 1735 5036 factus
1759 4993 1837 5044 es,
1870 4985 1922 5031 et
1951 4984 2224 5031 avertente

642 5093 831 5147 faciem
861 5101 1010 5143 suam
1055 5081 1320 5145 Domino,
1354 5078 1406 5132 in
1455 5084 1602 5130 tuum
1648 5072 1921 5143 pulverem
1963 5067 2222 5123 recidisti.

641 5184 789 5253 Roga
816 5192 942 5248 ergo
966 5215 982 5242 ,
1012 5171 1269 5231 conﬁtere
1298 5167 1575 5239 pulverem
1606 5170 1753 5217 tuum
1782 5167 1837 5215 et
1865 5157 2225 5214 inﬁrmitatem

641 5283 807 5329 tuam.

716 5367 803 5421 14.
838 5361 986 5434 [vers.
1017 5356 1130 5430 30.]
1163 5356 1231 5411 Et
1254 5353 1374 5409 vide
1400 5352 1526 5423 quid
1552 5358 1802 5422 sequatur
1834 5365 1846 5400 :
1878 5344 2093 5399 Entittes
2118 5345 2227 5415 spi-

644 5460 796 5513 ritum
827 5464 1000 5518 taam,
1030 5459 1078 5504 et
1107 5446 1427 5502 creabantur.
1460 5443 1681 5497 Auferes
1728 5438 1972 5511 spiritum
2001 5450 2186 5492 eorum
2213 5476 2225 5499 ,

648 5558 858 5606 emittes
888 5556 1032 5599 tuum
1069 5559 1083 5598 :
1114 5541 1310 5610 auferes
1338 5538 1570 5608 spiritum
1595 5549 1799 5598 eorum,
1828 5547 1933 5586 non
1962 5528 2231 5583 habebunt

648 5642 892 5711 spiritum
920 5650 1099 5691 suum.
1128 5632 1269 5702 Ergo
1295 5626 1489 5684 deserti
1517 5622 1832 5681 sunt?Beati
1862 5636 2107 5692 pauperes
2128 5619 2232 5688 spi-

648 5795 835 5908 “12“8'12
881 5799 984 5841 Mss.
1036 5798 1087 5840 At
1125 5787 1273 5845 Edd.,
1316 5796 1428 5834 nam
1473 5780 1544 5833 illi
1581 5779 1773 5844 quando
1811 5777 1957 5831 boni?
2002 5778 2233 5830 Probatur

1843 382 1899 437 S.
1941 374 2302 437 AUGUSTINI
2327 375 2645 433 'EPISCOPI

3732 382 3843 438 1383

2298 491 2399 545 ritu
2429 506 2447 545 :
2479 506 2584 546 non
2611 498 2736 547 sunt
2760 500 2933 546 autem
2958 488 3177 553 deserti,
3201 488 3438 557 quoniam
3463 488 3675 559 ipsorum
3702 500 3763 542 es!
3782 508 3845 544 re-

2296 600 2450 655 gnum
2472 582 2710 637 calorum
2740 582 2948 655 (Matth.
2980 597 3012 635 v
3032 623 3045 645 ,
3075 581 3153 651 '5).
3181 580 3476 635 Noluerunt
3506 580 3691 636 habere
3710 587 3847 651 Spiri.

2300 685 2409 729 tum
2431 690 2606 740 suum,
2627 676 2895 729 habebunt
2910 675 3151 743 spiritum
3174 672 3285 727 Dei.
3311 673 3421 727 lloe
3441 673 3578 726 enim
3596 673 3715 728 dixit
3734 694 3847 730 mar-

2302 767 2504 838 tyribus
2530 766 2718 820 futuris
2752 785 2765 819 :
2801 765 2925 819 Cum
2951 782 3034 819 vos
3061 765 3277 834 ceperint
3303 775 3347 817 et
3376 764 3674 818 adduxerim
3695 768 3708 796 ¹
3730 809 3741 830 ,
3771 785 3847 820 na-

2296 859 2387 913 lite
2414 860 2633 929 cogitare
2654 860 2902 930 quomodo
2930 867 3013 910 aut
3042 857 3163 927 quid
3190 856 3467 924 loquamini
3488 872 3505 908 :
3529 872 3625 909 non
3646 857 3761 909 enim
3782 874 3846 912 rat

2297 954 2414 1009 estis
2440 955 2525 1024 qui
2551 954 2844 1022 loquimini,
2875 953 2962 1005 sed
2991 952 3214 1016 Spiritus
3245 948 3417 1003 Patris
3444 949 3589 1001 vestri
3615 949 3692 1016 qui
3714 951 3848 1017 loqui-

2298 1058 2383 1101 tur
2409 1048 2460 1101 in
2490 1046 2623 1101 robis
2655 1045 2763 1118 (Id.
2796 1062 2849 1109 Χ,
2881 1047 2969 1111 19,
2996 1044 3110 1114 20).
3139 1042 3311 1097 Nolite
3335 1041 3488 1095 vobis
3514 1041 3732 1095 tribuere
3759 1040 3848 1094 for-

2303 1142 2603 1196 titudinem.
2635 1140 2691 1195 Si
2724 1148 2897 1194 vestro
2926 1147 3032 1204 est,
3062 1136 3249 1205 inquit,
3282 1142 3334 1188 et
3363 1149 3479 1187 mea
3510 1148 3612 1186 non
3639 1143 3739 1196 est;
3767 1132 3848 1187 du-

2299 1232 2421 1285 ritia
2448 1240 2549 1296 est,
2579 1244 2682 1285 non
2715 1227 2986 1284 fortitudo.
3019 1225 3227 1295 Auferes
3253 1223 3487 1293 spiritum
3513 1238 3696 1285 eorum,
3719 1231 3758 1274 et
3783 1224 3849 1275 de-

2303 1322 2472 1391 ﬁcient
2492 1362 2506 1385 ,
2536 1331 2585 1375 et
2611 1321 2661 1375 in
2690 1320 2939 1389 pulverem
2974 1333 3122 1372 suum
3149 1322 3499 1369 conrertentur
3530 1328 3547 1365 :
3576 1313 3747 1365 emittes
3764 1312 3850 1382 spi-

2298 1416 2455 1469 ritum
2484 1424 2623 1468 tuum
2642 1455 2657 1479 ,
2689 1423 2733 1466 et
2760 1416 3080 1465 creabantur.
3114 1406 3288 1477 Ipsius
3318 1405 3448 1459 enim
3479 1419 3645 1457 sumus
3671 1403 3851 1471 [igntetn

2305 1517 2445 1571 tant,
2479 1506 2610 1561 dixit
2638 1504 2924 1574 Apostolus
2943 1544 2959 1568 ,
2993 1501 3144 1554 creati
3174 1500 3227 1552 in
3253 1496 3485 1568 operibus
3513 1495 3646 1548 bouis
3673 1492 3850 1563 (Ep/tes.

2307 1616 2345 1656 ll
2365 1643 2379 1665 ,
2414 1599 2525 1671 10).
2559 1599 2601 1652 Α
2632 1598 2819 1664 spiritu
2846 1595 2960 1664 ejus
2988 1592 3289 1662 accepimus
3313 1589 3537 1659 gratiam
3558 1628 3573 1652 ,
3600 1596 3652 1640 ut
3673 1585 3853 1653 iustitiae

2308 1692 2574 1754 vivamus;
2595 1689 2714 1760 quia
2745 1689 2857 1757 ipse
2882 1695 2964 1740 est
2989 1685 3077 1754 qui
3100 1681 3355 1753 justiﬁcat
3383 1680 3599 1748 impium
3625 1676 3850 1747 (lionnu,

2308 1780 2385 1853 5).
2418 1782 2626 1852 Auferes
2669 1781 2897 1850 spiritunt
2927 1793 3099 1831 eorunt
3119 1817 3134 1841 ,
3182 1783 3227 1828 et
3256 1773 3491 1841 deﬁcient
3522 1787 3540 1824 :
3569 1770 3743 1822 emittes
3766 1768 3854 1835 spi-

2308 1876 2462 1928 ritum
2491 1883 2629 1926 tuum
2649 1913 2664 1936 ,
2693 1880 2738 1924 et
2767 1869 3102 1931 creabantur;
3132 1876 3175 1919 et
3205 1863 3470 1919 innovabis
3499 1862 3670 1932 facient
3696 1869 3855 1912 terra:

2311 1966 2360 2020 id
2389 1975 2468 2020 est
2491 2006 2505 2029 ,
2538 1964 2686 2017 novis
2714 1959 3016 2015 hominibus
3036 1999 3049 2021 ,
3081 1955 3462 2011 conﬁtentibus
3504 1968 3562 2007 se
3583 1952 3857 2021 justiﬁeatos

2310 2073 2464 2125 esse,
2494 2073 2598 2111 non
2631 2071 2661 2110 a
2689 2070 2749 2109 se
2772 2054 2943 2123 justos
2963 2093 2977 2115 ,
3010 2059 3068 2105 ut
3094 2049 3260 2119 gratia
3293 2047 3394 2101 Dei
3438 2046 3506 2099 sit
3535 2046 3584 2099 in
3614 2043 3725 2097 illis.
3756 2040 3857 2095 Vide

2310 2149 2494 2219 quales
2524 2148 2629 2201 sint
2648 2188 2663 2213 ,
2693 2146 2883 2215 quibus
2921 2143 3171 2196 innovata
3199 2148 3281 2195 est
3315 2137 3479 2191 facies
3503 2145 3669 2190 terrm.
3697 2131 3856 2186 Paulus

2310 2241 2437 2295 dicit
2463 2257 2474 2292 :
2500 2237 2630 2293 Plus
2653 2237 2883 2289 omnibus
2908 2234 3008 2287 illis
3032 2230 3271 2285 laboravi.
3306 2226 3448 2297 Quid
3476 2234 3573 2288 est,
3594 2222 3769 2278 Paule?
3786 2226 3858 2275 At-

2314 2331 2470 2387 tende
2498 2330 2542 2384 si
2571 2339 2643 2391 tu,
2665 2329 2707 2382 si
2737 2327 2954 2395 spiritus
2984 2334 3123 2378 tuus.
3146 2320 3267 2375 Non
3293 2336 3411 2390 ego,
3433 2314 3714 2388 inquit,sed
3727 2314 3857 2383 gratia

2314 2423 2405 2477 Dei
2428 2438 2620 2476 mecum
2641 2419 2683 2491 (Ι
2707 2416 2823 2472 Cor.
2851 2433 2934 2480 xv,
2965 2414 3071 2486 10).

2385 2513 2470 2567 15.
2519 2510 2668 2584 [uers.
2716 2505 2833 2579 51.]
2875 2505 3008 2573 Quid
3054 2503 3225 2575 ergo?
3269 2502 3406 2568 Quia
3435 2515 3551 2555 cum
3576 2495 3858 2552 abstttlerit‘

2310 2604 2552 2673 spiritum
2578 2609 2836 2662 nostrum,
2866 2598 2916 2650 in
2946 2595 3214 2663 pulverem
3244 2602 3489 2645 nostrum
3515 2595 3854 2643 convertentur.

2314 2696 2513 2748 utiliter
2561 2693 2825 2745 intuentes
2871 2686 3229 2741 infirmitatem
3277 2693 3555 2743 nostram,
3602 2688 3651 2733 ut
3679 2684 3857 2743 accepto

2312 2784 2500 2854 spiritu
2541 2781 2657 2851 ejus
2694 2793 3014 2834 recreemur.
3049 2774 3179 2828 Vide
3206 2772 3331 2843 quid
3369 2771 3603 2839 sequitur
3632 2786 3644 2821 :
3675 2766 3745 2819 Sit
3769 2764 3859 2835 glo-

2310 2876 2388 2929 ria
2435 2873 2638 2927 Domini
2686 2872 2737 2924 in
2781 2879 3041 2924 wternum.
3085 2865 3199 2919 Non
3230 2874 3314 2917 tua
3339 2903 3355 2927 ,
3391 2876 3494 2914 neu
3526 2873 3668 2924 mea,
3697 2870 3784 2909 non
3806 2853 3857 2907 il-

2313 2967 2413 3021 lius
2437 3008 2452 3034 ,
2480 2974 2569 3019 aut
2591 2964 2732 3018 illius
2757 2980 2771 3029 ;
2799 2961 2960 3032 gloria
2992 2957 3195 3011 Domini
3217 2956 3280 3010 sit
3300 2996 3314 3019 ,
3348 2969 3452 3007 non
3476 2952 3538 3005 ad
3564 2963 3765 3019 tempus,
3786 2945 3856 2999 sed

2311 3064 2363 3117 in
2405 3070 2666 3117 internum.
2715 3055 2994 3112 Lwtabitar
3026 3051 3272 3104 Dominus
3300 3048 3356 3101 in
3387 3046 3612 3115 aperibas
3638 3043 3744 3095 suis.
3767 3038 3856 3093 Non

2315 3155 2367 3209 in
2413 3154 2554 3219 tuis,
2597 3148 2748 3221 quasi
2790 3147 2893 3201 tuis
2935 3162 2946 3198 :
2988 3142 3110 3213 quia
3150 3151 3204 3196 et
3229 3153 3397 3209 opera
3426 3147 3511 3192 tua
3540 3134 3582 3189 si
3612 3132 3761 3196 mala,
3787 3142 3858 3198 per

2315 3248 2643 3319 iniquitatem
2674 3252 2813 3297 tuam
2840 3258 2853 3306 ;
2886 3240 2928 3295 si
2956 3240 3092 3294 bona
3116 3277 3131 3300 ,
3166 3250 3258 3306 per
3284 3233 3511 3304 gratiam
3545 3229 3648 3284 Dei.
3678 3223 3857 3278 Lanibi-

2316 3350 2398 3393 tur
2427 3339 2671 3392 Dominus
2693 3335 2744 3387 in
2766 3333 2993 3402 operibus
3014 3330 3139 3383 suis.

2390 3433 2475 3487 16.
2523 3429 2668 3504 [rem
2715 3424 2828 3498 δὲ]
2872 3423 2970 3490 Qui
2995 3419 3173 3492 aspicit
3201 3428 3424 3481 terram,
3454 3423 3498 3467 et
3524 3412 3637 3484 facit
3662 3423 3755 3462 eam
3779 3414 3857 3457 trc-

2317 3540 2448 3576 mcre
2465 3540 2482 3588 ;
2510 3521 2592 3590 qui
2619 3518 2775 3587 tangit
2802 3526 3011 3580 montes,
3040 3522 3085 3565 et
3113 3507 3453 3583 funtigabunt.
3481 3504 3523 3559 Ο
3547 3512 3690 3563 terra,
3714 3493 3858 3551 exsul-

2320 3587 2469 3670 tabas
2505 3587 2573 3668 de
2605 3612 2840 3665 bonitate
2884 3616 2969 3660 tua
2995 3648 3010 3673 ,
3038 3604 3130 3659 tibi
3165 3599 3438 3656 tribuebas
3464 3598 3595 3650 vires
3622 3587 3858 3661 apulentite

2319 3717 2422 3762 tua:
2449 3721 2463 3771 ;
2490 3719 2619 3759 ecce
2648 3700 2859 3770 respicit
2890 3696 3143 3752 Dominus
3167 3736 3180 3760 ,
3210 3701 3263 3747 et
3294 3690 3422 3744 facit
3450 3700 3499 3742 te
3529 3696 3753 3741 tremere.
3780 3679 3860 3731 lic-

2319 3800 2504 3869 spiciat
2542 3806 2592 3850 te
2616 3837 2629 3858 ,
2657 3803 2711 3849 et
2741 3792 2893 3846 faciat
2922 3798 2970 3844 te
3002 3798 3228 3843 tremere
3262 3803 3274 3837 :
3306 3783 3497 3836 melior
3520 3788 3599 3834 est
3622 3774 3745 3831 enim
3773 3780 3858 3823 trc-

2322 3906 2438 3945 mor
2485 3885 2790 3942 humilitatis
2814 3925 2828 3950 ,
2871 3896 3026 3951 quam
3068 3876 3388 3933 confidentia
3417 3870 3683 3943 superbae.
3711 3862 3859 3918 \‘idctc

2321 3981 2587 4054 quomodo
2608 3979 2826 4051 aspiciat
2854 3977 2992 4030 Deus
3021 3982 3237 4035 terram,
3261 3978 3314 4023 et
3340 3967 3499 4022 faciat
3518 3978 3627 4018 eam
3652 3968 3857 4012 tremere.

2322 4078 2401 4132 Ad
2446 4087 2638 4131 terram
2670 4045 2827 4142 quasi
2861 4066 3219 4138 praeﬁdentem
3247 4060 3343 4115 sibi
3375 4069 3426 4115 et
3454 4056 3776 4112 exsultantem
3802 4045 3860 4097 lo-

2323 4168 2504 4238 quitur
2539 4162 2821 4235 Apostolus
2854 4178 2865 4213 :
2906 4177 2924 4210 (
2961 4156 3090 4212 Cum
3121 4156 3306 4208 timore
3336 4160 3391 4205 et
3423 4158 3643 4203 tremore
3671 4148 3858 4193 vestram

2326 4262 2558 4331 ipsorqu
2590 4256 2813 4311 salutem
2845 4246 3159 4321 operamini.
3191 4247 3318 4299 Cum
3347 4243 3536 4297 timore
3556 4246 3609 4293 et
3629 4242 3856 4289 tremore:

2325 4316 2465 4408 Deus
2493 4349 2632 4403 enim
2661 4355 2741 4401 est
2766 4345 2853 4413 qui
2876 4316 3125 4412 operatur
3154 4339 3204 4391 iu
3232 4336 3383 4390 vobis
3414 4353 3430 4385 ›
3457 4329 3695 4401 (Philipp.
3714 4316 3857 4385 ",13.

2328 4443 2435 4511 15).
2457 4440 2658 4501 Dicis,o
2671 4430 3185 4502 Paule,0peramiui;
3206 4427 3338 4482 dicis
3355 4433 3691 4492 utopcremur
3707 4434 3717 4463 :
3731 4420 3859 4481 quare

2326 4550 2437 4586 eum
2481 4528 2734 4584 tremore?
2759 4525 2899 4579 Deus
2944 4522 3075 4576 enim
3112 4529 3215 4583 est,
3256 4517 3457 4586 inquit,
3485 4513 3566 4583 qui
3593 4512 3798 4577 operatur
3821 4498 3859 4547 ἱη

2325 4623 2477 4676 vobis.
2511 4619 2632 4674 Ideo
2661 4632 2789 4686 ergo
2809 4631 2921 4668 cum
2946 4622 3174 4675 tremore,
3203 4608 3322 4677 quia
3348 4604 3482 4657 Deus
3504 4605 3736 4670 operatur.
3756 4588 3858 4654 Quia

2329 4718 2440 4785 ipse
2470 4712 2615 4769 dedit
2642 4752 2656 4778 ,
2691 4725 2794 4764 non
2825 4724 2888 4761 ex
2923 4716 2973 4760 te
3000 4714 3079 4758 est
3101 4701 3239 4771 quod
3272 4700 3436 4753 babes
3457 4739 3470 4759 ,
3498 4708 3611 4749 cum
3643 4689 3805 4742 timore
3821 4687 3857 4729 cl

2328 4816 2560 4861 tremore
2585 4800 2893 4872 operaberis
2922 4814 2934 4849 :
2968 4808 3087 4848 nam
3119 4792 3162 4846 si
3193 4806 3299 4844 non
3332 4784 3604 4841 tretuueris
3632 4791 3765 4837 eum,
3786 4783 3854 4872 alt-

2328 4895 2462 4951 feret
2503 4893 2645 4964 quod
2691 4889 2856 4945 dedit.
2902 4886 3031 4939 Cum
3079 4892 3309 4936 tremore
3352 4892 3477 4945 ergo
3510 4854 3856 4943 operarc.V'itl€

2328 4990 2489 5045 alium
2518 4985 2776 5057 psalmum
2801 5000 2812 5033 :
2835 4978 3029 5035 Seruite
3056 4973 3273 5027 Domino
3302 4971 3353 5022 in
3379 4968 3570 5029 timore,
3600 4968 3641 5013 et
3660 4949 3856 5010 exsultim

3784 5056 3789 5057 ,
3818 5037 3840 5057 ,.

2329 5084 2373 5138 ei
2417 5096 2527 5136 cant
2561 5088 2772 5132 tremore
2801 5070 2971 5145 (Psal.
3004 5085 3039 5122 ll
3064 5109 3076 5133 ,
3110 5065 3217 5135 11).
3249 5062 3302 5119 Si
3330 5076 3447 5115 cum
3478 5064 3693 5110 tremore
3716 5037 3862 5100 exsul-

2331 5173 2546 5229 tandum
2571 5177 2688 5234 est,
2715 5166 2853 5220 Deus
2880 5162 3103 5233 aspicit,
3136 5158 3189 5211 ﬁt
3217 5168 3368 5210 tot-rae
3396 5159 3565 5205 motus
3587 5162 3598 5197 :
3620 5135 3862 5210 aspiciente

2334 5269 2443 5323 Deo
2465 5306 2481 5333 ,
2513 5268 2741 5319 tremant
2762 5257 2921 5314 corda
2950 5262 3129 5309 nostra
3154 5266 3168 5315 ;
3203 5258 3325 5304 tunc
3347 5244 3416 5300 ibi
3438 5241 3714 5311 requiescet
3734 5229 3860 5325 Deus-

2335 5312 2440 5323 νυν
2465 5312 2481 5333 ,
2514 5312 2736 5319 -.-ωηη
2774 5312 2785 5314 -
3157 5312 3165 5315 _

2334 5357 2470 5415 Audi
2497 5356 2644 5411 illum
2672 5352 2776 5406 alio
2807 5349 2924 5403 loco
2956 5364 2968 5399 :
3007 5362 3026 5396 ‹
3062 5344 3235 5413 Super
3259 5352 3413 5410 quem
3446 5330 3717 5402 requiescet
3740 5312 3861 5386 spiri~

2336 5464 2420 5509 tus
2461 5448 2652 5505 meus?
2691 5445 2864 5512 Super
2902 5424 3194 5501 humilem,
3226 5443 3279 5488 et
3307 5430 3535 5501 quietum
3560 5464 3572 5490 ,
3600 5427 3646 5474 et
3673 5419 3861 5469 tremen-

2337 5554 2443 5603 tem
2474 5543 2632 5598 verba
2662 5554 2778 5594 mea
2802 5533 2983 5604 »(Ιδαὶ.
3012 5528 3276 5599 ικγι,ἓ).‹
3296 5523 3394 5592 Qui
3420 5517 3598 5587 aspicit
3622 5504 3859 5564 terram.“

2338 5639 2461 5695 facit
2488 5652 2603 5693 eam
2627 5644 2855 5689 tremere
2876 5647 2889 5695 ;
2914 5628 3001 5699 qui
3026 5624 3193 5695 tangit
3211 5628 3434 5681 montes,
3458 5620 3509 5669 et
3530 5599 3857 5673 fumigabuntt

2407 5776 2423 5805 ι
2452 5769 2679 5830 Plerique
2698 5756 3262 5830 Mss.,_abdua‘frittl-‘_d
3340 5800 3551 5830 Jun,”-

2405 5803 2425 5864 ί
2448 5803 3157 5891 iiIi-lies
3179 5824 3306 5874 uss,
3333 5803 3585 5859 abstulerit.
