  <div class='ocr_page' id='page_1' title='image "/cluster/home/n/w/nwhite01/storage/ocr_20150623/37/uva.x000827106/192.png"; bbox 0 0 4188 6444; ppageno 0'>
   <div class='ocr_carea' id='block_1_1' title="bbox 409 404 547 464">
    <p class='ocr_par' dir='ltr' id='par_1_1' title="bbox 409 404 547 464">
     <span class='ocr_line' id='line_1_1' title="bbox 409 404 547 464; baseline -0.022 -1"><span class='ocrx_word' id='word_1_1' title='bbox 409 404 547 464; x_wconf 64' lang='grc' dir='ltr'><strong>ί389</strong></span> 
     </span>
    </p>
   </div>
   <div class='ocr_carea' id='block_1_2' title="bbox 404 513 1997 591">
    <p class='ocr_par' dir='ltr' id='par_1_2' title="bbox 404 513 1997 591">
     <span class='ocr_line' id='line_1_2' title="bbox 404 513 1997 591; baseline -0.006 -15"><span class='ocrx_word' id='word_1_2' title='bbox 404 523 610 576; x_wconf 67' lang='lat' dir='ltr'><strong>Montes</strong></span> <span class='ocrx_word' id='word_1_3' title='bbox 639 520 853 591; x_wconf 89' lang='lat' dir='ltr'><strong>superbi</strong></span> <span class='ocrx_word' id='word_1_4' title='bbox 887 526 1035 574; x_wconf 81' lang='lat' dir='ltr'><strong>erant</strong></span> <span class='ocrx_word' id='word_1_5' title='bbox 1054 559 1068 586; x_wconf 91' lang='lat'><strong>,</strong></span> <span class='ocrx_word' id='word_1_6' title='bbox 1090 521 1360 590; x_wconf 87' lang='lat' dir='ltr'><strong>jactabant</strong></span> <span class='ocrx_word' id='word_1_7' title='bbox 1385 533 1441 572; x_wconf 86' lang='lat' dir='ltr'><strong>se</strong></span> <span class='ocrx_word' id='word_1_8' title='bbox 1461 560 1474 583; x_wconf 90' lang='lat'><strong>,</strong></span> <span class='ocrx_word' id='word_1_9' title='bbox 1505 533 1608 570; x_wconf 89' lang='lat' dir='ltr'><strong>non</strong></span> <span class='ocrx_word' id='word_1_10' title='bbox 1635 530 1728 570; x_wconf 90' lang='lat' dir='ltr'><strong>eos</strong></span> <span class='ocrx_word' id='word_1_11' title='bbox 1757 513 1997 582; x_wconf 76' lang='lat' dir='ltr'><strong>tetigerat</strong></span> 
     </span>
    </p>
   </div>
   <div class='ocr_carea' id='block_1_3' title="bbox 407 607 1999 683">
    <p class='ocr_par' dir='ltr' id='par_1_3' title="bbox 407 607 1999 683">
     <span class='ocr_line' id='line_1_3' title="bbox 407 607 1999 683; baseline -0.004 -15"><span class='ocrx_word' id='word_1_12' title='bbox 407 616 549 670; x_wconf 90' lang='lat' dir='ltr'><strong>Deus</strong></span> <span class='ocrx_word' id='word_1_13' title='bbox 578 632 590 667; x_wconf 88' lang='lat'><strong>:</strong></span> <span class='ocrx_word' id='word_1_14' title='bbox 623 613 790 683; x_wconf 82' lang='lat' dir='ltr'><strong>tangit</strong></span> <span class='ocrx_word' id='word_1_15' title='bbox 829 613 978 678; x_wconf 90' lang='lat' dir='ltr'><strong>illos,</strong></span> <span class='ocrx_word' id='word_1_16' title='bbox 1011 621 1067 668; x_wconf 90' lang='lat' dir='ltr'><strong>et</strong></span> <span class='ocrx_word' id='word_1_17' title='bbox 1094 611 1440 682; x_wconf 82' lang='lat' dir='ltr'><strong>fumigabunt.</strong></span> <span class='ocrx_word' id='word_1_18' title='bbox 1469 609 1604 679; x_wconf 83' lang='lat' dir='ltr'><strong>Quid</strong></span> <span class='ocrx_word' id='word_1_19' title='bbox 1632 616 1712 664; x_wconf 85' lang='lat' dir='ltr'><strong>est</strong></span> <span class='ocrx_word' id='word_1_20' title='bbox 1743 607 1999 677; x_wconf 80' lang='lat' dir='ltr'><strong>fumigare</strong></span> 
     </span>
    </p>
   </div>
   <div class='ocr_carea' id='block_1_4' title="bbox 406 701 2001 772">
    <p class='ocr_par' dir='ltr' id='par_1_4' title="bbox 406 701 2001 772">
     <span class='ocr_line' id='line_1_4' title="bbox 406 701 2001 772; baseline -0.004 -11"><span class='ocrx_word' id='word_1_21' title='bbox 406 708 664 762; x_wconf 85' lang='lat' dir='ltr'><strong>montes?</strong></span> <span class='ocrx_word' id='word_1_22' title='bbox 695 707 915 761; x_wconf 75' lang='lat' dir='ltr'><strong>l‘recem</strong></span> <span class='ocrx_word' id='word_1_23' title='bbox 946 704 1170 759; x_wconf 90' lang='lat' dir='ltr'><strong>Domino</strong></span> <span class='ocrx_word' id='word_1_24' title='bbox 1200 703 1448 758; x_wconf 91' lang='lat' dir='ltr'><strong>reddere.</strong></span> <span class='ocrx_word' id='word_1_25' title='bbox 1477 705 1614 758; x_wconf 85' lang='lat' dir='ltr'><strong>Ecce</strong></span> <span class='ocrx_word' id='word_1_26' title='bbox 1645 701 1818 772; x_wconf 77' lang='lat' dir='ltr'><strong>magni</strong></span> <span class='ocrx_word' id='word_1_27' title='bbox 1849 715 2001 755; x_wconf 81' lang='lat' dir='ltr'><strong>tuon-</strong></span> 
     </span>
    </p>
   </div>
   <div class='ocr_carea' id='block_1_5' title="bbox 405 795 1994 868">
    <p class='ocr_par' dir='ltr' id='par_1_5' title="bbox 405 795 1994 868">
     <span class='ocr_line' id='line_1_5' title="bbox 405 795 1994 868; baseline -0.006 -13"><span class='ocrx_word' id='word_1_28' title='bbox 405 813 488 857; x_wconf 87' lang='lat' dir='ltr'><strong>tes</strong></span> <span class='ocrx_word' id='word_1_29' title='bbox 511 843 524 867; x_wconf 89' lang='lat'><strong>,</strong></span> <span class='ocrx_word' id='word_1_30' title='bbox 555 800 767 868; x_wconf 88' lang='lat' dir='ltr'><strong>superbi</strong></span> <span class='ocrx_word' id='word_1_31' title='bbox 796 841 810 862; x_wconf 83' lang='lat'><strong>,</strong></span> <span class='ocrx_word' id='word_1_32' title='bbox 836 807 1043 853; x_wconf 90' lang='lat' dir='ltr'><strong>montes</strong></span> <span class='ocrx_word' id='word_1_33' title='bbox 1071 796 1313 867; x_wconf 79' lang='lat' dir='ltr'><strong>ingentes</strong></span> <span class='ocrx_word' id='word_1_34' title='bbox 1334 837 1351 863; x_wconf 93' lang='lat'><strong>,</strong></span> <span class='ocrx_word' id='word_1_35' title='bbox 1381 812 1485 850; x_wconf 91' lang='lat' dir='ltr'><strong>non</strong></span> <span class='ocrx_word' id='word_1_36' title='bbox 1508 795 1764 864; x_wconf 76' lang='lat' dir='ltr'><strong>rogabam</strong></span> <span class='ocrx_word' id='word_1_37' title='bbox 1790 795 1955 848; x_wconf 86' lang='lat' dir='ltr'><strong>Deum</strong></span> <span class='ocrx_word' id='word_1_38' title='bbox 1982 815 1994 847; x_wconf 89' lang='lat'><strong>:</strong></span> 
     </span>
    </p>
   </div>
   <div class='ocr_carea' id='block_1_6' title="bbox 403 884 2000 962">
    <p class='ocr_par' dir='ltr' id='par_1_6' title="bbox 403 884 2000 962">
     <span class='ocr_line' id='line_1_6' title="bbox 403 884 2000 962; baseline -0.005 -15"><span class='ocrx_word' id='word_1_39' title='bbox 403 909 463 947; x_wconf 89' lang='lat' dir='ltr'><strong>se</strong></span> <span class='ocrx_word' id='word_1_40' title='bbox 490 893 664 962; x_wconf 83' lang='lat' dir='ltr'><strong>rogari</strong></span> <span class='ocrx_word' id='word_1_41' title='bbox 691 891 944 946; x_wconf 89' lang='lat' dir='ltr'><strong>volebant</strong></span> <span class='ocrx_word' id='word_1_42' title='bbox 965 931 981 956; x_wconf 95' lang='lat'><strong>,</strong></span> <span class='ocrx_word' id='word_1_43' title='bbox 1011 898 1063 945; x_wconf 89' lang='lat' dir='ltr'><strong>et</strong></span> <span class='ocrx_word' id='word_1_44' title='bbox 1085 889 1411 957; x_wconf 86' lang='lat' dir='ltr'><strong>superiorem</strong></span> <span class='ocrx_word' id='word_1_45' title='bbox 1437 902 1543 941; x_wconf 93' lang='lat' dir='ltr'><strong>non</strong></span> <span class='ocrx_word' id='word_1_46' title='bbox 1567 886 1839 957; x_wconf 77' lang='lat' dir='ltr'><strong>rogabant.</strong></span> <span class='ocrx_word' id='word_1_47' title='bbox 1870 884 2000 950; x_wconf 86' lang='lat' dir='ltr'><strong>Quis</strong></span> 
     </span>
    </p>
   </div>
   <div class='ocr_carea' id='block_1_7' title="bbox 401 977 1998 1053">
    <p class='ocr_par' dir='ltr' id='par_1_7' title="bbox 401 977 1998 1053">
     <span class='ocr_line' id='line_1_7' title="bbox 401 977 1998 1053; baseline -0.004 -14"><span class='ocrx_word' id='word_1_48' title='bbox 401 987 547 1039; x_wconf 86' lang='lat' dir='ltr'><strong>enim</strong></span> <span class='ocrx_word' id='word_1_49' title='bbox 590 991 778 1053; x_wconf 82' lang='lat' dir='ltr'><strong>potens</strong></span> <span class='ocrx_word' id='word_1_50' title='bbox 797 1024 812 1048; x_wconf 94' lang='lat'><strong>,</strong></span> <span class='ocrx_word' id='word_1_51' title='bbox 855 991 909 1036; x_wconf 91' lang='lat' dir='ltr'><strong>et</strong></span> <span class='ocrx_word' id='word_1_52' title='bbox 948 981 1179 1035; x_wconf 89' lang='lat' dir='ltr'><strong>tumidus</strong></span> <span class='ocrx_word' id='word_1_53' title='bbox 1203 1022 1216 1044; x_wconf 94' lang='lat'><strong>,</strong></span> <span class='ocrx_word' id='word_1_54' title='bbox 1258 988 1311 1034; x_wconf 93' lang='lat' dir='ltr'><strong>ct</strong></span> <span class='ocrx_word' id='word_1_55' title='bbox 1339 980 1599 1048; x_wconf 79' lang='lat' dir='ltr'><strong>superbus</strong></span> <span class='ocrx_word' id='word_1_56' title='bbox 1625 979 1676 1032; x_wconf 92' lang='lat' dir='ltr'><strong>in</strong></span> <span class='ocrx_word' id='word_1_57' title='bbox 1705 985 1842 1032; x_wconf 81' lang='lat' dir='ltr'><strong>terra</strong></span> <span class='ocrx_word' id='word_1_58' title='bbox 1867 1019 1880 1042; x_wconf 96' lang='lat'><strong>,</strong></span> <span class='ocrx_word' id='word_1_59' title='bbox 1911 977 1998 1046; x_wconf 89' lang='lat' dir='ltr'><strong>qui</strong></span> 
     </span>
    </p>
   </div>
   <div class='ocr_carea' id='block_1_8' title="bbox 405 1069 1996 1146">
    <p class='ocr_par' dir='ltr' id='par_1_8' title="bbox 405 1069 1996 1146">
     <span class='ocr_line' id='line_1_8' title="bbox 405 1069 1996 1146; baseline -0.007 -15"><span class='ocrx_word' id='word_1_60' title='bbox 405 1077 654 1146; x_wconf 74' lang='lat' dir='ltr'><strong>dignetur</strong></span> <span class='ocrx_word' id='word_1_61' title='bbox 697 1073 965 1127; x_wconf 75' lang='lat' dir='ltr'><strong>humiliter</strong></span> <span class='ocrx_word' id='word_1_62' title='bbox 1003 1087 1191 1140; x_wconf 82' lang='lat' dir='ltr'><strong>rogare</strong></span> <span class='ocrx_word' id='word_1_63' title='bbox 1232 1072 1437 1126; x_wconf 85' lang='lat' dir='ltr'><strong>Deum?</strong></span> <span class='ocrx_word' id='word_1_64' title='bbox 1471 1071 1544 1125; x_wconf 90' lang='lat' dir='ltr'><strong>De</strong></span> <span class='ocrx_word' id='word_1_65' title='bbox 1575 1071 1747 1138; x_wconf 87' lang='lat' dir='ltr'><strong>impiis</strong></span> <span class='ocrx_word' id='word_1_66' title='bbox 1777 1069 1996 1138; x_wconf 88' lang='lat' dir='ltr'><strong>loquor,</strong></span> 
     </span>
    </p>
   </div>
   <div class='ocr_carea' id='block_1_9' title="bbox 405 1161 1998 1232">
    <p class='ocr_par' dir='ltr' id='par_1_9' title="bbox 405 1161 1998 1232">
     <span class='ocr_line' id='line_1_9' title="bbox 405 1161 1998 1232; baseline -0.003 -11"><span class='ocrx_word' id='word_1_67' title='bbox 405 1183 514 1221; x_wconf 92' lang='lat' dir='ltr'><strong>non</strong></span> <span class='ocrx_word' id='word_1_68' title='bbox 540 1167 609 1221; x_wconf 91' lang='lat' dir='ltr'><strong>de</strong></span> <span class='ocrx_word' id='word_1_69' title='bbox 635 1165 810 1219; x_wconf 79' lang='lat' dir='ltr'><strong>cedris</strong></span> <span class='ocrx_word' id='word_1_70' title='bbox 839 1164 1020 1219; x_wconf 88' lang='lat' dir='ltr'><strong>Libani</strong></span> <span class='ocrx_word' id='word_1_71' title='bbox 1050 1178 1182 1232; x_wconf 92' lang='lat' dir='ltr'><strong>quas</strong></span> <span class='ocrx_word' id='word_1_72' title='bbox 1208 1163 1464 1232; x_wconf 87' lang='lat' dir='ltr'><strong>plantavit</strong></span> <span class='ocrx_word' id='word_1_73' title='bbox 1495 1163 1769 1216; x_wconf 85' lang='lat' dir='ltr'><strong>Dominus.</strong></span> <span class='ocrx_word' id='word_1_74' title='bbox 1802 1161 1998 1230; x_wconf 90' lang='lat' dir='ltr'><strong>Impius</strong></span> 
     </span>
    </p>
   </div>
   <div class='ocr_carea' id='block_1_10' title="bbox 403 1251 2002 1325">
    <p class='ocr_par' dir='ltr' id='par_1_10' title="bbox 403 1251 2002 1325">
     <span class='ocr_line' id='line_1_10' title="bbox 403 1251 2002 1325; baseline -0.003 -14"><span class='ocrx_word' id='word_1_75' title='bbox 403 1258 662 1325; x_wconf 81' lang='lat' dir='ltr'><strong>quilibet,</strong></span> <span class='ocrx_word' id='word_1_76' title='bbox 706 1254 887 1308; x_wconf 81' lang='lat' dir='ltr'><strong>infelix</strong></span> <span class='ocrx_word' id='word_1_77' title='bbox 925 1255 1098 1307; x_wconf 89' lang='lat' dir='ltr'><strong>anima</strong></span> <span class='ocrx_word' id='word_1_78' title='bbox 1121 1295 1136 1318; x_wconf 91' lang='lat'><strong>,</strong></span> <span class='ocrx_word' id='word_1_79' title='bbox 1169 1269 1356 1322; x_wconf 78' lang='lat' dir='ltr'><strong>rogare</strong></span> <span class='ocrx_word' id='word_1_80' title='bbox 1387 1255 1551 1308; x_wconf 90' lang='lat' dir='ltr'><strong>Deum</strong></span> <span class='ocrx_word' id='word_1_81' title='bbox 1578 1253 1779 1316; x_wconf 88' lang='lat' dir='ltr'><strong>nescit,</strong></span> <span class='ocrx_word' id='word_1_82' title='bbox 1807 1261 1859 1307; x_wconf 87' lang='lat' dir='ltr'><strong>et</strong></span> <span class='ocrx_word' id='word_1_83' title='bbox 1890 1251 2002 1306; x_wconf 86' lang='lat' dir='ltr'><strong>vult</strong></span> 
     </span>
    </p>
   </div>
   <div class='ocr_carea' id='block_1_11' title="bbox 405 1344 2002 1419">
    <p class='ocr_par' dir='ltr' id='par_1_11' title="bbox 405 1344 2002 1419">
     <span class='ocr_line' id='line_1_11' title="bbox 405 1344 2002 1419; baseline -0.004 -14"><span class='ocrx_word' id='word_1_84' title='bbox 405 1367 470 1405; x_wconf 80' lang='lat' dir='ltr'><strong>se</strong></span> <span class='ocrx_word' id='word_1_85' title='bbox 501 1348 674 1419; x_wconf 78' lang='lat' dir='ltr'><strong>rogari</strong></span> <span class='ocrx_word' id='word_1_86' title='bbox 699 1347 766 1401; x_wconf 89' lang='lat' dir='ltr'><strong>ab</strong></span> <span class='ocrx_word' id='word_1_87' title='bbox 794 1345 1120 1400; x_wconf 90' lang='lat' dir='ltr'><strong>hominibus.</strong></span> <span class='ocrx_word' id='word_1_88' title='bbox 1147 1344 1295 1398; x_wconf 78' lang='lat' dir='ltr'><strong>Mons</strong></span> <span class='ocrx_word' id='word_1_89' title='bbox 1318 1353 1401 1399; x_wconf 89' lang='lat' dir='ltr'><strong>est</strong></span> <span class='ocrx_word' id='word_1_90' title='bbox 1423 1387 1438 1409; x_wconf 91' lang='lat'><strong>,</strong></span> <span class='ocrx_word' id='word_1_91' title='bbox 1467 1359 1601 1414; x_wconf 90' lang='lat' dir='ltr'><strong>opus</strong></span> <span class='ocrx_word' id='word_1_92' title='bbox 1629 1352 1711 1400; x_wconf 90' lang='lat' dir='ltr'><strong>est</strong></span> <span class='ocrx_word' id='word_1_93' title='bbox 1734 1353 1794 1398; x_wconf 91' lang='lat' dir='ltr'><strong>ut</strong></span> <span class='ocrx_word' id='word_1_94' title='bbox 1821 1352 2002 1414; x_wconf 79' lang='lat' dir='ltr'><strong>tangat</strong></span> 
     </span>
    </p>
   </div>
   <div class='ocr_carea' id='block_1_12' title="bbox 406 1435 1998 1505">
    <p class='ocr_par' dir='ltr' id='par_1_12' title="bbox 406 1435 1998 1505">
     <span class='ocr_line' id='line_1_12' title="bbox 406 1435 1998 1505; baseline -0.004 -11"><span class='ocrx_word' id='word_1_95' title='bbox 406 1443 554 1496; x_wconf 88' lang='lat' dir='ltr'><strong>illum</strong></span> <span class='ocrx_word' id='word_1_96' title='bbox 603 1441 776 1505; x_wconf 88' lang='lat' dir='ltr'><strong>Deus,</strong></span> <span class='ocrx_word' id='word_1_97' title='bbox 818 1443 874 1492; x_wconf 83' lang='lat' dir='ltr'><strong>et</strong></span> <span class='ocrx_word' id='word_1_98' title='bbox 908 1435 1131 1505; x_wconf 77' lang='lat' dir='ltr'><strong>fumiget</strong></span> <span class='ocrx_word' id='word_1_99' title='bbox 1168 1453 1181 1487; x_wconf 89' lang='lat'>:</span> <span class='ocrx_word' id='word_1_100' title='bbox 1221 1435 1432 1505; x_wconf 84' lang='lat' dir='ltr'><strong>quando</strong></span> <span class='ocrx_word' id='word_1_101' title='bbox 1456 1436 1677 1504; x_wconf 72' lang='lat' dir='ltr'><strong>cmperit</strong></span> <span class='ocrx_word' id='word_1_102' title='bbox 1703 1435 1958 1505; x_wconf 75' lang='lat' dir='ltr'><strong>fumigare</strong></span> <span class='ocrx_word' id='word_1_103' title='bbox 1981 1475 1998 1501; x_wconf 94' lang='lat'><strong>,</strong></span> 
     </span>
    </p>
   </div>
   <div class='ocr_carea' id='block_1_13' title="bbox 407 1528 2002 1600">
    <p class='ocr_par' dir='ltr' id='par_1_13' title="bbox 407 1528 2002 1600">
     <span class='ocr_line' id='line_1_13' title="bbox 407 1528 2002 1600; baseline -0.004 -12"><span class='ocrx_word' id='word_1_104' title='bbox 407 1535 553 1589; x_wconf 80' lang='lat' dir='ltr'><strong>dabit</strong></span> <span class='ocrx_word' id='word_1_105' title='bbox 577 1533 684 1586; x_wconf 87' lang='lat' dir='ltr'><strong>Deo</strong></span> <span class='ocrx_word' id='word_1_106' title='bbox 707 1544 915 1600; x_wconf 85' lang='lat' dir='ltr'><strong>precem</strong></span> <span class='ocrx_word' id='word_1_107' title='bbox 941 1571 956 1594; x_wconf 92' lang='lat'><strong>,</strong></span> <span class='ocrx_word' id='word_1_108' title='bbox 985 1538 1232 1599; x_wconf 80' lang='lat' dir='ltr'><strong>tanquam</strong></span> <span class='ocrx_word' id='word_1_109' title='bbox 1254 1529 1569 1584; x_wconf 84' lang='lat' dir='ltr'><strong>sacrificium</strong></span> <span class='ocrx_word' id='word_1_110' title='bbox 1596 1529 1790 1583; x_wconf 88' lang='lat' dir='ltr'><strong>cordis.</strong></span> <span class='ocrx_word' id='word_1_111' title='bbox 1823 1528 2002 1583; x_wconf 84' lang='lat' dir='ltr'><strong>Fumi-</strong></span> 
     </span>
    </p>
   </div>
   <div class='ocr_carea' id='block_1_14' title="bbox 407 1620 1998 1699">
    <p class='ocr_par' dir='ltr' id='par_1_14' title="bbox 407 1620 1998 1699">
     <span class='ocr_line' id='line_1_14' title="bbox 407 1620 1998 1699; baseline -0.004 -17"><span class='ocrx_word' id='word_1_112' title='bbox 407 1636 499 1699; x_wconf 79' lang='lat' dir='ltr'><strong>gat</strong></span> <span class='ocrx_word' id='word_1_113' title='bbox 528 1625 596 1680; x_wconf 90' lang='lat' dir='ltr'><strong>ad</strong></span> <span class='ocrx_word' id='word_1_114' title='bbox 628 1625 794 1679; x_wconf 91' lang='lat' dir='ltr'><strong>Deum</strong></span> <span class='ocrx_word' id='word_1_115' title='bbox 821 1663 835 1688; x_wconf 93' lang='lat'><strong>,</strong></span> <span class='ocrx_word' id='word_1_116' title='bbox 866 1620 1059 1676; x_wconf 88' lang='lat' dir='ltr'><strong>deinde</strong></span> <span class='ocrx_word' id='word_1_117' title='bbox 1089 1621 1262 1675; x_wconf 87' lang='lat' dir='ltr'><strong>tundit</strong></span> <span class='ocrx_word' id='word_1_118' title='bbox 1287 1630 1470 1691; x_wconf 85' lang='lat' dir='ltr'><strong>pectus</strong></span> <span class='ocrx_word' id='word_1_119' title='bbox 1501 1639 1514 1674; x_wconf 92' lang='lat'><strong>:</strong></span> <span class='ocrx_word' id='word_1_120' title='bbox 1545 1621 1727 1690; x_wconf 87' lang='lat' dir='ltr'><strong>incipit</strong></span> <span class='ocrx_word' id='word_1_121' title='bbox 1754 1630 1807 1674; x_wconf 89' lang='lat' dir='ltr'><strong>et</strong></span> <span class='ocrx_word' id='word_1_122' title='bbox 1835 1620 1964 1675; x_wconf 81' lang='lat' dir='ltr'><strong>ﬂere</strong></span> <span class='ocrx_word' id='word_1_123' title='bbox 1983 1661 1998 1686; x_wconf 87' lang='lat'><strong>,</strong></span> 
     </span>
    </p>
   </div>
   <div class='ocr_carea' id='block_1_15' title="bbox 405 1710 1995 1790">
    <p class='ocr_par' dir='ltr' id='par_1_15' title="bbox 405 1710 1995 1790">
     <span class='ocr_line' id='line_1_15' title="bbox 405 1710 1995 1790; baseline -0.004 -20"><span class='ocrx_word' id='word_1_124' title='bbox 405 1719 532 1790; x_wconf 86' lang='lat' dir='ltr'><strong>quia</strong></span> <span class='ocrx_word' id='word_1_125' title='bbox 562 1723 618 1771; x_wconf 87' lang='lat' dir='ltr'><strong>et</strong></span> <span class='ocrx_word' id='word_1_126' title='bbox 643 1715 818 1770; x_wconf 84' lang='lat' dir='ltr'><strong>fumus</strong></span> <span class='ocrx_word' id='word_1_127' title='bbox 843 1710 1044 1767; x_wconf 81' lang='lat' dir='ltr'><strong>excutit</strong></span> <span class='ocrx_word' id='word_1_128' title='bbox 1067 1710 1352 1782; x_wconf 89' lang='lat' dir='ltr'><strong>lacrymas.</strong></span> <span class='ocrx_word' id='word_1_129' title='bbox 1379 1711 1478 1778; x_wconf 80' lang='lat' dir='ltr'><strong>Qui</strong></span> <span class='ocrx_word' id='word_1_130' title='bbox 1504 1712 1663 1783; x_wconf 79' lang='lat' dir='ltr'><strong>tangit</strong></span> <span class='ocrx_word' id='word_1_131' title='bbox 1689 1719 1879 1765; x_wconf 89' lang='lat' dir='ltr'><strong>montes</strong></span> <span class='ocrx_word' id='word_1_132' title='bbox 1902 1750 1916 1777; x_wconf 90' lang='lat'><strong>,</strong></span> <span class='ocrx_word' id='word_1_133' title='bbox 1949 1719 1995 1763; x_wconf 87' lang='lat' dir='ltr'><strong>et</strong></span> 
     </span>
    </p>
   </div>
   <div class='ocr_carea' id='block_1_16' title="bbox 409 1813 744 1882">
    <p class='ocr_par' dir='ltr' id='par_1_16' title="bbox 409 1813 744 1882">
     <span class='ocr_line' id='line_1_16' title="bbox 409 1813 744 1882; baseline -0.006 -18"><span class='ocrx_word' id='word_1_134' title='bbox 409 1813 744 1882; x_wconf 60' lang='lat' dir='ltr'><strong>{umigabunh</strong></span> 
     </span>
    </p>
   </div>
   <div class='ocr_carea' id='block_1_17' title="bbox 481 1893 2001 1976">
    <p class='ocr_par' dir='ltr' id='par_1_17' title="bbox 481 1893 2001 1976">
     <span class='ocr_line' id='line_1_17' title="bbox 481 1893 2001 1976; baseline -0.007 -18"><span class='ocrx_word' id='word_1_135' title='bbox 481 1905 563 1958; x_wconf 81' lang='grc' dir='ltr'><strong>Π.</strong></span> <span class='ocrx_word' id='word_1_136' title='bbox 594 1901 743 1974; x_wconf 75' lang='grc' dir='ltr'><strong>[υετς.</strong></span> <span class='ocrx_word' id='word_1_137' title='bbox 901 1900 1122 1956; x_wconf 86' lang='lat' dir='ltr'><strong>Cantabo</strong></span> <span class='ocrx_word' id='word_1_138' title='bbox 1143 1898 1359 1954; x_wconf 86' lang='lat' dir='ltr'><strong>Domino</strong></span> <span class='ocrx_word' id='word_1_139' title='bbox 1384 1897 1433 1951; x_wconf 87' lang='lat' dir='ltr'><strong>in</strong></span> <span class='ocrx_word' id='word_1_140' title='bbox 1454 1899 1554 1950; x_wconf 86' lang='lat' dir='ltr'><strong>vita</strong></span> <span class='ocrx_word' id='word_1_141' title='bbox 1573 1912 1701 1948; x_wconf 79' lang='lat' dir='ltr'><strong>mea.</strong></span> <span class='ocrx_word' id='word_1_142' title='bbox 1727 1893 1862 1964; x_wconf 84' lang='lat' dir='ltr'><strong>Quid</strong></span> <span class='ocrx_word' id='word_1_143' title='bbox 1884 1906 2001 1948; x_wconf 84' lang='lat' dir='ltr'><strong>can-</strong></span> 
     </span>
    </p>
   </div>
   <div class='ocr_carea' id='block_1_18' title="bbox 405 1986 2002 2064">
    <p class='ocr_par' dir='ltr' id='par_1_18' title="bbox 405 1986 2002 2064">
     <span class='ocr_line' id='line_1_18' title="bbox 405 1986 2002 2064; baseline -0.004 -17"><span class='ocrx_word' id='word_1_144' title='bbox 405 1993 563 2048; x_wconf 84' lang='lat' dir='ltr'><strong>tabit?</strong></span> <span class='ocrx_word' id='word_1_145' title='bbox 579 1993 770 2048; x_wconf 88' lang='lat' dir='ltr'><strong>Totum</strong></span> <span class='ocrx_word' id='word_1_146' title='bbox 788 1992 1038 2064; x_wconf 85' lang='lat' dir='ltr'><strong>quidquid</strong></span> <span class='ocrx_word' id='word_1_147' title='bbox 1057 2001 1138 2047; x_wconf 90' lang='lat' dir='ltr'><strong>est</strong></span> <span class='ocrx_word' id='word_1_148' title='bbox 1152 1994 1189 2058; x_wconf 75' lang='grc' dir='ltr'><strong>ί,</strong></span> <span class='ocrx_word' id='word_1_149' title='bbox 1209 1990 1459 2045; x_wconf 90' lang='lat' dir='ltr'><strong>cantabit.</strong></span> <span class='ocrx_word' id='word_1_150' title='bbox 1475 1988 1760 2043; x_wconf 85' lang='lat' dir='ltr'><strong>Cantemus</strong></span> <span class='ocrx_word' id='word_1_151' title='bbox 1780 1986 2002 2041; x_wconf 83' lang='lat' dir='ltr'><strong>Domino</strong></span> 
     </span>
    </p>
   </div>
   <div class='ocr_carea' id='block_1_19' title="bbox 408 2082 2001 2154">
    <p class='ocr_par' dir='ltr' id='par_1_19' title="bbox 408 2082 2001 2154">
     <span class='ocr_line' id='line_1_19' title="bbox 408 2082 2001 2154; baseline -0.004 -13"><span class='ocrx_word' id='word_1_152' title='bbox 408 2090 460 2141; x_wconf 88' lang='lat' dir='ltr'><strong>iu</strong></span> <span class='ocrx_word' id='word_1_153' title='bbox 494 2088 958 2142; x_wconf 78' lang='lat' dir='ltr'><strong>vitanostra.\&quot;ita</strong></span> <span class='ocrx_word' id='word_1_154' title='bbox 1003 2096 1182 2142; x_wconf 88' lang='lat' dir='ltr'><strong>nostra</strong></span> <span class='ocrx_word' id='word_1_155' title='bbox 1216 2084 1374 2140; x_wconf 91' lang='lat' dir='ltr'><strong>modo</strong></span> <span class='ocrx_word' id='word_1_156' title='bbox 1397 2097 1519 2154; x_wconf 78' lang='lat' dir='ltr'><strong>Spes</strong></span> <span class='ocrx_word' id='word_1_157' title='bbox 1549 2082 1786 2145; x_wconf 83' lang='lat' dir='ltr'><strong>est;vita</strong></span> <span class='ocrx_word' id='word_1_158' title='bbox 1821 2088 2001 2134; x_wconf 86' lang='lat' dir='ltr'><strong>nostra</strong></span> 
     </span>
    </p>
   </div>
   <div class='ocr_carea' id='block_1_20' title="bbox 406 2172 2001 2251">
    <p class='ocr_par' dir='ltr' id='par_1_20' title="bbox 406 2172 2001 2251">
     <span class='ocr_line' id='line_1_20' title="bbox 406 2172 2001 2251; baseline -0.006 -17"><span class='ocrx_word' id='word_1_159' title='bbox 406 2190 591 2251; x_wconf 85' lang='lat' dir='ltr'><strong>postea</strong></span> <span class='ocrx_word' id='word_1_160' title='bbox 624 2181 892 2234; x_wconf 74' lang='lat' dir='ltr'><strong>a&#39;ternitas</strong></span> <span class='ocrx_word' id='word_1_161' title='bbox 919 2179 1019 2234; x_wconf 91' lang='lat' dir='ltr'><strong>erit</strong></span> <span class='ocrx_word' id='word_1_162' title='bbox 1043 2196 1056 2231; x_wconf 93' lang='lat'>:</span> <span class='ocrx_word' id='word_1_163' title='bbox 1077 2179 1180 2232; x_wconf 87' lang='lat' dir='ltr'><strong>vita</strong></span> <span class='ocrx_word' id='word_1_164' title='bbox 1207 2178 1329 2231; x_wconf 69' lang='lat' dir='ltr'><strong>vitm</strong></span> <span class='ocrx_word' id='word_1_165' title='bbox 1355 2174 1616 2239; x_wconf 84' lang='lat' dir='ltr'><strong>mortalis,</strong></span> <span class='ocrx_word' id='word_1_166' title='bbox 1635 2189 1756 2244; x_wconf 85' lang='lat' dir='ltr'><strong>spes</strong></span> <span class='ocrx_word' id='word_1_167' title='bbox 1782 2181 1863 2226; x_wconf 90' lang='lat' dir='ltr'><strong>est</strong></span> <span class='ocrx_word' id='word_1_168' title='bbox 1882 2172 2001 2224; x_wconf 78' lang='lat' dir='ltr'><strong>vitm</strong></span> 
     </span>
    </p>
   </div>
   <div class='ocr_carea' id='block_1_21' title="bbox 407 2263 2000 2336">
    <p class='ocr_par' dir='ltr' id='par_1_21' title="bbox 407 2263 2000 2336">
     <span class='ocr_line' id='line_1_21' title="bbox 407 2263 2000 2336; baseline -0.005 -11"><span class='ocrx_word' id='word_1_169' title='bbox 407 2272 745 2326; x_wconf 84' lang='lat' dir='ltr'><strong>immortalis.</strong></span> <span class='ocrx_word' id='word_1_170' title='bbox 776 2271 1000 2325; x_wconf 79' lang='lat' dir='ltr'><strong>Cantabo</strong></span> <span class='ocrx_word' id='word_1_171' title='bbox 1028 2269 1246 2323; x_wconf 86' lang='lat' dir='ltr'><strong>Domino</strong></span> <span class='ocrx_word' id='word_1_172' title='bbox 1272 2269 1323 2322; x_wconf 85' lang='lat' dir='ltr'><strong>in</strong></span> <span class='ocrx_word' id='word_1_173' title='bbox 1352 2268 1450 2322; x_wconf 80' lang='lat' dir='ltr'><strong>vita</strong></span> <span class='ocrx_word' id='word_1_174' title='bbox 1471 2283 1616 2329; x_wconf 83' lang='lat' dir='ltr'><strong>utea;</strong></span> <span class='ocrx_word' id='word_1_175' title='bbox 1645 2265 1860 2336; x_wconf 77' lang='lat' dir='ltr'><strong>psallunt</strong></span> <span class='ocrx_word' id='word_1_176' title='bbox 1894 2263 2000 2317; x_wconf 80' lang='lat' dir='ltr'><strong>Deo</strong></span> 
     </span>
    </p>
   </div>
   <div class='ocr_carea' id='block_1_22' title="bbox 407 2358 1994 2428">
    <p class='ocr_par' dir='ltr' id='par_1_22' title="bbox 407 2358 1994 2428">
     <span class='ocr_line' id='line_1_22' title="bbox 407 2358 1994 2428; baseline -0.004 -13"><span class='ocrx_word' id='word_1_177' title='bbox 407 2379 516 2416; x_wconf 89' lang='lat' dir='ltr'><strong>meo</strong></span> <span class='ocrx_word' id='word_1_178' title='bbox 541 2405 556 2428; x_wconf 95' lang='lat'><strong>,</strong></span> <span class='ocrx_word' id='word_1_179' title='bbox 601 2363 844 2427; x_wconf 81' lang='lat' dir='ltr'><strong>quamdiu</strong></span> <span class='ocrx_word' id='word_1_180' title='bbox 883 2379 1013 2416; x_wconf 80' lang='lat' dir='ltr'><strong>sum.</strong></span> <span class='ocrx_word' id='word_1_181' title='bbox 1058 2361 1318 2427; x_wconf 85' lang='lat' dir='ltr'><strong>Quoniam</strong></span> <span class='ocrx_word' id='word_1_182' title='bbox 1359 2359 1413 2413; x_wconf 91' lang='lat' dir='ltr'><strong>in</strong></span> <span class='ocrx_word' id='word_1_183' title='bbox 1451 2359 1540 2412; x_wconf 91' lang='lat' dir='ltr'><strong>illo</strong></span> <span class='ocrx_word' id='word_1_184' title='bbox 1565 2358 1680 2412; x_wconf 89' lang='lat' dir='ltr'><strong>siue</strong></span> <span class='ocrx_word' id='word_1_185' title='bbox 1709 2358 1810 2410; x_wconf 89' lang='lat' dir='ltr'><strong>line</strong></span> <span class='ocrx_word' id='word_1_186' title='bbox 1840 2371 1956 2410; x_wconf 89' lang='lat' dir='ltr'><strong>sum</strong></span> <span class='ocrx_word' id='word_1_187' title='bbox 1979 2397 1994 2422; x_wconf 94' lang='lat'><strong>,</strong></span> 
     </span>
    </p>
   </div>
   <div class='ocr_carea' id='block_1_23' title="bbox 402 2448 1997 2524">
    <p class='ocr_par' dir='ltr' id='par_1_23' title="bbox 402 2448 1997 2524">
     <span class='ocr_line' id='line_1_23' title="bbox 402 2448 1997 2524; baseline -0.003 -18"><span class='ocrx_word' id='word_1_188' title='bbox 402 2455 656 2524; x_wconf 84' lang='lat' dir='ltr'><strong>quamdiu</strong></span> <span class='ocrx_word' id='word_1_189' title='bbox 682 2468 798 2507; x_wconf 91' lang='lat' dir='ltr'><strong>sum</strong></span> <span class='ocrx_word' id='word_1_190' title='bbox 819 2496 832 2517; x_wconf 89' lang='lat'><strong>,</strong></span> <span class='ocrx_word' id='word_1_191' title='bbox 865 2453 1081 2522; x_wconf 78' lang='lat' dir='ltr'><strong>psallam</strong></span> <span class='ocrx_word' id='word_1_192' title='bbox 1116 2453 1224 2506; x_wconf 87' lang='lat' dir='ltr'><strong>Deo</strong></span> <span class='ocrx_word' id='word_1_193' title='bbox 1252 2465 1390 2504; x_wconf 92' lang='lat' dir='ltr'><strong>meo.</strong></span> <span class='ocrx_word' id='word_1_194' title='bbox 1421 2449 1498 2504; x_wconf 84' lang='lat' dir='ltr'><strong>Ne</strong></span> <span class='ocrx_word' id='word_1_195' title='bbox 1520 2448 1653 2502; x_wconf 88' lang='lat' dir='ltr'><strong>forte</strong></span> <span class='ocrx_word' id='word_1_196' title='bbox 1674 2463 1792 2501; x_wconf 88' lang='lat' dir='ltr'><strong>cum</strong></span> <span class='ocrx_word' id='word_1_197' title='bbox 1817 2461 1997 2516; x_wconf 68' lang='lat' dir='ltr'><strong>cmpe-</strong></span> 
     </span>
    </p>
   </div>
   <div class='ocr_carea' id='block_1_24' title="bbox 404 2538 1997 2614">
    <p class='ocr_par' dir='ltr' id='par_1_24' title="bbox 404 2538 1997 2614">
     <span class='ocr_line' id='line_1_24' title="bbox 404 2538 1997 2614; baseline -0.004 -15"><span class='ocrx_word' id='word_1_198' title='bbox 404 2547 576 2600; x_wconf 88' lang='lat' dir='ltr'><strong>rimus</strong></span> <span class='ocrx_word' id='word_1_199' title='bbox 619 2545 846 2614; x_wconf 81' lang='lat' dir='ltr'><strong>psallere</strong></span> <span class='ocrx_word' id='word_1_200' title='bbox 889 2545 996 2598; x_wconf 90' lang='lat' dir='ltr'><strong>Deo</strong></span> <span class='ocrx_word' id='word_1_201' title='bbox 1031 2543 1083 2596; x_wconf 91' lang='lat' dir='ltr'><strong>in</strong></span> <span class='ocrx_word' id='word_1_202' title='bbox 1117 2543 1200 2596; x_wconf 92' lang='lat' dir='ltr'><strong>illa</strong></span> <span class='ocrx_word' id='word_1_203' title='bbox 1230 2542 1476 2607; x_wconf 82' lang='lat' dir='ltr'><strong>civitate,</strong></span> <span class='ocrx_word' id='word_1_204' title='bbox 1507 2550 1748 2609; x_wconf 89' lang='lat' dir='ltr'><strong>putemus</strong></span> <span class='ocrx_word' id='word_1_205' title='bbox 1774 2555 1871 2592; x_wconf 88' lang='lat' dir='ltr'><strong>nus</strong></span> <span class='ocrx_word' id='word_1_206' title='bbox 1897 2538 1997 2592; x_wconf 79' lang='lat' dir='ltr'><strong>ali~</strong></span> 
     </span>
    </p>
   </div>
   <div class='ocr_carea' id='block_1_25' title="bbox 403 2630 1993 2704">
    <p class='ocr_par' dir='ltr' id='par_1_25' title="bbox 403 2630 1993 2704">
     <span class='ocr_line' id='line_1_25' title="bbox 403 2630 1993 2704; baseline -0.004 -15"><span class='ocrx_word' id='word_1_207' title='bbox 403 2636 532 2704; x_wconf 77' lang='lat' dir='ltr'><strong>quid</strong></span> <span class='ocrx_word' id='word_1_208' title='bbox 563 2635 706 2688; x_wconf 83' lang='lat' dir='ltr'><strong>aliud</strong></span> <span class='ocrx_word' id='word_1_209' title='bbox 737 2644 949 2690; x_wconf 87' lang='lat' dir='ltr'><strong>acturos</strong></span> <span class='ocrx_word' id='word_1_210' title='bbox 977 2653 990 2686; x_wconf 88' lang='lat'><strong>:</strong></span> <span class='ocrx_word' id='word_1_211' title='bbox 1020 2643 1127 2687; x_wconf 89' lang='lat' dir='ltr'><strong>tota</strong></span> <span class='ocrx_word' id='word_1_212' title='bbox 1159 2633 1262 2687; x_wconf 84' lang='lat' dir='ltr'><strong>vita</strong></span> <span class='ocrx_word' id='word_1_213' title='bbox 1292 2643 1469 2686; x_wconf 74' lang='lat' dir='ltr'><strong>nostra</strong></span> <span class='ocrx_word' id='word_1_214' title='bbox 1491 2632 1591 2685; x_wconf 90' lang='lat' dir='ltr'><strong>erit</strong></span> <span class='ocrx_word' id='word_1_215' title='bbox 1620 2631 1842 2699; x_wconf 80' lang='lat' dir='ltr'><strong>psallere</strong></span> <span class='ocrx_word' id='word_1_216' title='bbox 1867 2630 1993 2684; x_wconf 81' lang='lat' dir='ltr'><strong>Deo.</strong></span> 
     </span>
    </p>
   </div>
   <div class='ocr_carea' id='block_1_26' title="bbox 403 2721 1998 2794">
    <p class='ocr_par' dir='ltr' id='par_1_26' title="bbox 403 2721 1998 2794">
     <span class='ocr_line' id='line_1_26' title="bbox 403 2721 1998 2794; baseline -0.004 -13"><span class='ocrx_word' id='word_1_217' title='bbox 403 2729 460 2781; x_wconf 84' lang='lat' dir='ltr'><strong>Si</strong></span> <span class='ocrx_word' id='word_1_218' title='bbox 505 2727 686 2781; x_wconf 90' lang='lat' dir='ltr'><strong>veniet</strong></span> <span class='ocrx_word' id='word_1_219' title='bbox 729 2727 780 2781; x_wconf 92' lang='lat' dir='ltr'><strong>in</strong></span> <span class='ocrx_word' id='word_1_220' title='bbox 818 2725 1082 2779; x_wconf 88' lang='lat' dir='ltr'><strong>fastidium</strong></span> <span class='ocrx_word' id='word_1_221' title='bbox 1112 2724 1250 2794; x_wconf 89' lang='lat' dir='ltr'><strong>quod</strong></span> <span class='ocrx_word' id='word_1_222' title='bbox 1277 2723 1554 2778; x_wconf 81' lang='lat' dir='ltr'><strong>laudamus</strong></span> <span class='ocrx_word' id='word_1_223' title='bbox 1575 2763 1588 2782; x_wconf 88' lang='lat'><strong>,</strong></span> <span class='ocrx_word' id='word_1_224' title='bbox 1616 2731 1790 2792; x_wconf 77' lang='lat' dir='ltr'><strong>potest</strong></span> <span class='ocrx_word' id='word_1_225' title='bbox 1817 2721 1998 2775; x_wconf 82' lang='lat' dir='ltr'><strong>venire</strong></span> 
     </span>
    </p>
   </div>
   <div class='ocr_carea' id='block_1_27' title="bbox 403 2813 1992 2883">
    <p class='ocr_par' dir='ltr' id='par_1_27' title="bbox 403 2813 1992 2883">
     <span class='ocr_line' id='line_1_27' title="bbox 403 2813 1992 2883; baseline -0.005 -10"><span class='ocrx_word' id='word_1_226' title='bbox 403 2821 456 2873; x_wconf 92' lang='lat' dir='ltr'><strong>in</strong></span> <span class='ocrx_word' id='word_1_227' title='bbox 489 2819 756 2873; x_wconf 70' lang='lat' dir='ltr'><strong>fastidium</strong></span> <span class='ocrx_word' id='word_1_228' title='bbox 780 2829 832 2872; x_wconf 90' lang='lat' dir='ltr'><strong>et</strong></span> <span class='ocrx_word' id='word_1_229' title='bbox 856 2828 1032 2872; x_wconf 88' lang='lat' dir='ltr'><strong>nostra</strong></span> <span class='ocrx_word' id='word_1_230' title='bbox 1062 2817 1312 2871; x_wconf 87' lang='lat' dir='ltr'><strong>laudatio.</strong></span> <span class='ocrx_word' id='word_1_231' title='bbox 1343 2816 1396 2869; x_wconf 85' lang='lat' dir='ltr'><strong>Si</strong></span> <span class='ocrx_word' id='word_1_232' title='bbox 1429 2830 1638 2883; x_wconf 89' lang='lat' dir='ltr'><strong>semper</strong></span> <span class='ocrx_word' id='word_1_233' title='bbox 1660 2813 1747 2868; x_wconf 89' lang='lat' dir='ltr'><strong>ille</strong></span> <span class='ocrx_word' id='word_1_234' title='bbox 1765 2822 1992 2873; x_wconf 87' lang='lat' dir='ltr'><strong>amatur.</strong></span> 
     </span>
    </p>
   </div>
   <div class='ocr_carea' id='block_1_28' title="bbox 401 2905 1994 2980">
    <p class='ocr_par' dir='ltr' id='par_1_28' title="bbox 401 2905 1994 2980">
     <span class='ocr_line' id='line_1_28' title="bbox 401 2905 1994 2980; baseline -0.006 -16"><span class='ocrx_word' id='word_1_235' title='bbox 401 2926 619 2980; x_wconf 62' lang='lat' dir='ltr'><strong>Semper</strong></span> <span class='ocrx_word' id='word_1_236' title='bbox 647 2927 675 2963; x_wconf 90' lang='lat' dir='ltr'><strong>a</strong></span> <span class='ocrx_word' id='word_1_237' title='bbox 702 2910 854 2965; x_wconf 89' lang='lat' dir='ltr'><strong>nobis</strong></span> <span class='ocrx_word' id='word_1_238' title='bbox 881 2909 1126 2964; x_wconf 85' lang='lat' dir='ltr'><strong>laudatur</strong></span> <span class='ocrx_word' id='word_1_239' title='bbox 1159 2928 1171 2963; x_wconf 94' lang='lat'>:</span> <span class='ocrx_word' id='word_1_240' title='bbox 1207 2907 1434 2962; x_wconf 79' lang='lat' dir='ltr'><strong>Psallam</strong></span> <span class='ocrx_word' id='word_1_241' title='bbox 1464 2905 1568 2960; x_wconf 86' lang='lat' dir='ltr'><strong>Deo</strong></span> <span class='ocrx_word' id='word_1_242' title='bbox 1591 2921 1696 2959; x_wconf 87' lang='lat' dir='ltr'><strong>meo</strong></span> <span class='ocrx_word' id='word_1_243' title='bbox 1719 2948 1730 2971; x_wconf 93' lang='lat'><strong>,</strong></span> <span class='ocrx_word' id='word_1_244' title='bbox 1753 2905 1994 2974; x_wconf 81' lang='lat' dir='ltr'><strong>quamdiu</strong></span> 
     </span>
    </p>
   </div>
   <div class='ocr_carea' id='block_1_29' title="bbox 396 3019 534 3055">
    <p class='ocr_par' dir='ltr' id='par_1_29' title="bbox 396 3019 534 3055">
     <span class='ocr_line' id='line_1_29' title="bbox 396 3019 534 3055; baseline -0.007 0"><span class='ocrx_word' id='word_1_245' title='bbox 396 3019 534 3055; x_wconf 70' lang='grc' dir='ltr'><strong>ευηι.</strong></span> 
     </span>
    </p>
   </div>
   <div class='ocr_carea' id='block_1_30' title="bbox 475 3089 1996 3165">
    <p class='ocr_par' dir='ltr' id='par_1_30' title="bbox 475 3089 1996 3165">
     <span class='ocr_line' id='line_1_30' title="bbox 475 3089 1996 3165; baseline -0.005 -17"><span class='ocrx_word' id='word_1_246' title='bbox 475 3093 563 3148; x_wconf 74' lang='grc'><strong>18.</strong></span> <span class='ocrx_word' id='word_1_247' title='bbox 607 3092 756 3165; x_wconf 87' lang='lat' dir='ltr'><strong>[vers.</strong></span> <span class='ocrx_word' id='word_1_248' title='bbox 787 3089 901 3164; x_wconf 64' lang='lat' dir='ltr'><strong>5L]</strong></span> <span class='ocrx_word' id='word_1_249' title='bbox 933 3091 1115 3146; x_wconf 84' lang='lat' dir='ltr'><strong>Suavis</strong></span> <span class='ocrx_word' id='word_1_250' title='bbox 1141 3091 1201 3143; x_wconf 84' lang='lat' dir='ltr'><strong>sit</strong></span> <span class='ocrx_word' id='word_1_251' title='bbox 1230 3090 1274 3143; x_wconf 89' lang='lat' dir='ltr'><strong>ei</strong></span> <span class='ocrx_word' id='word_1_252' title='bbox 1304 3089 1576 3158; x_wconf 81' lang='lat' dir='ltr'><strong>disputatio</strong></span> <span class='ocrx_word' id='word_1_253' title='bbox 1607 3103 1714 3139; x_wconf 89' lang='lat' dir='ltr'><strong>mea</strong></span> <span class='ocrx_word' id='word_1_254' title='bbox 1743 3102 1760 3138; x_wconf 92' lang='lat'><strong><em>:</em></strong></span> <span class='ocrx_word' id='word_1_255' title='bbox 1787 3103 1876 3156; x_wconf 83' lang='lat' dir='ltr'><strong>ego</strong></span> <span class='ocrx_word' id='word_1_256' title='bbox 1903 3102 1996 3140; x_wconf 84' lang='lat' dir='ltr'><strong>att-</strong></span> 
     </span>
    </p>
   </div>
   <div class='ocr_carea' id='block_1_31' title="bbox 399 3179 1997 3256">
    <p class='ocr_par' dir='ltr' id='par_1_31' title="bbox 399 3179 1997 3256">
     <span class='ocr_line' id='line_1_31' title="bbox 399 3179 1997 3256; baseline -0.004 -17"><span class='ocrx_word' id='word_1_257' title='bbox 399 3196 500 3239; x_wconf 82' lang='lat' dir='ltr'><strong>tetn</strong></span> <span class='ocrx_word' id='word_1_258' title='bbox 543 3186 868 3256; x_wconf 82' lang='lat' dir='ltr'><strong>jucundubor</strong></span> <span class='ocrx_word' id='word_1_259' title='bbox 910 3186 961 3237; x_wconf 87' lang='lat' dir='ltr'><strong>itt</strong></span> <span class='ocrx_word' id='word_1_260' title='bbox 1007 3183 1244 3238; x_wconf 86' lang='lat' dir='ltr'><strong>Domino.</strong></span> <span class='ocrx_word' id='word_1_261' title='bbox 1294 3183 1478 3237; x_wconf 80' lang='lat' dir='ltr'><strong>Suavis</strong></span> <span class='ocrx_word' id='word_1_262' title='bbox 1527 3183 1590 3234; x_wconf 83' lang='lat' dir='ltr'><strong>sit</strong></span> <span class='ocrx_word' id='word_1_263' title='bbox 1637 3183 1682 3234; x_wconf 87' lang='lat' dir='ltr'><strong>ei</strong></span> <span class='ocrx_word' id='word_1_264' title='bbox 1723 3179 1997 3250; x_wconf 80' lang='lat' dir='ltr'><strong>disputatio</strong></span> 
     </span>
    </p>
   </div>
   <div class='ocr_carea' id='block_1_32' title="bbox 397 3274 1995 3349">
    <p class='ocr_par' dir='ltr' id='par_1_32' title="bbox 397 3274 1995 3349">
     <span class='ocr_line' id='line_1_32' title="bbox 397 3274 1995 3349; baseline -0.004 -16"><span class='ocrx_word' id='word_1_265' title='bbox 397 3297 512 3333; x_wconf 83' lang='lat' dir='ltr'><strong>mea</strong></span> <span class='ocrx_word' id='word_1_266' title='bbox 544 3297 562 3333; x_wconf 92' lang='lat'><em>:</em></span> <span class='ocrx_word' id='word_1_267' title='bbox 591 3294 710 3349; x_wconf 65' lang='lat' dir='ltr'><strong>quin</strong></span> <span class='ocrx_word' id='word_1_268' title='bbox 739 3291 815 3333; x_wconf 87' lang='lat' dir='ltr'><strong>est</strong></span> <span class='ocrx_word' id='word_1_269' title='bbox 847 3278 1131 3347; x_wconf 88' lang='lat' dir='ltr'><strong>disputatio</strong></span> <span class='ocrx_word' id='word_1_270' title='bbox 1159 3277 1390 3331; x_wconf 90' lang='lat' dir='ltr'><strong>hominis</strong></span> <span class='ocrx_word' id='word_1_271' title='bbox 1415 3275 1482 3329; x_wconf 87' lang='lat' dir='ltr'><strong>ad</strong></span> <span class='ocrx_word' id='word_1_272' title='bbox 1515 3276 1678 3330; x_wconf 87' lang='lat' dir='ltr'><strong>Deum</strong></span> <span class='ocrx_word' id='word_1_273' title='bbox 1700 3316 1713 3340; x_wconf 93' lang='lat'><strong>,</strong></span> <span class='ocrx_word' id='word_1_274' title='bbox 1738 3274 1836 3327; x_wconf 91' lang='lat' dir='ltr'><strong>nisi</strong></span> <span class='ocrx_word' id='word_1_275' title='bbox 1864 3287 1995 3328; x_wconf 91' lang='lat' dir='ltr'><strong>con-</strong></span> 
     </span>
    </p>
   </div>
   <div class='ocr_carea' id='block_1_33' title="bbox 399 3363 1996 3440">
    <p class='ocr_par' dir='ltr' id='par_1_33' title="bbox 399 3363 1996 3440">
     <span class='ocr_line' id='line_1_33' title="bbox 399 3363 1996 3440; baseline -0.005 -16"><span class='ocrx_word' id='word_1_276' title='bbox 399 3371 565 3426; x_wconf 80' lang='lat' dir='ltr'><strong>fessio</strong></span> <span class='ocrx_word' id='word_1_277' title='bbox 604 3371 979 3440; x_wconf 85' lang='lat' dir='ltr'><strong>peceatorum?</strong></span> <span class='ocrx_word' id='word_1_278' title='bbox 1002 3367 1272 3424; x_wconf 80' lang='lat' dir='ltr'><strong>Conﬁtere</strong></span> <span class='ocrx_word' id='word_1_279' title='bbox 1306 3368 1412 3422; x_wconf 88' lang='lat' dir='ltr'><strong>Deo</strong></span> <span class='ocrx_word' id='word_1_280' title='bbox 1438 3365 1578 3436; x_wconf 91' lang='lat' dir='ltr'><strong>quod</strong></span> <span class='ocrx_word' id='word_1_281' title='bbox 1606 3379 1664 3420; x_wconf 87' lang='lat' dir='ltr'><strong>es</strong></span> <span class='ocrx_word' id='word_1_282' title='bbox 1684 3406 1698 3428; x_wconf 89' lang='lat'><strong>,</strong></span> <span class='ocrx_word' id='word_1_283' title='bbox 1730 3374 1783 3418; x_wconf 93' lang='lat' dir='ltr'><strong>et</strong></span> <span class='ocrx_word' id='word_1_284' title='bbox 1811 3363 1996 3433; x_wconf 74' lang='lat' dir='ltr'><strong>dispu-</strong></span> 
     </span>
    </p>
   </div>
   <div class='ocr_carea' id='block_1_34' title="bbox 401 3458 2000 3531">
    <p class='ocr_par' dir='ltr' id='par_1_34' title="bbox 401 3458 2000 3531">
     <span class='ocr_line' id='line_1_34' title="bbox 401 3458 2000 3531; baseline -0.004 -14"><span class='ocrx_word' id='word_1_285' title='bbox 401 3465 526 3518; x_wconf 86' lang='lat' dir='ltr'><strong>tasti</strong></span> <span class='ocrx_word' id='word_1_286' title='bbox 562 3479 684 3518; x_wconf 88' lang='lat' dir='ltr'><strong>cum</strong></span> <span class='ocrx_word' id='word_1_287' title='bbox 731 3463 842 3516; x_wconf 87' lang='lat' dir='ltr'><strong>illo.</strong></span> <span class='ocrx_word' id='word_1_288' title='bbox 881 3462 1098 3531; x_wconf 89' lang='lat' dir='ltr'><strong>Disputa</strong></span> <span class='ocrx_word' id='word_1_289' title='bbox 1137 3476 1256 3514; x_wconf 91' lang='lat' dir='ltr'><strong>cum</strong></span> <span class='ocrx_word' id='word_1_290' title='bbox 1290 3460 1380 3514; x_wconf 92' lang='lat' dir='ltr'><strong>illo</strong></span> <span class='ocrx_word' id='word_1_291' title='bbox 1404 3501 1418 3525; x_wconf 94' lang='lat'><strong>,</strong></span> <span class='ocrx_word' id='word_1_292' title='bbox 1449 3458 1529 3513; x_wconf 86' lang='lat' dir='ltr'><strong>fac</strong></span> <span class='ocrx_word' id='word_1_293' title='bbox 1555 3458 1690 3513; x_wconf 89' lang='lat' dir='ltr'><strong>bona</strong></span> <span class='ocrx_word' id='word_1_294' title='bbox 1721 3473 1878 3528; x_wconf 84' lang='lat' dir='ltr'><strong>opera</strong></span> <span class='ocrx_word' id='word_1_295' title='bbox 1901 3499 1914 3521; x_wconf 97' lang='lat'><strong>,</strong></span> <span class='ocrx_word' id='word_1_296' title='bbox 1943 3465 2000 3511; x_wconf 84' lang='lat' dir='ltr'><strong>et</strong></span> 
     </span>
    </p>
   </div>
   <div class='ocr_carea' id='block_1_35' title="bbox 397 3551 1993 3626">
    <p class='ocr_par' dir='ltr' id='par_1_35' title="bbox 397 3551 1993 3626">
     <span class='ocr_line' id='line_1_35' title="bbox 397 3551 1993 3626; baseline -0.003 -17"><span class='ocrx_word' id='word_1_297' title='bbox 397 3556 631 3626; x_wconf 81' lang='lat' dir='ltr'><strong>disputa.</strong></span> <span class='ocrx_word' id='word_1_298' title='bbox 679 3574 698 3606; x_wconf 74' lang='grc' dir='ltr'>ί</span> <span class='ocrx_word' id='word_1_299' title='bbox 743 3555 1052 3620; x_wconf 82' lang='lat' dir='ltr'><strong>Lavatnini,</strong></span> <span class='ocrx_word' id='word_1_300' title='bbox 1095 3553 1274 3608; x_wconf 90' lang='lat' dir='ltr'><strong>mundi</strong></span> <span class='ocrx_word' id='word_1_301' title='bbox 1318 3561 1520 3615; x_wconf 89' lang='lat' dir='ltr'><strong>estote,</strong></span> <span class='ocrx_word' id='word_1_302' title='bbox 1566 3571 1586 3605; x_wconf 83' lang='lat' dir='ltr'><strong>t</strong></span> <span class='ocrx_word' id='word_1_303' title='bbox 1633 3552 1791 3606; x_wconf 89' lang='lat' dir='ltr'><strong>lsaias</strong></span> <span class='ocrx_word' id='word_1_304' title='bbox 1831 3551 1993 3616; x_wconf 85' lang='lat' dir='ltr'><strong>dicit,</strong></span> 
     </span>
    </p>
   </div>
   <div class='ocr_carea' id='block_1_36' title="bbox 400 3644 1995 3716">
    <p class='ocr_par' dir='ltr' id='par_1_36' title="bbox 400 3644 1995 3716">
     <span class='ocr_line' id='line_1_36' title="bbox 400 3644 1995 3716; baseline -0.001 -18"><span class='ocrx_word' id='word_1_305' title='bbox 400 3665 423 3698; x_wconf 68' lang='grc' dir='ltr'><em>ς</em></span> <span class='ocrx_word' id='word_1_306' title='bbox 487 3646 691 3700; x_wconf 87' lang='lat' dir='ltr'><strong>auferte</strong></span> <span class='ocrx_word' id='word_1_307' title='bbox 739 3645 1001 3716; x_wconf 82' lang='lat' dir='ltr'><strong>nequitias</strong></span> <span class='ocrx_word' id='word_1_308' title='bbox 1045 3645 1113 3700; x_wconf 89' lang='lat' dir='ltr'><strong>ab</strong></span> <span class='ocrx_word' id='word_1_309' title='bbox 1156 3645 1346 3699; x_wconf 90' lang='lat' dir='ltr'><strong>animis</strong></span> <span class='ocrx_word' id='word_1_310' title='bbox 1385 3644 1606 3709; x_wconf 81' lang='lat' dir='ltr'><strong>vestris,</strong></span> <span class='ocrx_word' id='word_1_311' title='bbox 1645 3658 1674 3697; x_wconf 90' lang='lat' dir='ltr'><strong>a</strong></span> <span class='ocrx_word' id='word_1_312' title='bbox 1710 3652 1995 3712; x_wconf 90' lang='lat' dir='ltr'><strong>conspectu</strong></span> 
     </span>
    </p>
   </div>
   <div class='ocr_carea' id='block_1_37' title="bbox 394 3733 1996 3806">
    <p class='ocr_par' dir='ltr' id='par_1_37' title="bbox 394 3733 1996 3806">
     <span class='ocr_line' id='line_1_37' title="bbox 394 3733 1996 3806; baseline -0.002 -15"><span class='ocrx_word' id='word_1_313' title='bbox 394 3737 675 3791; x_wconf 86' lang='lat' dir='ltr'><strong>oculorum</strong></span> <span class='ocrx_word' id='word_1_314' title='bbox 715 3752 996 3802; x_wconf 88' lang='lat' dir='ltr'><strong>meorum;</strong></span> <span class='ocrx_word' id='word_1_315' title='bbox 1038 3744 1242 3790; x_wconf 90' lang='lat' dir='ltr'><strong>cessate</strong></span> <span class='ocrx_word' id='word_1_316' title='bbox 1285 3751 1312 3789; x_wconf 91' lang='lat' dir='ltr'><strong>a</strong></span> <span class='ocrx_word' id='word_1_317' title='bbox 1358 3735 1606 3806; x_wconf 89' lang='lat' dir='ltr'><strong>nequitiis</strong></span> <span class='ocrx_word' id='word_1_318' title='bbox 1642 3735 1833 3789; x_wconf 83' lang='lat' dir='ltr'><strong>vestris</strong></span> <span class='ocrx_word' id='word_1_319' title='bbox 1862 3775 1876 3799; x_wconf 86' lang='lat'><strong>,</strong></span> <span class='ocrx_word' id='word_1_320' title='bbox 1917 3733 1996 3788; x_wconf 84' lang='lat' dir='ltr'><strong>di-</strong></span> 
     </span>
    </p>
   </div>
   <div class='ocr_carea' id='block_1_38' title="bbox 397 3827 1998 3898">
    <p class='ocr_par' dir='ltr' id='par_1_38' title="bbox 397 3827 1998 3898">
     <span class='ocr_line' id='line_1_38' title="bbox 397 3827 1998 3898; baseline -0.002 -14"><span class='ocrx_word' id='word_1_321' title='bbox 397 3830 536 3884; x_wconf 86' lang='lat' dir='ltr'><strong>scite</strong></span> <span class='ocrx_word' id='word_1_322' title='bbox 580 3829 928 3896; x_wconf 84' lang='lat' dir='ltr'><strong>benefacere,</strong></span> <span class='ocrx_word' id='word_1_323' title='bbox 971 3828 1203 3898; x_wconf 89' lang='lat' dir='ltr'><strong>judicate</strong></span> <span class='ocrx_word' id='word_1_324' title='bbox 1247 3828 1451 3898; x_wconf 88' lang='lat' dir='ltr'><strong>pupillo</strong></span> <span class='ocrx_word' id='word_1_325' title='bbox 1476 3869 1489 3891; x_wconf 85' lang='lat'><strong>,</strong></span> <span class='ocrx_word' id='word_1_326' title='bbox 1529 3836 1583 3882; x_wconf 91' lang='lat' dir='ltr'><strong>et</strong></span> <span class='ocrx_word' id='word_1_327' title='bbox 1609 3827 1893 3896; x_wconf 88' lang='lat' dir='ltr'><strong>justificate</strong></span> <span class='ocrx_word' id='word_1_328' title='bbox 1918 3827 1998 3880; x_wconf 89' lang='lat' dir='ltr'><strong>vi-</strong></span> 
     </span>
    </p>
   </div>
   <div class='ocr_carea' id='block_1_39' title="bbox 396 3916 1992 3989">
    <p class='ocr_par' dir='ltr' id='par_1_39' title="bbox 396 3916 1992 3989">
     <span class='ocr_line' id='line_1_39' title="bbox 396 3916 1992 3989; baseline -0.001 -16"><span class='ocrx_word' id='word_1_329' title='bbox 396 3925 585 3986; x_wconf 85' lang='lat' dir='ltr'><strong>duam,</strong></span> <span class='ocrx_word' id='word_1_330' title='bbox 634 3930 687 3976; x_wconf 91' lang='lat' dir='ltr'><strong>et</strong></span> <span class='ocrx_word' id='word_1_331' title='bbox 726 3922 922 3983; x_wconf 79' lang='lat' dir='ltr'><strong>venite,</strong></span> <span class='ocrx_word' id='word_1_332' title='bbox 962 3921 1314 3989; x_wconf 89' lang='lat' dir='ltr'><strong>disputemus,</strong></span> <span class='ocrx_word' id='word_1_333' title='bbox 1345 3919 1472 3974; x_wconf 90' lang='lat' dir='ltr'><strong>dicit</strong></span> <span class='ocrx_word' id='word_1_334' title='bbox 1501 3919 1754 3972; x_wconf 90' lang='lat' dir='ltr'><strong>Dominus</strong></span> <span class='ocrx_word' id='word_1_335' title='bbox 1788 3937 1806 3970; x_wconf 84' lang='grc'><strong>›</strong></span> <span class='ocrx_word' id='word_1_336' title='bbox 1840 3916 1992 3981; x_wconf 81' lang='lat' dir='ltr'><strong>(Isai.</strong></span> 
     </span>
    </p>
   </div>
   <div class='ocr_carea' id='block_1_40' title="bbox 394 4007 1992 4082">
    <p class='ocr_par' dir='ltr' id='par_1_40' title="bbox 394 4007 1992 4082">
     <span class='ocr_line' id='line_1_40' title="bbox 394 4007 1992 4082; baseline -0.003 -18"><span class='ocrx_word' id='word_1_337' title='bbox 394 4029 410 4064; x_wconf 89' lang='lat' dir='ltr'><strong>t</strong></span> <span class='ocrx_word' id='word_1_338' title='bbox 437 4054 452 4072; x_wconf 84' lang='lat'><strong><em>.</em></strong></span> <span class='ocrx_word' id='word_1_339' title='bbox 494 4011 692 4082; x_wconf 72' lang='lat' dir='ltr'><strong>iii-l8).</strong></span> <span class='ocrx_word' id='word_1_340' title='bbox 741 4010 874 4077; x_wconf 85' lang='lat' dir='ltr'><strong>Quid</strong></span> <span class='ocrx_word' id='word_1_341' title='bbox 902 4019 984 4064; x_wconf 84' lang='lat' dir='ltr'><strong>est</strong></span> <span class='ocrx_word' id='word_1_342' title='bbox 998 4009 1279 4078; x_wconf 86' lang='lat' dir='ltr'><strong>disputare</strong></span> <span class='ocrx_word' id='word_1_343' title='bbox 1303 4025 1423 4063; x_wconf 88' lang='lat' dir='ltr'><strong>cum</strong></span> <span class='ocrx_word' id='word_1_344' title='bbox 1453 4009 1598 4063; x_wconf 87' lang='lat' dir='ltr'><strong>Deo?</strong></span> <span class='ocrx_word' id='word_1_345' title='bbox 1624 4009 1697 4062; x_wconf 85' lang='lat' dir='ltr'><strong>Te</strong></span> <span class='ocrx_word' id='word_1_346' title='bbox 1722 4008 1793 4061; x_wconf 93' lang='lat' dir='ltr'><strong>illi</strong></span> <span class='ocrx_word' id='word_1_347' title='bbox 1823 4007 1992 4062; x_wconf 91' lang='lat' dir='ltr'><strong>indica</strong></span> 
     </span>
    </p>
   </div>
   <div class='ocr_carea' id='block_1_41' title="bbox 394 4098 1998 4168">
    <p class='ocr_par' dir='ltr' id='par_1_41' title="bbox 394 4098 1998 4168">
     <span class='ocr_line' id='line_1_41' title="bbox 394 4098 1998 4168; baseline -0.004 -12"><span class='ocrx_word' id='word_1_348' title='bbox 394 4102 621 4166; x_wconf 85' lang='lat' dir='ltr'><strong>scienti,</strong></span> <span class='ocrx_word' id='word_1_349' title='bbox 655 4110 712 4155; x_wconf 91' lang='lat' dir='ltr'><strong>ut</strong></span> <span class='ocrx_word' id='word_1_350' title='bbox 741 4101 935 4156; x_wconf 89' lang='lat' dir='ltr'><strong>iudicet</strong></span> <span class='ocrx_word' id='word_1_351' title='bbox 961 4115 1019 4157; x_wconf 88' lang='lat' dir='ltr'><strong>se</strong></span> <span class='ocrx_word' id='word_1_352' title='bbox 1045 4101 1136 4156; x_wconf 89' lang='lat' dir='ltr'><strong>tibi</strong></span> <span class='ocrx_word' id='word_1_353' title='bbox 1158 4099 1436 4155; x_wconf 88' lang='lat' dir='ltr'><strong>nescienti.</strong></span> <span class='ocrx_word' id='word_1_354' title='bbox 1465 4098 1647 4153; x_wconf 77' lang='lat' dir='ltr'><strong>Suavis</strong></span> <span class='ocrx_word' id='word_1_355' title='bbox 1667 4099 1732 4152; x_wconf 87' lang='lat' dir='ltr'><strong>sit</strong></span> <span class='ocrx_word' id='word_1_356' title='bbox 1758 4098 1802 4150; x_wconf 86' lang='lat' dir='ltr'><strong>ei</strong></span> <span class='ocrx_word' id='word_1_357' title='bbox 1821 4098 1998 4168; x_wconf 84' lang='lat' dir='ltr'><strong>dispu-</strong></span> 
     </span>
    </p>
   </div>
   <div class='ocr_carea' id='block_1_42' title="bbox 396 4188 1994 4256">
    <p class='ocr_par' dir='ltr' id='par_1_42' title="bbox 396 4188 1994 4256">
     <span class='ocr_line' id='line_1_42' title="bbox 396 4188 1994 4256; baseline 0 -13"><span class='ocrx_word' id='word_1_358' title='bbox 396 4192 527 4244; x_wconf 85' lang='lat' dir='ltr'><strong>tatio</strong></span> <span class='ocrx_word' id='word_1_359' title='bbox 575 4209 700 4245; x_wconf 88' lang='lat' dir='ltr'><strong>mea.</strong></span> <span class='ocrx_word' id='word_1_360' title='bbox 747 4191 884 4245; x_wconf 87' lang='lat' dir='ltr'><strong>Ecce</strong></span> <span class='ocrx_word' id='word_1_361' title='bbox 930 4190 1031 4245; x_wconf 90' lang='lat' dir='ltr'><strong>hoc</strong></span> <span class='ocrx_word' id='word_1_362' title='bbox 1070 4200 1152 4245; x_wconf 89' lang='lat' dir='ltr'><strong>est</strong></span> <span class='ocrx_word' id='word_1_363' title='bbox 1194 4190 1418 4244; x_wconf 89' lang='lat' dir='ltr'><strong>Domino</strong></span> <span class='ocrx_word' id='word_1_364' title='bbox 1462 4203 1665 4253; x_wconf 88' lang='lat' dir='ltr'><strong>suave,</strong></span> <span class='ocrx_word' id='word_1_365' title='bbox 1708 4188 1994 4256; x_wconf 76' lang='lat' dir='ltr'><strong>diSputatio</strong></span> 
     </span>
    </p>
   </div>
   <div class='ocr_carea' id='block_1_43' title="bbox 397 4278 1994 4343">
    <p class='ocr_par' dir='ltr' id='par_1_43' title="bbox 397 4278 1994 4343">
     <span class='ocr_line' id='line_1_43' title="bbox 397 4278 1994 4343; baseline 0.001 -11"><span class='ocrx_word' id='word_1_366' title='bbox 397 4289 489 4333; x_wconf 88' lang='lat' dir='ltr'><strong>tua</strong></span> <span class='ocrx_word' id='word_1_367' title='bbox 517 4297 532 4343; x_wconf 90' lang='lat'><strong>;</strong></span> <span class='ocrx_word' id='word_1_368' title='bbox 569 4280 882 4334; x_wconf 82' lang='lat' dir='ltr'><strong>sacrificium</strong></span> <span class='ocrx_word' id='word_1_369' title='bbox 913 4279 1223 4334; x_wconf 80' lang='lat' dir='ltr'><strong>humilitatis</strong></span> <span class='ocrx_word' id='word_1_370' title='bbox 1250 4288 1352 4334; x_wconf 70' lang='lat' dir='ltr'><strong>tua:</strong></span> <span class='ocrx_word' id='word_1_371' title='bbox 1372 4321 1386 4343; x_wconf 88' lang='lat'><strong>,</strong></span> <span class='ocrx_word' id='word_1_372' title='bbox 1413 4279 1788 4334; x_wconf 87' lang='lat' dir='ltr'><strong>contribulatio</strong></span> <span class='ocrx_word' id='word_1_373' title='bbox 1817 4278 1994 4333; x_wconf 90' lang='lat' dir='ltr'><strong>cordis</strong></span> 
     </span>
    </p>
   </div>
   <div class='ocr_carea' id='block_1_44' title="bbox 397 4371 1993 4439">
    <p class='ocr_par' dir='ltr' id='par_1_44' title="bbox 397 4371 1993 4439">
     <span class='ocr_line' id='line_1_44' title="bbox 397 4371 1993 4439; baseline -0.001 -13"><span class='ocrx_word' id='word_1_374' title='bbox 397 4375 473 4426; x_wconf 91' lang='lat' dir='ltr'><strong>tui</strong></span> <span class='ocrx_word' id='word_1_375' title='bbox 495 4415 511 4436; x_wconf 95' lang='lat'><strong>,</strong></span> <span class='ocrx_word' id='word_1_376' title='bbox 561 4372 924 4428; x_wconf 86' lang='lat' dir='ltr'><strong>holocaustum</strong></span> <span class='ocrx_word' id='word_1_377' title='bbox 965 4374 1086 4427; x_wconf 75' lang='lat' dir='ltr'><strong>vita:</strong></span> <span class='ocrx_word' id='word_1_378' title='bbox 1126 4381 1228 4426; x_wconf 76' lang='lat' dir='ltr'><strong>tute.</strong></span> <span class='ocrx_word' id='word_1_379' title='bbox 1253 4415 1266 4439; x_wconf 91' lang='lat'><strong>,</strong></span> <span class='ocrx_word' id='word_1_380' title='bbox 1298 4371 1398 4425; x_wconf 92' lang='lat' dir='ltr'><strong>hoc</strong></span> <span class='ocrx_word' id='word_1_381' title='bbox 1424 4381 1504 4426; x_wconf 88' lang='lat' dir='ltr'><strong>est</strong></span> <span class='ocrx_word' id='word_1_382' title='bbox 1535 4387 1695 4426; x_wconf 87' lang='lat' dir='ltr'><strong>suave</strong></span> <span class='ocrx_word' id='word_1_383' title='bbox 1721 4371 1848 4425; x_wconf 88' lang='lat' dir='ltr'><strong>Deo.</strong></span> <span class='ocrx_word' id='word_1_384' title='bbox 1875 4371 1993 4425; x_wconf 88' lang='lat' dir='ltr'><strong>Tibi</strong></span> 
     </span>
    </p>
   </div>
   <div class='ocr_carea' id='block_1_45' title="bbox 394 4462 1996 4536">
    <p class='ocr_par' dir='ltr' id='par_1_45' title="bbox 394 4462 1996 4536">
     <span class='ocr_line' id='line_1_45' title="bbox 394 4462 1996 4536; baseline 0 -18"><span class='ocrx_word' id='word_1_385' title='bbox 394 4473 579 4519; x_wconf 82' lang='lat' dir='ltr'><strong>autem</strong></span> <span class='ocrx_word' id='word_1_386' title='bbox 618 4467 742 4534; x_wconf 92' lang='lat' dir='ltr'><strong>quid</strong></span> <span class='ocrx_word' id='word_1_387' title='bbox 787 4475 872 4521; x_wconf 86' lang='lat' dir='ltr'><strong>est</strong></span> <span class='ocrx_word' id='word_1_388' title='bbox 901 4465 1104 4520; x_wconf 84' lang='lat' dir='ltr'><strong>suave?</strong></span> <span class='ocrx_word' id='word_1_389' title='bbox 1136 4465 1246 4535; x_wconf 79' lang='lat' dir='ltr'><strong>Ego</strong></span> <span class='ocrx_word' id='word_1_390' title='bbox 1274 4475 1439 4518; x_wconf 87' lang='lat' dir='ltr'><strong>autem</strong></span> <span class='ocrx_word' id='word_1_391' title='bbox 1460 4464 1783 4536; x_wconf 82' lang='lat' dir='ltr'><strong>jncttudabor</strong></span> <span class='ocrx_word' id='word_1_392' title='bbox 1806 4465 1858 4516; x_wconf 87' lang='lat' dir='ltr'><strong>in</strong></span> <span class='ocrx_word' id='word_1_393' title='bbox 1888 4462 1996 4518; x_wconf 88' lang='lat' dir='ltr'><strong>Do-</strong></span> 
     </span>
    </p>
   </div>
   <div class='ocr_carea' id='block_1_46' title="bbox 393 4555 1998 4626">
    <p class='ocr_par' dir='ltr' id='par_1_46' title="bbox 393 4555 1998 4626">
     <span class='ocr_line' id='line_1_46' title="bbox 393 4555 1998 4626; baseline 0.002 -18"><span class='ocrx_word' id='word_1_394' title='bbox 393 4559 556 4609; x_wconf 83' lang='lat' dir='ltr'><strong>mino.</strong></span> <span class='ocrx_word' id='word_1_395' title='bbox 604 4556 720 4626; x_wconf 85' lang='lat' dir='ltr'><strong>Ipsa</strong></span> <span class='ocrx_word' id='word_1_396' title='bbox 750 4568 829 4611; x_wconf 90' lang='lat' dir='ltr'><strong>est</strong></span> <span class='ocrx_word' id='word_1_397' title='bbox 858 4568 1035 4611; x_wconf 87' lang='lat' dir='ltr'><strong>mutua</strong></span> <span class='ocrx_word' id='word_1_398' title='bbox 1070 4556 1354 4626; x_wconf 86' lang='lat' dir='ltr'><strong>disputatio</strong></span> <span class='ocrx_word' id='word_1_399' title='bbox 1379 4571 1534 4625; x_wconf 89' lang='lat' dir='ltr'><strong>quam</strong></span> <span class='ocrx_word' id='word_1_400' title='bbox 1563 4556 1668 4609; x_wconf 79' lang='lat' dir='ltr'><strong>dixi</strong></span> <span class='ocrx_word' id='word_1_401' title='bbox 1698 4573 1710 4607; x_wconf 93' lang='lat'>:</span> <span class='ocrx_word' id='word_1_402' title='bbox 1742 4555 1911 4610; x_wconf 87' lang='lat' dir='ltr'><strong>indica</strong></span> <span class='ocrx_word' id='word_1_403' title='bbox 1942 4564 1998 4611; x_wconf 82' lang='lat' dir='ltr'><strong>te</strong></span> 
     </span>
    </p>
   </div>
   <div class='ocr_carea' id='block_1_47' title="bbox 392 4645 1992 4712">
    <p class='ocr_par' dir='ltr' id='par_1_47' title="bbox 392 4645 1992 4712">
     <span class='ocr_line' id='line_1_47' title="bbox 392 4645 1992 4712; baseline -0.002 -10"><span class='ocrx_word' id='word_1_404' title='bbox 392 4649 444 4702; x_wconf 84' lang='lat' dir='ltr'><strong>ci</strong></span> <span class='ocrx_word' id='word_1_405' title='bbox 495 4647 720 4712; x_wconf 88' lang='lat' dir='ltr'><strong>scienti,</strong></span> <span class='ocrx_word' id='word_1_406' title='bbox 766 4657 821 4702; x_wconf 90' lang='lat' dir='ltr'><strong>et</strong></span> <span class='ocrx_word' id='word_1_407' title='bbox 869 4647 1040 4702; x_wconf 90' lang='lat' dir='ltr'><strong>indica</strong></span> <span class='ocrx_word' id='word_1_408' title='bbox 1084 4661 1142 4702; x_wconf 92' lang='lat' dir='ltr'><strong>se</strong></span> <span class='ocrx_word' id='word_1_409' title='bbox 1185 4647 1276 4700; x_wconf 90' lang='lat' dir='ltr'><strong>tibi</strong></span> <span class='ocrx_word' id='word_1_410' title='bbox 1317 4646 1592 4701; x_wconf 89' lang='lat' dir='ltr'><strong>nescienti.</strong></span> <span class='ocrx_word' id='word_1_411' title='bbox 1621 4645 1808 4700; x_wconf 90' lang='lat' dir='ltr'><strong>Suavis</strong></span> <span class='ocrx_word' id='word_1_412' title='bbox 1835 4655 1916 4700; x_wconf 90' lang='lat' dir='ltr'><strong>est</strong></span> <span class='ocrx_word' id='word_1_413' title='bbox 1945 4645 1992 4700; x_wconf 92' lang='lat' dir='ltr'><strong>ci</strong></span> 
     </span>
    </p>
   </div>
   <div class='ocr_carea' id='block_1_48' title="bbox 392 4739 1992 4809">
    <p class='ocr_par' dir='ltr' id='par_1_48' title="bbox 392 4739 1992 4809">
     <span class='ocr_line' id='line_1_48' title="bbox 392 4739 1992 4809; baseline 0.003 -17"><span class='ocrx_word' id='word_1_414' title='bbox 392 4740 666 4794; x_wconf 68' lang='lat' dir='ltr'><strong>confesvio</strong></span> <span class='ocrx_word' id='word_1_415' title='bbox 713 4750 795 4794; x_wconf 91' lang='lat' dir='ltr'><strong>tua</strong></span> <span class='ocrx_word' id='word_1_416' title='bbox 822 4782 836 4803; x_wconf 86' lang='lat'><strong>,</strong></span> <span class='ocrx_word' id='word_1_417' title='bbox 884 4741 1061 4794; x_wconf 85' lang='lat' dir='ltr'><strong>suavis</strong></span> <span class='ocrx_word' id='word_1_418' title='bbox 1103 4749 1185 4794; x_wconf 91' lang='lat' dir='ltr'><strong>est</strong></span> <span class='ocrx_word' id='word_1_419' title='bbox 1226 4739 1317 4794; x_wconf 90' lang='lat' dir='ltr'><strong>tibi</strong></span> <span class='ocrx_word' id='word_1_420' title='bbox 1359 4741 1525 4809; x_wconf 81' lang='lat' dir='ltr'><strong>gratia</strong></span> <span class='ocrx_word' id='word_1_421' title='bbox 1556 4740 1738 4808; x_wconf 88' lang='lat' dir='ltr'><strong>ipsius.</strong></span> <span class='ocrx_word' id='word_1_422' title='bbox 1770 4740 1906 4794; x_wconf 78' lang='lat' dir='ltr'><strong>Dixit</strong></span> <span class='ocrx_word' id='word_1_423' title='bbox 1935 4755 1992 4796; x_wconf 89' lang='lat' dir='ltr'><strong>se</strong></span> 
     </span>
    </p>
   </div>
   <div class='ocr_carea' id='block_1_49' title="bbox 393 4831 1992 4900">
    <p class='ocr_par' dir='ltr' id='par_1_49' title="bbox 393 4831 1992 4900">
     <span class='ocr_line' id='line_1_49' title="bbox 393 4831 1992 4900; baseline 0.001 -14"><span class='ocrx_word' id='word_1_424' title='bbox 393 4832 513 4886; x_wconf 90' lang='lat' dir='ltr'><strong>tibi.</strong></span> <span class='ocrx_word' id='word_1_425' title='bbox 543 4831 692 4888; x_wconf 91' lang='lat' dir='ltr'><strong>Unde</strong></span> <span class='ocrx_word' id='word_1_426' title='bbox 720 4849 778 4886; x_wconf 84' lang='lat' dir='ltr'><strong>se</strong></span> <span class='ocrx_word' id='word_1_427' title='bbox 809 4833 897 4887; x_wconf 91' lang='lat' dir='ltr'><strong>tibi</strong></span> <span class='ocrx_word' id='word_1_428' title='bbox 927 4833 1100 4887; x_wconf 79' lang='lat' dir='ltr'><strong>dixit?</strong></span> <span class='ocrx_word' id='word_1_429' title='bbox 1129 4832 1230 4887; x_wconf 81' lang='lat' dir='ltr'><strong>Per</strong></span> <span class='ocrx_word' id='word_1_430' title='bbox 1259 4832 1508 4887; x_wconf 81' lang='lat' dir='ltr'><strong>Verbum.</strong></span> <span class='ocrx_word' id='word_1_431' title='bbox 1541 4832 1690 4900; x_wconf 85' lang='lat' dir='ltr'><strong>Quod</strong></span> <span class='ocrx_word' id='word_1_432' title='bbox 1717 4833 1992 4888; x_wconf 85' lang='lat' dir='ltr'><strong>Verbum?</strong></span> 
     </span>
    </p>
   </div>
   <div class='ocr_carea' id='block_1_50' title="bbox 391 4924 1992 4993">
    <p class='ocr_par' dir='ltr' id='par_1_50' title="bbox 391 4924 1992 4993">
     <span class='ocr_line' id='line_1_50' title="bbox 391 4924 1992 4993; baseline 0.003 -15"><span class='ocrx_word' id='word_1_433' title='bbox 391 4924 688 4978; x_wconf 84' lang='lat' dir='ltr'><strong>Christum.</strong></span> <span class='ocrx_word' id='word_1_434' title='bbox 735 4925 806 4980; x_wconf 84' lang='lat' dir='ltr'><strong>Et</strong></span> <span class='ocrx_word' id='word_1_435' title='bbox 845 4925 936 4979; x_wconf 91' lang='lat' dir='ltr'><strong>tibi</strong></span> <span class='ocrx_word' id='word_1_436' title='bbox 977 4926 1139 4988; x_wconf 82' lang='lat' dir='ltr'><strong>dixit,</strong></span> <span class='ocrx_word' id='word_1_437' title='bbox 1169 4935 1220 4980; x_wconf 87' lang='lat' dir='ltr'><strong>ct</strong></span> <span class='ocrx_word' id='word_1_438' title='bbox 1247 4941 1305 4980; x_wconf 88' lang='lat' dir='ltr'><strong>se</strong></span> <span class='ocrx_word' id='word_1_439' title='bbox 1329 4925 1479 4980; x_wconf 77' lang='lat' dir='ltr'><strong>dixit.</strong></span> <span class='ocrx_word' id='word_1_440' title='bbox 1511 4926 1642 4993; x_wconf 86' lang='lat' dir='ltr'><strong>Quia</strong></span> <span class='ocrx_word' id='word_1_441' title='bbox 1675 4927 1817 4981; x_wconf 85' lang='lat' dir='ltr'><strong>misit</strong></span> <span class='ocrx_word' id='word_1_442' title='bbox 1840 4925 1992 4982; x_wconf 87' lang='lat' dir='ltr'><strong>Chri-</strong></span> 
     </span>
    </p>
   </div>
   <div class='ocr_carea' id='block_1_51' title="bbox 389 5017 1987 5088">
    <p class='ocr_par' dir='ltr' id='par_1_51' title="bbox 389 5017 1987 5088">
     <span class='ocr_line' id='line_1_51' title="bbox 389 5017 1987 5088; baseline 0.004 -21"><span class='ocrx_word' id='word_1_443' title='bbox 389 5025 537 5069; x_wconf 89' lang='lat' dir='ltr'><strong>stum</strong></span> <span class='ocrx_word' id='word_1_444' title='bbox 573 5057 588 5080; x_wconf 94' lang='lat'><strong>,</strong></span> <span class='ocrx_word' id='word_1_445' title='bbox 637 5017 871 5084; x_wconf 86' lang='lat' dir='ltr'><strong>scipsum</strong></span> <span class='ocrx_word' id='word_1_446' title='bbox 923 5017 1074 5070; x_wconf 81' lang='lat' dir='ltr'><strong>dixit.</strong></span> <span class='ocrx_word' id='word_1_447' title='bbox 1129 5017 1201 5070; x_wconf 90' lang='lat' dir='ltr'><strong>Ita</strong></span> <span class='ocrx_word' id='word_1_448' title='bbox 1248 5017 1403 5086; x_wconf 88' lang='lat' dir='ltr'><strong>plane</strong></span> <span class='ocrx_word' id='word_1_449' title='bbox 1431 5057 1446 5082; x_wconf 94' lang='lat'><strong>,</strong></span> <span class='ocrx_word' id='word_1_450' title='bbox 1501 5017 1777 5071; x_wconf 77' lang='lat' dir='ltr'><strong>audiamus</strong></span> <span class='ocrx_word' id='word_1_451' title='bbox 1818 5019 1987 5088; x_wconf 90' lang='lat' dir='ltr'><strong>ipsum</strong></span> 
     </span>
    </p>
   </div>
   <div class='ocr_carea' id='block_1_52' title="bbox 395 5107 1982 5181">
    <p class='ocr_par' dir='ltr' id='par_1_52' title="bbox 395 5107 1982 5181">
     <span class='ocr_line' id='line_1_52' title="bbox 395 5107 1982 5181; baseline 0.004 -23"><span class='ocrx_word' id='word_1_452' title='bbox 395 5107 628 5160; x_wconf 73' lang='lat' dir='ltr'><strong>Verbum</strong></span> <span class='ocrx_word' id='word_1_453' title='bbox 662 5125 674 5161; x_wconf 90' lang='lat'>:</span> <span class='ocrx_word' id='word_1_454' title='bbox 712 5107 811 5173; x_wconf 84' lang='lat' dir='ltr'><strong>Qui</strong></span> <span class='ocrx_word' id='word_1_455' title='bbox 837 5123 915 5162; x_wconf 89' lang='lat' dir='ltr'><strong>nte</strong></span> <span class='ocrx_word' id='word_1_456' title='bbox 940 5109 1063 5161; x_wconf 81' lang='lat' dir='ltr'><strong>vidit</strong></span> <span class='ocrx_word' id='word_1_457' title='bbox 1086 5148 1100 5171; x_wconf 97' lang='lat'><strong>,</strong></span> <span class='ocrx_word' id='word_1_458' title='bbox 1132 5108 1254 5160; x_wconf 81' lang='lat' dir='ltr'><strong>vidit</strong></span> <span class='ocrx_word' id='word_1_459' title='bbox 1275 5117 1320 5161; x_wconf 88' lang='lat' dir='ltr'><strong>et</strong></span> <span class='ocrx_word' id='word_1_460' title='bbox 1343 5107 1549 5161; x_wconf 87' lang='lat' dir='ltr'><strong>Patrem</strong></span> <span class='ocrx_word' id='word_1_461' title='bbox 1573 5107 1750 5178; x_wconf 83' lang='lat' dir='ltr'><strong>(Joan.</strong></span> <span class='ocrx_word' id='word_1_462' title='bbox 1779 5125 1884 5178; x_wconf 77' lang='lat' dir='ltr'><strong>uv,</strong></span> <span class='ocrx_word' id='word_1_463' title='bbox 1906 5111 1982 5181; x_wconf 89' lang='lat'><strong>9).</strong></span> 
     </span>
    </p>
   </div>
   <div class='ocr_carea' id='block_1_53' title="bbox 392 5198 1385 5269">
    <p class='ocr_par' dir='ltr' id='par_1_53' title="bbox 392 5198 1385 5269">
     <span class='ocr_line' id='line_1_53' title="bbox 392 5198 1385 5269; baseline 0.003 -18"><span class='ocrx_word' id='word_1_464' title='bbox 392 5199 510 5268; x_wconf 62' lang='lat' dir='ltr'><strong>ligo</strong></span> <span class='ocrx_word' id='word_1_465' title='bbox 533 5208 696 5252; x_wconf 85' lang='lat' dir='ltr'><strong>autem</strong></span> <span class='ocrx_word' id='word_1_466' title='bbox 717 5199 1043 5269; x_wconf 85' lang='lat' dir='ltr'><strong>jucundabor</strong></span> <span class='ocrx_word' id='word_1_467' title='bbox 1067 5201 1119 5253; x_wconf 90' lang='lat' dir='ltr'><strong>in</strong></span> <span class='ocrx_word' id='word_1_468' title='bbox 1149 5198 1385 5254; x_wconf 87' lang='lat' dir='ltr'><strong>Domino.</strong></span> 
     </span>
    </p>
   </div>
   <div class='ocr_carea' id='block_1_54' title="bbox 468 5287 1986 5361">
    <p class='ocr_par' dir='ltr' id='par_1_54' title="bbox 468 5287 1986 5361">
     <span class='ocr_line' id='line_1_54' title="bbox 468 5287 1986 5361; baseline 0.004 -19"><span class='ocrx_word' id='word_1_469' title='bbox 468 5288 556 5342; x_wconf 78' lang='grc'><strong>19.</strong></span> <span class='ocrx_word' id='word_1_470' title='bbox 607 5287 755 5361; x_wconf 83' lang='lat' dir='ltr'><strong>[vers.</strong></span> <span class='ocrx_word' id='word_1_471' title='bbox 797 5287 909 5361; x_wconf 82' lang='lat'><strong>55.]</strong></span> <span class='ocrx_word' id='word_1_472' title='bbox 956 5289 1210 5358; x_wconf 79' lang='lat' dir='ltr'><strong>Deficiunt</strong></span> <span class='ocrx_word' id='word_1_473' title='bbox 1240 5300 1522 5361; x_wconf 84' lang='lat' dir='ltr'><strong>peccatores</strong></span> <span class='ocrx_word' id='word_1_474' title='bbox 1548 5309 1579 5344; x_wconf 88' lang='lat' dir='ltr'><strong>a</strong></span> <span class='ocrx_word' id='word_1_475' title='bbox 1607 5303 1758 5346; x_wconf 87' lang='lat' dir='ltr'><strong>terra.</strong></span> <span class='ocrx_word' id='word_1_476' title='bbox 1788 5291 1986 5348; x_wconf 69' lang='lat' dir='ltr'><strong>Sarvire</strong></span> 
     </span>
    </p>
   </div>
   <div class='ocr_carea' id='block_1_55' title="bbox 389 5380 1980 5454">
    <p class='ocr_par' dir='ltr' id='par_1_55' title="bbox 389 5380 1980 5454">
     <span class='ocr_line' id='line_1_55' title="bbox 389 5380 1980 5454; baseline 0.006 -23"><span class='ocrx_word' id='word_1_477' title='bbox 389 5380 620 5432; x_wconf 73' lang='lat' dir='ltr'><strong>videtur.</strong></span> <span class='ocrx_word' id='word_1_478' title='bbox 664 5380 708 5434; x_wconf 90' lang='grc'><strong>0</strong></span> <span class='ocrx_word' id='word_1_479' title='bbox 757 5390 937 5435; x_wconf 87' lang='lat' dir='ltr'><strong>sancta</strong></span> <span class='ocrx_word' id='word_1_480' title='bbox 987 5383 1158 5436; x_wconf 89' lang='lat' dir='ltr'><strong>anima</strong></span> <span class='ocrx_word' id='word_1_481' title='bbox 1185 5425 1198 5448; x_wconf 94' lang='lat'><strong>,</strong></span> <span class='ocrx_word' id='word_1_482' title='bbox 1244 5397 1361 5452; x_wconf 68' lang='lat' dir='ltr'><strong>qua:</strong></span> <span class='ocrx_word' id='word_1_483' title='bbox 1391 5383 1478 5437; x_wconf 92' lang='lat' dir='ltr'><strong>hic</strong></span> <span class='ocrx_word' id='word_1_484' title='bbox 1501 5393 1677 5438; x_wconf 89' lang='lat' dir='ltr'><strong>cantat</strong></span> <span class='ocrx_word' id='word_1_485' title='bbox 1703 5394 1755 5438; x_wconf 91' lang='lat' dir='ltr'><strong>et</strong></span> <span class='ocrx_word' id='word_1_486' title='bbox 1782 5385 1980 5454; x_wconf 79' lang='lat' dir='ltr'><strong>gemit!</strong></span> 
     </span>
    </p>
   </div>
   <div class='ocr_carea' id='block_1_56' title="bbox 390 5469 1983 5539">
    <p class='ocr_par' dir='ltr' id='par_1_56' title="bbox 390 5469 1983 5539">
     <span class='ocr_line' id='line_1_56' title="bbox 390 5469 1983 5539; baseline 0.005 -17"><span class='ocrx_word' id='word_1_487' title='bbox 390 5469 606 5522; x_wconf 59' lang='lat' dir='ltr'><strong>l7tiuam</strong></span> <span class='ocrx_word' id='word_1_488' title='bbox 636 5483 756 5523; x_wconf 91' lang='lat' dir='ltr'><strong>cum</strong></span> <span class='ocrx_word' id='word_1_489' title='bbox 785 5470 898 5539; x_wconf 91' lang='lat' dir='ltr'><strong>ipsa</strong></span> <span class='ocrx_word' id='word_1_490' title='bbox 923 5471 1098 5526; x_wconf 90' lang='lat' dir='ltr'><strong>anima</strong></span> <span class='ocrx_word' id='word_1_491' title='bbox 1120 5473 1187 5525; x_wconf 89' lang='lat' dir='ltr'><strong>sit</strong></span> <span class='ocrx_word' id='word_1_492' title='bbox 1214 5473 1390 5527; x_wconf 89' lang='lat' dir='ltr'><strong>anima</strong></span> <span class='ocrx_word' id='word_1_493' title='bbox 1416 5481 1593 5527; x_wconf 91' lang='lat' dir='ltr'><strong>nostra</strong></span> <span class='ocrx_word' id='word_1_494' title='bbox 1619 5473 1633 5528; x_wconf 89' lang='lat' dir='ltr'><strong>l</strong></span> <span class='ocrx_word' id='word_1_495' title='bbox 1661 5475 1863 5529; x_wconf 89' lang='lat' dir='ltr'><strong>utinam</strong></span> <span class='ocrx_word' id='word_1_496' title='bbox 1890 5489 1983 5530; x_wconf 87' lang='lat' dir='ltr'><strong>co-</strong></span> 
     </span>
    </p>
   </div>
   <div class='ocr_carea' id='block_1_57' title="bbox 388 5561 1982 5635">
    <p class='ocr_par' dir='ltr' id='par_1_57' title="bbox 388 5561 1982 5635">
     <span class='ocr_line' id='line_1_57' title="bbox 388 5561 1982 5635; baseline 0.007 -25"><span class='ocrx_word' id='word_1_497' title='bbox 388 5561 603 5629; x_wconf 80' lang='lat' dir='ltr'><strong>puletur</strong></span> <span class='ocrx_word' id='word_1_498' title='bbox 645 5561 692 5615; x_wconf 92' lang='lat' dir='ltr'><strong>ei</strong></span> <span class='ocrx_word' id='word_1_499' title='bbox 718 5602 732 5625; x_wconf 94' lang='lat'><strong>,</strong></span> <span class='ocrx_word' id='word_1_500' title='bbox 776 5571 830 5616; x_wconf 91' lang='lat' dir='ltr'><strong>et</strong></span> <span class='ocrx_word' id='word_1_501' title='bbox 867 5563 1135 5626; x_wconf 88' lang='lat' dir='ltr'><strong>societur,</strong></span> <span class='ocrx_word' id='word_1_502' title='bbox 1178 5573 1232 5618; x_wconf 91' lang='lat' dir='ltr'><strong>et</strong></span> <span class='ocrx_word' id='word_1_503' title='bbox 1270 5566 1620 5635; x_wconf 79' lang='lat' dir='ltr'><strong>conjungatur</strong></span> <span class='ocrx_word' id='word_1_504' title='bbox 1663 5568 1743 5621; x_wconf 89' lang='lat' dir='ltr'><strong>ei!</strong></span> <span class='ocrx_word' id='word_1_505' title='bbox 1787 5568 1982 5622; x_wconf 85' lang='lat' dir='ltr'><strong>videbit</strong></span> 
     </span>
    </p>
   </div>
   <div class='ocr_carea' id='block_1_58' title="bbox 383 5652 1978 5727">
    <p class='ocr_par' dir='ltr' id='par_1_58' title="bbox 383 5652 1978 5727">
     <span class='ocr_line' id='line_1_58' title="bbox 383 5652 1978 5727; baseline 0.006 -23"><span class='ocrx_word' id='word_1_506' title='bbox 383 5653 548 5704; x_wconf 88' lang='lat' dir='ltr'><strong>etiam</strong></span> <span class='ocrx_word' id='word_1_507' title='bbox 579 5652 993 5706; x_wconf 85' lang='lat' dir='ltr'><strong>misericordiam</strong></span> <span class='ocrx_word' id='word_1_508' title='bbox 1025 5654 1310 5708; x_wconf 77' lang='lat' dir='ltr'><strong>saevientis.</strong></span> <span class='ocrx_word' id='word_1_509' title='bbox 1344 5656 1471 5722; x_wconf 86' lang='lat' dir='ltr'><strong>Quis</strong></span> <span class='ocrx_word' id='word_1_510' title='bbox 1500 5659 1640 5710; x_wconf 90' lang='lat' dir='ltr'><strong>enim</strong></span> <span class='ocrx_word' id='word_1_511' title='bbox 1670 5661 1808 5727; x_wconf 82' lang='lat' dir='ltr'><strong>capit</strong></span> <span class='ocrx_word' id='word_1_512' title='bbox 1842 5663 1941 5715; x_wconf 91' lang='lat' dir='ltr'><strong>boc</strong></span> <span class='ocrx_word' id='word_1_513' title='bbox 1965 5702 1978 5723; x_wconf 89' lang='lat'><strong>,</strong></span> 
     </span>
    </p>
   </div>
   <div class='ocr_carea' id='block_1_59' title="bbox 387 5740 1982 5818">
    <p class='ocr_par' dir='ltr' id='par_1_59' title="bbox 387 5740 1982 5818">
     <span class='ocr_line' id='line_1_59' title="bbox 387 5740 1982 5818; baseline 0.007 -22"><span class='ocrx_word' id='word_1_514' title='bbox 387 5740 491 5796; x_wconf 82' lang='lat' dir='ltr'><strong>nisi</strong></span> <span class='ocrx_word' id='word_1_515' title='bbox 522 5743 610 5811; x_wconf 89' lang='lat' dir='ltr'><strong>qui</strong></span> <span class='ocrx_word' id='word_1_516' title='bbox 641 5743 886 5811; x_wconf 90' lang='lat' dir='ltr'><strong>impletus</strong></span> <span class='ocrx_word' id='word_1_517' title='bbox 917 5743 1074 5797; x_wconf 84' lang='lat' dir='ltr'><strong>fuerit</strong></span> <span class='ocrx_word' id='word_1_518' title='bbox 1102 5744 1400 5801; x_wconf 86' lang='lat' dir='ltr'><strong>charitatc?</strong></span> <span class='ocrx_word' id='word_1_519' title='bbox 1430 5746 1677 5816; x_wconf 76' lang='lat' dir='ltr'><strong>Deﬁciunt</strong></span> <span class='ocrx_word' id='word_1_520' title='bbox 1700 5762 1982 5818; x_wconf 77' lang='lat' dir='ltr'><strong>peccatores</strong></span> 
     </span>
    </p>
   </div>
   <div class='ocr_carea' id='block_1_60' title="bbox 463 5856 1882 5923">
    <p class='ocr_par' dir='ltr' id='par_1_60' title="bbox 463 5856 1882 5923">
     <span class='ocr_line' id='line_1_60' title="bbox 463 5856 1882 5923; baseline 0.01 -22"><span class='ocrx_word' id='word_1_521' title='bbox 463 5858 479 5885; x_wconf 87' lang='grc'>¹</span> <span class='ocrx_word' id='word_1_522' title='bbox 511 5863 616 5907; x_wconf 63' lang='lat' dir='ltr'><strong>atas.</strong></span> <span class='ocrx_word' id='word_1_523' title='bbox 643 5856 884 5917; x_wconf 84' lang='lat' dir='ltr'><strong>omittunt,</strong></span> <span class='ocrx_word' id='word_1_524' title='bbox 910 5863 1001 5918; x_wconf 69' lang='lat' dir='ltr'><strong>est;</strong></span> <span class='ocrx_word' id='word_1_525' title='bbox 1027 5859 1162 5920; x_wconf 84' lang='lat' dir='ltr'><strong>cujus</strong></span> <span class='ocrx_word' id='word_1_526' title='bbox 1186 5857 1288 5908; x_wconf 88' lang='lat' dir='ltr'><strong>loco</strong></span> <span class='ocrx_word' id='word_1_527' title='bbox 1309 5860 1435 5909; x_wconf 83' lang='lat' dir='ltr'><strong>Colh.</strong></span> <span class='ocrx_word' id='word_1_528' title='bbox 1465 5869 1543 5910; x_wconf 73' lang='lat' dir='ltr'><strong>\ts.</strong></span> <span class='ocrx_word' id='word_1_529' title='bbox 1571 5862 1734 5923; x_wconf 85' lang='lat' dir='ltr'><strong>habet,</strong></span> <span class='ocrx_word' id='word_1_530' title='bbox 1758 5864 1882 5915; x_wconf 82' lang='lat' dir='ltr'><strong>ririt.</strong></span> 
     </span>
    </p>
   </div>
   <div class='ocr_carea' id='block_1_61' title="bbox 1553 393 2586 461">
    <p class='ocr_par' dir='ltr' id='par_1_61' title="bbox 1553 393 2586 461">
     <span class='ocr_line' id='line_1_61' title="bbox 1553 393 2586 461; baseline 0.007 -7"><span class='ocrx_word' id='word_1_531' title='bbox 1553 395 1946 455; x_wconf 69' lang='lat' dir='ltr'><strong>EN.\Ril.\&#39;l&#39;i1)</strong></span> <span class='ocrx_word' id='word_1_532' title='bbox 1986 393 2050 449; x_wconf 78' lang='lat' dir='ltr'><strong>l.\&#39;</strong></span> <span class='ocrx_word' id='word_1_533' title='bbox 2091 396 2414 459; x_wconf 59' lang='lat' dir='ltr'><strong>PSALMUM</strong></span> <span class='ocrx_word' id='word_1_534' title='bbox 2455 407 2586 461; x_wconf 84' lang='lat' dir='ltr'><strong>CIV.</strong></span> 
     </span>
    </p>
   </div>
   <div class='ocr_carea' id='block_1_62' title="bbox 3549 426 3688 481">
    <p class='ocr_par' dir='ltr' id='par_1_62' title="bbox 3549 426 3688 481">
     <span class='ocr_line' id='line_1_62' title="bbox 3549 426 3688 481; baseline 0.022 -3"><span class='ocrx_word' id='word_1_535' title='bbox 3549 426 3688 481; x_wconf 72' lang='lat' dir='ltr'><strong>i590</strong></span> 
     </span>
    </p>
   </div>
   <div class='ocr_carea' id='block_1_63' title="bbox 2101 519 3688 603">
    <p class='ocr_par' dir='ltr' id='par_1_63' title="bbox 2101 519 3688 603">
     <span class='ocr_line' id='line_1_63' title="bbox 2101 519 3688 603; baseline 0.018 -39"><span class='ocrx_word' id='word_1_536' title='bbox 2101 528 2133 564; x_wconf 89' lang='lat' dir='ltr'><strong>a</strong></span> <span class='ocrx_word' id='word_1_537' title='bbox 2158 525 2310 570; x_wconf 79' lang='lat' dir='ltr'><strong>terra.</strong></span> <span class='ocrx_word' id='word_1_538' title='bbox 2339 519 2731 589; x_wconf 89' lang='lat' dir='ltr'><strong>Contrcmiscis,</strong></span> <span class='ocrx_word' id='word_1_539' title='bbox 2764 524 2883 595; x_wconf 88' lang='lat' dir='ltr'><strong>quia</strong></span> <span class='ocrx_word' id='word_1_540' title='bbox 2914 527 3197 584; x_wconf 87' lang='lat' dir='ltr'><strong>maledicit.</strong></span> <span class='ocrx_word' id='word_1_541' title='bbox 3226 531 3288 588; x_wconf 78' lang='lat' dir='ltr'><strong>Et</strong></span> <span class='ocrx_word' id='word_1_542' title='bbox 3317 535 3434 603; x_wconf 83' lang='lat' dir='ltr'><strong>quis</strong></span> <span class='ocrx_word' id='word_1_543' title='bbox 3465 538 3688 592; x_wconf 86' lang='lat' dir='ltr'><strong>maledi-</strong></span> 
     </span>
    </p>
   </div>
   <div class='ocr_carea' id='block_1_64' title="bbox 2101 603 3692 685">
    <p class='ocr_par' dir='ltr' id='par_1_64' title="bbox 2101 603 3692 685">
     <span class='ocr_line' id='line_1_64' title="bbox 2101 603 3692 685; baseline 0.018 -28"><span class='ocrx_word' id='word_1_544' title='bbox 2101 603 2212 658; x_wconf 91' lang='lat' dir='ltr'><strong>cit?</strong></span> <span class='ocrx_word' id='word_1_545' title='bbox 2251 606 2497 664; x_wconf 88' lang='lat' dir='ltr'><strong>Sauctus.</strong></span> <span class='ocrx_word' id='word_1_546' title='bbox 2538 612 2664 668; x_wconf 89' lang='lat' dir='ltr'><strong>Sine</strong></span> <span class='ocrx_word' id='word_1_547' title='bbox 2705 615 2865 670; x_wconf 88' lang='lat' dir='ltr'><strong>dubio</strong></span> <span class='ocrx_word' id='word_1_548' title='bbox 2902 620 3200 676; x_wconf 80' lang='lat' dir='ltr'><strong>exauditur.</strong></span> <span class='ocrx_word' id='word_1_549' title='bbox 3244 625 3346 678; x_wconf 92' lang='lat' dir='ltr'><strong>Sed</strong></span> <span class='ocrx_word' id='word_1_550' title='bbox 3378 625 3574 680; x_wconf 88' lang='lat' dir='ltr'><strong>dictum</strong></span> <span class='ocrx_word' id='word_1_551' title='bbox 3609 640 3692 685; x_wconf 86' lang='lat' dir='ltr'><strong>est</strong></span> 
     </span>
    </p>
   </div>
   <div class='ocr_carea' id='block_1_65' title="bbox 2100 699 3683 792">
    <p class='ocr_par' dir='ltr' id='par_1_65' title="bbox 2100 699 3683 792">
     <span class='ocr_line' id='line_1_65' title="bbox 2100 699 3683 792; baseline 0.015 -42"><span class='ocrx_word' id='word_1_552' title='bbox 2100 699 2300 752; x_wconf 85' lang='lat' dir='ltr'><strong>sanctis</strong></span> <span class='ocrx_word' id='word_1_553' title='bbox 2325 718 2336 752; x_wconf 93' lang='lat'><strong>:</strong></span> <span class='ocrx_word' id='word_1_554' title='bbox 2358 700 2656 770; x_wconf 82' lang='lat' dir='ltr'><strong>Benedicite,</strong></span> <span class='ocrx_word' id='word_1_555' title='bbox 2681 717 2726 760; x_wconf 90' lang='lat' dir='ltr'><strong>et</strong></span> <span class='ocrx_word' id='word_1_556' title='bbox 2748 709 2898 762; x_wconf 84' lang='lat' dir='ltr'><strong>nolite</strong></span> <span class='ocrx_word' id='word_1_557' title='bbox 2918 711 3210 767; x_wconf 79' lang='lat' dir='ltr'><strong>maledicere</strong></span> <span class='ocrx_word' id='word_1_558' title='bbox 3237 714 3410 788; x_wconf 81' lang='lat' dir='ltr'><strong>(Rom.</strong></span> <span class='ocrx_word' id='word_1_559' title='bbox 3440 733 3536 784; x_wconf 79' lang='lat' dir='ltr'><strong>xu,</strong></span> <span class='ocrx_word' id='word_1_560' title='bbox 3570 721 3683 792; x_wconf 76' lang='grc'><strong>14).</strong></span> 
     </span>
    </p>
   </div>
   <div class='ocr_carea' id='block_1_66' title="bbox 2101 789 3682 874">
    <p class='ocr_par' dir='ltr' id='par_1_66' title="bbox 2101 789 3682 874">
     <span class='ocr_line' id='line_1_66' title="bbox 2101 789 3682 874; baseline 0.015 -33"><span class='ocrx_word' id='word_1_561' title='bbox 2101 789 2236 856; x_wconf 85' lang='lat' dir='ltr'><strong>Quid</strong></span> <span class='ocrx_word' id='word_1_562' title='bbox 2260 803 2340 847; x_wconf 83' lang='lat' dir='ltr'><strong>est</strong></span> <span class='ocrx_word' id='word_1_563' title='bbox 2368 810 2494 864; x_wconf 81' lang='lat' dir='ltr'><strong>ergo</strong></span> <span class='ocrx_word' id='word_1_564' title='bbox 2522 796 2662 867; x_wconf 86' lang='lat' dir='ltr'><strong>quod</strong></span> <span class='ocrx_word' id='word_1_565' title='bbox 2689 797 2832 865; x_wconf 88' lang='lat' dir='ltr'><strong>dicit,</strong></span> <span class='ocrx_word' id='word_1_566' title='bbox 2869 800 3117 870; x_wconf 81' lang='lat' dir='ltr'><strong>Deﬁciunt</strong></span> <span class='ocrx_word' id='word_1_567' title='bbox 3148 819 3430 874; x_wconf 82' lang='lat' dir='ltr'><strong>peccatores</strong></span> <span class='ocrx_word' id='word_1_568' title='bbox 3451 828 3480 862; x_wconf 91' lang='lat' dir='ltr'><strong>a</strong></span> <span class='ocrx_word' id='word_1_569' title='bbox 3504 789 3682 865; x_wconf 70' lang='lat' dir='ltr'><strong>terra?</strong></span> 
     </span>
    </p>
   </div>
   <div class='ocr_carea' id='block_1_67' title="bbox 2105 883 3683 965">
    <p class='ocr_par' dir='ltr' id='par_1_67' title="bbox 2105 883 3683 965">
     <span class='ocr_line' id='line_1_67' title="bbox 2105 883 3683 965; baseline 0.013 -29"><span class='ocrx_word' id='word_1_570' title='bbox 2105 883 2265 939; x_wconf 78' lang='lat' dir='ltr'><strong>l’laue</strong></span> <span class='ocrx_word' id='word_1_571' title='bbox 2294 885 2576 954; x_wconf 88' lang='lat' dir='ltr'><strong>deficiant;</strong></span> <span class='ocrx_word' id='word_1_572' title='bbox 2618 889 2892 945; x_wconf 87' lang='lat' dir='ltr'><strong>auferatur</strong></span> <span class='ocrx_word' id='word_1_573' title='bbox 2938 894 3153 963; x_wconf 91' lang='lat' dir='ltr'><strong>spiritus</strong></span> <span class='ocrx_word' id='word_1_574' title='bbox 3201 912 3410 965; x_wconf 89' lang='lat' dir='ltr'><strong>eorum,</strong></span> <span class='ocrx_word' id='word_1_575' title='bbox 3445 910 3498 954; x_wconf 90' lang='lat' dir='ltr'><strong>et</strong></span> <span class='ocrx_word' id='word_1_576' title='bbox 3547 902 3683 956; x_wconf 58' lang='lat' dir='ltr'><strong>deli-</strong></span> 
     </span>
    </p>
   </div>
   <div class='ocr_carea' id='block_1_68' title="bbox 2100 973 3684 1060">
    <p class='ocr_par' dir='ltr' id='par_1_68' title="bbox 2100 973 3684 1060">
     <span class='ocr_line' id='line_1_68' title="bbox 2100 973 3684 1060; baseline 0.013 -32"><span class='ocrx_word' id='word_1_577' title='bbox 2100 973 2263 1041; x_wconf 89' lang='lat' dir='ltr'><strong>ciant,</strong></span> <span class='ocrx_word' id='word_1_578' title='bbox 2297 985 2352 1030; x_wconf 87' lang='lat' dir='ltr'><strong>ut</strong></span> <span class='ocrx_word' id='word_1_579' title='bbox 2377 978 2582 1033; x_wconf 79' lang='lat' dir='ltr'><strong>emittit</strong></span> <span class='ocrx_word' id='word_1_580' title='bbox 2610 980 2852 1048; x_wconf 84' lang='lat' dir='ltr'><strong>Spiritum</strong></span> <span class='ocrx_word' id='word_1_581' title='bbox 2878 999 3054 1051; x_wconf 89' lang='lat' dir='ltr'><strong>suum,</strong></span> <span class='ocrx_word' id='word_1_582' title='bbox 3085 995 3138 1039; x_wconf 92' lang='lat' dir='ltr'><strong>et</strong></span> <span class='ocrx_word' id='word_1_583' title='bbox 3168 1001 3496 1044; x_wconf 85' lang='lat' dir='ltr'><strong>recreentur.</strong></span> <span class='ocrx_word' id='word_1_584' title='bbox 3540 992 3684 1060; x_wconf 79' lang='lat' dir='ltr'><strong>Deﬁ-</strong></span> 
     </span>
    </p>
   </div>
   <div class='ocr_carea' id='block_1_69' title="bbox 2101 1068 3681 1153">
    <p class='ocr_par' dir='ltr' id='par_1_69' title="bbox 2101 1068 3681 1153">
     <span class='ocr_line' id='line_1_69' title="bbox 2101 1068 3681 1153; baseline 0.013 -34"><span class='ocrx_word' id='word_1_585' title='bbox 2101 1068 2235 1120; x_wconf 77' lang='lat' dir='ltr'><strong>ciunt</strong></span> <span class='ocrx_word' id='word_1_586' title='bbox 2262 1079 2544 1140; x_wconf 82' lang='lat' dir='ltr'><strong>peceatores</strong></span> <span class='ocrx_word' id='word_1_587' title='bbox 2572 1090 2602 1124; x_wconf 85' lang='grc' dir='ltr'><strong><em>(ι</em></strong></span> <span class='ocrx_word' id='word_1_588' title='bbox 2627 1082 2783 1137; x_wconf 83' lang='lat' dir='ltr'><strong>terra,</strong></span> <span class='ocrx_word' id='word_1_589' title='bbox 2816 1085 2860 1129; x_wconf 90' lang='lat' dir='ltr'><strong>et</strong></span> <span class='ocrx_word' id='word_1_590' title='bbox 2889 1077 3066 1147; x_wconf 81' lang='lat' dir='ltr'><strong>iniqui,</strong></span> <span class='ocrx_word' id='word_1_591' title='bbox 3100 1080 3169 1131; x_wconf 85' lang='lat' dir='ltr'><strong>ita</strong></span> <span class='ocrx_word' id='word_1_592' title='bbox 3200 1091 3252 1133; x_wconf 86' lang='lat' dir='ltr'><strong>ut</strong></span> <span class='ocrx_word' id='word_1_593' title='bbox 3280 1099 3379 1135; x_wconf 85' lang='lat' dir='ltr'><strong>non</strong></span> <span class='ocrx_word' id='word_1_594' title='bbox 3405 1085 3522 1136; x_wconf 87' lang='lat' dir='ltr'><strong>sint.</strong></span> <span class='ocrx_word' id='word_1_595' title='bbox 3545 1085 3681 1153; x_wconf 86' lang='lat' dir='ltr'><strong>Quid</strong></span> 
     </span>
    </p>
   </div>
   <div class='ocr_carea' id='block_1_70' title="bbox 2103 1160 3683 1239">
    <p class='ocr_par' dir='ltr' id='par_1_70' title="bbox 2103 1160 3683 1239">
     <span class='ocr_line' id='line_1_70' title="bbox 2103 1160 3683 1239; baseline 0.013 -29"><span class='ocrx_word' id='word_1_596' title='bbox 2103 1172 2206 1211; x_wconf 89' lang='lat' dir='ltr'><strong>non</strong></span> <span class='ocrx_word' id='word_1_597' title='bbox 2251 1160 2376 1225; x_wconf 90' lang='lat' dir='ltr'><strong>sint,</strong></span> <span class='ocrx_word' id='word_1_598' title='bbox 2440 1163 2538 1216; x_wconf 88' lang='lat' dir='ltr'><strong>nisi</strong></span> <span class='ocrx_word' id='word_1_599' title='bbox 2590 1163 2794 1234; x_wconf 86' lang='lat' dir='ltr'><strong>iniqui?</strong></span> <span class='ocrx_word' id='word_1_600' title='bbox 2844 1166 2985 1238; x_wconf 83' lang='lat' dir='ltr'><strong>Ergo</strong></span> <span class='ocrx_word' id='word_1_601' title='bbox 3034 1170 3412 1239; x_wconf 88' lang='lat' dir='ltr'><strong>justiliccntur,</strong></span> <span class='ocrx_word' id='word_1_602' title='bbox 3466 1184 3524 1228; x_wconf 88' lang='lat' dir='ltr'><strong>ut</strong></span> <span class='ocrx_word' id='word_1_603' title='bbox 3576 1191 3683 1230; x_wconf 91' lang='lat' dir='ltr'><strong>non</strong></span> 
     </span>
    </p>
   </div>
   <div class='ocr_carea' id='block_1_71' title="bbox 2102 1249 3686 1333">
    <p class='ocr_par' dir='ltr' id='par_1_71' title="bbox 2102 1249 3686 1333">
     <span class='ocr_line' id='line_1_71' title="bbox 2102 1249 3686 1333; baseline 0.013 -31"><span class='ocrx_word' id='word_1_604' title='bbox 2102 1249 2208 1302; x_wconf 90' lang='lat' dir='ltr'><strong>sint</strong></span> <span class='ocrx_word' id='word_1_605' title='bbox 2241 1251 2425 1321; x_wconf 82' lang='lat' dir='ltr'><strong>iniqui.</strong></span> <span class='ocrx_word' id='word_1_606' title='bbox 2462 1253 2596 1308; x_wconf 72' lang='lat' dir='ltr'><strong>Vidit</strong></span> <span class='ocrx_word' id='word_1_607' title='bbox 2627 1255 2745 1320; x_wconf 88' lang='lat' dir='ltr'><strong>hoc,</strong></span> <span class='ocrx_word' id='word_1_608' title='bbox 2775 1268 2829 1311; x_wconf 89' lang='lat' dir='ltr'><strong>et</strong></span> <span class='ocrx_word' id='word_1_609' title='bbox 2872 1259 3122 1327; x_wconf 90' lang='lat' dir='ltr'><strong>impletus</strong></span> <span class='ocrx_word' id='word_1_610' title='bbox 3149 1270 3233 1316; x_wconf 89' lang='lat' dir='ltr'><strong>est</strong></span> <span class='ocrx_word' id='word_1_611' title='bbox 3275 1264 3489 1333; x_wconf 82' lang='lat' dir='ltr'><strong>gaudio,</strong></span> <span class='ocrx_word' id='word_1_612' title='bbox 3522 1276 3573 1320; x_wconf 90' lang='lat' dir='ltr'><strong>et</strong></span> <span class='ocrx_word' id='word_1_613' title='bbox 3599 1282 3686 1322; x_wconf 82' lang='lat' dir='ltr'><strong>re-</strong></span> 
     </span>
    </p>
   </div>
   <div class='ocr_carea' id='block_1_72' title="bbox 2104 1347 3686 1426">
    <p class='ocr_par' dir='ltr' id='par_1_72' title="bbox 2104 1347 3686 1426">
     <span class='ocr_line' id='line_1_72' title="bbox 2104 1347 3686 1426; baseline 0.013 -32"><span class='ocrx_word' id='word_1_614' title='bbox 2104 1352 2257 1396; x_wconf 89' lang='lat' dir='ltr'><strong>vocat</strong></span> <span class='ocrx_word' id='word_1_615' title='bbox 2286 1359 2496 1398; x_wconf 88' lang='lat' dir='ltr'><strong>versum</strong></span> <span class='ocrx_word' id='word_1_616' title='bbox 2537 1347 2765 1415; x_wconf 91' lang='lat' dir='ltr'><strong>primum</strong></span> <span class='ocrx_word' id='word_1_617' title='bbox 2809 1352 2994 1418; x_wconf 89' lang='lat' dir='ltr'><strong>psalmi</strong></span> <span class='ocrx_word' id='word_1_618' title='bbox 3025 1369 3038 1406; x_wconf 93' lang='lat'>:</span> <span class='ocrx_word' id='word_1_619' title='bbox 3071 1352 3308 1423; x_wconf 87' lang='lat' dir='ltr'><strong>Benedic,</strong></span> <span class='ocrx_word' id='word_1_620' title='bbox 3342 1360 3514 1411; x_wconf 85' lang='lat' dir='ltr'><strong>anima</strong></span> <span class='ocrx_word' id='word_1_621' title='bbox 3553 1377 3686 1426; x_wconf 88' lang='lat' dir='ltr'><strong>mea,</strong></span> 
     </span>
    </p>
   </div>
   <div class='ocr_carea' id='block_1_73' title="bbox 2105 1431 3682 1518">
    <p class='ocr_par' dir='ltr' id='par_1_73' title="bbox 2105 1431 3682 1518">
     <span class='ocr_line' id='line_1_73' title="bbox 2105 1431 3682 1518; baseline 0.016 -34"><span class='ocrx_word' id='word_1_622' title='bbox 2105 1431 2395 1486; x_wconf 82' lang='lat' dir='ltr'><strong>Dominum.</strong></span> <span class='ocrx_word' id='word_1_623' title='bbox 2424 1435 2709 1492; x_wconf 86' lang='lat' dir='ltr'><strong>Benedicat</strong></span> <span class='ocrx_word' id='word_1_624' title='bbox 2737 1440 2912 1494; x_wconf 90' lang='lat' dir='ltr'><strong>anima</strong></span> <span class='ocrx_word' id='word_1_625' title='bbox 2944 1453 3123 1498; x_wconf 88' lang='lat' dir='ltr'><strong>nostra</strong></span> <span class='ocrx_word' id='word_1_626' title='bbox 3151 1446 3450 1515; x_wconf 91' lang='lat' dir='ltr'><strong>Dominum,</strong></span> <span class='ocrx_word' id='word_1_627' title='bbox 3473 1451 3682 1518; x_wconf 87' lang='lat' dir='ltr'><strong>fratres,</strong></span> 
     </span>
    </p>
   </div>
   <div class='ocr_carea' id='block_1_74' title="bbox 2103 1523 3684 1598">
    <p class='ocr_par' dir='ltr' id='par_1_74' title="bbox 2103 1523 3684 1598">
     <span class='ocr_line' id='line_1_74' title="bbox 2103 1523 3684 1598; baseline 0.016 -25"><span class='ocrx_word' id='word_1_628' title='bbox 2103 1523 2220 1592; x_wconf 90' lang='lat' dir='ltr'><strong>quia</strong></span> <span class='ocrx_word' id='word_1_629' title='bbox 2253 1524 2382 1579; x_wconf 86' lang='lat' dir='ltr'><strong>dare</strong></span> <span class='ocrx_word' id='word_1_630' title='bbox 2427 1526 2675 1597; x_wconf 82' lang='lat' dir='ltr'><strong>dignatus</strong></span> <span class='ocrx_word' id='word_1_631' title='bbox 2717 1539 2798 1585; x_wconf 86' lang='lat' dir='ltr'><strong>est</strong></span> <span class='ocrx_word' id='word_1_632' title='bbox 2843 1541 2897 1586; x_wconf 90' lang='lat' dir='ltr'><strong>et</strong></span> <span class='ocrx_word' id='word_1_633' title='bbox 2940 1531 3244 1591; x_wconf 88' lang='lat' dir='ltr'><strong>facultatem</strong></span> <span class='ocrx_word' id='word_1_634' title='bbox 3286 1549 3339 1592; x_wconf 90' lang='lat' dir='ltr'><strong>et</strong></span> <span class='ocrx_word' id='word_1_635' title='bbox 3381 1555 3684 1598; x_wconf 88' lang='lat' dir='ltr'><strong>sermonem</strong></span> 
     </span>
    </p>
   </div>
   <div class='ocr_carea' id='block_1_75' title="bbox 2104 1617 3688 1706">
    <p class='ocr_par' dir='ltr' id='par_1_75' title="bbox 2104 1617 3688 1706">
     <span class='ocr_line' id='line_1_75' title="bbox 2104 1617 3688 1706; baseline 0.015 -38"><span class='ocrx_word' id='word_1_636' title='bbox 2104 1617 2279 1681; x_wconf 89' lang='lat' dir='ltr'><strong>nobis,</strong></span> <span class='ocrx_word' id='word_1_637' title='bbox 2302 1629 2355 1672; x_wconf 89' lang='lat' dir='ltr'><strong>et</strong></span> <span class='ocrx_word' id='word_1_638' title='bbox 2387 1619 2537 1675; x_wconf 86' lang='lat' dir='ltr'><strong>vobis</strong></span> <span class='ocrx_word' id='word_1_639' title='bbox 2566 1621 2916 1680; x_wconf 90' lang='lat' dir='ltr'><strong>intentionem</strong></span> <span class='ocrx_word' id='word_1_640' title='bbox 2944 1637 2998 1681; x_wconf 91' lang='lat' dir='ltr'><strong>et</strong></span> <span class='ocrx_word' id='word_1_641' title='bbox 3025 1629 3280 1684; x_wconf 89' lang='lat' dir='ltr'><strong>studium.</strong></span> <span class='ocrx_word' id='word_1_642' title='bbox 3316 1632 3688 1706; x_wconf 86' lang='lat' dir='ltr'><strong>Unusquisque</strong></span> 
     </span>
    </p>
   </div>
   <div class='ocr_carea' id='block_1_76' title="bbox 2105 1711 3682 1785">
    <p class='ocr_par' dir='ltr' id='par_1_76' title="bbox 2105 1711 3682 1785">
     <span class='ocr_line' id='line_1_76' title="bbox 2105 1711 3682 1785; baseline 0.014 -26"><span class='ocrx_word' id='word_1_643' title='bbox 2105 1715 2159 1759; x_wconf 91' lang='lat' dir='ltr'><strong>ut</strong></span> <span class='ocrx_word' id='word_1_644' title='bbox 2188 1717 2360 1775; x_wconf 89' lang='lat' dir='ltr'><strong>potest</strong></span> <span class='ocrx_word' id='word_1_645' title='bbox 2391 1711 2704 1768; x_wconf 87' lang='lat' dir='ltr'><strong>recordetur</strong></span> <span class='ocrx_word' id='word_1_646' title='bbox 2728 1716 2868 1785; x_wconf 89' lang='lat' dir='ltr'><strong>quod</strong></span> <span class='ocrx_word' id='word_1_647' title='bbox 2895 1717 3127 1784; x_wconf 88' lang='lat' dir='ltr'><strong>audivit;</strong></span> <span class='ocrx_word' id='word_1_648' title='bbox 3160 1722 3515 1780; x_wconf 81' lang='lat' dir='ltr'><strong>collocatione</strong></span> <span class='ocrx_word' id='word_1_649' title='bbox 3547 1727 3682 1781; x_wconf 89' lang='lat' dir='ltr'><strong>invi-</strong></span> 
     </span>
    </p>
   </div>
   <div class='ocr_carea' id='block_1_77' title="bbox 2103 1803 3686 1884">
    <p class='ocr_par' dir='ltr' id='par_1_77' title="bbox 2103 1803 3686 1884">
     <span class='ocr_line' id='line_1_77' title="bbox 2103 1803 3686 1884; baseline 0.016 -35"><span class='ocrx_word' id='word_1_650' title='bbox 2103 1810 2220 1851; x_wconf 85' lang='lat' dir='ltr'><strong>cem</strong></span> <span class='ocrx_word' id='word_1_651' title='bbox 2263 1809 2465 1855; x_wconf 89' lang='lat' dir='ltr'><strong>ructate</strong></span> <span class='ocrx_word' id='word_1_652' title='bbox 2509 1803 2746 1872; x_wconf 82' lang='lat' dir='ltr'><strong>saginam</strong></span> <span class='ocrx_word' id='word_1_653' title='bbox 2790 1817 3042 1872; x_wconf 86' lang='lat' dir='ltr'><strong>vestram,</strong></span> <span class='ocrx_word' id='word_1_654' title='bbox 3073 1813 3338 1868; x_wconf 87' lang='lat' dir='ltr'><strong>ruminate</strong></span> <span class='ocrx_word' id='word_1_655' title='bbox 3364 1817 3503 1884; x_wconf 87' lang='lat' dir='ltr'><strong>quod</strong></span> <span class='ocrx_word' id='word_1_656' title='bbox 3532 1834 3686 1873; x_wconf 89' lang='lat' dir='ltr'><strong>accc-</strong></span> 
     </span>
    </p>
   </div>
   <div class='ocr_carea' id='block_1_78' title="bbox 2105 1888 3691 1965">
    <p class='ocr_par' dir='ltr' id='par_1_78' title="bbox 2105 1888 3691 1965">
     <span class='ocr_line' id='line_1_78' title="bbox 2105 1888 3691 1965; baseline 0.018 -28"><span class='ocrx_word' id='word_1_657' title='bbox 2105 1888 2274 1958; x_wconf 76' lang='lat' dir='ltr'><strong>pistis,</strong></span> <span class='ocrx_word' id='word_1_658' title='bbox 2306 1907 2409 1945; x_wconf 90' lang='lat' dir='ltr'><strong>non</strong></span> <span class='ocrx_word' id='word_1_659' title='bbox 2437 1903 2522 1948; x_wconf 90' lang='lat' dir='ltr'><strong>cat</strong></span> <span class='ocrx_word' id='word_1_660' title='bbox 2555 1896 2604 1948; x_wconf 93' lang='lat' dir='ltr'><strong>in</strong></span> <span class='ocrx_word' id='word_1_661' title='bbox 2647 1897 2849 1952; x_wconf 86' lang='lat' dir='ltr'><strong>viscera</strong></span> <span class='ocrx_word' id='word_1_662' title='bbox 2879 1899 3166 1958; x_wconf 84' lang='lat' dir='ltr'><strong>oblivionis</strong></span> <span class='ocrx_word' id='word_1_663' title='bbox 3209 1915 3418 1960; x_wconf 77' lang='lat' dir='ltr'><strong>vestrae.</strong></span> <span class='ocrx_word' id='word_1_664' title='bbox 3454 1908 3691 1965; x_wconf 83' lang='lat' dir='ltr'><strong>Thesau-</strong></span> 
     </span>
    </p>
   </div>
   <div class='ocr_carea' id='block_1_79' title="bbox 2104 1981 3685 2071">
    <p class='ocr_par' dir='ltr' id='par_1_79' title="bbox 2104 1981 3685 2071">
     <span class='ocr_line' id='line_1_79' title="bbox 2104 1981 3685 2071; baseline 0.016 -39"><span class='ocrx_word' id='word_1_665' title='bbox 2104 1996 2193 2034; x_wconf 81' lang='lat' dir='ltr'><strong>rus</strong></span> <span class='ocrx_word' id='word_1_666' title='bbox 2219 1981 2585 2040; x_wconf 90' lang='lat' dir='ltr'><strong>desiderabilis</strong></span> <span class='ocrx_word' id='word_1_667' title='bbox 2632 1991 2927 2058; x_wconf 79' lang='lat' dir='ltr'><strong>requiescat</strong></span> <span class='ocrx_word' id='word_1_668' title='bbox 2958 1993 3009 2046; x_wconf 90' lang='lat' dir='ltr'><strong>in</strong></span> <span class='ocrx_word' id='word_1_669' title='bbox 3032 2009 3124 2049; x_wconf 90' lang='lat' dir='ltr'><strong>ore</strong></span> <span class='ocrx_word' id='word_1_670' title='bbox 3149 2007 3329 2052; x_wconf 87' lang='lat' dir='ltr'><strong>vestro</strong></span> <span class='ocrx_word' id='word_1_671' title='bbox 3356 1999 3534 2071; x_wconf 83' lang='lat' dir='ltr'><strong>(Prov.</strong></span> <span class='ocrx_word' id='word_1_672' title='bbox 3567 2020 3685 2069; x_wconf 75' lang='lat' dir='ltr'><strong>XXI,</strong></span> 
     </span>
    </p>
   </div>
   <div class='ocr_carea' id='block_1_80' title="bbox 2100 2069 3689 2164">
    <p class='ocr_par' dir='ltr' id='par_1_80' title="bbox 2100 2069 3689 2164">
     <span class='ocr_line' id='line_1_80' title="bbox 2100 2069 3689 2164; baseline 0.017 -41"><span class='ocrx_word' id='word_1_673' title='bbox 2100 2069 2219 2143; x_wconf 73' lang='lat'><strong>9.0).</strong></span> <span class='ocrx_word' id='word_1_674' title='bbox 2269 2073 2458 2146; x_wconf 78' lang='lat' dir='ltr'><strong>Magno</strong></span> <span class='ocrx_word' id='word_1_675' title='bbox 2507 2077 2689 2134; x_wconf 84' lang='lat' dir='ltr'><strong>labore</strong></span> <span class='ocrx_word' id='word_1_676' title='bbox 2718 2083 2939 2150; x_wconf 81' lang='lat' dir='ltr'><strong>qtuesita</strong></span> <span class='ocrx_word' id='word_1_677' title='bbox 2970 2094 3023 2138; x_wconf 93' lang='lat' dir='ltr'><strong>et</strong></span> <span class='ocrx_word' id='word_1_678' title='bbox 3055 2087 3264 2142; x_wconf 87' lang='lat' dir='ltr'><strong>inventa</strong></span> <span class='ocrx_word' id='word_1_679' title='bbox 3309 2069 3451 2155; x_wconf 88' lang='lat' dir='ltr'><strong>sunt,</strong></span> <span class='ocrx_word' id='word_1_680' title='bbox 3497 2109 3689 2164; x_wconf 78' lang='lat' dir='ltr'><strong>magno</strong></span> 
     </span>
    </p>
   </div>
   <div class='ocr_carea' id='block_1_81' title="bbox 2103 2163 3689 2244">
    <p class='ocr_par' dir='ltr' id='par_1_81' title="bbox 2103 2163 3689 2244">
     <span class='ocr_line' id='line_1_81' title="bbox 2103 2163 3689 2244; baseline 0.014 -27"><span class='ocrx_word' id='word_1_681' title='bbox 2103 2163 2284 2219; x_wconf 87' lang='lat' dir='ltr'><strong>labore</strong></span> <span class='ocrx_word' id='word_1_682' title='bbox 2322 2169 2560 2224; x_wconf 88' lang='lat' dir='ltr'><strong>nuntiata</strong></span> <span class='ocrx_word' id='word_1_683' title='bbox 2601 2181 2652 2224; x_wconf 91' lang='lat' dir='ltr'><strong>et</strong></span> <span class='ocrx_word' id='word_1_684' title='bbox 2678 2172 2941 2241; x_wconf 84' lang='lat' dir='ltr'><strong>disputata</strong></span> <span class='ocrx_word' id='word_1_685' title='bbox 2991 2186 3150 2244; x_wconf 91' lang='lat' dir='ltr'><strong>sunt;</strong></span> <span class='ocrx_word' id='word_1_686' title='bbox 3207 2181 3276 2234; x_wconf 86' lang='lat' dir='ltr'><strong>sit</strong></span> <span class='ocrx_word' id='word_1_687' title='bbox 3304 2182 3457 2236; x_wconf 84' lang='lat' dir='ltr'><strong>labor</strong></span> <span class='ocrx_word' id='word_1_688' title='bbox 3505 2163 3689 2239; x_wconf 83' lang='lat' dir='ltr'><strong>noster</strong></span> 
     </span>
    </p>
   </div>
   <div class='ocr_carea' id='block_1_82' title="bbox 2105 2253 3689 2330">
    <p class='ocr_par' dir='ltr' id='par_1_82' title="bbox 2105 2253 3689 2330">
     <span class='ocr_line' id='line_1_82' title="bbox 2105 2253 3689 2330; baseline 0.017 -26"><span class='ocrx_word' id='word_1_689' title='bbox 2105 2253 2405 2313; x_wconf 86' lang='lat' dir='ltr'><strong>fructuosus</strong></span> <span class='ocrx_word' id='word_1_690' title='bbox 2453 2261 2626 2329; x_wconf 86' lang='lat' dir='ltr'><strong>vobis,</strong></span> <span class='ocrx_word' id='word_1_691' title='bbox 2677 2273 2733 2318; x_wconf 89' lang='lat' dir='ltr'><strong>et</strong></span> <span class='ocrx_word' id='word_1_692' title='bbox 2785 2264 3068 2322; x_wconf 86' lang='lat' dir='ltr'><strong>benedieat</strong></span> <span class='ocrx_word' id='word_1_693' title='bbox 3111 2271 3287 2326; x_wconf 87' lang='lat' dir='ltr'><strong>anima</strong></span> <span class='ocrx_word' id='word_1_694' title='bbox 3346 2285 3527 2329; x_wconf 89' lang='lat' dir='ltr'><strong>nostra</strong></span> <span class='ocrx_word' id='word_1_695' title='bbox 3582 2277 3689 2330; x_wconf 85' lang='lat' dir='ltr'><strong>Do-</strong></span> 
     </span>
    </p>
   </div>
   <div class='ocr_carea' id='block_1_83' title="bbox 2104 2362 2330 2405">
    <p class='ocr_par' dir='ltr' id='par_1_83' title="bbox 2104 2362 2330 2405">
     <span class='ocr_line' id='line_1_83' title="bbox 2104 2362 2330 2405; baseline 0.027 -7"><span class='ocrx_word' id='word_1_696' title='bbox 2104 2362 2330 2405; x_wconf 68' lang='lat' dir='ltr'><strong>llllllﬂlﬂ.</strong></span> 
     </span>
    </p>
   </div>
   <div class='ocr_carea' id='block_1_84' title="bbox 2114 2485 3668 2514">
    <p class='ocr_par' dir='ltr' id='par_1_84' title="bbox 2114 2485 3668 2514">
     <span class='ocr_line' id='line_1_84' title="bbox 2114 2485 3668 2514; baseline 0.004 -21"><span class='ocrx_word' id='word_1_697' title='bbox 2114 2485 3668 2514; x_wconf 53' lang='grc' dir='ltr'>Ἥ</span> 
     </span>
    </p>
   </div>
   <div class='ocr_carea' id='block_1_85' title="bbox 2548 2565 3222 2632">
    <p class='ocr_par' dir='ltr' id='par_1_85' title="bbox 2548 2565 3222 2632">
     <span class='ocr_line' id='line_1_85' title="bbox 2548 2565 3222 2632; baseline 0.012 -7"><span class='ocrx_word' id='word_1_698' title='bbox 2548 2565 2629 2626; x_wconf 78' lang='lat' dir='ltr'><strong>IN</strong></span> <span class='ocrx_word' id='word_1_699' title='bbox 2671 2566 3049 2631; x_wconf 83' lang='lat' dir='ltr'><strong>PSALMUM</strong></span> <span class='ocrx_word' id='word_1_700' title='bbox 3091 2570 3222 2632; x_wconf 85' lang='lat' dir='ltr'><strong>CIV</strong></span> 
     </span>
    </p>
   </div>
   <div class='ocr_carea' id='block_1_86' title="bbox 2668 2691 3082 2748">
    <p class='ocr_par' dir='ltr' id='par_1_86' title="bbox 2668 2691 3082 2748">
     <span class='ocr_line' id='line_1_86' title="bbox 2668 2691 3082 2748; baseline 0.005 -2"><span class='ocrx_word' id='word_1_701' title='bbox 2668 2691 3082 2748; x_wconf 71' lang='lat' dir='ltr'><strong>ENARRATIU.</strong></span> 
     </span>
    </p>
   </div>
   <div class='ocr_carea' id='block_1_87' title="bbox 2172 2805 3686 2882">
    <p class='ocr_par' dir='ltr' id='par_1_87' title="bbox 2172 2805 3686 2882">
     <span class='ocr_line' id='line_1_87' title="bbox 2172 2805 3686 2882; baseline 0.005 -22"><span class='ocrx_word' id='word_1_702' title='bbox 2172 2807 2221 2860; x_wconf 78' lang='grc'><strong>1.</strong></span> <span class='ocrx_word' id='word_1_703' title='bbox 2266 2805 2425 2878; x_wconf 84' lang='lat' dir='ltr'><strong>[_vers.</strong></span> <span class='ocrx_word' id='word_1_704' title='bbox 2457 2806 2535 2880; x_wconf 57' lang='lat' dir='ltr'><strong>L]</strong></span> <span class='ocrx_word' id='word_1_705' title='bbox 2578 2808 2818 2864; x_wconf 66' lang='lat' dir='ltr'><strong>Paulinus</strong></span> <span class='ocrx_word' id='word_1_706' title='bbox 2856 2810 3181 2865; x_wconf 87' lang='lat' dir='ltr'><strong>centesimus</strong></span> <span class='ocrx_word' id='word_1_707' title='bbox 3209 2820 3451 2881; x_wconf 90' lang='lat' dir='ltr'><strong>quartus,</strong></span> <span class='ocrx_word' id='word_1_708' title='bbox 3485 2814 3686 2882; x_wconf 87' lang='lat' dir='ltr'><strong>primus</strong></span> 
     </span>
    </p>
   </div>
   <div class='ocr_carea' id='block_1_88' title="bbox 2099 2897 3684 2970">
    <p class='ocr_par' dir='ltr' id='par_1_88' title="bbox 2099 2897 3684 2970">
     <span class='ocr_line' id='line_1_88' title="bbox 2099 2897 3684 2970; baseline 0.006 -23"><span class='ocrx_word' id='word_1_709' title='bbox 2099 2906 2179 2948; x_wconf 89' lang='lat' dir='ltr'><strong>est</strong></span> <span class='ocrx_word' id='word_1_710' title='bbox 2206 2897 2256 2948; x_wconf 92' lang='lat' dir='ltr'><strong>in</strong></span> <span class='ocrx_word' id='word_1_711' title='bbox 2283 2897 2360 2950; x_wconf 91' lang='lat' dir='ltr'><strong>eis</strong></span> <span class='ocrx_word' id='word_1_712' title='bbox 2381 2897 2574 2966; x_wconf 91' lang='lat' dir='ltr'><strong>quibus</strong></span> <span class='ocrx_word' id='word_1_713' title='bbox 2605 2909 2930 2968; x_wconf 69' lang='lat' dir='ltr'><strong>praenotatur</strong></span> <span class='ocrx_word' id='word_1_714' title='bbox 2951 2898 3192 2954; x_wconf 83' lang='lat' dir='ltr'><strong>Alleluia.</strong></span> <span class='ocrx_word' id='word_1_715' title='bbox 3224 2899 3383 2970; x_wconf 87' lang='lat' dir='ltr'><strong>Cujus</strong></span> <span class='ocrx_word' id='word_1_716' title='bbox 3413 2903 3580 2967; x_wconf 90' lang='lat' dir='ltr'><strong>verbi,</strong></span> <span class='ocrx_word' id='word_1_717' title='bbox 3601 2905 3684 2958; x_wconf 88' lang='lat' dir='ltr'><strong>vel</strong></span> 
     </span>
    </p>
   </div>
   <div class='ocr_carea' id='block_1_89' title="bbox 2101 2987 3677 3060">
    <p class='ocr_par' dir='ltr' id='par_1_89' title="bbox 2101 2987 3677 3060">
     <span class='ocr_line' id='line_1_89' title="bbox 2101 2987 3677 3060; baseline 0.004 -19"><span class='ocrx_word' id='word_1_718' title='bbox 2101 2987 2274 3057; x_wconf 88' lang='lat' dir='ltr'><strong>potius</strong></span> <span class='ocrx_word' id='word_1_719' title='bbox 2305 2987 2528 3042; x_wconf 90' lang='lat' dir='ltr'><strong>duorum</strong></span> <span class='ocrx_word' id='word_1_720' title='bbox 2567 2990 2871 3055; x_wconf 86' lang='lat' dir='ltr'><strong>verborum,</strong></span> <span class='ocrx_word' id='word_1_721' title='bbox 2906 2991 3272 3060; x_wconf 84' lang='lat' dir='ltr'><strong>interpretatio</strong></span> <span class='ocrx_word' id='word_1_722' title='bbox 3308 3000 3409 3054; x_wconf 89' lang='lat' dir='ltr'><strong>est,</strong></span> <span class='ocrx_word' id='word_1_723' title='bbox 3442 2993 3677 3048; x_wconf 80' lang='lat' dir='ltr'><strong>Laudato</strong></span> 
     </span>
    </p>
   </div>
   <div class='ocr_carea' id='block_1_90' title="bbox 2102 3080 3678 3152">
    <p class='ocr_par' dir='ltr' id='par_1_90' title="bbox 2102 3080 3678 3152">
     <span class='ocr_line' id='line_1_90' title="bbox 2102 3080 3678 3152; baseline 0.003 -18"><span class='ocrx_word' id='word_1_724' title='bbox 2102 3080 2288 3134; x_wconf 82' lang='lat' dir='ltr'><strong>Deum.</strong></span> <span class='ocrx_word' id='word_1_725' title='bbox 2337 3081 2403 3135; x_wconf 78' lang='lat' dir='ltr'><strong>Et</strong></span> <span class='ocrx_word' id='word_1_726' title='bbox 2446 3081 2566 3136; x_wconf 89' lang='lat' dir='ltr'><strong>ideo</strong></span> <span class='ocrx_word' id='word_1_727' title='bbox 2609 3082 2731 3137; x_wconf 87' lang='lat' dir='ltr'><strong>inde</strong></span> <span class='ocrx_word' id='word_1_728' title='bbox 2760 3083 2958 3152; x_wconf 70' lang='lat' dir='ltr'><strong>cmpit:</strong></span> <span class='ocrx_word' id='word_1_729' title='bbox 2993 3083 3313 3152; x_wconf 84' lang='lat' dir='ltr'><strong>Conﬁtentini</strong></span> <span class='ocrx_word' id='word_1_730' title='bbox 3352 3085 3592 3151; x_wconf 89' lang='lat' dir='ltr'><strong>Domino,</strong></span> <span class='ocrx_word' id='word_1_731' title='bbox 3631 3097 3678 3140; x_wconf 89' lang='lat' dir='ltr'><strong>et</strong></span> 
     </span>
    </p>
   </div>
   <div class='ocr_carea' id='block_1_91' title="bbox 2098 3171 3678 3245">
    <p class='ocr_par' dir='ltr' id='par_1_91' title="bbox 2098 3171 3678 3245">
     <span class='ocr_line' id='line_1_91' title="bbox 2098 3171 3678 3245; baseline 0.003 -21"><span class='ocrx_word' id='word_1_732' title='bbox 2098 3171 2321 3226; x_wconf 75' lang='lat' dir='ltr'><strong>invocato</strong></span> <span class='ocrx_word' id='word_1_733' title='bbox 2344 3188 2524 3226; x_wconf 87' lang='lat' dir='ltr'><strong>nomen</strong></span> <span class='ocrx_word' id='word_1_734' title='bbox 2566 3175 2695 3245; x_wconf 85' lang='lat' dir='ltr'><strong>ejus.</strong></span> <span class='ocrx_word' id='word_1_735' title='bbox 2745 3173 2799 3227; x_wconf 88' lang='lat' dir='ltr'><strong>In</strong></span> <span class='ocrx_word' id='word_1_736' title='bbox 2832 3173 2986 3229; x_wconf 87' lang='lat' dir='ltr'><strong>laude</strong></span> <span class='ocrx_word' id='word_1_737' title='bbox 3025 3175 3166 3230; x_wconf 88' lang='lat' dir='ltr'><strong>enim</strong></span> <span class='ocrx_word' id='word_1_738' title='bbox 3213 3175 3550 3245; x_wconf 83' lang='lat' dir='ltr'><strong>intelligenda</strong></span> <span class='ocrx_word' id='word_1_739' title='bbox 3594 3187 3678 3231; x_wconf 92' lang='lat' dir='ltr'><strong>est</strong></span> 
     </span>
    </p>
   </div>
   <div class='ocr_carea' id='block_1_92' title="bbox 2099 3263 3675 3332">
    <p class='ocr_par' dir='ltr' id='par_1_92' title="bbox 2099 3263 3675 3332">
     <span class='ocr_line' id='line_1_92' title="bbox 2099 3263 3675 3332; baseline 0.004 -16"><span class='ocrx_word' id='word_1_740' title='bbox 2099 3263 2198 3316; x_wconf 88' lang='lat' dir='ltr'><strong>ista</strong></span> <span class='ocrx_word' id='word_1_741' title='bbox 2228 3263 2515 3330; x_wconf 88' lang='lat' dir='ltr'><strong>confessio,</strong></span> <span class='ocrx_word' id='word_1_742' title='bbox 2544 3265 2680 3318; x_wconf 91' lang='lat' dir='ltr'><strong>sicut</strong></span> <span class='ocrx_word' id='word_1_743' title='bbox 2708 3274 2806 3331; x_wconf 86' lang='lat' dir='ltr'><strong>est,</strong></span> <span class='ocrx_word' id='word_1_744' title='bbox 2841 3264 3094 3332; x_wconf 79' lang='lat' dir='ltr'><strong>Confiteor</strong></span> <span class='ocrx_word' id='word_1_745' title='bbox 3120 3267 3227 3332; x_wconf 85' lang='lat' dir='ltr'><strong>tibi,</strong></span> <span class='ocrx_word' id='word_1_746' title='bbox 3257 3265 3434 3332; x_wconf 88' lang='lat' dir='ltr'><strong>Pater,</strong></span> <span class='ocrx_word' id='word_1_747' title='bbox 3463 3266 3675 3324; x_wconf 87' lang='lat' dir='ltr'><strong>Domine</strong></span> 
     </span>
    </p>
   </div>
   <div class='ocr_carea' id='block_1_93' title="bbox 2099 3354 3680 3429">
    <p class='ocr_par' dir='ltr' id='par_1_93' title="bbox 2099 3354 3680 3429">
     <span class='ocr_line' id='line_1_93' title="bbox 2099 3354 3680 3429; baseline 0.009 -21"><span class='ocrx_word' id='word_1_748' title='bbox 2099 3354 2210 3408; x_wconf 72' lang='grc' dir='ltr'><strong>ειειὲ</strong></span> <span class='ocrx_word' id='word_1_749' title='bbox 2236 3363 2284 3408; x_wconf 81' lang='lat' dir='ltr'><strong>et</strong></span> <span class='ocrx_word' id='word_1_750' title='bbox 2328 3364 2474 3410; x_wconf 83' lang='lat' dir='ltr'><strong>teme</strong></span> <span class='ocrx_word' id='word_1_751' title='bbox 2517 3355 2729 3427; x_wconf 77' lang='lat' dir='ltr'><strong>(Matth.</strong></span> <span class='ocrx_word' id='word_1_752' title='bbox 2761 3372 2833 3420; x_wconf 74' lang='lat' dir='ltr'><strong>XI,</strong></span> <span class='ocrx_word' id='word_1_753' title='bbox 2857 3355 2970 3427; x_wconf 74' lang='lat'><strong>25).</strong></span> <span class='ocrx_word' id='word_1_754' title='bbox 3002 3358 3279 3415; x_wconf 70' lang='lat' dir='ltr'><strong>Prmmissa</strong></span> <span class='ocrx_word' id='word_1_755' title='bbox 3324 3363 3467 3417; x_wconf 89' lang='lat' dir='ltr'><strong>enim</strong></span> <span class='ocrx_word' id='word_1_756' title='bbox 3501 3363 3680 3429; x_wconf 86' lang='lat' dir='ltr'><strong>laude,</strong></span> 
     </span>
    </p>
   </div>
   <div class='ocr_carea' id='block_1_94' title="bbox 2101 3448 3679 3526">
    <p class='ocr_par' dir='ltr' id='par_1_94' title="bbox 2101 3448 3679 3526">
     <span class='ocr_line' id='line_1_94' title="bbox 2101 3448 3679 3526; baseline 0.008 -25"><span class='ocrx_word' id='word_1_757' title='bbox 2101 3448 2364 3503; x_wconf 85' lang='lat' dir='ltr'><strong>invocatio</strong></span> <span class='ocrx_word' id='word_1_758' title='bbox 2395 3449 2542 3517; x_wconf 89' lang='lat' dir='ltr'><strong>sequi</strong></span> <span class='ocrx_word' id='word_1_759' title='bbox 2571 3448 2728 3516; x_wconf 90' lang='lat' dir='ltr'><strong>solet,</strong></span> <span class='ocrx_word' id='word_1_760' title='bbox 2759 3450 2845 3503; x_wconf 89' lang='lat' dir='ltr'><strong>ubi</strong></span> <span class='ocrx_word' id='word_1_761' title='bbox 2868 3450 3130 3506; x_wconf 91' lang='lat' dir='ltr'><strong>desideria</strong></span> <span class='ocrx_word' id='word_1_762' title='bbox 3156 3465 3401 3523; x_wconf 87' lang='lat' dir='ltr'><strong>precator</strong></span> <span class='ocrx_word' id='word_1_763' title='bbox 3428 3457 3640 3526; x_wconf 68' lang='lat' dir='ltr'><strong>alligat1</strong></span> <span class='ocrx_word' id='word_1_764' title='bbox 3667 3478 3679 3512; x_wconf 95' lang='lat'>:</span> 
     </span>
    </p>
   </div>
   <div class='ocr_carea' id='block_1_95' title="bbox 2099 3541 3682 3618">
    <p class='ocr_par' dir='ltr' id='par_1_95' title="bbox 2099 3541 3682 3618">
     <span class='ocr_line' id='line_1_95' title="bbox 2099 3541 3682 3618; baseline 0.004 -22"><span class='ocrx_word' id='word_1_765' title='bbox 2099 3541 2238 3601; x_wconf 87' lang='lat' dir='ltr'><strong>unde</strong></span> <span class='ocrx_word' id='word_1_766' title='bbox 2265 3551 2319 3596; x_wconf 92' lang='lat' dir='ltr'><strong>et</strong></span> <span class='ocrx_word' id='word_1_767' title='bbox 2366 3541 2477 3612; x_wconf 90' lang='lat' dir='ltr'><strong>ipsa</strong></span> <span class='ocrx_word' id='word_1_768' title='bbox 2508 3543 2680 3596; x_wconf 89' lang='lat' dir='ltr'><strong>oratio</strong></span> <span class='ocrx_word' id='word_1_769' title='bbox 2723 3543 2985 3598; x_wconf 89' lang='lat' dir='ltr'><strong>dominica</strong></span> <span class='ocrx_word' id='word_1_770' title='bbox 3019 3545 3179 3600; x_wconf 88' lang='lat' dir='ltr'><strong>habet</strong></span> <span class='ocrx_word' id='word_1_771' title='bbox 3203 3563 3232 3600; x_wconf 91' lang='lat' dir='ltr'><strong>a</strong></span> <span class='ocrx_word' id='word_1_772' title='bbox 3259 3549 3431 3618; x_wconf 90' lang='lat' dir='ltr'><strong>capite</strong></span> <span class='ocrx_word' id='word_1_773' title='bbox 3474 3551 3682 3606; x_wconf 83' lang='lat' dir='ltr'><strong>brevis.-</strong></span> 
     </span>
    </p>
   </div>
   <div class='ocr_carea' id='block_1_96' title="bbox 2098 3631 3680 3709">
    <p class='ocr_par' dir='ltr' id='par_1_96' title="bbox 2098 3631 3680 3709">
     <span class='ocr_line' id='line_1_96' title="bbox 2098 3631 3680 3709; baseline 0.008 -24"><span class='ocrx_word' id='word_1_774' title='bbox 2098 3632 2288 3686; x_wconf 89' lang='lat' dir='ltr'><strong>sitnam</strong></span> <span class='ocrx_word' id='word_1_775' title='bbox 2315 3631 2544 3692; x_wconf 90' lang='lat' dir='ltr'><strong>laudem.</strong></span> <span class='ocrx_word' id='word_1_776' title='bbox 2573 3633 2714 3703; x_wconf 90' lang='lat' dir='ltr'><strong>quod</strong></span> <span class='ocrx_word' id='word_1_777' title='bbox 2746 3644 2845 3701; x_wconf 86' lang='lat' dir='ltr'><strong>est,</strong></span> <span class='ocrx_word' id='word_1_778' title='bbox 2885 3633 3036 3690; x_wconf 84' lang='lat' dir='ltr'><strong>Pater</strong></span> <span class='ocrx_word' id='word_1_779' title='bbox 3065 3648 3234 3693; x_wconf 86' lang='lat' dir='ltr'><strong>noster</strong></span> <span class='ocrx_word' id='word_1_780' title='bbox 3263 3642 3346 3709; x_wconf 83' lang='lat' dir='ltr'><strong>qui</strong></span> <span class='ocrx_word' id='word_1_781' title='bbox 3376 3659 3426 3694; x_wconf 83' lang='lat' dir='ltr'><strong>es</strong></span> <span class='ocrx_word' id='word_1_782' title='bbox 3466 3643 3517 3696; x_wconf 87' lang='lat' dir='ltr'><strong>in</strong></span> <span class='ocrx_word' id='word_1_783' title='bbox 3544 3645 3680 3697; x_wconf 72' lang='lat' dir='ltr'><strong>caelis</strong></span> 
     </span>
    </p>
   </div>
   <div class='ocr_carea' id='block_1_97' title="bbox 2099 3719 3682 3800">
    <p class='ocr_par' dir='ltr' id='par_1_97' title="bbox 2099 3719 3682 3800">
     <span class='ocr_line' id='line_1_97' title="bbox 2099 3719 3682 3800; baseline 0.009 -26"><span class='ocrx_word' id='word_1_784' title='bbox 2099 3719 2212 3790; x_wconf 82' lang='lat' dir='ltr'><strong>(Id.</strong></span> <span class='ocrx_word' id='word_1_785' title='bbox 2244 3739 2314 3787; x_wconf 74' lang='lat' dir='ltr'><strong>vr,</strong></span> <span class='ocrx_word' id='word_1_786' title='bbox 2362 3723 2440 3793; x_wconf 88' lang='lat'><strong>9).</strong></span> <span class='ocrx_word' id='word_1_787' title='bbox 2490 3723 2641 3780; x_wconf 89' lang='lat' dir='ltr'><strong>Tunc</strong></span> <span class='ocrx_word' id='word_1_788' title='bbox 2684 3743 2802 3796; x_wconf 74' lang='lat' dir='ltr'><strong>qum</strong></span> <span class='ocrx_word' id='word_1_789' title='bbox 2843 3737 3127 3796; x_wconf 84' lang='lat' dir='ltr'><strong>petuntur,</strong></span> <span class='ocrx_word' id='word_1_790' title='bbox 3179 3729 3432 3800; x_wconf 87' lang='lat' dir='ltr'><strong>deinceps</strong></span> <span class='ocrx_word' id='word_1_791' title='bbox 3487 3749 3682 3790; x_wconf 90' lang='lat' dir='ltr'><strong>consc-</strong></span> 
     </span>
    </p>
   </div>
   <div class='ocr_carea' id='block_1_98' title="bbox 2097 3815 3681 3892">
    <p class='ocr_par' dir='ltr' id='par_1_98' title="bbox 2097 3815 3681 3892">
     <span class='ocr_line' id='line_1_98' title="bbox 2097 3815 3681 3892; baseline 0.008 -25"><span class='ocrx_word' id='word_1_792' title='bbox 2097 3825 2350 3885; x_wconf 90' lang='lat' dir='ltr'><strong>quuntur.</strong></span> <span class='ocrx_word' id='word_1_793' title='bbox 2381 3815 2532 3872; x_wconf 86' lang='lat' dir='ltr'><strong>Unde</strong></span> <span class='ocrx_word' id='word_1_794' title='bbox 2559 3826 2610 3872; x_wconf 91' lang='lat' dir='ltr'><strong>et</strong></span> <span class='ocrx_word' id='word_1_795' title='bbox 2637 3818 2762 3872; x_wconf 88' lang='lat' dir='ltr'><strong>alibi</strong></span> <span class='ocrx_word' id='word_1_796' title='bbox 2802 3819 2854 3872; x_wconf 89' lang='lat' dir='ltr'><strong>in</strong></span> <span class='ocrx_word' id='word_1_797' title='bbox 2904 3820 3109 3889; x_wconf 89' lang='lat' dir='ltr'><strong>psalmo</strong></span> <span class='ocrx_word' id='word_1_798' title='bbox 3134 3821 3329 3876; x_wconf 91' lang='lat' dir='ltr'><strong>dicitur</strong></span> <span class='ocrx_word' id='word_1_799' title='bbox 3357 3841 3368 3875; x_wconf 96' lang='lat'>:</span> <span class='ocrx_word' id='word_1_800' title='bbox 3407 3823 3681 3892; x_wconf 80' lang='lat' dir='ltr'><strong>Conﬁtebi-</strong></span> 
     </span>
    </p>
   </div>
   <div class='ocr_carea' id='block_1_99' title="bbox 2097 3904 3681 3977">
    <p class='ocr_par' dir='ltr' id='par_1_99' title="bbox 2097 3904 3681 3977">
     <span class='ocr_line' id='line_1_99' title="bbox 2097 3904 3681 3977; baseline 0.008 -19"><span class='ocrx_word' id='word_1_801' title='bbox 2097 3923 2212 3960; x_wconf 87' lang='lat' dir='ltr'><strong>mttr</strong></span> <span class='ocrx_word' id='word_1_802' title='bbox 2253 3906 2358 3969; x_wconf 81' lang='lat' dir='ltr'><strong>tibi,</strong></span> <span class='ocrx_word' id='word_1_803' title='bbox 2404 3904 2560 3973; x_wconf 86' lang='lat' dir='ltr'><strong>Deus,</strong></span> <span class='ocrx_word' id='word_1_804' title='bbox 2611 3908 2980 3977; x_wconf 77' lang='lat' dir='ltr'><strong>conﬁtebimur,</strong></span> <span class='ocrx_word' id='word_1_805' title='bbox 3025 3919 3075 3964; x_wconf 85' lang='lat' dir='ltr'><strong>et</strong></span> <span class='ocrx_word' id='word_1_806' title='bbox 3119 3912 3456 3968; x_wconf 83' lang='lat' dir='ltr'><strong>inrocabinms</strong></span> <span class='ocrx_word' id='word_1_807' title='bbox 3500 3933 3681 3971; x_wconf 86' lang='lat' dir='ltr'><strong>nomen</strong></span> 
     </span>
    </p>
   </div>
   <div class='ocr_carea' id='block_1_100' title="bbox 2097 3996 3678 4070">
    <p class='ocr_par' dir='ltr' id='par_1_100' title="bbox 2097 3996 3678 4070">
     <span class='ocr_line' id='line_1_100' title="bbox 2097 3996 3678 4070; baseline 0.006 -22"><span class='ocrx_word' id='word_1_808' title='bbox 2097 4007 2234 4049; x_wconf 89' lang='lat' dir='ltr'><strong>tuum</strong></span> <span class='ocrx_word' id='word_1_809' title='bbox 2260 3996 2430 4068; x_wconf 86' lang='lat' dir='ltr'><strong>(Psal.</strong></span> <span class='ocrx_word' id='word_1_810' title='bbox 2465 4013 2648 4063; x_wconf 80' lang='lat' dir='ltr'><strong>Lxxw,</strong></span> <span class='ocrx_word' id='word_1_811' title='bbox 2670 3998 2750 4070; x_wconf 72' lang='lat'><strong>2).</strong></span> <span class='ocrx_word' id='word_1_812' title='bbox 2777 3999 2930 4065; x_wconf 86' lang='lat' dir='ltr'><strong>Quod</strong></span> <span class='ocrx_word' id='word_1_813' title='bbox 2962 4001 3086 4054; x_wconf 89' lang='lat' dir='ltr'><strong>alibi</strong></span> <span class='ocrx_word' id='word_1_814' title='bbox 3127 4009 3210 4056; x_wconf 89' lang='lat' dir='ltr'><strong>est</strong></span> <span class='ocrx_word' id='word_1_815' title='bbox 3259 4004 3495 4070; x_wconf 90' lang='lat' dir='ltr'><strong>planius:</strong></span> <span class='ocrx_word' id='word_1_816' title='bbox 3536 4005 3678 4060; x_wconf 86' lang='lat' dir='ltr'><strong>Lau-</strong></span> 
     </span>
    </p>
   </div>
   <div class='ocr_carea' id='block_1_101' title="bbox 2096 4086 3680 4150">
    <p class='ocr_par' dir='ltr' id='par_1_101' title="bbox 2096 4086 3680 4150">
     <span class='ocr_line' id='line_1_101' title="bbox 2096 4086 3680 4150; baseline 0.007 -12"><span class='ocrx_word' id='word_1_817' title='bbox 2096 4086 2224 4140; x_wconf 77' lang='lat' dir='ltr'><strong>tlans</strong></span> <span class='ocrx_word' id='word_1_818' title='bbox 2251 4086 2490 4141; x_wconf 85' lang='lat' dir='ltr'><strong>invocabo</strong></span> <span class='ocrx_word' id='word_1_819' title='bbox 2528 4086 2820 4150; x_wconf 85' lang='lat' dir='ltr'><strong>Dominum,</strong></span> <span class='ocrx_word' id='word_1_820' title='bbox 2871 4099 2918 4143; x_wconf 85' lang='lat' dir='ltr'><strong>et</strong></span> <span class='ocrx_word' id='word_1_821' title='bbox 2975 4089 3038 4142; x_wconf 89' lang='lat' dir='ltr'><strong>ab</strong></span> <span class='ocrx_word' id='word_1_822' title='bbox 3085 4089 3301 4145; x_wconf 83' lang='lat' dir='ltr'><strong>inimicis</strong></span> <span class='ocrx_word' id='word_1_823' title='bbox 3341 4093 3464 4146; x_wconf 85' lang='lat' dir='ltr'><strong>meis</strong></span> <span class='ocrx_word' id='word_1_824' title='bbox 3512 4095 3680 4149; x_wconf 84' lang='lat' dir='ltr'><strong>salvus</strong></span> 
     </span>
    </p>
   </div>
   <div class='ocr_carea' id='block_1_102' title="bbox 2096 4177 3677 4255">
    <p class='ocr_par' dir='ltr' id='par_1_102' title="bbox 2096 4177 3677 4255">
     <span class='ocr_line' id='line_1_102' title="bbox 2096 4177 3677 4255; baseline 0.006 -25"><span class='ocrx_word' id='word_1_825' title='bbox 2096 4194 2180 4231; x_wconf 81' lang='lat' dir='ltr'><strong>ero</strong></span> <span class='ocrx_word' id='word_1_826' title='bbox 2217 4177 2386 4247; x_wconf 85' lang='lat' dir='ltr'><strong>(Psal.</strong></span> <span class='ocrx_word' id='word_1_827' title='bbox 2443 4193 2574 4240; x_wconf 76' lang='lat' dir='ltr'><strong>xm.</strong></span> <span class='ocrx_word' id='word_1_828' title='bbox 2602 4177 2657 4248; x_wconf 63' lang='lat'><strong>4)</strong></span> <span class='ocrx_word' id='word_1_829' title='bbox 2689 4195 2701 4231; x_wconf 89' lang='lat'>:</span> <span class='ocrx_word' id='word_1_830' title='bbox 2734 4178 2805 4232; x_wconf 80' lang='lat' dir='ltr'><strong>ita</strong></span> <span class='ocrx_word' id='word_1_831' title='bbox 2849 4189 2904 4233; x_wconf 92' lang='lat' dir='ltr'><strong>et</strong></span> <span class='ocrx_word' id='word_1_832' title='bbox 2945 4179 3048 4246; x_wconf 90' lang='lat' dir='ltr'><strong>hic,</strong></span> <span class='ocrx_word' id='word_1_833' title='bbox 3089 4181 3437 4250; x_wconf 81' lang='lat' dir='ltr'><strong>Con/iteutint&#39;,</strong></span> <span class='ocrx_word' id='word_1_834' title='bbox 3486 4184 3677 4255; x_wconf 86' lang='lat' dir='ltr'><strong>inquit,</strong></span> 
     </span>
    </p>
   </div>
   <div class='ocr_carea' id='block_1_103' title="bbox 2096 4267 3680 4341">
    <p class='ocr_par' dir='ltr' id='par_1_103' title="bbox 2096 4267 3680 4341">
     <span class='ocr_line' id='line_1_103' title="bbox 2096 4267 3680 4341; baseline 0.007 -21"><span class='ocrx_word' id='word_1_835' title='bbox 2096 4267 2336 4334; x_wconf 86' lang='lat' dir='ltr'><strong>Domino,</strong></span> <span class='ocrx_word' id='word_1_836' title='bbox 2372 4279 2421 4322; x_wconf 87' lang='lat' dir='ltr'><strong>et</strong></span> <span class='ocrx_word' id='word_1_837' title='bbox 2447 4269 2673 4323; x_wconf 76' lang='lat' dir='ltr'><strong>invocate</strong></span> <span class='ocrx_word' id='word_1_838' title='bbox 2698 4285 2877 4324; x_wconf 86' lang='lat' dir='ltr'><strong>nomen</strong></span> <span class='ocrx_word' id='word_1_839' title='bbox 2917 4271 3063 4340; x_wconf 83' lang='lat' dir='ltr'><strong>ejus;</strong></span> <span class='ocrx_word' id='word_1_840' title='bbox 3110 4273 3251 4341; x_wconf 90' lang='lat' dir='ltr'><strong>quod</strong></span> <span class='ocrx_word' id='word_1_841' title='bbox 3285 4274 3386 4327; x_wconf 88' lang='lat' dir='ltr'><strong>tale</strong></span> <span class='ocrx_word' id='word_1_842' title='bbox 3417 4282 3518 4341; x_wconf 89' lang='lat' dir='ltr'><strong>est,</strong></span> <span class='ocrx_word' id='word_1_843' title='bbox 3547 4293 3608 4330; x_wconf 89' lang='lat' dir='ltr'><strong>ac</strong></span> <span class='ocrx_word' id='word_1_844' title='bbox 3635 4279 3680 4331; x_wconf 84' lang='lat' dir='ltr'><strong>si</strong></span> 
     </span>
    </p>
   </div>
   <div class='ocr_carea' id='block_1_104' title="bbox 2096 4357 3679 4438">
    <p class='ocr_par' dir='ltr' id='par_1_104' title="bbox 2096 4357 3679 4438">
     <span class='ocr_line' id='line_1_104' title="bbox 2096 4357 3679 4438; baseline 0.008 -27"><span class='ocrx_word' id='word_1_845' title='bbox 2096 4357 2319 4424; x_wconf 88' lang='lat' dir='ltr'><strong>diceret,</strong></span> <span class='ocrx_word' id='word_1_846' title='bbox 2347 4358 2584 4414; x_wconf 85' lang='lat' dir='ltr'><strong>Laudato</strong></span> <span class='ocrx_word' id='word_1_847' title='bbox 2629 4359 2931 4427; x_wconf 88' lang='lat' dir='ltr'><strong>Dominum,</strong></span> <span class='ocrx_word' id='word_1_848' title='bbox 2961 4370 3016 4416; x_wconf 90' lang='lat' dir='ltr'><strong>et</strong></span> <span class='ocrx_word' id='word_1_849' title='bbox 3044 4363 3289 4420; x_wconf 84' lang='lat' dir='ltr'><strong>invocato</strong></span> <span class='ocrx_word' id='word_1_850' title='bbox 3322 4381 3513 4422; x_wconf 90' lang='lat' dir='ltr'><strong>nomen</strong></span> <span class='ocrx_word' id='word_1_851' title='bbox 3540 4370 3679 4438; x_wconf 79' lang='lat' dir='ltr'><strong>ejus.</strong></span> 
     </span>
    </p>
   </div>
   <div class='ocr_carea' id='block_1_105' title="bbox 2097 4449 3676 4524">
    <p class='ocr_par' dir='ltr' id='par_1_105' title="bbox 2097 4449 3676 4524">
     <span class='ocr_line' id='line_1_105' title="bbox 2097 4449 3676 4524; baseline 0.008 -21"><span class='ocrx_word' id='word_1_852' title='bbox 2097 4449 2327 4504; x_wconf 79' lang='lat' dir='ltr'><strong>Exaudit</strong></span> <span class='ocrx_word' id='word_1_853' title='bbox 2352 4453 2546 4522; x_wconf 89' lang='lat' dir='ltr'><strong>quippe</strong></span> <span class='ocrx_word' id='word_1_854' title='bbox 2573 4451 2930 4520; x_wconf 83' lang='lat' dir='ltr'><strong>invocantem,</strong></span> <span class='ocrx_word' id='word_1_855' title='bbox 2973 4470 3132 4524; x_wconf 91' lang='lat' dir='ltr'><strong>quem</strong></span> <span class='ocrx_word' id='word_1_856' title='bbox 3161 4455 3463 4513; x_wconf 88' lang='lat' dir='ltr'><strong>laudantem</strong></span> <span class='ocrx_word' id='word_1_857' title='bbox 3497 4462 3637 4516; x_wconf 82' lang='lat' dir='ltr'><strong>videt</strong></span> <span class='ocrx_word' id='word_1_858' title='bbox 3664 4483 3676 4516; x_wconf 90' lang='lat'>:</span> 
     </span>
    </p>
   </div>
   <div class='ocr_carea' id='block_1_106' title="bbox 2099 4541 3679 4624">
    <p class='ocr_par' dir='ltr' id='par_1_106' title="bbox 2099 4541 3679 4624">
     <span class='ocr_line' id='line_1_106' title="bbox 2099 4541 3679 4624; baseline 0.009 -30"><span class='ocrx_word' id='word_1_859' title='bbox 2099 4541 2396 4596; x_wconf 89' lang='lat' dir='ltr'><strong>laudantem</strong></span> <span class='ocrx_word' id='word_1_860' title='bbox 2426 4542 2590 4609; x_wconf 89' lang='lat' dir='ltr'><strong>videt,</strong></span> <span class='ocrx_word' id='word_1_861' title='bbox 2622 4559 2778 4613; x_wconf 90' lang='lat' dir='ltr'><strong>quem</strong></span> <span class='ocrx_word' id='word_1_862' title='bbox 2813 4545 3000 4614; x_wconf 89' lang='lat' dir='ltr'><strong>probat</strong></span> <span class='ocrx_word' id='word_1_863' title='bbox 3045 4558 3331 4604; x_wconf 84' lang='lat' dir='ltr'><strong>amantem.</strong></span> <span class='ocrx_word' id='word_1_864' title='bbox 3379 4553 3445 4605; x_wconf 85' lang='lat' dir='ltr'><strong>Et</strong></span> <span class='ocrx_word' id='word_1_865' title='bbox 3493 4553 3679 4624; x_wconf 81' lang='lat' dir='ltr'><strong>inquo</strong></span> 
     </span>
    </p>
   </div>
   <div class='ocr_carea' id='block_1_107' title="bbox 2097 4632 3677 4696">
    <p class='ocr_par' dir='ltr' id='par_1_107' title="bbox 2097 4632 3677 4696">
     <span class='ocr_line' id='line_1_107' title="bbox 2097 4632 3677 4696; baseline 0.007 -11"><span class='ocrx_word' id='word_1_866' title='bbox 2097 4633 2259 4686; x_wconf 87' lang='lat' dir='ltr'><strong>voluit</strong></span> <span class='ocrx_word' id='word_1_867' title='bbox 2297 4633 2552 4687; x_wconf 90' lang='lat' dir='ltr'><strong>Dominus</strong></span> <span class='ocrx_word' id='word_1_868' title='bbox 2583 4632 2704 4686; x_wconf 88' lang='lat' dir='ltr'><strong>boni</strong></span> <span class='ocrx_word' id='word_1_869' title='bbox 2746 4634 2884 4687; x_wconf 90' lang='lat' dir='ltr'><strong>servi</strong></span> <span class='ocrx_word' id='word_1_870' title='bbox 2913 4651 3149 4690; x_wconf 88' lang='lat' dir='ltr'><strong>amorem</strong></span> <span class='ocrx_word' id='word_1_871' title='bbox 3194 4639 3332 4692; x_wconf 90' lang='lat' dir='ltr'><strong>circa</strong></span> <span class='ocrx_word' id='word_1_872' title='bbox 3363 4656 3420 4694; x_wconf 87' lang='lat' dir='ltr'><strong>se</strong></span> <span class='ocrx_word' id='word_1_873' title='bbox 3469 4645 3677 4696; x_wconf 86' lang='lat' dir='ltr'><strong>ostendi</strong></span> 
     </span>
    </p>
   </div>
   <div class='ocr_carea' id='block_1_108' title="bbox 2097 4723 3676 4794">
    <p class='ocr_par' dir='ltr' id='par_1_108' title="bbox 2097 4723 3676 4794">
     <span class='ocr_line' id='line_1_108' title="bbox 2097 4723 3676 4794; baseline 0.004 -17"><span class='ocrx_word' id='word_1_874' title='bbox 2097 4724 2343 4790; x_wconf 70' lang='lat' dir='ltr'><strong>maxime,</strong></span> <span class='ocrx_word' id='word_1_875' title='bbox 2377 4723 2474 4777; x_wconf 89' lang='lat' dir='ltr'><strong>nisi</strong></span> <span class='ocrx_word' id='word_1_876' title='bbox 2521 4723 2573 4778; x_wconf 92' lang='lat' dir='ltr'><strong>in</strong></span> <span class='ocrx_word' id='word_1_877' title='bbox 2620 4738 2684 4778; x_wconf 89' lang='lat' dir='ltr'><strong>co</strong></span> <span class='ocrx_word' id='word_1_878' title='bbox 2732 4724 2872 4794; x_wconf 92' lang='lat' dir='ltr'><strong>quod</strong></span> <span class='ocrx_word' id='word_1_879' title='bbox 2919 4726 2991 4780; x_wconf 91' lang='lat' dir='ltr'><strong>illi</strong></span> <span class='ocrx_word' id='word_1_880' title='bbox 3036 4728 3129 4792; x_wconf 91' lang='lat' dir='ltr'><strong>ait,</strong></span> <span class='ocrx_word' id='word_1_881' title='bbox 3172 4728 3336 4784; x_wconf 84' lang='lat' dir='ltr'><strong>Pasce</strong></span> <span class='ocrx_word' id='word_1_882' title='bbox 3385 4748 3495 4784; x_wconf 80' lang='lat' dir='ltr'><strong>oves</strong></span> <span class='ocrx_word' id='word_1_883' title='bbox 3542 4751 3676 4786; x_wconf 80' lang='lat' dir='ltr'><strong>meas</strong></span> 
     </span>
    </p>
   </div>
   <div class='ocr_carea' id='block_1_109' title="bbox 2095 4813 3676 4887">
    <p class='ocr_par' dir='ltr' id='par_1_109' title="bbox 2095 4813 3676 4887">
     <span class='ocr_line' id='line_1_109' title="bbox 2095 4813 3676 4887; baseline 0.006 -21"><span class='ocrx_word' id='word_1_884' title='bbox 2095 4815 2272 4884; x_wconf 82' lang='lat' dir='ltr'><strong>(Joan.</strong></span> <span class='ocrx_word' id='word_1_885' title='bbox 2317 4830 2428 4880; x_wconf 67' lang='lat' dir='ltr'><strong>xst,</strong></span> <span class='ocrx_word' id='word_1_886' title='bbox 2471 4814 2603 4885; x_wconf 75' lang='lat' dir='ltr'><strong>i7)?</strong></span> <span class='ocrx_word' id='word_1_887' title='bbox 2641 4813 2795 4870; x_wconf 87' lang='lat' dir='ltr'><strong>Unde</strong></span> <span class='ocrx_word' id='word_1_888' title='bbox 2833 4824 2887 4869; x_wconf 89' lang='lat' dir='ltr'><strong>et</strong></span> <span class='ocrx_word' id='word_1_889' title='bbox 2938 4816 3024 4870; x_wconf 84' lang='lat' dir='ltr'><strong>hic</strong></span> <span class='ocrx_word' id='word_1_890' title='bbox 3069 4819 3324 4887; x_wconf 87' lang='lat' dir='ltr'><strong>sequitur,</strong></span> <span class='ocrx_word' id='word_1_891' title='bbox 3367 4821 3676 4876; x_wconf 79' lang='lat' dir='ltr'><strong>Amtuntiate</strong></span> 
     </span>
    </p>
   </div>
   <div class='ocr_carea' id='block_1_110' title="bbox 2092 4903 3672 4981">
    <p class='ocr_par' dir='ltr' id='par_1_110' title="bbox 2092 4903 3672 4981">
     <span class='ocr_line' id='line_1_110' title="bbox 2092 4903 3672 4981; baseline 0.007 -25"><span class='ocrx_word' id='word_1_892' title='bbox 2092 4903 2222 4957; x_wconf 86' lang='lat' dir='ltr'><strong>inter</strong></span> <span class='ocrx_word' id='word_1_893' title='bbox 2257 4913 2429 4975; x_wconf 81' lang='lat' dir='ltr'><strong>gentes</strong></span> <span class='ocrx_word' id='word_1_894' title='bbox 2463 4920 2617 4971; x_wconf 85' lang='lat' dir='ltr'><strong>apem</strong></span> <span class='ocrx_word' id='word_1_895' title='bbox 2658 4905 2808 4975; x_wconf 82' lang='lat' dir='ltr'><strong>ejus;</strong></span> <span class='ocrx_word' id='word_1_896' title='bbox 2849 4907 2934 4961; x_wconf 87' lang='lat' dir='ltr'><strong>vel</strong></span> <span class='ocrx_word' id='word_1_897' title='bbox 2985 4909 3181 4976; x_wconf 88' lang='lat' dir='ltr'><strong>potius,</strong></span> <span class='ocrx_word' id='word_1_898' title='bbox 3217 4918 3274 4962; x_wconf 93' lang='lat' dir='ltr'><strong>ut</strong></span> <span class='ocrx_word' id='word_1_899' title='bbox 3303 4909 3369 4964; x_wconf 90' lang='lat' dir='ltr'><strong>de</strong></span> <span class='ocrx_word' id='word_1_900' title='bbox 3406 4926 3583 4981; x_wconf 68' lang='lat' dir='ltr'><strong>grteco</strong></span> <span class='ocrx_word' id='word_1_901' title='bbox 3608 4917 3672 4967; x_wconf 88' lang='lat' dir='ltr'><strong>ad</strong></span> 
     </span>
    </p>
   </div>
   <div class='ocr_carea' id='block_1_111' title="bbox 2092 4995 3672 5069">
    <p class='ocr_par' dir='ltr' id='par_1_111' title="bbox 2092 4995 3672 5069">
     <span class='ocr_line' id='line_1_111' title="bbox 2092 4995 3672 5069; baseline 0.008 -21"><span class='ocrx_word' id='word_1_902' title='bbox 2092 4995 2314 5052; x_wconf 87' lang='lat' dir='ltr'><strong>verbum</strong></span> <span class='ocrx_word' id='word_1_903' title='bbox 2345 4998 2698 5067; x_wconf 78' lang='lat' dir='ltr'><strong>exprimatur,</strong></span> <span class='ocrx_word' id='word_1_904' title='bbox 2721 4998 2863 5069; x_wconf 90' lang='lat' dir='ltr'><strong>quod</strong></span> <span class='ocrx_word' id='word_1_905' title='bbox 2895 5007 2948 5053; x_wconf 90' lang='lat' dir='ltr'><strong>ct</strong></span> <span class='ocrx_word' id='word_1_906' title='bbox 2993 5001 3081 5054; x_wconf 88' lang='lat' dir='ltr'><strong>alii</strong></span> <span class='ocrx_word' id='word_1_907' title='bbox 3131 5000 3276 5056; x_wconf 90' lang='lat' dir='ltr'><strong>latiui</strong></span> <span class='ocrx_word' id='word_1_908' title='bbox 3325 5003 3536 5060; x_wconf 88' lang='lat' dir='ltr'><strong>codices</strong></span> <span class='ocrx_word' id='word_1_909' title='bbox 3576 5007 3672 5060; x_wconf 90' lang='lat' dir='ltr'><strong>ha-</strong></span> 
     </span>
    </p>
   </div>
   <div class='ocr_carea' id='block_1_112' title="bbox 2092 5089 3674 5165">
    <p class='ocr_par' dir='ltr' id='par_1_112' title="bbox 2092 5089 3674 5165">
     <span class='ocr_line' id='line_1_112' title="bbox 2092 5089 3674 5165; baseline 0.006 -21"><span class='ocrx_word' id='word_1_910' title='bbox 2092 5089 2238 5156; x_wconf 87' lang='lat' dir='ltr'><strong>bent,</strong></span> <span class='ocrx_word' id='word_1_911' title='bbox 2265 5089 2649 5163; x_wconf 74' lang='lat' dir='ltr'><strong>Evangelizate’</strong></span> <span class='ocrx_word' id='word_1_912' title='bbox 2679 5091 2730 5145; x_wconf 90' lang='lat' dir='ltr'><strong>in</strong></span> <span class='ocrx_word' id='word_1_913' title='bbox 2759 5093 2986 5163; x_wconf 80' lang='lat' dir='ltr'><strong>gentibus</strong></span> <span class='ocrx_word' id='word_1_914' title='bbox 3009 5108 3161 5162; x_wconf 77' lang='lat' dir='ltr'><strong>Opera</strong></span> <span class='ocrx_word' id='word_1_915' title='bbox 3185 5095 3318 5164; x_wconf 85' lang='lat' dir='ltr'><strong>ejus.</strong></span> <span class='ocrx_word' id='word_1_916' title='bbox 3345 5096 3545 5165; x_wconf 88' lang='lat' dir='ltr'><strong>Quibus</strong></span> <span class='ocrx_word' id='word_1_917' title='bbox 3575 5099 3674 5153; x_wconf 90' lang='lat' dir='ltr'><strong>hoc</strong></span> 
     </span>
    </p>
   </div>
   <div class='ocr_carea' id='block_1_113' title="bbox 2091 5181 3258 5252">
    <p class='ocr_par' dir='ltr' id='par_1_113' title="bbox 2091 5181 3258 5252">
     <span class='ocr_line' id='line_1_113' title="bbox 2091 5181 3258 5252; baseline 0.002 -17"><span class='ocrx_word' id='word_1_918' title='bbox 2091 5181 2301 5247; x_wconf 90' lang='lat' dir='ltr'><strong>dicitur,</strong></span> <span class='ocrx_word' id='word_1_919' title='bbox 2336 5183 2435 5236; x_wconf 82' lang='lat' dir='ltr'><strong>nisi</strong></span> <span class='ocrx_word' id='word_1_920' title='bbox 2468 5183 2820 5252; x_wconf 71' lang='lat' dir='ltr'><strong>Ei-angelistis</strong></span> <span class='ocrx_word' id='word_1_921' title='bbox 2850 5183 2902 5235; x_wconf 88' lang='lat' dir='ltr'><strong>itt</strong></span> <span class='ocrx_word' id='word_1_922' title='bbox 2937 5182 3258 5252; x_wconf 82' lang='lat' dir='ltr'><strong>prophetia?</strong></span> 
     </span>
    </p>
   </div>
   <div class='ocr_carea' id='block_1_114' title="bbox 2159 5272 3671 5347">
    <p class='ocr_par' dir='ltr' id='par_1_114' title="bbox 2159 5272 3671 5347">
     <span class='ocr_line' id='line_1_114' title="bbox 2159 5272 3671 5347; baseline 0.007 -19"><span class='ocrx_word' id='word_1_923' title='bbox 2159 5274 2212 5328; x_wconf 73' lang='lat'><strong>2.</strong></span> <span class='ocrx_word' id='word_1_924' title='bbox 2256 5272 2416 5346; x_wconf 84' lang='lat' dir='ltr'><strong>[vers.</strong></span> <span class='ocrx_word' id='word_1_925' title='bbox 2443 5275 2498 5339; x_wconf 69' lang='lat'><strong>2,</strong></span> <span class='ocrx_word' id='word_1_926' title='bbox 2527 5273 2606 5347; x_wconf 75' lang='lat'><strong>5.]</strong></span> <span class='ocrx_word' id='word_1_927' title='bbox 2649 5274 2857 5329; x_wconf 87' lang='lat' dir='ltr'><strong>Cantate</strong></span> <span class='ocrx_word' id='word_1_928' title='bbox 2895 5276 2962 5341; x_wconf 89' lang='lat' dir='ltr'><strong>ei,</strong></span> <span class='ocrx_word' id='word_1_929' title='bbox 2995 5286 3041 5329; x_wconf 88' lang='lat' dir='ltr'><strong>ct</strong></span> <span class='ocrx_word' id='word_1_930' title='bbox 3086 5278 3285 5346; x_wconf 65' lang='lat' dir='ltr'><strong>psallite</strong></span> <span class='ocrx_word' id='word_1_931' title='bbox 3314 5282 3377 5334; x_wconf 86' lang='lat' dir='ltr'><strong>ei.</strong></span> <span class='ocrx_word' id='word_1_932' title='bbox 3417 5281 3592 5338; x_wconf 77' lang='lat' dir='ltr'><strong>Verbo</strong></span> <span class='ocrx_word' id='word_1_933' title='bbox 3619 5296 3671 5339; x_wconf 89' lang='lat' dir='ltr'><strong>et</strong></span> 
     </span>
    </p>
   </div>
   <div class='ocr_carea' id='block_1_115' title="bbox 2089 5366 3668 5442">
    <p class='ocr_par' dir='ltr' id='par_1_115' title="bbox 2089 5366 3668 5442">
     <span class='ocr_line' id='line_1_115' title="bbox 2089 5366 3668 5442; baseline 0.006 -22"><span class='ocrx_word' id='word_1_934' title='bbox 2089 5381 2250 5435; x_wconf 89' lang='lat' dir='ltr'><strong>opere</strong></span> <span class='ocrx_word' id='word_1_935' title='bbox 2280 5367 2525 5421; x_wconf 89' lang='lat' dir='ltr'><strong>laudate:</strong></span> <span class='ocrx_word' id='word_1_936' title='bbox 2555 5382 2647 5421; x_wconf 91' lang='lat' dir='ltr'><strong>ore</strong></span> <span class='ocrx_word' id='word_1_937' title='bbox 2673 5366 2867 5436; x_wconf 89' lang='lat' dir='ltr'><strong>quippe</strong></span> <span class='ocrx_word' id='word_1_938' title='bbox 2890 5377 3161 5436; x_wconf 88' lang='lat' dir='ltr'><strong>cantatur;</strong></span> <span class='ocrx_word' id='word_1_939' title='bbox 3194 5373 3445 5440; x_wconf 83' lang='lat' dir='ltr'><strong>psalterio</strong></span> <span class='ocrx_word' id='word_1_940' title='bbox 3468 5388 3668 5442; x_wconf 85' lang='lat' dir='ltr'><strong>autem,</strong></span> 
     </span>
    </p>
   </div>
   <div class='ocr_carea' id='block_1_116' title="bbox 2089 5458 3672 5528">
    <p class='ocr_par' dir='ltr' id='par_1_116' title="bbox 2089 5458 3672 5528">
     <span class='ocr_line' id='line_1_116' title="bbox 2089 5458 3672 5528; baseline 0.006 -17"><span class='ocrx_word' id='word_1_941' title='bbox 2089 5458 2192 5513; x_wconf 91' lang='lat' dir='ltr'><strong>hoc</strong></span> <span class='ocrx_word' id='word_1_942' title='bbox 2231 5467 2313 5513; x_wconf 89' lang='lat' dir='ltr'><strong>cst</strong></span> <span class='ocrx_word' id='word_1_943' title='bbox 2339 5458 2606 5520; x_wconf 88' lang='lat' dir='ltr'><strong>manibus,</strong></span> <span class='ocrx_word' id='word_1_944' title='bbox 2637 5458 2896 5528; x_wconf 83' lang='lat' dir='ltr'><strong>psallitur.</strong></span> <span class='ocrx_word' id='word_1_945' title='bbox 2942 5459 3168 5516; x_wconf 77' lang='lat' dir='ltr'><strong>Narrate</strong></span> <span class='ocrx_word' id='word_1_946' title='bbox 3214 5468 3383 5519; x_wconf 80' lang='lat' dir='ltr'><strong>omnia</strong></span> <span class='ocrx_word' id='word_1_947' title='bbox 3423 5469 3672 5521; x_wconf 81' lang='lat' dir='ltr'><strong>ntirabiliu</strong></span> 
     </span>
    </p>
   </div>
   <div class='ocr_carea' id='block_1_117' title="bbox 2087 5550 3669 5624">
    <p class='ocr_par' dir='ltr' id='par_1_117' title="bbox 2087 5550 3669 5624">
     <span class='ocr_line' id='line_1_117' title="bbox 2087 5550 3669 5624; baseline 0.005 -22"><span class='ocrx_word' id='word_1_948' title='bbox 2087 5552 2232 5621; x_wconf 79' lang='lat' dir='ltr'><strong>ejus:</strong></span> <span class='ocrx_word' id='word_1_949' title='bbox 2259 5550 2540 5603; x_wconf 86' lang='lat' dir='ltr'><strong>laudamini</strong></span> <span class='ocrx_word' id='word_1_950' title='bbox 2570 5551 2619 5603; x_wconf 88' lang='lat' dir='ltr'><strong>in</strong></span> <span class='ocrx_word' id='word_1_951' title='bbox 2656 5553 2858 5606; x_wconf 85' lang='lat' dir='ltr'><strong>nomine</strong></span> <span class='ocrx_word' id='word_1_952' title='bbox 2879 5565 3055 5608; x_wconf 84' lang='lat' dir='ltr'><strong>sancto</strong></span> <span class='ocrx_word' id='word_1_953' title='bbox 3077 5557 3201 5624; x_wconf 80' lang='lat' dir='ltr'><strong>ejus.</strong></span> <span class='ocrx_word' id='word_1_954' title='bbox 3231 5557 3456 5610; x_wconf 66' lang='lat' dir='ltr'><strong>PttsSttttl</strong></span> <span class='ocrx_word' id='word_1_955' title='bbox 3488 5560 3536 5610; x_wconf 93' lang='lat' dir='ltr'><strong>hi</strong></span> <span class='ocrx_word' id='word_1_956' title='bbox 3562 5559 3669 5612; x_wconf 88' lang='lat' dir='ltr'><strong>duo</strong></span> 
     </span>
    </p>
   </div>
   <div class='ocr_carea' id='block_1_118' title="bbox 2090 5643 3670 5717">
    <p class='ocr_par' dir='ltr' id='par_1_118' title="bbox 2090 5643 3670 5717">
     <span class='ocr_line' id='line_1_118' title="bbox 2090 5643 3670 5717; baseline 0.007 -22"><span class='ocrx_word' id='word_1_957' title='bbox 2090 5659 2272 5697; x_wconf 84' lang='lat' dir='ltr'><strong>versus</strong></span> <span class='ocrx_word' id='word_1_958' title='bbox 2297 5661 2361 5697; x_wconf 75' lang='lat' dir='ltr'><strong>ex</strong></span> <span class='ocrx_word' id='word_1_959' title='bbox 2401 5643 2609 5698; x_wconf 84' lang='lat' dir='ltr'><strong>duobus</strong></span> <span class='ocrx_word' id='word_1_960' title='bbox 2639 5645 2812 5700; x_wconf 83' lang='lat' dir='ltr'><strong>verbis</strong></span> <span class='ocrx_word' id='word_1_961' title='bbox 2858 5648 3220 5717; x_wconf 79' lang='lat' dir='ltr'><strong>superioribus</strong></span> <span class='ocrx_word' id='word_1_962' title='bbox 3247 5648 3372 5702; x_wconf 82' lang='lat' dir='ltr'><strong>dicti</strong></span> <span class='ocrx_word' id='word_1_963' title='bbox 3421 5665 3523 5704; x_wconf 93' lang='lat' dir='ltr'><strong>non</strong></span> <span class='ocrx_word' id='word_1_964' title='bbox 3577 5653 3670 5706; x_wconf 84' lang='lat' dir='ltr'><strong>ab-</strong></span> 
     </span>
    </p>
   </div>
   <div class='ocr_carea' id='block_1_119' title="bbox 2151 5804 3356 5873">
    <p class='ocr_par' dir='ltr' id='par_1_119' title="bbox 2151 5804 3356 5873">
     <span class='ocr_line' id='line_1_119' title="bbox 2151 5804 3356 5873; baseline 0.005 -24"><span class='ocrx_word' id='word_1_965' title='bbox 2151 5804 2167 5873; x_wconf 64' lang='grc' dir='ltr'><strong>ξ</strong></span> <span class='ocrx_word' id='word_1_966' title='bbox 2193 5807 2266 5849; x_wconf 83' lang='lat' dir='ltr'><strong>Er.</strong></span> <span class='ocrx_word' id='word_1_967' title='bbox 2293 5810 2410 5851; x_wconf 81' lang='lat' dir='ltr'><strong>ven.</strong></span> <span class='ocrx_word' id='word_1_968' title='bbox 2439 5809 2490 5851; x_wconf 91' lang='lat' dir='ltr'><strong>et</strong></span> <span class='ocrx_word' id='word_1_969' title='bbox 2510 5808 2640 5860; x_wconf 69' lang='grc' dir='ltr'><strong>ιον..</strong></span> <span class='ocrx_word' id='word_1_970' title='bbox 2664 5811 2957 5873; x_wconf 69' lang='lat' dir='ltr'><strong>precatorem</strong></span> <span class='ocrx_word' id='word_1_971' title='bbox 2989 5804 3202 5867; x_wconf 72' lang='lat' dir='ltr'><strong>alligant.</strong></span> <span class='ocrx_word' id='word_1_972' title='bbox 3300 5813 3356 5855; x_wconf 76' lang='lat' dir='ltr'><strong>tt.</strong></span> 
     </span>
    </p>
   </div>
   <div class='ocr_carea' id='block_1_120' title="bbox 2150 5869 2845 5924">
    <p class='ocr_par' dir='ltr' id='par_1_120' title="bbox 2150 5869 2845 5924">
     <span class='ocr_line' id='line_1_120' title="bbox 2150 5869 2845 5924; baseline 0 -11"><span class='ocrx_word' id='word_1_973' title='bbox 2150 5869 2170 5896; x_wconf 79' lang='grc'><strong><em>²</em></strong></span> <span class='ocrx_word' id='word_1_974' title='bbox 2193 5875 2370 5916; x_wconf 80' lang='lat' dir='ltr'><strong>omnes</strong></span> <span class='ocrx_word' id='word_1_975' title='bbox 2393 5873 2518 5924; x_wconf 66' lang='lat' dir='ltr'><strong>Mss,</strong></span> <span class='ocrx_word' id='word_1_976' title='bbox 2548 5869 2845 5915; x_wconf 62' lang='grc' dir='ltr'><strong>Αηιιιιηιίαιε.</strong></span> 
     </span>
    </p>
   </div>
  </div>
