  <div class='ocr_page' id='page_1' title='image "/cluster/home/n/w/nwhite01/storage/ocr_20150623/37/uva.x000827106/193.png"; bbox 0 0 4188 6478; ppageno 0'>
   <div class='ocr_carea' id='block_1_1' title="bbox 642 339 2296 424">
    <p class='ocr_par' dir='ltr' id='par_1_1' title="bbox 642 339 2292 411">
     <span class='ocr_line' id='line_1_1' title="bbox 642 339 2292 411; baseline -0.008 -2"><span class='ocrx_word' id='word_1_1' title='bbox 642 352 774 411; x_wconf 72' lang='grc'><strong>1391</strong></span> <span class='ocrx_word' id='word_1_2' title='bbox 1901 344 1954 400; x_wconf 85' lang='lat' dir='ltr'><strong>S.</strong></span> <span class='ocrx_word' id='word_1_3' title='bbox 1998 339 2292 399; x_wconf 85' lang='lat' dir='ltr'><strong>AUGUSTI</strong></span> 
     </span>
    </p>
   </div>
   <div class='ocr_carea' id='block_1_2' title="bbox 2198 339 3852 424">
    <p class='ocr_par' dir='ltr' id='par_1_2' title="bbox 2198 339 3852 424">
     <span class='ocr_line' id='line_1_2' title="bbox 2198 339 3852 424; baseline 0.015 -27"><span class='ocrx_word' id='word_1_4' title='bbox 2198 339 2363 397; x_wconf 77' lang='lat' dir='ltr'><strong>STINI</strong></span> <span class='ocrx_word' id='word_1_5' title='bbox 2406 342 2706 402; x_wconf 81' lang='lat' dir='ltr'><strong>EPISCOPI</strong></span> <span class='ocrx_word' id='word_1_6' title='bbox 3742 366 3852 424; x_wconf 66' lang='lat' dir='ltr'><strong>I592</strong></span> 
     </span>
    </p>
   </div>
   <div class='ocr_carea' id='block_1_3' title="bbox 638 462 2217 541">
    <p class='ocr_par' dir='ltr' id='par_1_3' title="bbox 638 462 2217 541">
     <span class='ocr_line' id='line_1_3' title="bbox 638 462 2217 541; baseline -0.011 -12"><span class='ocrx_word' id='word_1_7' title='bbox 638 473 800 529; x_wconf 83' lang='lat' dir='ltr'><strong>surde</strong></span> <span class='ocrx_word' id='word_1_8' title='bbox 827 472 994 528; x_wconf 87' lang='lat' dir='ltr'><strong>videri</strong></span> <span class='ocrx_word' id='word_1_9' title='bbox 1026 490 1038 527; x_wconf 92' lang='lat'>:</span> <span class='ocrx_word' id='word_1_10' title='bbox 1073 478 1128 526; x_wconf 93' lang='grc' dir='ltr'><strong>ιιι</strong></span> <span class='ocrx_word' id='word_1_11' title='bbox 1161 471 1301 541; x_wconf 90' lang='lat' dir='ltr'><strong>quod</strong></span> <span class='ocrx_word' id='word_1_12' title='bbox 1346 469 1418 523; x_wconf 89' lang='lat' dir='ltr'><strong>ait</strong></span> <span class='ocrx_word' id='word_1_13' title='bbox 1445 488 1455 521; x_wconf 91' lang='lat'>:</span> <span class='ocrx_word' id='word_1_14' title='bbox 1497 467 1716 521; x_wconf 79' lang='lat' dir='ltr'><strong>Narrate</strong></span> <span class='ocrx_word' id='word_1_15' title='bbox 1759 467 1927 519; x_wconf 83' lang='lat' dir='ltr'><strong>omnia</strong></span> <span class='ocrx_word' id='word_1_16' title='bbox 1957 462 2217 517; x_wconf 79' lang='lat' dir='ltr'><strong>mirabilia</strong></span> 
     </span>
    </p>
   </div>
   <div class='ocr_carea' id='block_1_4' title="bbox 639 561 2219 640">
    <p class='ocr_par' dir='ltr' id='par_1_4' title="bbox 639 561 2219 640">
     <span class='ocr_line' id='line_1_4' title="bbox 639 561 2219 640; baseline -0.005 -18"><span class='ocrx_word' id='word_1_17' title='bbox 639 571 770 640; x_wconf 85' lang='lat' dir='ltr'><strong>ejus,</strong></span> <span class='ocrx_word' id='word_1_18' title='bbox 809 568 1073 625; x_wconf 89' lang='lat' dir='ltr'><strong>referatur</strong></span> <span class='ocrx_word' id='word_1_19' title='bbox 1104 567 1170 622; x_wconf 89' lang='lat' dir='ltr'><strong>ad</strong></span> <span class='ocrx_word' id='word_1_20' title='bbox 1215 565 1266 622; x_wconf 98' lang='lat' dir='ltr'><strong>id</strong></span> <span class='ocrx_word' id='word_1_21' title='bbox 1308 565 1450 637; x_wconf 89' lang='lat' dir='ltr'><strong>quod</strong></span> <span class='ocrx_word' id='word_1_22' title='bbox 1493 563 1692 620; x_wconf 89' lang='lat' dir='ltr'><strong>dictum</strong></span> <span class='ocrx_word' id='word_1_23' title='bbox 1735 572 1838 628; x_wconf 90' lang='lat' dir='ltr'><strong>est,</strong></span> <span class='ocrx_word' id='word_1_24' title='bbox 1885 561 2096 616; x_wconf 87' lang='lat' dir='ltr'><strong>Cantate</strong></span> <span class='ocrx_word' id='word_1_25' title='bbox 2139 562 2219 626; x_wconf 83' lang='lat' dir='ltr'><strong>ei;</strong></span> 
     </span>
    </p>
   </div>
   <div class='ocr_carea' id='block_1_5' title="bbox 638 654 2214 729">
    <p class='ocr_par' dir='ltr' id='par_1_5' title="bbox 638 654 2214 729">
     <span class='ocr_line' id='line_1_5' title="bbox 638 654 2214 729; baseline -0.004 -17"><span class='ocrx_word' id='word_1_26' title='bbox 638 659 782 729; x_wconf 90' lang='lat' dir='ltr'><strong>quod</strong></span> <span class='ocrx_word' id='word_1_27' title='bbox 814 675 944 715; x_wconf 86' lang='lat' dir='ltr'><strong>vero</strong></span> <span class='ocrx_word' id='word_1_28' title='bbox 966 658 1222 728; x_wconf 82' lang='lat' dir='ltr'><strong>sequitur,</strong></span> <span class='ocrx_word' id='word_1_29' title='bbox 1251 657 1558 710; x_wconf 83' lang='lat' dir='ltr'><strong>Lattdamini</strong></span> <span class='ocrx_word' id='word_1_30' title='bbox 1583 656 1634 710; x_wconf 90' lang='lat' dir='ltr'><strong>in</strong></span> <span class='ocrx_word' id='word_1_31' title='bbox 1662 655 1863 710; x_wconf 87' lang='lat' dir='ltr'><strong>nomine</strong></span> <span class='ocrx_word' id='word_1_32' title='bbox 1889 664 2064 708; x_wconf 85' lang='lat' dir='ltr'><strong>sancto</strong></span> <span class='ocrx_word' id='word_1_33' title='bbox 2085 654 2214 724; x_wconf 86' lang='lat' dir='ltr'><strong>ejus,</strong></span> 
     </span>
    </p>
   </div>
   <div class='ocr_carea' id='block_1_6' title="bbox 639 742 2215 818">
    <p class='ocr_par' dir='ltr' id='par_1_6' title="bbox 639 742 2215 818">
     <span class='ocr_line' id='line_1_6' title="bbox 639 742 2215 818; baseline -0.006 -14"><span class='ocrx_word' id='word_1_34' title='bbox 639 751 902 805; x_wconf 90' lang='lat' dir='ltr'><strong>referatur</strong></span> <span class='ocrx_word' id='word_1_35' title='bbox 921 749 984 803; x_wconf 90' lang='lat' dir='ltr'><strong>ad</strong></span> <span class='ocrx_word' id='word_1_36' title='bbox 1016 749 1069 804; x_wconf 87' lang='lat' dir='ltr'><strong>id</strong></span> <span class='ocrx_word' id='word_1_37' title='bbox 1097 748 1237 818; x_wconf 92' lang='lat' dir='ltr'><strong>quod</strong></span> <span class='ocrx_word' id='word_1_38' title='bbox 1263 748 1465 802; x_wconf 88' lang='lat' dir='ltr'><strong>dictum</strong></span> <span class='ocrx_word' id='word_1_39' title='bbox 1504 757 1606 812; x_wconf 89' lang='lat' dir='ltr'><strong>est,</strong></span> <span class='ocrx_word' id='word_1_40' title='bbox 1638 745 1704 800; x_wconf 85' lang='lat' dir='ltr'><strong>Et</strong></span> <span class='ocrx_word' id='word_1_41' title='bbox 1736 745 1935 816; x_wconf 78' lang='lat' dir='ltr'><strong>psallite</strong></span> <span class='ocrx_word' id='word_1_42' title='bbox 1973 745 2020 799; x_wconf 90' lang='lat' dir='ltr'><strong>ei</strong></span> <span class='ocrx_word' id='word_1_43' title='bbox 2045 761 2060 797; x_wconf 94' lang='lat'><em>:</em></span> <span class='ocrx_word' id='word_1_44' title='bbox 2091 742 2215 796; x_wconf 89' lang='lat' dir='ltr'><strong>illud</strong></span> 
     </span>
    </p>
   </div>
   <div class='ocr_carea' id='block_1_7' title="bbox 635 837 2217 908">
    <p class='ocr_par' dir='ltr' id='par_1_7' title="bbox 635 837 2217 908">
     <span class='ocr_line' id='line_1_7' title="bbox 635 837 2217 908; baseline -0.006 -12"><span class='ocrx_word' id='word_1_45' title='bbox 635 842 837 896; x_wconf 84' lang='lat' dir='ltr'><strong>scilicet</strong></span> <span class='ocrx_word' id='word_1_46' title='bbox 865 840 931 894; x_wconf 90' lang='lat' dir='ltr'><strong>ad</strong></span> <span class='ocrx_word' id='word_1_47' title='bbox 963 840 1180 895; x_wconf 78' lang='lat' dir='ltr'><strong>verbum</strong></span> <span class='ocrx_word' id='word_1_48' title='bbox 1231 839 1446 904; x_wconf 91' lang='lat' dir='ltr'><strong>bonum,</strong></span> <span class='ocrx_word' id='word_1_49' title='bbox 1488 854 1595 908; x_wconf 91' lang='lat' dir='ltr'><strong>quo</strong></span> <span class='ocrx_word' id='word_1_50' title='bbox 1621 845 1863 892; x_wconf 76' lang='lat' dir='ltr'><strong>cantatur</strong></span> <span class='ocrx_word' id='word_1_51' title='bbox 1892 837 1961 901; x_wconf 88' lang='lat' dir='ltr'><strong>ei,</strong></span> <span class='ocrx_word' id='word_1_52' title='bbox 2004 843 2057 889; x_wconf 84' lang='lat' dir='ltr'><strong>et</strong></span> <span class='ocrx_word' id='word_1_53' title='bbox 2095 850 2217 888; x_wconf 92' lang='lat' dir='ltr'><strong>nar-</strong></span> 
     </span>
    </p>
   </div>
   <div class='ocr_carea' id='block_1_8' title="bbox 635 928 2212 1002">
    <p class='ocr_par' dir='ltr' id='par_1_8' title="bbox 635 928 2212 1002">
     <span class='ocr_line' id='line_1_8' title="bbox 635 928 2212 1002; baseline -0.005 -14"><span class='ocrx_word' id='word_1_54' title='bbox 635 943 821 988; x_wconf 80' lang='lat' dir='ltr'><strong>rantur</strong></span> <span class='ocrx_word' id='word_1_55' title='bbox 861 933 1038 988; x_wconf 87' lang='lat' dir='ltr'><strong>omnia</strong></span> <span class='ocrx_word' id='word_1_56' title='bbox 1087 932 1350 988; x_wconf 82' lang='lat' dir='ltr'><strong>mirabilia</strong></span> <span class='ocrx_word' id='word_1_57' title='bbox 1381 932 1532 1002; x_wconf 84' lang='lat' dir='ltr'><strong>ejus;</strong></span> <span class='ocrx_word' id='word_1_58' title='bbox 1584 930 1710 985; x_wconf 89' lang='lat' dir='ltr'><strong>illud</strong></span> <span class='ocrx_word' id='word_1_59' title='bbox 1743 941 1919 983; x_wconf 89' lang='lat' dir='ltr'><strong>autem</strong></span> <span class='ocrx_word' id='word_1_60' title='bbox 1963 928 2028 982; x_wconf 89' lang='lat' dir='ltr'><strong>ad</strong></span> <span class='ocrx_word' id='word_1_61' title='bbox 2078 940 2212 995; x_wconf 86' lang='lat' dir='ltr'><strong>opus</strong></span> 
     </span>
    </p>
   </div>
   <div class='ocr_carea' id='block_1_9' title="bbox 632 1021 2211 1095">
    <p class='ocr_par' dir='ltr' id='par_1_9' title="bbox 632 1021 2211 1095">
     <span class='ocr_line' id='line_1_9' title="bbox 632 1021 2211 1095; baseline -0.003 -16"><span class='ocrx_word' id='word_1_62' title='bbox 632 1025 853 1092; x_wconf 89' lang='lat' dir='ltr'><strong>bonum,</strong></span> <span class='ocrx_word' id='word_1_63' title='bbox 882 1040 989 1095; x_wconf 91' lang='lat' dir='ltr'><strong>quo</strong></span> <span class='ocrx_word' id='word_1_64' title='bbox 1033 1025 1278 1094; x_wconf 82' lang='lat' dir='ltr'><strong>psallitur</strong></span> <span class='ocrx_word' id='word_1_65' title='bbox 1323 1024 1392 1088; x_wconf 79' lang='lat' dir='ltr'><strong>ei,</strong></span> <span class='ocrx_word' id='word_1_66' title='bbox 1422 1039 1490 1078; x_wconf 88' lang='lat' dir='ltr'><strong>ne</strong></span> <span class='ocrx_word' id='word_1_67' title='bbox 1523 1023 1648 1077; x_wconf 83' lang='lat' dir='ltr'><strong>velit</strong></span> <span class='ocrx_word' id='word_1_68' title='bbox 1687 1025 1910 1092; x_wconf 89' lang='lat' dir='ltr'><strong>quisque</strong></span> <span class='ocrx_word' id='word_1_69' title='bbox 1939 1021 2006 1074; x_wconf 88' lang='lat' dir='ltr'><strong>de</strong></span> <span class='ocrx_word' id='word_1_70' title='bbox 2049 1035 2211 1089; x_wconf 77' lang='lat' dir='ltr'><strong>Opere</strong></span> 
     </span>
    </p>
   </div>
   <div class='ocr_carea' id='block_1_10' title="bbox 631 1110 2212 1187">
    <p class='ocr_par' dir='ltr' id='par_1_10' title="bbox 631 1110 2212 1187">
     <span class='ocr_line' id='line_1_10' title="bbox 631 1110 2212 1187; baseline -0.005 -18"><span class='ocrx_word' id='word_1_71' title='bbox 631 1115 772 1171; x_wconf 90' lang='lat' dir='ltr'><strong>bono</strong></span> <span class='ocrx_word' id='word_1_72' title='bbox 799 1125 1051 1187; x_wconf 88' lang='lat' dir='ltr'><strong>tanquam</strong></span> <span class='ocrx_word' id='word_1_73' title='bbox 1082 1117 1133 1170; x_wconf 89' lang='lat' dir='ltr'><strong>in</strong></span> <span class='ocrx_word' id='word_1_74' title='bbox 1161 1129 1255 1169; x_wconf 90' lang='lat' dir='ltr'><strong>sua</strong></span> <span class='ocrx_word' id='word_1_75' title='bbox 1282 1115 1478 1170; x_wconf 89' lang='lat' dir='ltr'><strong>virtute</strong></span> <span class='ocrx_word' id='word_1_76' title='bbox 1502 1113 1724 1168; x_wconf 88' lang='lat' dir='ltr'><strong>laudari.</strong></span> <span class='ocrx_word' id='word_1_77' title='bbox 1758 1113 1880 1166; x_wconf 88' lang='lat' dir='ltr'><strong>Ideo</strong></span> <span class='ocrx_word' id='word_1_78' title='bbox 1900 1127 2021 1166; x_wconf 89' lang='lat' dir='ltr'><strong>cum</strong></span> <span class='ocrx_word' id='word_1_79' title='bbox 2049 1110 2212 1164; x_wconf 54' lang='lat' dir='ltr'><strong>dixis:</strong></span> 
     </span>
    </p>
   </div>
   <div class='ocr_carea' id='block_1_11' title="bbox 628 1202 2211 1277">
    <p class='ocr_par' dir='ltr' id='par_1_11' title="bbox 628 1202 2211 1277">
     <span class='ocr_line' id='line_1_11' title="bbox 628 1202 2211 1277; baseline -0.004 -18"><span class='ocrx_word' id='word_1_80' title='bbox 628 1217 733 1273; x_wconf 90' lang='lat' dir='ltr'><strong>set,</strong></span> <span class='ocrx_word' id='word_1_81' title='bbox 778 1207 1110 1270; x_wconf 82' lang='lat' dir='ltr'><strong>Laudantini,</strong></span> <span class='ocrx_word' id='word_1_82' title='bbox 1143 1206 1284 1277; x_wconf 91' lang='lat' dir='ltr'><strong>quod</strong></span> <span class='ocrx_word' id='word_1_83' title='bbox 1314 1205 1493 1275; x_wconf 90' lang='lat' dir='ltr'><strong>utique</strong></span> <span class='ocrx_word' id='word_1_84' title='bbox 1531 1205 1665 1259; x_wconf 84' lang='lat' dir='ltr'><strong>bene</strong></span> <span class='ocrx_word' id='word_1_85' title='bbox 1705 1213 1989 1271; x_wconf 84' lang='lat' dir='ltr'><strong>operantes</strong></span> <span class='ocrx_word' id='word_1_86' title='bbox 2022 1202 2211 1255; x_wconf 89' lang='lat' dir='ltr'><strong>merito</strong></span> 
     </span>
    </p>
   </div>
   <div class='ocr_carea' id='block_1_12' title="bbox 630 1293 2208 1366">
    <p class='ocr_par' dir='ltr' id='par_1_12' title="bbox 630 1293 2208 1366">
     <span class='ocr_line' id='line_1_12' title="bbox 630 1293 2208 1366; baseline -0.007 -14"><span class='ocrx_word' id='word_1_87' title='bbox 630 1308 889 1366; x_wconf 84' lang='lat' dir='ltr'><strong>possunt;</strong></span> <span class='ocrx_word' id='word_1_88' title='bbox 932 1297 1153 1359; x_wconf 87' lang='lat' dir='ltr'><strong>addidit,</strong></span> <span class='ocrx_word' id='word_1_89' title='bbox 1194 1297 1246 1350; x_wconf 84' lang='lat' dir='ltr'><strong>in</strong></span> <span class='ocrx_word' id='word_1_90' title='bbox 1277 1298 1478 1349; x_wconf 85' lang='lat' dir='ltr'><strong>nomine</strong></span> <span class='ocrx_word' id='word_1_91' title='bbox 1503 1304 1674 1349; x_wconf 80' lang='lat' dir='ltr'><strong>sancto</strong></span> <span class='ocrx_word' id='word_1_92' title='bbox 1711 1297 1861 1364; x_wconf 88' lang='lat' dir='ltr'><strong>ejus:</strong></span> <span class='ocrx_word' id='word_1_93' title='bbox 1891 1305 1947 1346; x_wconf 92' lang='lat' dir='ltr'><strong>ut</strong></span> <span class='ocrx_word' id='word_1_94' title='bbox 1972 1293 2059 1362; x_wconf 90' lang='lat' dir='ltr'><strong>qui</strong></span> <span class='ocrx_word' id='word_1_95' title='bbox 2087 1293 2208 1362; x_wconf 86' lang='lat' dir='ltr'><strong>glo-</strong></span> 
     </span>
    </p>
   </div>
   <div class='ocr_carea' id='block_1_13' title="bbox 631 1382 2210 1454">
    <p class='ocr_par' dir='ltr' id='par_1_13' title="bbox 631 1382 2210 1454">
     <span class='ocr_line' id='line_1_13' title="bbox 631 1382 2210 1454; baseline -0.004 -14"><span class='ocrx_word' id='word_1_96' title='bbox 631 1389 815 1452; x_wconf 84' lang='lat' dir='ltr'><strong>riatur,</strong></span> <span class='ocrx_word' id='word_1_97' title='bbox 848 1388 898 1441; x_wconf 92' lang='lat' dir='ltr'><strong>in</strong></span> <span class='ocrx_word' id='word_1_98' title='bbox 950 1387 1170 1442; x_wconf 91' lang='lat' dir='ltr'><strong>Domino</strong></span> <span class='ocrx_word' id='word_1_99' title='bbox 1209 1386 1464 1454; x_wconf 84' lang='lat' dir='ltr'><strong>glorietur</strong></span> <span class='ocrx_word' id='word_1_100' title='bbox 1503 1385 1555 1454; x_wconf 95' lang='lat' dir='ltr'><strong>(l</strong></span> <span class='ocrx_word' id='word_1_101' title='bbox 1588 1383 1703 1437; x_wconf 78' lang='lat' dir='ltr'><strong>Cor.</strong></span> <span class='ocrx_word' id='word_1_102' title='bbox 1729 1401 1765 1449; x_wconf 94' lang='lat' dir='ltr'><strong>I,</strong></span> <span class='ocrx_word' id='word_1_103' title='bbox 1808 1383 1921 1454; x_wconf 80' lang='grc'>51).</span> <span class='ocrx_word' id='word_1_104' title='bbox 1953 1382 2053 1450; x_wconf 91' lang='lat' dir='ltr'><strong>Qui</strong></span> <span class='ocrx_word' id='word_1_105' title='bbox 2082 1396 2210 1450; x_wconf 85' lang='lat' dir='ltr'><strong>ergo</strong></span> 
     </span>
    </p>
   </div>
   <div class='ocr_carea' id='block_1_14' title="bbox 631 1475 2210 1546">
    <p class='ocr_par' dir='ltr' id='par_1_14' title="bbox 631 1475 2210 1546">
     <span class='ocr_line' id='line_1_14' title="bbox 631 1475 2210 1546; baseline -0.003 -14"><span class='ocrx_word' id='word_1_106' title='bbox 631 1494 737 1533; x_wconf 89' lang='lat' dir='ltr'><strong>non</strong></span> <span class='ocrx_word' id='word_1_107' title='bbox 764 1479 886 1545; x_wconf 85' lang='lat' dir='ltr'><strong>sibi,</strong></span> <span class='ocrx_word' id='word_1_108' title='bbox 913 1477 1008 1532; x_wconf 92' lang='lat' dir='ltr'><strong>sed</strong></span> <span class='ocrx_word' id='word_1_109' title='bbox 1035 1477 1084 1532; x_wconf 93' lang='lat' dir='ltr'><strong>ei</strong></span> <span class='ocrx_word' id='word_1_110' title='bbox 1109 1477 1293 1531; x_wconf 89' lang='lat' dir='ltr'><strong>volunt</strong></span> <span class='ocrx_word' id='word_1_111' title='bbox 1328 1476 1574 1546; x_wconf 76' lang='lat' dir='ltr'><strong>psallere,</strong></span> <span class='ocrx_word' id='word_1_112' title='bbox 1606 1485 1828 1529; x_wconf 88' lang='lat' dir='ltr'><strong>caveant</strong></span> <span class='ocrx_word' id='word_1_113' title='bbox 1856 1475 2030 1529; x_wconf 84' lang='lat' dir='ltr'><strong>facere</strong></span> <span class='ocrx_word' id='word_1_114' title='bbox 2055 1475 2210 1543; x_wconf 88' lang='lat' dir='ltr'><strong>justi-</strong></span> 
     </span>
    </p>
   </div>
   <div class='ocr_carea' id='block_1_15' title="bbox 625 1565 2204 1635">
    <p class='ocr_par' dir='ltr' id='par_1_15' title="bbox 625 1565 2204 1635">
     <span class='ocr_line' id='line_1_15' title="bbox 625 1565 2204 1635; baseline -0.003 -12"><span class='ocrx_word' id='word_1_115' title='bbox 625 1571 753 1624; x_wconf 82' lang='lat' dir='ltr'><strong>tiam</strong></span> <span class='ocrx_word' id='word_1_116' title='bbox 794 1585 945 1624; x_wconf 86' lang='lat' dir='ltr'><strong>suam</strong></span> <span class='ocrx_word' id='word_1_117' title='bbox 975 1584 1156 1624; x_wconf 88' lang='lat' dir='ltr'><strong>coram</strong></span> <span class='ocrx_word' id='word_1_118' title='bbox 1200 1566 1527 1635; x_wconf 80' lang='lat' dir='ltr'><strong>hominibus,</strong></span> <span class='ocrx_word' id='word_1_119' title='bbox 1578 1578 1632 1621; x_wconf 92' lang='grc' dir='ltr'><strong>ιιι</strong></span> <span class='ocrx_word' id='word_1_120' title='bbox 1679 1567 1954 1621; x_wconf 86' lang='lat' dir='ltr'><strong>videantur</strong></span> <span class='ocrx_word' id='word_1_121' title='bbox 1998 1565 2066 1620; x_wconf 92' lang='lat' dir='ltr'><strong>ab</strong></span> <span class='ocrx_word' id='word_1_122' title='bbox 2095 1566 2204 1629; x_wconf 68' lang='lat' dir='ltr'><strong>eis;</strong></span> 
     </span>
    </p>
   </div>
   <div class='ocr_carea' id='block_1_16' title="bbox 624 1658 2206 1732">
    <p class='ocr_par' dir='ltr' id='par_1_16' title="bbox 624 1658 2206 1732">
     <span class='ocr_line' id='line_1_16' title="bbox 624 1658 2206 1732; baseline -0.001 -18"><span class='ocrx_word' id='word_1_123' title='bbox 624 1661 854 1732; x_wconf 88' lang='lat' dir='ltr'><strong>alioquin</strong></span> <span class='ocrx_word' id='word_1_124' title='bbox 897 1660 1196 1716; x_wconf 80' lang='lat' dir='ltr'><strong>mercedem</strong></span> <span class='ocrx_word' id='word_1_125' title='bbox 1245 1677 1348 1714; x_wconf 91' lang='lat' dir='ltr'><strong>non</strong></span> <span class='ocrx_word' id='word_1_126' title='bbox 1379 1659 1650 1714; x_wconf 85' lang='lat' dir='ltr'><strong>habebunt</strong></span> <span class='ocrx_word' id='word_1_127' title='bbox 1689 1659 1826 1729; x_wconf 87' lang='lat' dir='ltr'><strong>apud</strong></span> <span class='ocrx_word' id='word_1_128' title='bbox 1847 1658 2088 1721; x_wconf 75' lang='lat' dir='ltr'><strong>Patrem,</strong></span> <span class='ocrx_word' id='word_1_129' title='bbox 2119 1658 2206 1727; x_wconf 90' lang='lat' dir='ltr'><strong>qui</strong></span> 
     </span>
    </p>
   </div>
   <div class='ocr_carea' id='block_1_17' title="bbox 624 1751 2203 1824">
    <p class='ocr_par' dir='ltr' id='par_1_17' title="bbox 624 1751 2203 1824">
     <span class='ocr_line' id='line_1_17' title="bbox 624 1751 2203 1824; baseline -0.005 -16"><span class='ocrx_word' id='word_1_130' title='bbox 624 1755 674 1808; x_wconf 94' lang='lat' dir='ltr'><strong>in</strong></span> <span class='ocrx_word' id='word_1_131' title='bbox 704 1753 857 1809; x_wconf 82' lang='lat' dir='ltr'><strong>caelis</strong></span> <span class='ocrx_word' id='word_1_132' title='bbox 884 1763 965 1808; x_wconf 82' lang='lat' dir='ltr'><strong>est</strong></span> <span class='ocrx_word' id='word_1_133' title='bbox 991 1753 1203 1824; x_wconf 79' lang='lat' dir='ltr'><strong>(Matth.</strong></span> <span class='ocrx_word' id='word_1_134' title='bbox 1237 1769 1308 1819; x_wconf 83' lang='lat' dir='ltr'><strong>vt,</strong></span> <span class='ocrx_word' id='word_1_135' title='bbox 1341 1751 1432 1823; x_wconf 82' lang='lat' dir='ltr'><strong>I):</strong></span> <span class='ocrx_word' id='word_1_136' title='bbox 1470 1751 1561 1806; x_wconf 91' lang='lat' dir='ltr'><strong>sed</strong></span> <span class='ocrx_word' id='word_1_137' title='bbox 1599 1751 1809 1806; x_wconf 88' lang='lat' dir='ltr'><strong>luceant</strong></span> <span class='ocrx_word' id='word_1_138' title='bbox 1834 1765 1993 1820; x_wconf 86' lang='lat' dir='ltr'><strong>opera</strong></span> <span class='ocrx_word' id='word_1_139' title='bbox 2021 1765 2203 1803; x_wconf 79' lang='lat' dir='ltr'><strong>eorum</strong></span> 
     </span>
    </p>
   </div>
   <div class='ocr_carea' id='block_1_18' title="bbox 625 1839 2206 1912">
    <p class='ocr_par' dir='ltr' id='par_1_18' title="bbox 625 1839 2206 1912">
     <span class='ocr_line' id='line_1_18' title="bbox 625 1839 2206 1912; baseline -0.002 -15"><span class='ocrx_word' id='word_1_140' title='bbox 625 1859 805 1898; x_wconf 88' lang='lat' dir='ltr'><strong>coram</strong></span> <span class='ocrx_word' id='word_1_141' title='bbox 837 1842 1164 1907; x_wconf 83' lang='lat' dir='ltr'><strong>hominibus,</strong></span> <span class='ocrx_word' id='word_1_142' title='bbox 1197 1859 1301 1896; x_wconf 91' lang='lat' dir='ltr'><strong>non</strong></span> <span class='ocrx_word' id='word_1_143' title='bbox 1343 1857 1408 1897; x_wconf 89' lang='lat' dir='ltr'><strong>eo</strong></span> <span class='ocrx_word' id='word_1_144' title='bbox 1458 1842 1562 1895; x_wconf 87' lang='lat' dir='ltr'><strong>ﬁne</strong></span> <span class='ocrx_word' id='word_1_145' title='bbox 1593 1850 1649 1895; x_wconf 93' lang='lat' dir='ltr'><strong>ut</strong></span> <span class='ocrx_word' id='word_1_146' title='bbox 1693 1841 1794 1912; x_wconf 84' lang='lat' dir='ltr'><strong>ipsi</strong></span> <span class='ocrx_word' id='word_1_147' title='bbox 1843 1839 2115 1894; x_wconf 85' lang='lat' dir='ltr'><strong>videantur</strong></span> <span class='ocrx_word' id='word_1_148' title='bbox 2140 1839 2206 1894; x_wconf 88' lang='lat' dir='ltr'><strong>ab</strong></span> 
     </span>
    </p>
   </div>
   <div class='ocr_carea' id='block_1_19' title="bbox 621 1930 2206 2001">
    <p class='ocr_par' dir='ltr' id='par_1_19' title="bbox 621 1930 2206 2001">
     <span class='ocr_line' id='line_1_19' title="bbox 621 1930 2206 2001; baseline -0.003 -14"><span class='ocrx_word' id='word_1_149' title='bbox 621 1935 719 2000; x_wconf 83' lang='lat' dir='ltr'><strong>eis,</strong></span> <span class='ocrx_word' id='word_1_150' title='bbox 747 1932 840 1987; x_wconf 88' lang='lat' dir='ltr'><strong>sed</strong></span> <span class='ocrx_word' id='word_1_151' title='bbox 870 1941 927 1986; x_wconf 88' lang='lat' dir='ltr'><strong>ut.</strong></span> <span class='ocrx_word' id='word_1_152' title='bbox 955 1931 1174 1987; x_wconf 83' lang='lat' dir='ltr'><strong>videant</strong></span> <span class='ocrx_word' id='word_1_153' title='bbox 1202 1932 1340 1986; x_wconf 92' lang='lat' dir='ltr'><strong>bona</strong></span> <span class='ocrx_word' id='word_1_154' title='bbox 1383 1947 1541 2001; x_wconf 81' lang='lat' dir='ltr'><strong>opera</strong></span> <span class='ocrx_word' id='word_1_155' title='bbox 1573 1946 1779 1993; x_wconf 90' lang='lat' dir='ltr'><strong>eorum,</strong></span> <span class='ocrx_word' id='word_1_156' title='bbox 1811 1937 1865 1984; x_wconf 94' lang='lat' dir='ltr'><strong>et</strong></span> <span class='ocrx_word' id='word_1_157' title='bbox 1908 1930 2206 2000; x_wconf 86' lang='lat' dir='ltr'><strong>gloriﬁcent</strong></span> 
     </span>
    </p>
   </div>
   <div class='ocr_carea' id='block_1_20' title="bbox 623 2022 2205 2096">
    <p class='ocr_par' dir='ltr' id='par_1_20' title="bbox 623 2022 2205 2096">
     <span class='ocr_line' id='line_1_20' title="bbox 623 2022 2205 2096; baseline -0.004 -16"><span class='ocrx_word' id='word_1_158' title='bbox 623 2027 836 2081; x_wconf 82' lang='lat' dir='ltr'><strong>Patrem</strong></span> <span class='ocrx_word' id='word_1_159' title='bbox 877 2041 1083 2093; x_wconf 84' lang='lat' dir='ltr'><strong>eorum,</strong></span> <span class='ocrx_word' id='word_1_160' title='bbox 1114 2025 1203 2096; x_wconf 89' lang='lat' dir='ltr'><strong>qui</strong></span> <span class='ocrx_word' id='word_1_161' title='bbox 1250 2025 1300 2079; x_wconf 92' lang='lat' dir='ltr'><strong>in</strong></span> <span class='ocrx_word' id='word_1_162' title='bbox 1328 2025 1478 2080; x_wconf 89' lang='lat' dir='ltr'><strong>coeIis</strong></span> <span class='ocrx_word' id='word_1_163' title='bbox 1509 2032 1590 2078; x_wconf 82' lang='lat' dir='ltr'><strong>est</strong></span> <span class='ocrx_word' id='word_1_164' title='bbox 1620 2023 1730 2095; x_wconf 89' lang='lat' dir='ltr'><strong>(ld.</strong></span> <span class='ocrx_word' id='word_1_165' title='bbox 1759 2039 1814 2088; x_wconf 91' lang='lat' dir='ltr'><strong>v,</strong></span> <span class='ocrx_word' id='word_1_166' title='bbox 1845 2022 1952 2093; x_wconf 85' lang='grc'><strong>16).</strong></span> <span class='ocrx_word' id='word_1_167' title='bbox 1987 2022 2096 2076; x_wconf 92' lang='lat' dir='ltr'><strong>Iloc</strong></span> <span class='ocrx_word' id='word_1_168' title='bbox 2123 2031 2205 2077; x_wconf 92' lang='lat' dir='ltr'><strong>est</strong></span> 
     </span>
    </p>
   </div>
   <div class='ocr_carea' id='block_1_21' title="bbox 623 2112 2203 2183">
    <p class='ocr_par' dir='ltr' id='par_1_21' title="bbox 623 2112 2203 2183">
     <span class='ocr_line' id='line_1_21' title="bbox 623 2112 2203 2183; baseline -0.003 -13"><span class='ocrx_word' id='word_1_169' title='bbox 623 2116 825 2170; x_wconf 88' lang='lat' dir='ltr'><strong>laudari</strong></span> <span class='ocrx_word' id='word_1_170' title='bbox 851 2116 902 2170; x_wconf 85' lang='lat' dir='ltr'><strong>in</strong></span> <span class='ocrx_word' id='word_1_171' title='bbox 931 2116 1144 2169; x_wconf 83' lang='lat' dir='ltr'><strong>nomine</strong></span> <span class='ocrx_word' id='word_1_172' title='bbox 1171 2122 1358 2169; x_wconf 76' lang='lat' dir='ltr'><strong>saneto</strong></span> <span class='ocrx_word' id='word_1_173' title='bbox 1383 2114 1516 2183; x_wconf 86' lang='lat' dir='ltr'><strong>ejus.</strong></span> <span class='ocrx_word' id='word_1_174' title='bbox 1534 2112 1694 2168; x_wconf 83' lang='lat' dir='ltr'><strong>Unde</strong></span> <span class='ocrx_word' id='word_1_175' title='bbox 1715 2122 1768 2168; x_wconf 86' lang='lat' dir='ltr'><strong>et</strong></span> <span class='ocrx_word' id='word_1_176' title='bbox 1795 2115 1844 2166; x_wconf 93' lang='lat' dir='ltr'><strong>in</strong></span> <span class='ocrx_word' id='word_1_177' title='bbox 1872 2113 1978 2166; x_wconf 85' lang='lat' dir='ltr'><strong>alio</strong></span> <span class='ocrx_word' id='word_1_178' title='bbox 2003 2112 2203 2182; x_wconf 67' lang='lat' dir='ltr'><strong>psalmo</strong></span> 
     </span>
    </p>
   </div>
   <div class='ocr_carea' id='block_1_22' title="bbox 622 2202 2202 2276">
    <p class='ocr_par' dir='ltr' id='par_1_22' title="bbox 622 2202 2202 2276">
     <span class='ocr_line' id='line_1_22' title="bbox 622 2202 2202 2276; baseline -0.001 -18"><span class='ocrx_word' id='word_1_179' title='bbox 622 2206 810 2276; x_wconf 86' lang='lat' dir='ltr'><strong>legitur</strong></span> <span class='ocrx_word' id='word_1_180' title='bbox 842 2223 855 2260; x_wconf 90' lang='lat'><strong>:</strong></span> <span class='ocrx_word' id='word_1_181' title='bbox 888 2202 952 2259; x_wconf 84' lang='lat' dir='ltr'><strong>In</strong></span> <span class='ocrx_word' id='word_1_182' title='bbox 995 2204 1215 2259; x_wconf 88' lang='lat' dir='ltr'><strong>Domino</strong></span> <span class='ocrx_word' id='word_1_183' title='bbox 1259 2204 1554 2259; x_wconf 83' lang='lat' dir='ltr'><strong>laudabitur</strong></span> <span class='ocrx_word' id='word_1_184' title='bbox 1597 2203 1767 2256; x_wconf 88' lang='lat' dir='ltr'><strong>anima</strong></span> <span class='ocrx_word' id='word_1_185' title='bbox 1806 2219 1954 2268; x_wconf 85' lang='lat' dir='ltr'><strong>mea;</strong></span> <span class='ocrx_word' id='word_1_186' title='bbox 1992 2203 2202 2256; x_wconf 85' lang='lat' dir='ltr'><strong>audiant</strong></span> 
     </span>
    </p>
   </div>
   <div class='ocr_carea' id='block_1_23' title="bbox 631 2294 2201 2367">
    <p class='ocr_par' dir='ltr' id='par_1_23' title="bbox 631 2294 2201 2367">
     <span class='ocr_line' id='line_1_23' title="bbox 631 2294 2201 2367; baseline -0.001 -17"><span class='ocrx_word' id='word_1_187' title='bbox 631 2297 796 2362; x_wconf 88' lang='lat' dir='ltr'><strong>mites,</strong></span> <span class='ocrx_word' id='word_1_188' title='bbox 841 2306 889 2350; x_wconf 93' lang='lat' dir='ltr'><strong>et</strong></span> <span class='ocrx_word' id='word_1_189' title='bbox 906 2297 1255 2367; x_wconf 86' lang='lat' dir='ltr'><strong>jucundentttr</strong></span> <span class='ocrx_word' id='word_1_190' title='bbox 1287 2295 1456 2366; x_wconf 87' lang='lat' dir='ltr'><strong>(Psal.</strong></span> <span class='ocrx_word' id='word_1_191' title='bbox 1482 2311 1666 2360; x_wconf 75' lang='lat' dir='ltr'><strong>xxsm,</strong></span> <span class='ocrx_word' id='word_1_192' title='bbox 1688 2295 1744 2362; x_wconf 70' lang='lat'><strong>2,</strong></span> <span class='ocrx_word' id='word_1_193' title='bbox 1768 2296 1843 2366; x_wconf 79' lang='lat'><strong>5).</strong></span> <span class='ocrx_word' id='word_1_194' title='bbox 1869 2295 2018 2361; x_wconf 85' lang='lat' dir='ltr'><strong>Quod</strong></span> <span class='ocrx_word' id='word_1_195' title='bbox 2042 2305 2094 2349; x_wconf 88' lang='lat' dir='ltr'><strong>et</strong></span> <span class='ocrx_word' id='word_1_196' title='bbox 2117 2294 2201 2349; x_wconf 90' lang='lat' dir='ltr'><strong>hic</strong></span> 
     </span>
    </p>
   </div>
   <div class='ocr_carea' id='block_1_24' title="bbox 619 2385 2197 2459">
    <p class='ocr_par' dir='ltr' id='par_1_24' title="bbox 619 2385 2197 2459">
     <span class='ocr_line' id='line_1_24' title="bbox 619 2385 2197 2459; baseline -0.003 -15"><span class='ocrx_word' id='word_1_197' title='bbox 619 2388 1011 2458; x_wconf 89' lang='lat' dir='ltr'><strong>quodammodo</strong></span> <span class='ocrx_word' id='word_1_198' title='bbox 1041 2388 1294 2459; x_wconf 84' lang='lat' dir='ltr'><strong>sequitur,</strong></span> <span class='ocrx_word' id='word_1_199' title='bbox 1326 2387 1543 2442; x_wconf 68' lang='lat' dir='ltr'><strong>La&#39;tetur</strong></span> <span class='ocrx_word' id='word_1_200' title='bbox 1585 2404 1670 2440; x_wconf 88' lang='lat' dir='ltr'><strong>cor</strong></span> <span class='ocrx_word' id='word_1_201' title='bbox 1714 2387 2041 2456; x_wconf 79' lang='lat' dir='ltr'><strong>quwreutium</strong></span> <span class='ocrx_word' id='word_1_202' title='bbox 2088 2385 2197 2440; x_wconf 89' lang='lat' dir='ltr'><strong>Do-</strong></span> 
     </span>
    </p>
   </div>
   <div class='ocr_carea' id='block_1_25' title="bbox 619 2479 2200 2550">
    <p class='ocr_par' dir='ltr' id='par_1_25' title="bbox 619 2479 2200 2550">
     <span class='ocr_line' id='line_1_25' title="bbox 619 2479 2200 2550; baseline 0.001 -18"><span class='ocrx_word' id='word_1_203' title='bbox 619 2481 810 2534; x_wconf 84' lang='lat' dir='ltr'><strong>minum</strong></span> <span class='ocrx_word' id='word_1_204' title='bbox 849 2496 867 2534; x_wconf 92' lang='lat'><strong><em>:</em></strong></span> <span class='ocrx_word' id='word_1_205' title='bbox 899 2481 975 2536; x_wconf 93' lang='lat' dir='ltr'><strong>sic</strong></span> <span class='ocrx_word' id='word_1_206' title='bbox 1014 2481 1157 2536; x_wconf 90' lang='lat' dir='ltr'><strong>enim</strong></span> <span class='ocrx_word' id='word_1_207' title='bbox 1185 2481 1340 2536; x_wconf 90' lang='lat' dir='ltr'><strong>mites</strong></span> <span class='ocrx_word' id='word_1_208' title='bbox 1362 2479 1740 2550; x_wconf 83' lang='lat' dir='ltr'><strong>jucundantur,</strong></span> <span class='ocrx_word' id='word_1_209' title='bbox 1765 2480 1850 2550; x_wconf 91' lang='lat' dir='ltr'><strong>qui</strong></span> <span class='ocrx_word' id='word_1_210' title='bbox 1884 2496 1990 2534; x_wconf 86' lang='lat' dir='ltr'><strong>non</strong></span> <span class='ocrx_word' id='word_1_211' title='bbox 2019 2495 2200 2534; x_wconf 85' lang='lat' dir='ltr'><strong>amaro</strong></span> 
     </span>
    </p>
   </div>
   <div class='ocr_carea' id='block_1_26' title="bbox 620 2571 1830 2642">
    <p class='ocr_par' dir='ltr' id='par_1_26' title="bbox 620 2571 1830 2642">
     <span class='ocr_line' id='line_1_26' title="bbox 620 2571 1830 2642; baseline 0.002 -19"><span class='ocrx_word' id='word_1_212' title='bbox 620 2571 738 2627; x_wconf 80' lang='lat' dir='ltr'><strong>zelo</strong></span> <span class='ocrx_word' id='word_1_213' title='bbox 765 2587 857 2627; x_wconf 90' lang='lat' dir='ltr'><strong>eos</strong></span> <span class='ocrx_word' id='word_1_214' title='bbox 880 2571 990 2642; x_wconf 88' lang='lat' dir='ltr'><strong>jam</strong></span> <span class='ocrx_word' id='word_1_215' title='bbox 1023 2571 1158 2627; x_wconf 90' lang='lat' dir='ltr'><strong>bene</strong></span> <span class='ocrx_word' id='word_1_216' title='bbox 1183 2583 1466 2642; x_wconf 88' lang='lat' dir='ltr'><strong>Operantes</strong></span> <span class='ocrx_word' id='word_1_217' title='bbox 1494 2571 1830 2626; x_wconf 64' lang='lat' dir='ltr'><strong>temulentum</strong></span> 
     </span>
    </p>
   </div>
   <div class='ocr_carea' id='block_1_27' title="bbox 687 2662 2200 2736">
    <p class='ocr_par' dir='ltr' id='par_1_27' title="bbox 687 2662 2200 2736">
     <span class='ocr_line' id='line_1_27' title="bbox 687 2662 2200 2736; baseline -0.001 -16"><span class='ocrx_word' id='word_1_218' title='bbox 687 2665 743 2720; x_wconf 80' lang='lat'><strong>3.</strong></span> <span class='ocrx_word' id='word_1_219' title='bbox 773 2662 921 2736; x_wconf 65' lang='lat' dir='ltr'><strong>[rem</strong></span> <span class='ocrx_word' id='word_1_220' title='bbox 950 2663 1028 2736; x_wconf 78' lang='grc'><strong>4.]</strong></span> <span class='ocrx_word' id='word_1_221' title='bbox 1059 2664 1280 2728; x_wconf 80' lang='lat' dir='ltr'><strong>anrite</strong></span> <span class='ocrx_word' id='word_1_222' title='bbox 1307 2663 1600 2730; x_wconf 80' lang='lat' dir='ltr'><strong>Dominum,</strong></span> <span class='ocrx_word' id='word_1_223' title='bbox 1621 2673 1666 2718; x_wconf 90' lang='lat' dir='ltr'><strong>et</strong></span> <span class='ocrx_word' id='word_1_224' title='bbox 1691 2663 2067 2734; x_wconf 78' lang='lat' dir='ltr'><strong>eonfortamini.</strong></span> <span class='ocrx_word' id='word_1_225' title='bbox 2090 2663 2200 2720; x_wconf 86' lang='lat' dir='ltr'><strong>Iloc</strong></span> 
     </span>
    </p>
   </div>
   <div class='ocr_carea' id='block_1_28' title="bbox 618 2754 2196 2825">
    <p class='ocr_par' dir='ltr' id='par_1_28' title="bbox 618 2754 2196 2825">
     <span class='ocr_line' id='line_1_28' title="bbox 618 2754 2196 2825; baseline -0.001 -15"><span class='ocrx_word' id='word_1_226' title='bbox 618 2755 761 2810; x_wconf 84' lang='lat' dir='ltr'><strong>enim</strong></span> <span class='ocrx_word' id='word_1_227' title='bbox 788 2754 855 2809; x_wconf 92' lang='lat' dir='ltr'><strong>dc</strong></span> <span class='ocrx_word' id='word_1_228' title='bbox 879 2770 1053 2825; x_wconf 58' lang='lat' dir='ltr'><strong>gra‘co</strong></span> <span class='ocrx_word' id='word_1_229' title='bbox 1097 2756 1402 2825; x_wconf 75' lang='lat' dir='ltr'><strong>expressius</strong></span> <span class='ocrx_word' id='word_1_230' title='bbox 1443 2755 1846 2825; x_wconf 80' lang='lat' dir='ltr'><strong>interpretatum</strong></span> <span class='ocrx_word' id='word_1_231' title='bbox 1875 2764 1976 2813; x_wconf 87' lang='lat' dir='ltr'><strong>est.</strong></span> <span class='ocrx_word' id='word_1_232' title='bbox 2009 2773 2196 2825; x_wconf 46' lang='lat' dir='ltr'><strong>quam.</strong></span> 
     </span>
    </p>
   </div>
   <div class='ocr_carea' id='block_1_29' title="bbox 619 2845 2201 2900">
    <p class='ocr_par' dir='ltr' id='par_1_29' title="bbox 619 2845 2201 2900">
     <span class='ocr_line' id='line_1_29' title="bbox 619 2845 2201 2900; baseline 0 -3"><span class='ocrx_word' id='word_1_233' title='bbox 619 2845 698 2898; x_wconf 74' lang='lat' dir='ltr'><strong>vis</strong></span> <span class='ocrx_word' id='word_1_234' title='bbox 724 2845 940 2900; x_wconf 86' lang='lat' dir='ltr'><strong>verbum</strong></span> <span class='ocrx_word' id='word_1_235' title='bbox 972 2845 1145 2900; x_wconf 91' lang='lat' dir='ltr'><strong>minus</strong></span> <span class='ocrx_word' id='word_1_236' title='bbox 1192 2846 1408 2900; x_wconf 90' lang='lat' dir='ltr'><strong>latinum</strong></span> <span class='ocrx_word' id='word_1_237' title='bbox 1437 2845 1679 2899; x_wconf 81' lang='lat' dir='ltr'><strong>videatur</strong></span> <span class='ocrx_word' id='word_1_238' title='bbox 1703 2863 1715 2898; x_wconf 92' lang='lat'>:</span> <span class='ocrx_word' id='word_1_239' title='bbox 1747 2845 1886 2900; x_wconf 90' lang='lat' dir='ltr'><strong>unde</strong></span> <span class='ocrx_word' id='word_1_240' title='bbox 1915 2855 1966 2900; x_wconf 92' lang='lat' dir='ltr'><strong>et</strong></span> <span class='ocrx_word' id='word_1_241' title='bbox 1995 2845 2081 2900; x_wconf 80' lang='lat' dir='ltr'><strong>alii</strong></span> <span class='ocrx_word' id='word_1_242' title='bbox 2109 2863 2201 2900; x_wconf 83' lang='lat' dir='ltr'><strong>co-</strong></span> 
     </span>
    </p>
   </div>
   <div class='ocr_carea' id='block_1_30' title="bbox 619 2936 2200 3006">
    <p class='ocr_par' dir='ltr' id='par_1_30' title="bbox 619 2936 2200 3006">
     <span class='ocr_line' id='line_1_30' title="bbox 619 2936 2200 3006; baseline 0.003 -16"><span class='ocrx_word' id='word_1_243' title='bbox 619 2936 766 2992; x_wconf 91' lang='lat' dir='ltr'><strong>dices</strong></span> <span class='ocrx_word' id='word_1_244' title='bbox 817 2937 1046 3002; x_wconf 86' lang='lat' dir='ltr'><strong>habent,</strong></span> <span class='ocrx_word' id='word_1_245' title='bbox 1094 2938 1497 3006; x_wconf 80' lang='lat' dir='ltr'><strong>conﬁrmamini;</strong></span> <span class='ocrx_word' id='word_1_246' title='bbox 1542 2938 1662 3002; x_wconf 83' lang='lat' dir='ltr'><strong>alii,</strong></span> <span class='ocrx_word' id='word_1_247' title='bbox 1696 2939 2102 2992; x_wconf 83' lang='lat' dir='ltr'><strong>corroboramini.</strong></span> <span class='ocrx_word' id='word_1_248' title='bbox 2135 2939 2200 2994; x_wconf 76' lang='lat' dir='ltr'><strong>Et</strong></span> 
     </span>
    </p>
   </div>
   <div class='ocr_carea' id='block_1_31' title="bbox 617 3027 2195 3101">
    <p class='ocr_par' dir='ltr' id='par_1_31' title="bbox 617 3027 2195 3101">
     <span class='ocr_line' id='line_1_31' title="bbox 617 3027 2195 3101; baseline 0.003 -21"><span class='ocrx_word' id='word_1_249' title='bbox 617 3027 811 3097; x_wconf 84' lang='lat' dir='ltr'><strong>quippe</strong></span> <span class='ocrx_word' id='word_1_250' title='bbox 856 3027 1086 3093; x_wconf 88' lang='lat' dir='ltr'><strong>dicitur,</strong></span> <span class='ocrx_word' id='word_1_251' title='bbox 1135 3027 1404 3081; x_wconf 79' lang='lat' dir='ltr'><strong>Fortitudo</strong></span> <span class='ocrx_word' id='word_1_252' title='bbox 1450 3045 1558 3081; x_wconf 88' lang='lat' dir='ltr'><strong>mea</strong></span> <span class='ocrx_word' id='word_1_253' title='bbox 1589 3028 1757 3099; x_wconf 81' lang='lat' dir='ltr'><strong>(Psal.</strong></span> <span class='ocrx_word' id='word_1_254' title='bbox 1801 3046 1951 3095; x_wconf 79' lang='lat' dir='ltr'><strong>xvii,</strong></span> <span class='ocrx_word' id='word_1_255' title='bbox 1979 3030 2059 3101; x_wconf 74' lang='lat'><strong>9.);</strong></span> <span class='ocrx_word' id='word_1_256' title='bbox 2104 3042 2154 3085; x_wconf 91' lang='lat' dir='ltr'><strong>et</strong></span> <span class='ocrx_word' id='word_1_257' title='bbox 2182 3072 2195 3095; x_wconf 87' lang='lat'><strong>,</strong></span> 
     </span>
    </p>
   </div>
   <div class='ocr_carea' id='block_1_32' title="bbox 617 3115 2194 3191">
    <p class='ocr_par' dir='ltr' id='par_1_32' title="bbox 617 3115 2194 3191">
     <span class='ocr_line' id='line_1_32' title="bbox 617 3115 2194 3191; baseline 0.003 -21"><span class='ocrx_word' id='word_1_258' title='bbox 617 3115 991 3172; x_wconf 79' lang='lat' dir='ltr'><strong>Fortitudinem</strong></span> <span class='ocrx_word' id='word_1_259' title='bbox 1022 3135 1182 3171; x_wconf 84' lang='lat' dir='ltr'><strong>nteant</strong></span> <span class='ocrx_word' id='word_1_260' title='bbox 1211 3121 1278 3170; x_wconf 92' lang='lat' dir='ltr'><strong>ad</strong></span> <span class='ocrx_word' id='word_1_261' title='bbox 1308 3127 1354 3172; x_wconf 85' lang='lat' dir='ltr'><strong>te</strong></span> <span class='ocrx_word' id='word_1_262' title='bbox 1374 3119 1651 3172; x_wconf 81' lang='lat' dir='ltr'><strong>custodiam</strong></span> <span class='ocrx_word' id='word_1_263' title='bbox 1685 3117 1850 3190; x_wconf 82' lang='lat' dir='ltr'><strong>(Psal.</strong></span> <span class='ocrx_word' id='word_1_264' title='bbox 1879 3136 1998 3174; x_wconf 82' lang='lat' dir='ltr'><strong>LvIII</strong></span> <span class='ocrx_word' id='word_1_265' title='bbox 2020 3163 2033 3187; x_wconf 89' lang='lat'><strong>,</strong></span> <span class='ocrx_word' id='word_1_266' title='bbox 2068 3120 2151 3191; x_wconf 88' lang='lat' dir='ltr'><strong>I0)</strong></span> <span class='ocrx_word' id='word_1_267' title='bbox 2182 3139 2194 3174; x_wconf 92' lang='lat'><strong>:</strong></span> 
     </span>
    </p>
   </div>
   <div class='ocr_carea' id='block_1_33' title="bbox 615 3210 2199 3282">
    <p class='ocr_par' dir='ltr' id='par_1_33' title="bbox 615 3210 2199 3282">
     <span class='ocr_line' id='line_1_33' title="bbox 615 3210 2199 3282; baseline 0.002 -18"><span class='ocrx_word' id='word_1_268' title='bbox 615 3220 674 3264; x_wconf 89' lang='lat' dir='ltr'><strong>ut</strong></span> <span class='ocrx_word' id='word_1_269' title='bbox 719 3223 840 3265; x_wconf 89' lang='lat' dir='ltr'><strong>eum</strong></span> <span class='ocrx_word' id='word_1_270' title='bbox 870 3211 1158 3282; x_wconf 67' lang='lat' dir='ltr'><strong>qurerendo</strong></span> <span class='ocrx_word' id='word_1_271' title='bbox 1201 3219 1358 3282; x_wconf 86' lang='lat' dir='ltr'><strong>atque</strong></span> <span class='ocrx_word' id='word_1_272' title='bbox 1380 3211 1444 3265; x_wconf 90' lang='lat' dir='ltr'><strong>ad</strong></span> <span class='ocrx_word' id='word_1_273' title='bbox 1477 3228 1597 3266; x_wconf 90' lang='lat' dir='ltr'><strong>cum</strong></span> <span class='ocrx_word' id='word_1_274' title='bbox 1630 3210 1970 3278; x_wconf 77' lang='lat' dir='ltr'><strong>accedendo,</strong></span> <span class='ocrx_word' id='word_1_275' title='bbox 2001 3223 2048 3267; x_wconf 88' lang='lat' dir='ltr'><strong>et</strong></span> <span class='ocrx_word' id='word_1_276' title='bbox 2081 3214 2199 3267; x_wconf 83' lang='lat' dir='ltr'><strong>illu-</strong></span> 
     </span>
    </p>
   </div>
   <div class='ocr_carea' id='block_1_34' title="bbox 615 3303 2195 3375">
    <p class='ocr_par' dir='ltr' id='par_1_34' title="bbox 615 3303 2195 3375">
     <span class='ocr_line' id='line_1_34' title="bbox 615 3303 2195 3375; baseline 0.003 -19"><span class='ocrx_word' id='word_1_277' title='bbox 615 3303 883 3358; x_wconf 81' lang='lat' dir='ltr'><strong>minemur</strong></span> <span class='ocrx_word' id='word_1_278' title='bbox 909 3313 962 3358; x_wconf 89' lang='lat' dir='ltr'><strong>et</strong></span> <span class='ocrx_word' id='word_1_279' title='bbox 987 3304 1370 3367; x_wconf 85' lang='lat' dir='ltr'><strong>c0IIfortetrnIr;</strong></span> <span class='ocrx_word' id='word_1_280' title='bbox 1391 3321 1456 3358; x_wconf 89' lang='lat' dir='ltr'><strong>ne</strong></span> <span class='ocrx_word' id='word_1_281' title='bbox 1481 3306 1718 3359; x_wconf 67' lang='lat' dir='ltr'><strong>caecitate</strong></span> <span class='ocrx_word' id='word_1_282' title='bbox 1744 3305 1866 3375; x_wconf 90' lang='lat' dir='ltr'><strong>quid</strong></span> <span class='ocrx_word' id='word_1_283' title='bbox 1899 3305 2195 3360; x_wconf 77' lang='lat' dir='ltr'><strong>faciendum</strong></span> 
     </span>
    </p>
   </div>
   <div class='ocr_carea' id='block_1_35' title="bbox 619 3393 2196 3457">
    <p class='ocr_par' dir='ltr' id='par_1_35' title="bbox 619 3393 2196 3457">
     <span class='ocr_line' id='line_1_35' title="bbox 619 3393 2196 3457; baseline 0.005 -12"><span class='ocrx_word' id='word_1_284' title='bbox 619 3393 690 3446; x_wconf 87' lang='lat' dir='ltr'><strong>sit</strong></span> <span class='ocrx_word' id='word_1_285' title='bbox 714 3408 817 3446; x_wconf 92' lang='lat' dir='ltr'><strong>non</strong></span> <span class='ocrx_word' id='word_1_286' title='bbox 845 3393 1139 3457; x_wconf 88' lang='lat' dir='ltr'><strong>videamus,</strong></span> <span class='ocrx_word' id='word_1_287' title='bbox 1169 3403 1260 3448; x_wconf 88' lang='lat' dir='ltr'><strong>aut</strong></span> <span class='ocrx_word' id='word_1_288' title='bbox 1296 3395 1599 3452; x_wconf 88' lang='lat' dir='ltr'><strong>inﬁrmitate</strong></span> <span class='ocrx_word' id='word_1_289' title='bbox 1630 3411 1732 3450; x_wconf 91' lang='lat' dir='ltr'><strong>non</strong></span> <span class='ocrx_word' id='word_1_290' title='bbox 1751 3397 2010 3452; x_wconf 80' lang='lat' dir='ltr'><strong>faciamus</strong></span> <span class='ocrx_word' id='word_1_291' title='bbox 2040 3399 2196 3452; x_wconf 86' lang='lat' dir='ltr'><strong>etiam</strong></span> 
     </span>
    </p>
   </div>
   <div class='ocr_carea' id='block_1_36' title="bbox 613 3481 2201 3554">
    <p class='ocr_par' dir='ltr' id='par_1_36' title="bbox 613 3481 2201 3554">
     <span class='ocr_line' id='line_1_36' title="bbox 613 3481 2201 3554; baseline 0.004 -20"><span class='ocrx_word' id='word_1_292' title='bbox 613 3481 756 3550; x_wconf 88' lang='lat' dir='ltr'><strong>quod</strong></span> <span class='ocrx_word' id='word_1_293' title='bbox 786 3481 1046 3536; x_wconf 77' lang='lat' dir='ltr'><strong>videmus.</strong></span> <span class='ocrx_word' id='word_1_294' title='bbox 1078 3483 1229 3551; x_wconf 89' lang='lat' dir='ltr'><strong>Quod</strong></span> <span class='ocrx_word' id='word_1_295' title='bbox 1257 3499 1385 3554; x_wconf 85' lang='lat' dir='ltr'><strong>ergo</strong></span> <span class='ocrx_word' id='word_1_296' title='bbox 1406 3494 1486 3538; x_wconf 87' lang='lat' dir='ltr'><strong>est</strong></span> <span class='ocrx_word' id='word_1_297' title='bbox 1517 3485 1581 3538; x_wconf 90' lang='lat' dir='ltr'><strong>ad</strong></span> <span class='ocrx_word' id='word_1_298' title='bbox 1624 3485 1906 3540; x_wconf 89' lang='lat' dir='ltr'><strong>videndum</strong></span> <span class='ocrx_word' id='word_1_299' title='bbox 1929 3530 1943 3552; x_wconf 94' lang='lat'><strong>,</strong></span> <span class='ocrx_word' id='word_1_300' title='bbox 1969 3488 2201 3541; x_wconf 79' lang='lat' dir='ltr'><strong>Accedite</strong></span> 
     </span>
    </p>
   </div>
   <div class='ocr_carea' id='block_1_37' title="bbox 617 3573 2196 3650">
    <p class='ocr_par' dir='ltr' id='par_1_37' title="bbox 617 3573 2196 3650">
     <span class='ocr_line' id='line_1_37' title="bbox 617 3573 2196 3650; baseline 0.006 -25"><span class='ocrx_word' id='word_1_301' title='bbox 617 3573 688 3625; x_wconf 82' lang='lat' dir='ltr'><strong>ad</strong></span> <span class='ocrx_word' id='word_1_302' title='bbox 712 3585 846 3638; x_wconf 84' lang='lat' dir='ltr'><strong>eum,</strong></span> <span class='ocrx_word' id='word_1_303' title='bbox 876 3583 922 3626; x_wconf 86' lang='lat' dir='ltr'><strong>et</strong></span> <span class='ocrx_word' id='word_1_304' title='bbox 953 3573 1312 3628; x_wconf 82' lang='lat' dir='ltr'><strong>illuminamini</strong></span> <span class='ocrx_word' id='word_1_305' title='bbox 1343 3575 1511 3645; x_wconf 79' lang='lat' dir='ltr'><strong>(l’sal.</strong></span> <span class='ocrx_word' id='word_1_306' title='bbox 1545 3593 1714 3632; x_wconf 64' lang='lat' dir='ltr'><strong>XXXIII</strong></span> <span class='ocrx_word' id='word_1_307' title='bbox 1734 3620 1748 3644; x_wconf 95' lang='lat'><strong>,</strong></span> <span class='ocrx_word' id='word_1_308' title='bbox 1772 3577 1826 3650; x_wconf 80' lang='lat'><strong>5)</strong></span> <span class='ocrx_word' id='word_1_309' title='bbox 1851 3595 1865 3643; x_wconf 92' lang='lat'><strong>;</strong></span> <span class='ocrx_word' id='word_1_310' title='bbox 1897 3579 1996 3634; x_wconf 88' lang='lat' dir='ltr'><strong>hoc</strong></span> <span class='ocrx_word' id='word_1_311' title='bbox 2025 3590 2106 3634; x_wconf 71' lang='lat' dir='ltr'><strong>est</strong></span> <span class='ocrx_word' id='word_1_312' title='bbox 2131 3581 2196 3634; x_wconf 87' lang='lat' dir='ltr'><strong>ad</strong></span> 
     </span>
    </p>
   </div>
   <div class='ocr_carea' id='block_1_38' title="bbox 613 3665 2196 3737">
    <p class='ocr_par' dir='ltr' id='par_1_38' title="bbox 613 3665 2196 3737">
     <span class='ocr_line' id='line_1_38' title="bbox 613 3665 2196 3737; baseline 0.007 -20"><span class='ocrx_word' id='word_1_313' title='bbox 613 3665 933 3733; x_wconf 85' lang='lat' dir='ltr'><strong>faciendum,</strong></span> <span class='ocrx_word' id='word_1_314' title='bbox 969 3667 1188 3732; x_wconf 70' lang='lat' dir='ltr'><strong>Quaerite</strong></span> <span class='ocrx_word' id='word_1_315' title='bbox 1214 3665 1510 3736; x_wconf 81' lang='lat' dir='ltr'><strong>Dominum,</strong></span> <span class='ocrx_word' id='word_1_316' title='bbox 1536 3678 1580 3722; x_wconf 84' lang='lat' dir='ltr'><strong>et</strong></span> <span class='ocrx_word' id='word_1_317' title='bbox 1605 3669 2011 3725; x_wconf 86' lang='lat' dir='ltr'><strong>eorroboramini.</strong></span> <span class='ocrx_word' id='word_1_318' title='bbox 2044 3672 2196 3737; x_wconf 73' lang='lat' dir='ltr'><strong>Qua!-</strong></span> 
     </span>
    </p>
   </div>
   <div class='ocr_carea' id='block_1_39' title="bbox 610 3757 2194 3829">
    <p class='ocr_par' dir='ltr' id='par_1_39' title="bbox 610 3757 2194 3829">
     <span class='ocr_line' id='line_1_39' title="bbox 610 3757 2194 3829; baseline 0.006 -21"><span class='ocrx_word' id='word_1_319' title='bbox 610 3757 722 3822; x_wconf 85' lang='lat' dir='ltr'><strong>rite,</strong></span> <span class='ocrx_word' id='word_1_320' title='bbox 749 3757 936 3826; x_wconf 80' lang='lat' dir='ltr'><strong>inquit,</strong></span> <span class='ocrx_word' id='word_1_321' title='bbox 962 3759 1143 3827; x_wconf 80' lang='lat' dir='ltr'><strong>[aciem</strong></span> <span class='ocrx_word' id='word_1_322' title='bbox 1167 3758 1276 3829; x_wconf 88' lang='lat' dir='ltr'><strong>ejus</strong></span> <span class='ocrx_word' id='word_1_323' title='bbox 1300 3775 1514 3827; x_wconf 84' lang='lat' dir='ltr'><strong>semper.</strong></span> <span class='ocrx_word' id='word_1_324' title='bbox 1539 3761 1666 3828; x_wconf 71' lang='lat' dir='ltr'><strong>Qum</strong></span> <span class='ocrx_word' id='word_1_325' title='bbox 1683 3773 1765 3815; x_wconf 85' lang='lat' dir='ltr'><strong>est</strong></span> <span class='ocrx_word' id='word_1_326' title='bbox 1787 3761 1945 3816; x_wconf 85' lang='lat' dir='ltr'><strong>facies</strong></span> <span class='ocrx_word' id='word_1_327' title='bbox 1960 3763 2194 3828; x_wconf 86' lang='lat' dir='ltr'><strong>Domini,</strong></span> 
     </span>
    </p>
   </div>
   <div class='ocr_carea' id='block_1_40' title="bbox 613 3848 2193 3927">
    <p class='ocr_par' dir='ltr' id='par_1_40' title="bbox 613 3848 2193 3927">
     <span class='ocr_line' id='line_1_40' title="bbox 613 3848 2193 3927; baseline 0.006 -25"><span class='ocrx_word' id='word_1_328' title='bbox 613 3848 716 3902; x_wconf 89' lang='lat' dir='ltr'><strong>nisi</strong></span> <span class='ocrx_word' id='word_1_329' title='bbox 746 3849 1029 3920; x_wconf 71' lang='lat' dir='ltr'><strong>prtesentia</strong></span> <span class='ocrx_word' id='word_1_330' title='bbox 1065 3849 1191 3904; x_wconf 80' lang='lat' dir='ltr'><strong>Dei?</strong></span> <span class='ocrx_word' id='word_1_331' title='bbox 1213 3849 1361 3904; x_wconf 82' lang='lat' dir='ltr'><strong>Sicut</strong></span> <span class='ocrx_word' id='word_1_332' title='bbox 1391 3850 1551 3906; x_wconf 89' lang='lat' dir='ltr'><strong>facies</strong></span> <span class='ocrx_word' id='word_1_333' title='bbox 1573 3853 1742 3918; x_wconf 87' lang='lat' dir='ltr'><strong>venti,</strong></span> <span class='ocrx_word' id='word_1_334' title='bbox 1767 3864 1817 3908; x_wconf 89' lang='lat' dir='ltr'><strong>et</strong></span> <span class='ocrx_word' id='word_1_335' title='bbox 1841 3854 1998 3910; x_wconf 81' lang='lat' dir='ltr'><strong>facies</strong></span> <span class='ocrx_word' id='word_1_336' title='bbox 2016 3856 2149 3927; x_wconf 87' lang='lat' dir='ltr'><strong>ignis</strong></span> <span class='ocrx_word' id='word_1_337' title='bbox 2179 3875 2193 3917; x_wconf 88' lang='lat'><strong>:</strong></span> 
     </span>
    </p>
   </div>
   <div class='ocr_carea' id='block_1_41' title="bbox 607 3940 2197 4016">
    <p class='ocr_par' dir='ltr' id='par_1_41' title="bbox 607 3940 2197 4016">
     <span class='ocr_line' id='line_1_41' title="bbox 607 3940 2197 4016; baseline 0.005 -23"><span class='ocrx_word' id='word_1_338' title='bbox 607 3940 804 3995; x_wconf 89' lang='lat' dir='ltr'><strong>dictum</strong></span> <span class='ocrx_word' id='word_1_339' title='bbox 851 3949 933 3995; x_wconf 90' lang='lat' dir='ltr'><strong>est</strong></span> <span class='ocrx_word' id='word_1_340' title='bbox 978 3941 1158 4007; x_wconf 91' lang='lat' dir='ltr'><strong>enim,</strong></span> <span class='ocrx_word' id='word_1_341' title='bbox 1190 3941 1334 3996; x_wconf 86' lang='lat' dir='ltr'><strong>Sicut</strong></span> <span class='ocrx_word' id='word_1_342' title='bbox 1373 3943 1612 4011; x_wconf 79' lang='lat' dir='ltr'><strong>stipulam</strong></span> <span class='ocrx_word' id='word_1_343' title='bbox 1657 3953 1773 3998; x_wconf 84' lang='lat' dir='ltr'><strong>ante</strong></span> <span class='ocrx_word' id='word_1_344' title='bbox 1826 3947 2009 4016; x_wconf 72' lang='lat' dir='ltr'><strong>facient</strong></span> <span class='ocrx_word' id='word_1_345' title='bbox 2062 3948 2197 4001; x_wconf 75' lang='lat' dir='ltr'><strong>renti</strong></span> 
     </span>
    </p>
   </div>
   <div class='ocr_carea' id='block_1_42' title="bbox 608 4029 2195 4110">
    <p class='ocr_par' dir='ltr' id='par_1_42' title="bbox 608 4029 2195 4110">
     <span class='ocr_line' id='line_1_42' title="bbox 608 4029 2195 4110; baseline 0.007 -28"><span class='ocrx_word' id='word_1_346' title='bbox 608 4029 776 4102; x_wconf 87' lang='lat' dir='ltr'><strong>(Psal.</strong></span> <span class='ocrx_word' id='word_1_347' title='bbox 811 4047 1022 4096; x_wconf 78' lang='lat' dir='ltr'><strong>Lxxxn,</strong></span> <span class='ocrx_word' id='word_1_348' title='bbox 1055 4033 1180 4102; x_wconf 73' lang='lat' dir='ltr'><strong>I4);</strong></span> <span class='ocrx_word' id='word_1_349' title='bbox 1207 4042 1261 4087; x_wconf 89' lang='lat' dir='ltr'><strong>ct</strong></span> <span class='ocrx_word' id='word_1_350' title='bbox 1283 4075 1298 4098; x_wconf 95' lang='lat'><strong>,</strong></span> <span class='ocrx_word' id='word_1_351' title='bbox 1331 4033 1474 4088; x_wconf 80' lang='lat' dir='ltr'><strong>Sicut</strong></span> <span class='ocrx_word' id='word_1_352' title='bbox 1501 4035 1616 4103; x_wconf 80' lang='lat' dir='ltr'><strong>ﬂuit</strong></span> <span class='ocrx_word' id='word_1_353' title='bbox 1660 4052 1773 4089; x_wconf 86' lang='lat' dir='ltr'><strong>cera</strong></span> <span class='ocrx_word' id='word_1_354' title='bbox 1817 4053 1849 4089; x_wconf 79' lang='lat' dir='ltr'><strong>tt</strong></span> <span class='ocrx_word' id='word_1_355' title='bbox 1893 4039 2026 4108; x_wconf 81' lang='lat' dir='ltr'><strong>facie</strong></span> <span class='ocrx_word' id='word_1_356' title='bbox 2066 4039 2195 4110; x_wconf 83' lang='lat' dir='ltr'><strong>ignis</strong></span> 
     </span>
    </p>
   </div>
   <div class='ocr_carea' id='block_1_43' title="bbox 608 4120 2193 4202">
    <p class='ocr_par' dir='ltr' id='par_1_43' title="bbox 608 4120 2193 4202">
     <span class='ocr_line' id='line_1_43' title="bbox 608 4120 2193 4202; baseline 0.008 -28"><span class='ocrx_word' id='word_1_357' title='bbox 608 4120 781 4190; x_wconf 87' lang='lat' dir='ltr'><strong>(Psal.</strong></span> <span class='ocrx_word' id='word_1_358' title='bbox 817 4138 961 4176; x_wconf 75' lang='lat' dir='ltr'><strong>van</strong></span> <span class='ocrx_word' id='word_1_359' title='bbox 981 4165 994 4188; x_wconf 97' lang='lat'><strong>,</strong></span> <span class='ocrx_word' id='word_1_360' title='bbox 1024 4123 1098 4194; x_wconf 82' lang='grc'>5).</span> <span class='ocrx_word' id='word_1_361' title='bbox 1150 4124 1218 4178; x_wconf 85' lang='lat' dir='ltr'><strong>Et</strong></span> <span class='ocrx_word' id='word_1_362' title='bbox 1246 4126 1407 4180; x_wconf 89' lang='lat' dir='ltr'><strong>multa</strong></span> <span class='ocrx_word' id='word_1_363' title='bbox 1442 4126 1564 4181; x_wconf 90' lang='lat' dir='ltr'><strong>talia</strong></span> <span class='ocrx_word' id='word_1_364' title='bbox 1609 4129 1764 4198; x_wconf 86' lang='lat' dir='ltr'><strong>ponit</strong></span> <span class='ocrx_word' id='word_1_365' title='bbox 1791 4128 2081 4202; x_wconf 85' lang='lat' dir='ltr'><strong>Scriptura,</strong></span> <span class='ocrx_word' id='word_1_366' title='bbox 2111 4133 2193 4186; x_wconf 85' lang='lat' dir='ltr'><strong>ni-</strong></span> 
     </span>
    </p>
   </div>
   <div class='ocr_carea' id='block_1_44' title="bbox 610 4213 2192 4289">
    <p class='ocr_par' dir='ltr' id='par_1_44' title="bbox 610 4213 2192 4289">
     <span class='ocr_line' id='line_1_44' title="bbox 610 4213 2192 4289; baseline 0.009 -23"><span class='ocrx_word' id='word_1_367' title='bbox 610 4213 682 4266; x_wconf 87' lang='lat' dir='ltr'><strong>hil</strong></span> <span class='ocrx_word' id='word_1_368' title='bbox 710 4214 851 4268; x_wconf 90' lang='lat' dir='ltr'><strong>aliud</strong></span> <span class='ocrx_word' id='word_1_369' title='bbox 880 4231 1038 4285; x_wconf 90' lang='lat' dir='ltr'><strong>quam</strong></span> <span class='ocrx_word' id='word_1_370' title='bbox 1078 4231 1260 4270; x_wconf 91' lang='lat' dir='ltr'><strong>earum</strong></span> <span class='ocrx_word' id='word_1_371' title='bbox 1315 4233 1490 4272; x_wconf 87' lang='lat' dir='ltr'><strong>rerum</strong></span> <span class='ocrx_word' id='word_1_372' title='bbox 1523 4222 1860 4289; x_wconf 70' lang='lat' dir='ltr'><strong>prieseutiam</strong></span> <span class='ocrx_word' id='word_1_373' title='bbox 1894 4225 2078 4278; x_wconf 80' lang='lat' dir='ltr'><strong>volens</strong></span> <span class='ocrx_word' id='word_1_374' title='bbox 2108 4226 2192 4280; x_wconf 83' lang='lat' dir='ltr'><strong>in-</strong></span> 
     </span>
    </p>
   </div>
   <div class='ocr_carea' id='block_1_45' title="bbox 609 4303 2193 4382">
    <p class='ocr_par' dir='ltr' id='par_1_45' title="bbox 609 4303 2193 4382">
     <span class='ocr_line' id='line_1_45' title="bbox 609 4303 2193 4382; baseline 0.009 -27"><span class='ocrx_word' id='word_1_375' title='bbox 609 4303 774 4373; x_wconf 84' lang='lat' dir='ltr'><strong>telligi</strong></span> <span class='ocrx_word' id='word_1_376' title='bbox 798 4345 813 4370; x_wconf 92' lang='lat'><strong>,</strong></span> <span class='ocrx_word' id='word_1_377' title='bbox 845 4320 1070 4374; x_wconf 91' lang='lat' dir='ltr'><strong>quarum</strong></span> <span class='ocrx_word' id='word_1_378' title='bbox 1099 4307 1336 4361; x_wconf 90' lang='lat' dir='ltr'><strong>nominat</strong></span> <span class='ocrx_word' id='word_1_379' title='bbox 1368 4306 1578 4364; x_wconf 87' lang='lat' dir='ltr'><strong>faciem.</strong></span> <span class='ocrx_word' id='word_1_380' title='bbox 1611 4310 1716 4366; x_wconf 80' lang='lat' dir='ltr'><strong>Sed</strong></span> <span class='ocrx_word' id='word_1_381' title='bbox 1745 4313 1869 4382; x_wconf 86' lang='lat' dir='ltr'><strong>quid</strong></span> <span class='ocrx_word' id='word_1_382' title='bbox 1893 4323 1974 4369; x_wconf 78' lang='lat' dir='ltr'><strong>est</strong></span> <span class='ocrx_word' id='word_1_383' title='bbox 1994 4356 2008 4379; x_wconf 91' lang='lat'><strong>,</strong></span> <span class='ocrx_word' id='word_1_384' title='bbox 2043 4316 2193 4380; x_wconf 74' lang='lat' dir='ltr'><strong>Qum-</strong></span> 
     </span>
    </p>
   </div>
   <div class='ocr_carea' id='block_1_46' title="bbox 611 4396 2192 4474">
    <p class='ocr_par' dir='ltr' id='par_1_46' title="bbox 611 4396 2192 4474">
     <span class='ocr_line' id='line_1_46' title="bbox 611 4396 2192 4474; baseline 0.009 -26"><span class='ocrx_word' id='word_1_385' title='bbox 611 4396 707 4449; x_wconf 83' lang='lat' dir='ltr'><strong>rite</strong></span> <span class='ocrx_word' id='word_1_386' title='bbox 732 4397 912 4466; x_wconf 79' lang='lat' dir='ltr'><strong>[aciem</strong></span> <span class='ocrx_word' id='word_1_387' title='bbox 934 4399 1042 4468; x_wconf 88' lang='lat' dir='ltr'><strong>ejus</strong></span> <span class='ocrx_word' id='word_1_388' title='bbox 1065 4400 1286 4469; x_wconf 82' lang='lat' dir='ltr'><strong>semper?</strong></span> <span class='ocrx_word' id='word_1_389' title='bbox 1315 4400 1438 4455; x_wconf 90' lang='lat' dir='ltr'><strong>Scio</strong></span> <span class='ocrx_word' id='word_1_390' title='bbox 1465 4402 1678 4472; x_wconf 89' lang='lat' dir='ltr'><strong>quidem</strong></span> <span class='ocrx_word' id='word_1_391' title='bbox 1709 4405 1828 4474; x_wconf 90' lang='lat' dir='ltr'><strong>quia</strong></span> <span class='ocrx_word' id='word_1_392' title='bbox 1859 4407 1985 4461; x_wconf 88' lang='lat' dir='ltr'><strong>mihi</strong></span> <span class='ocrx_word' id='word_1_393' title='bbox 2009 4408 2192 4463; x_wconf 77' lang='lat' dir='ltr'><strong>adlue-</strong></span> 
     </span>
    </p>
   </div>
   <div class='ocr_carea' id='block_1_47' title="bbox 610 4487 2195 4571">
    <p class='ocr_par' dir='ltr' id='par_1_47' title="bbox 610 4487 2195 4571">
     <span class='ocr_line' id='line_1_47' title="bbox 610 4487 2195 4571; baseline 0.009 -30"><span class='ocrx_word' id='word_1_394' title='bbox 610 4503 732 4543; x_wconf 81' lang='lat' dir='ltr'><strong>I-ere</strong></span> <span class='ocrx_word' id='word_1_395' title='bbox 758 4487 866 4542; x_wconf 88' lang='lat' dir='ltr'><strong>Deo</strong></span> <span class='ocrx_word' id='word_1_396' title='bbox 905 4489 1100 4543; x_wconf 88' lang='lat' dir='ltr'><strong>bonum</strong></span> <span class='ocrx_word' id='word_1_397' title='bbox 1140 4499 1221 4544; x_wconf 91' lang='lat' dir='ltr'><strong>est</strong></span> <span class='ocrx_word' id='word_1_398' title='bbox 1250 4490 1422 4560; x_wconf 79' lang='lat' dir='ltr'><strong>(Psal.</strong></span> <span class='ocrx_word' id='word_1_399' title='bbox 1457 4509 1595 4548; x_wconf 74' lang='lat' dir='ltr'><strong>Lxxu</strong></span> <span class='ocrx_word' id='word_1_400' title='bbox 1617 4535 1632 4560; x_wconf 92' lang='lat'><strong>,</strong></span> <span class='ocrx_word' id='word_1_401' title='bbox 1659 4493 1776 4565; x_wconf 72' lang='lat'><strong>28);</strong></span> <span class='ocrx_word' id='word_1_402' title='bbox 1801 4497 1894 4551; x_wconf 86' lang='lat' dir='ltr'><strong>sed</strong></span> <span class='ocrx_word' id='word_1_403' title='bbox 1916 4498 1960 4552; x_wconf 90' lang='lat' dir='ltr'><strong>si</strong></span> <span class='ocrx_word' id='word_1_404' title='bbox 1983 4515 2195 4571; x_wconf 89' lang='lat' dir='ltr'><strong>semper</strong></span> 
     </span>
    </p>
   </div>
   <div class='ocr_carea' id='block_1_48' title="bbox 615 4580 2192 4656">
    <p class='ocr_par' dir='ltr' id='par_1_48' title="bbox 615 4580 2192 4656">
     <span class='ocr_line' id='line_1_48' title="bbox 615 4580 2192 4656; baseline 0.008 -21"><span class='ocrx_word' id='word_1_405' title='bbox 615 4580 893 4650; x_wconf 61' lang='lat' dir='ltr'><strong>quaeritur,</strong></span> <span class='ocrx_word' id='word_1_406' title='bbox 920 4581 1134 4652; x_wconf 86' lang='lat' dir='ltr'><strong>quando</strong></span> <span class='ocrx_word' id='word_1_407' title='bbox 1163 4582 1454 4638; x_wconf 75' lang='lat' dir='ltr'><strong>invenitur?</strong></span> <span class='ocrx_word' id='word_1_408' title='bbox 1481 4586 1560 4640; x_wconf 84' lang='lat' dir='ltr'><strong>An</strong></span> <span class='ocrx_word' id='word_1_409' title='bbox 1583 4603 1777 4656; x_wconf 81' lang='lat' dir='ltr'><strong>semper</strong></span> <span class='ocrx_word' id='word_1_410' title='bbox 1803 4587 1971 4655; x_wconf 79' lang='lat' dir='ltr'><strong>dixit,</strong></span> <span class='ocrx_word' id='word_1_411' title='bbox 2005 4591 2056 4645; x_wconf 91' lang='lat' dir='ltr'><strong>in</strong></span> <span class='ocrx_word' id='word_1_412' title='bbox 2085 4601 2192 4647; x_wconf 87' lang='lat' dir='ltr'><strong>tota</strong></span> 
     </span>
    </p>
   </div>
   <div class='ocr_carea' id='block_1_49' title="bbox 609 4672 2194 4747">
    <p class='ocr_par' dir='ltr' id='par_1_49' title="bbox 609 4672 2194 4747">
     <span class='ocr_line' id='line_1_49' title="bbox 609 4672 2194 4747; baseline 0.008 -21"><span class='ocrx_word' id='word_1_413' title='bbox 609 4673 716 4727; x_wconf 86' lang='lat' dir='ltr'><strong>vita</strong></span> <span class='ocrx_word' id='word_1_414' title='bbox 743 4673 844 4729; x_wconf 88' lang='lat' dir='ltr'><strong>ista</strong></span> <span class='ocrx_word' id='word_1_415' title='bbox 868 4689 969 4744; x_wconf 87' lang='lat' dir='ltr'><strong>qua</strong></span> <span class='ocrx_word' id='word_1_416' title='bbox 1003 4672 1087 4728; x_wconf 88' lang='lat' dir='ltr'><strong>hic</strong></span> <span class='ocrx_word' id='word_1_417' title='bbox 1109 4674 1326 4742; x_wconf 89' lang='lat' dir='ltr'><strong>vivitur,</strong></span> <span class='ocrx_word' id='word_1_418' title='bbox 1356 4692 1423 4731; x_wconf 77' lang='lat' dir='ltr'><strong>ex</strong></span> <span class='ocrx_word' id='word_1_419' title='bbox 1457 4693 1560 4747; x_wconf 92' lang='lat' dir='ltr'><strong>quo</strong></span> <span class='ocrx_word' id='word_1_420' title='bbox 1584 4678 1634 4732; x_wconf 90' lang='lat' dir='ltr'><strong>id</strong></span> <span class='ocrx_word' id='word_1_421' title='bbox 1663 4694 1760 4735; x_wconf 91' lang='lat' dir='ltr'><strong>nos</strong></span> <span class='ocrx_word' id='word_1_422' title='bbox 1790 4678 1964 4737; x_wconf 87' lang='lat' dir='ltr'><strong>facere</strong></span> <span class='ocrx_word' id='word_1_423' title='bbox 1998 4681 2194 4740; x_wconf 88' lang='lat' dir='ltr'><strong>debere</strong></span> 
     </span>
    </p>
   </div>
   <div class='ocr_carea' id='block_1_50' title="bbox 611 4765 2189 4842">
    <p class='ocr_par' dir='ltr' id='par_1_50' title="bbox 611 4765 2189 4842">
     <span class='ocr_line' id='line_1_50' title="bbox 611 4765 2189 4842; baseline 0.008 -22"><span class='ocrx_word' id='word_1_424' title='bbox 611 4765 976 4836; x_wconf 76' lang='lat' dir='ltr'><strong>cognovimus,</strong></span> <span class='ocrx_word' id='word_1_425' title='bbox 999 4767 1210 4838; x_wconf 89' lang='lat' dir='ltr'><strong>quando</strong></span> <span class='ocrx_word' id='word_1_426' title='bbox 1236 4777 1288 4822; x_wconf 87' lang='lat' dir='ltr'><strong>et</strong></span> <span class='ocrx_word' id='word_1_427' title='bbox 1310 4769 1558 4825; x_wconf 88' lang='lat' dir='ltr'><strong>inventus</strong></span> <span class='ocrx_word' id='word_1_428' title='bbox 1598 4773 1915 4842; x_wconf 73' lang='lat' dir='ltr'><strong>quzerendus</strong></span> <span class='ocrx_word' id='word_1_429' title='bbox 1942 4777 2047 4830; x_wconf 88' lang='lat' dir='ltr'><strong>est?</strong></span> <span class='ocrx_word' id='word_1_430' title='bbox 2071 4776 2189 4832; x_wconf 84' lang='lat' dir='ltr'><strong>Jam</strong></span> 
     </span>
    </p>
   </div>
   <div class='ocr_carea' id='block_1_51' title="bbox 612 4855 2194 4937">
    <p class='ocr_par' dir='ltr' id='par_1_51' title="bbox 612 4855 2194 4937">
     <span class='ocr_line' id='line_1_51' title="bbox 612 4855 2194 4937; baseline 0.008 -28"><span class='ocrx_word' id='word_1_431' title='bbox 612 4855 808 4927; x_wconf 86' lang='lat' dir='ltr'><strong>quippe</strong></span> <span class='ocrx_word' id='word_1_432' title='bbox 838 4855 985 4911; x_wconf 90' lang='lat' dir='ltr'><strong>illum</strong></span> <span class='ocrx_word' id='word_1_433' title='bbox 1040 4856 1240 4912; x_wconf 76' lang='lat' dir='ltr'><strong>invenit</strong></span> <span class='ocrx_word' id='word_1_434' title='bbox 1271 4857 1402 4914; x_wconf 83' lang='lat' dir='ltr'><strong>ﬁdes</strong></span> <span class='ocrx_word' id='word_1_435' title='bbox 1431 4901 1447 4925; x_wconf 90' lang='lat'><strong>,</strong></span> <span class='ocrx_word' id='word_1_436' title='bbox 1496 4859 1587 4916; x_wconf 90' lang='lat' dir='ltr'><strong>sed</strong></span> <span class='ocrx_word' id='word_1_437' title='bbox 1631 4863 1806 4918; x_wconf 88' lang='lat' dir='ltr'><strong>adhuc</strong></span> <span class='ocrx_word' id='word_1_438' title='bbox 1852 4879 1973 4920; x_wconf 90' lang='lat' dir='ltr'><strong>eum</strong></span> <span class='ocrx_word' id='word_1_439' title='bbox 2005 4867 2194 4937; x_wconf 63' lang='lat' dir='ltr'><strong>quierit</strong></span> 
     </span>
    </p>
   </div>
   <div class='ocr_carea' id='block_1_52' title="bbox 613 4945 2195 5024">
    <p class='ocr_par' dir='ltr' id='par_1_52' title="bbox 613 4945 2195 5024">
     <span class='ocr_line' id='line_1_52' title="bbox 613 4945 2195 5024; baseline 0.009 -25"><span class='ocrx_word' id='word_1_440' title='bbox 613 4960 758 5017; x_wconf 86' lang='lat' dir='ltr'><strong>spes.</strong></span> <span class='ocrx_word' id='word_1_441' title='bbox 783 4945 1027 5002; x_wconf 83' lang='lat' dir='ltr'><strong>Charitas</strong></span> <span class='ocrx_word' id='word_1_442' title='bbox 1064 4958 1240 5003; x_wconf 86' lang='lat' dir='ltr'><strong>autem</strong></span> <span class='ocrx_word' id='word_1_443' title='bbox 1268 4957 1323 5004; x_wconf 89' lang='lat' dir='ltr'><strong>et</strong></span> <span class='ocrx_word' id='word_1_444' title='bbox 1375 4950 1575 5006; x_wconf 89' lang='lat' dir='ltr'><strong>invenit</strong></span> <span class='ocrx_word' id='word_1_445' title='bbox 1615 4968 1734 5008; x_wconf 90' lang='lat' dir='ltr'><strong>eum</strong></span> <span class='ocrx_word' id='word_1_446' title='bbox 1785 4970 1878 5024; x_wconf 86' lang='lat' dir='ltr'><strong>per</strong></span> <span class='ocrx_word' id='word_1_447' title='bbox 1922 4956 2110 5024; x_wconf 90' lang='lat' dir='ltr'><strong>ﬁdem,</strong></span> <span class='ocrx_word' id='word_1_448' title='bbox 2140 4969 2195 5014; x_wconf 88' lang='lat' dir='ltr'><strong>et</strong></span> 
     </span>
    </p>
   </div>
   <div class='ocr_carea' id='block_1_53' title="bbox 612 5039 2195 5115">
    <p class='ocr_par' dir='ltr' id='par_1_53' title="bbox 612 5039 2195 5115">
     <span class='ocr_line' id='line_1_53' title="bbox 612 5039 2195 5115; baseline 0.008 -21"><span class='ocrx_word' id='word_1_449' title='bbox 612 5055 733 5094; x_wconf 88' lang='lat' dir='ltr'><strong>eum</strong></span> <span class='ocrx_word' id='word_1_450' title='bbox 763 5041 954 5112; x_wconf 64' lang='lat' dir='ltr'><strong>qurerit</strong></span> <span class='ocrx_word' id='word_1_451' title='bbox 996 5039 1193 5098; x_wconf 89' lang='lat' dir='ltr'><strong>habere</strong></span> <span class='ocrx_word' id='word_1_452' title='bbox 1217 5057 1317 5115; x_wconf 83' lang='lat' dir='ltr'><strong>per</strong></span> <span class='ocrx_word' id='word_1_453' title='bbox 1355 5047 1586 5115; x_wconf 78' lang='lat' dir='ltr'><strong>Speciem</strong></span> <span class='ocrx_word' id='word_1_454' title='bbox 1618 5063 1632 5104; x_wconf 91' lang='lat'>:</span> <span class='ocrx_word' id='word_1_455' title='bbox 1661 5045 1750 5102; x_wconf 90' lang='lat' dir='ltr'><strong>ubi</strong></span> <span class='ocrx_word' id='word_1_456' title='bbox 1779 5055 1902 5104; x_wconf 90' lang='lat' dir='ltr'><strong>tunc</strong></span> <span class='ocrx_word' id='word_1_457' title='bbox 1945 5051 2021 5105; x_wconf 91' lang='lat' dir='ltr'><strong>sic</strong></span> <span class='ocrx_word' id='word_1_458' title='bbox 2048 5051 2195 5108; x_wconf 88' lang='lat' dir='ltr'><strong>inve-</strong></span> 
     </span>
    </p>
   </div>
   <div class='ocr_carea' id='block_1_54' title="bbox 614 5129 2190 5211">
    <p class='ocr_par' dir='ltr' id='par_1_54' title="bbox 614 5129 2190 5211">
     <span class='ocr_line' id='line_1_54' title="bbox 614 5129 2190 5211; baseline 0.01 -29"><span class='ocrx_word' id='word_1_459' title='bbox 614 5129 828 5198; x_wconf 89' lang='lat' dir='ltr'><strong>nietur,</strong></span> <span class='ocrx_word' id='word_1_460' title='bbox 859 5141 919 5186; x_wconf 86' lang='lat' dir='ltr'><strong>ut</strong></span> <span class='ocrx_word' id='word_1_461' title='bbox 944 5129 1173 5188; x_wconf 79' lang='lat' dir='ltr'><strong>sufﬁciat</strong></span> <span class='ocrx_word' id='word_1_462' title='bbox 1203 5132 1383 5200; x_wconf 91' lang='lat' dir='ltr'><strong>nobis,</strong></span> <span class='ocrx_word' id='word_1_463' title='bbox 1430 5145 1483 5190; x_wconf 85' lang='lat' dir='ltr'><strong>et</strong></span> <span class='ocrx_word' id='word_1_464' title='bbox 1512 5137 1731 5192; x_wconf 83' lang='lat' dir='ltr'><strong>ulterius</strong></span> <span class='ocrx_word' id='word_1_465' title='bbox 1771 5154 1874 5194; x_wconf 91' lang='lat' dir='ltr'><strong>non</strong></span> <span class='ocrx_word' id='word_1_466' title='bbox 1903 5151 2190 5211; x_wconf 77' lang='lat' dir='ltr'><strong>quzcratur.</strong></span> 
     </span>
    </p>
   </div>
   <div class='ocr_carea' id='block_1_55' title="bbox 611 5220 2194 5296">
    <p class='ocr_par' dir='ltr' id='par_1_55' title="bbox 611 5220 2194 5296">
     <span class='ocr_line' id='line_1_55' title="bbox 611 5220 2194 5296; baseline 0.011 -20"><span class='ocrx_word' id='word_1_467' title='bbox 611 5220 724 5276; x_wconf 79' lang='lat' dir='ltr'><strong>Nisi</strong></span> <span class='ocrx_word' id='word_1_468' title='bbox 749 5222 890 5277; x_wconf 90' lang='lat' dir='ltr'><strong>enim</strong></span> <span class='ocrx_word' id='word_1_469' title='bbox 917 5237 1036 5278; x_wconf 87' lang='lat' dir='ltr'><strong>eum</strong></span> <span class='ocrx_word' id='word_1_470' title='bbox 1075 5225 1127 5279; x_wconf 91' lang='lat' dir='ltr'><strong>in</strong></span> <span class='ocrx_word' id='word_1_471' title='bbox 1159 5225 1260 5282; x_wconf 91' lang='lat' dir='ltr'><strong>ista</strong></span> <span class='ocrx_word' id='word_1_472' title='bbox 1287 5227 1390 5282; x_wconf 87' lang='lat' dir='ltr'><strong>vita</strong></span> <span class='ocrx_word' id='word_1_473' title='bbox 1431 5228 1692 5285; x_wconf 88' lang='lat' dir='ltr'><strong>inveniret</strong></span> <span class='ocrx_word' id='word_1_474' title='bbox 1712 5229 1852 5288; x_wconf 88' lang='lat' dir='ltr'><strong>ﬁdes</strong></span> <span class='ocrx_word' id='word_1_475' title='bbox 1870 5275 1883 5296; x_wconf 92' lang='lat'><strong>,</strong></span> <span class='ocrx_word' id='word_1_476' title='bbox 1920 5249 2023 5288; x_wconf 92' lang='lat' dir='ltr'><strong>non</strong></span> <span class='ocrx_word' id='word_1_477' title='bbox 2049 5235 2194 5292; x_wconf 82' lang='lat' dir='ltr'><strong>diee-</strong></span> 
     </span>
    </p>
   </div>
   <div class='ocr_carea' id='block_1_56' title="bbox 611 5314 2190 5398">
    <p class='ocr_par' dir='ltr' id='par_1_56' title="bbox 611 5314 2190 5398">
     <span class='ocr_line' id='line_1_56' title="bbox 611 5314 2190 5398; baseline 0.011 -30"><span class='ocrx_word' id='word_1_478' title='bbox 611 5321 764 5369; x_wconf 88' lang='lat' dir='ltr'><strong>retur</strong></span> <span class='ocrx_word' id='word_1_479' title='bbox 786 5355 799 5378; x_wconf 91' lang='lat'><strong>,</strong></span> <span class='ocrx_word' id='word_1_480' title='bbox 833 5314 1054 5380; x_wconf 71' lang='lat' dir='ltr'><strong>Quwrite</strong></span> <span class='ocrx_word' id='word_1_481' title='bbox 1102 5316 1377 5375; x_wconf 83' lang='lat' dir='ltr'><strong>Dominum</strong></span> <span class='ocrx_word' id='word_1_482' title='bbox 1396 5338 1415 5389; x_wconf 86' lang='lat'><strong><em>;</em></strong></span> <span class='ocrx_word' id='word_1_483' title='bbox 1437 5331 1491 5378; x_wconf 91' lang='lat' dir='ltr'><strong>ct</strong></span> <span class='ocrx_word' id='word_1_484' title='bbox 1536 5339 1656 5379; x_wconf 90' lang='lat' dir='ltr'><strong>cum</strong></span> <span class='ocrx_word' id='word_1_485' title='bbox 1690 5324 1996 5382; x_wconf 85' lang='lat' dir='ltr'><strong>inveneritis</strong></span> <span class='ocrx_word' id='word_1_486' title='bbox 2024 5345 2144 5384; x_wconf 90' lang='lat' dir='ltr'><strong>emn</strong></span> <span class='ocrx_word' id='word_1_487' title='bbox 2173 5373 2190 5398; x_wconf 92' lang='lat'><strong>,</strong></span> 
     </span>
    </p>
   </div>
   <div class='ocr_carea' id='block_1_57' title="bbox 611 5405 2191 5492">
    <p class='ocr_par' dir='ltr' id='par_1_57' title="bbox 611 5405 2191 5492">
     <span class='ocr_line' id='line_1_57' title="bbox 611 5405 2191 5492; baseline 0.011 -31"><span class='ocrx_word' id='word_1_488' title='bbox 611 5405 938 5476; x_wconf 82' lang='lat' dir='ltr'><strong>Derelinqttat</strong></span> <span class='ocrx_word' id='word_1_489' title='bbox 960 5408 1142 5477; x_wconf 85' lang='lat' dir='ltr'><strong>impius</strong></span> <span class='ocrx_word' id='word_1_490' title='bbox 1165 5413 1269 5466; x_wconf 90' lang='lat' dir='ltr'><strong>vias</strong></span> <span class='ocrx_word' id='word_1_491' title='bbox 1297 5430 1446 5480; x_wconf 86' lang='lat' dir='ltr'><strong>suas,</strong></span> <span class='ocrx_word' id='word_1_492' title='bbox 1472 5427 1518 5469; x_wconf 91' lang='lat' dir='ltr'><strong>et</strong></span> <span class='ocrx_word' id='word_1_493' title='bbox 1544 5417 1619 5471; x_wconf 81' lang='lat' dir='ltr'><strong>rir</strong></span> <span class='ocrx_word' id='word_1_494' title='bbox 1645 5417 1844 5488; x_wconf 73' lang='lat' dir='ltr'><strong>iniquus</strong></span> <span class='ocrx_word' id='word_1_495' title='bbox 1865 5422 2191 5492; x_wconf 80' lang='lat' dir='ltr'><strong>cogitationes</strong></span> 
     </span>
    </p>
   </div>
   <div class='ocr_carea' id='block_1_58' title="bbox 607 5495 2194 5578">
    <p class='ocr_par' dir='ltr' id='par_1_58' title="bbox 607 5495 2194 5578">
     <span class='ocr_line' id='line_1_58' title="bbox 607 5495 2194 5578; baseline 0.011 -26"><span class='ocrx_word' id='word_1_496' title='bbox 607 5515 728 5552; x_wconf 88' lang='lat' dir='ltr'><strong>suas</strong></span> <span class='ocrx_word' id='word_1_497' title='bbox 760 5495 909 5570; x_wconf 87' lang='lat' dir='ltr'><strong>(Isai.</strong></span> <span class='ocrx_word' id='word_1_498' title='bbox 941 5513 1025 5566; x_wconf 75' lang='grc' dir='ltr'><strong>ιν,</strong></span> <span class='ocrx_word' id='word_1_499' title='bbox 1057 5499 1110 5565; x_wconf 85' lang='grc'><strong>6,</strong></span> <span class='ocrx_word' id='word_1_500' title='bbox 1141 5501 1218 5569; x_wconf 86' lang='lat'><strong>7).</strong></span> <span class='ocrx_word' id='word_1_501' title='bbox 1253 5500 1380 5558; x_wconf 89' lang='lat' dir='ltr'><strong>Item</strong></span> <span class='ocrx_word' id='word_1_502' title='bbox 1412 5505 1454 5558; x_wconf 91' lang='lat' dir='ltr'><strong>si</strong></span> <span class='ocrx_word' id='word_1_503' title='bbox 1506 5506 1608 5562; x_wconf 89' lang='lat' dir='ltr'><strong>Iide</strong></span> <span class='ocrx_word' id='word_1_504' title='bbox 1650 5507 1897 5566; x_wconf 85' lang='lat' dir='ltr'><strong>inventus</strong></span> <span class='ocrx_word' id='word_1_505' title='bbox 1922 5554 1936 5578; x_wconf 96' lang='lat'><strong>,</strong></span> <span class='ocrx_word' id='word_1_506' title='bbox 1967 5530 2071 5567; x_wconf 91' lang='lat' dir='ltr'><strong>non</strong></span> <span class='ocrx_word' id='word_1_507' title='bbox 2101 5515 2194 5568; x_wconf 90' lang='lat' dir='ltr'><strong>ad-</strong></span> 
     </span>
    </p>
   </div>
   <div class='ocr_carea' id='block_1_59' title="bbox 609 5587 2190 5667">
    <p class='ocr_par' dir='ltr' id='par_1_59' title="bbox 609 5587 2190 5667">
     <span class='ocr_line' id='line_1_59' title="bbox 609 5587 2190 5667; baseline 0.011 -26"><span class='ocrx_word' id='word_1_508' title='bbox 609 5587 712 5642; x_wconf 87' lang='lat' dir='ltr'><strong>huc</strong></span> <span class='ocrx_word' id='word_1_509' title='bbox 747 5596 890 5643; x_wconf 85' lang='lat' dir='ltr'><strong>esset</strong></span> <span class='ocrx_word' id='word_1_510' title='bbox 933 5589 1356 5659; x_wconf 88' lang='lat' dir='ltr'><strong>perquirendus.</strong></span> <span class='ocrx_word' id='word_1_511' title='bbox 1400 5610 1503 5649; x_wconf 91' lang='lat' dir='ltr'><strong>non</strong></span> <span class='ocrx_word' id='word_1_512' title='bbox 1552 5595 1838 5667; x_wconf 89' lang='lat' dir='ltr'><strong>diceretur,</strong></span> <span class='ocrx_word' id='word_1_513' title='bbox 1889 5621 1907 5654; x_wconf 83' lang='lat' dir='ltr'><strong>t</strong></span> <span class='ocrx_word' id='word_1_514' title='bbox 1945 5602 1998 5658; x_wconf 87' lang='lat' dir='ltr'><strong>Si</strong></span> <span class='ocrx_word' id='word_1_515' title='bbox 2049 5605 2190 5659; x_wconf 87' lang='lat' dir='ltr'><strong>enim</strong></span> 
     </span>
    </p>
   </div>
   <div class='ocr_carea' id='block_1_60' title="bbox 607 5674 2186 5766">
    <p class='ocr_par' dir='ltr' id='par_1_60' title="bbox 607 5674 2186 5766">
     <span class='ocr_line' id='line_1_60' title="bbox 607 5674 2186 5766; baseline 0.011 -33"><span class='ocrx_word' id='word_1_516' title='bbox 607 5679 748 5750; x_wconf 84' lang='lat' dir='ltr'><strong>quod</strong></span> <span class='ocrx_word' id='word_1_517' title='bbox 781 5674 884 5735; x_wconf 86' lang='lat' dir='ltr'><strong>non</strong></span> <span class='ocrx_word' id='word_1_518' title='bbox 915 5681 1174 5745; x_wconf 88' lang='lat' dir='ltr'><strong>videmus,</strong></span> <span class='ocrx_word' id='word_1_519' title='bbox 1203 5698 1505 5752; x_wconf 81' lang='lat' dir='ltr'><strong>speramus,</strong></span> <span class='ocrx_word' id='word_1_520' title='bbox 1541 5703 1632 5756; x_wconf 88' lang='lat' dir='ltr'><strong>per</strong></span> <span class='ocrx_word' id='word_1_521' title='bbox 1660 5690 1967 5759; x_wconf 83' lang='lat' dir='ltr'><strong>patientiam</strong></span> <span class='ocrx_word' id='word_1_522' title='bbox 2000 5711 2186 5766; x_wconf 80' lang='lat' dir='ltr'><strong>exspe-</strong></span> 
     </span>
    </p>
   </div>
   <div class='ocr_carea' id='block_1_61' title="bbox 607 5775 2190 5853">
    <p class='ocr_par' dir='ltr' id='par_1_61' title="bbox 607 5775 2190 5853">
     <span class='ocr_line' id='line_1_61' title="bbox 607 5775 2190 5853; baseline 0.013 -29"><span class='ocrx_word' id='word_1_523' title='bbox 607 5781 812 5827; x_wconf 85' lang='lat' dir='ltr'><strong>ctamus</strong></span> <span class='ocrx_word' id='word_1_524' title='bbox 847 5793 865 5827; x_wconf 89' lang='grc'><strong>›</strong></span> <span class='ocrx_word' id='word_1_525' title='bbox 894 5775 1068 5847; x_wconf 83' lang='lat' dir='ltr'><strong>(llam.</strong></span> <span class='ocrx_word' id='word_1_526' title='bbox 1102 5792 1214 5843; x_wconf 82' lang='lat' dir='ltr'><strong>\‘Itt,</strong></span> <span class='ocrx_word' id='word_1_527' title='bbox 1241 5778 1331 5848; x_wconf 65' lang='lat' dir='ltr'><strong>Elii)</strong></span> <span class='ocrx_word' id='word_1_528' title='bbox 1371 5795 1383 5830; x_wconf 87' lang='lat'><strong>:</strong></span> <span class='ocrx_word' id='word_1_529' title='bbox 1413 5784 1626 5850; x_wconf 87' lang='lat' dir='ltr'><strong>etquod</strong></span> <span class='ocrx_word' id='word_1_530' title='bbox 1653 5783 1883 5842; x_wconf 84' lang='lat' dir='ltr'><strong>Joannes</strong></span> <span class='ocrx_word' id='word_1_531' title='bbox 1913 5789 2002 5853; x_wconf 88' lang='lat' dir='ltr'><strong>ait,</strong></span> <span class='ocrx_word' id='word_1_532' title='bbox 2031 5808 2046 5839; x_wconf 82' lang='grc' dir='ltr'><strong>ι</strong></span> <span class='ocrx_word' id='word_1_533' title='bbox 2079 5791 2190 5844; x_wconf 81' lang='lat' dir='ltr'><strong>Sci-</strong></span> 
     </span>
    </p>
   </div>
   <div class='ocr_carea' id='block_1_62' title="bbox 2336 465 3850 551">
    <p class='ocr_par' dir='ltr' id='par_1_62' title="bbox 2336 465 3850 551">
     <span class='ocr_line' id='line_1_62' title="bbox 2336 465 3850 551; baseline 0.015 -37"><span class='ocrx_word' id='word_1_534' title='bbox 2336 477 2455 516; x_wconf 91' lang='lat' dir='ltr'><strong>mus</strong></span> <span class='ocrx_word' id='word_1_535' title='bbox 2483 465 2603 533; x_wconf 85' lang='lat' dir='ltr'><strong>quia</strong></span> <span class='ocrx_word' id='word_1_536' title='bbox 2647 481 2767 520; x_wconf 84' lang='lat' dir='ltr'><strong>eum</strong></span> <span class='ocrx_word' id='word_1_537' title='bbox 2826 468 3158 538; x_wconf 86' lang='lat' dir='ltr'><strong>apparuerit,</strong></span> <span class='ocrx_word' id='word_1_538' title='bbox 3189 469 3384 526; x_wconf 84' lang='lat' dir='ltr'><strong>similes</strong></span> <span class='ocrx_word' id='word_1_539' title='bbox 3423 473 3468 527; x_wconf 92' lang='lat' dir='ltr'><strong>ei</strong></span> <span class='ocrx_word' id='word_1_540' title='bbox 3506 475 3716 544; x_wconf 88' lang='lat' dir='ltr'><strong>erimus;</strong></span> <span class='ocrx_word' id='word_1_541' title='bbox 3742 497 3850 551; x_wconf 89' lang='lat' dir='ltr'><strong>quo-</strong></span> 
     </span>
    </p>
   </div>
   <div class='ocr_carea' id='block_1_63' title="bbox 2331 556 3854 639">
    <p class='ocr_par' dir='ltr' id='par_1_63' title="bbox 2331 556 3854 639">
     <span class='ocr_line' id='line_1_63' title="bbox 2331 556 3854 639; baseline 0.016 -31"><span class='ocrx_word' id='word_1_542' title='bbox 2331 556 2912 615; x_wconf 83' lang='lat' dir='ltr'><strong>niamvidebimusemn</strong></span> <span class='ocrx_word' id='word_1_543' title='bbox 2937 563 3091 616; x_wconf 81' lang='lat' dir='ltr'><strong>sicuti</strong></span> <span class='ocrx_word' id='word_1_544' title='bbox 3115 563 3442 633; x_wconf 63' lang='lat' dir='ltr'><strong>esta(IJoan.</strong></span> <span class='ocrx_word' id='word_1_545' title='bbox 3466 582 3540 632; x_wconf 89' lang='lat' dir='ltr'>III,</span> <span class='ocrx_word' id='word_1_546' title='bbox 3559 569 3631 639; x_wconf 78' lang='lat'><strong>‘2).</strong></span> <span class='ocrx_word' id='word_1_547' title='bbox 3651 573 3719 626; x_wconf 77' lang='lat' dir='ltr'><strong>An</strong></span> <span class='ocrx_word' id='word_1_548' title='bbox 3743 573 3854 632; x_wconf 84' lang='lat' dir='ltr'><strong>forte</strong></span> 
     </span>
    </p>
   </div>
   <div class='ocr_carea' id='block_1_64' title="bbox 2329 647 3852 735">
    <p class='ocr_par' dir='ltr' id='par_1_64' title="bbox 2329 647 3852 735">
     <span class='ocr_line' id='line_1_64' title="bbox 2329 647 3852 735; baseline 0.013 -35"><span class='ocrx_word' id='word_1_549' title='bbox 2329 647 2488 701; x_wconf 90' lang='lat' dir='ltr'><strong>etiam</strong></span> <span class='ocrx_word' id='word_1_550' title='bbox 2524 664 2643 702; x_wconf 86' lang='lat' dir='ltr'><strong>eum</strong></span> <span class='ocrx_word' id='word_1_551' title='bbox 2673 649 2807 706; x_wconf 79' lang='lat' dir='ltr'><strong>faeie</strong></span> <span class='ocrx_word' id='word_1_552' title='bbox 2833 653 2898 706; x_wconf 90' lang='lat' dir='ltr'><strong>ad</strong></span> <span class='ocrx_word' id='word_1_553' title='bbox 2933 652 3120 708; x_wconf 88' lang='lat' dir='ltr'><strong>faciem</strong></span> <span class='ocrx_word' id='word_1_554' title='bbox 3147 654 3432 711; x_wconf 84' lang='lat' dir='ltr'><strong>viderimus</strong></span> <span class='ocrx_word' id='word_1_555' title='bbox 3449 674 3568 712; x_wconf 81' lang='lat' dir='ltr'><strong>eum</strong></span> <span class='ocrx_word' id='word_1_556' title='bbox 3595 665 3731 717; x_wconf 86' lang='lat' dir='ltr'><strong>sicuti</strong></span> <span class='ocrx_word' id='word_1_557' title='bbox 3754 677 3852 735; x_wconf 89' lang='lat' dir='ltr'><strong>est,</strong></span> 
     </span>
    </p>
   </div>
   <div class='ocr_carea' id='block_1_65' title="bbox 2327 736 3852 826">
    <p class='ocr_par' dir='ltr' id='par_1_65' title="bbox 2327 736 3852 826">
     <span class='ocr_line' id='line_1_65' title="bbox 2327 736 3852 826; baseline 0.015 -37"><span class='ocrx_word' id='word_1_558' title='bbox 2327 736 2498 792; x_wconf 81' lang='lat' dir='ltr'><strong>adhuc</strong></span> <span class='ocrx_word' id='word_1_559' title='bbox 2520 742 2901 810; x_wconf 79' lang='lat' dir='ltr'><strong>perquirend-us</strong></span> <span class='ocrx_word' id='word_1_560' title='bbox 2930 745 3049 808; x_wconf 89' lang='lat' dir='ltr'><strong>erit,</strong></span> <span class='ocrx_word' id='word_1_561' title='bbox 3074 746 3263 799; x_wconf 73' lang='lat' dir='ltr'><strong>ct-sinc</strong></span> <span class='ocrx_word' id='word_1_562' title='bbox 3292 749 3390 802; x_wconf 90' lang='lat' dir='ltr'><strong>ﬁne</strong></span> <span class='ocrx_word' id='word_1_563' title='bbox 3412 753 3722 820; x_wconf 69' lang='lat' dir='ltr'><strong>qumrcndus,</strong></span> <span class='ocrx_word' id='word_1_564' title='bbox 3755 760 3852 826; x_wconf 80' lang='lat' dir='ltr'><strong>quia</strong></span> 
     </span>
    </p>
   </div>
   <div class='ocr_carea' id='block_1_66' title="bbox 2327 827 3852 912">
    <p class='ocr_par' dir='ltr' id='par_1_66' title="bbox 2327 827 3852 912">
     <span class='ocr_line' id='line_1_66' title="bbox 2327 827 3852 912; baseline 0.014 -33"><span class='ocrx_word' id='word_1_565' title='bbox 2327 827 2441 880; x_wconf 81' lang='lat' dir='ltr'><strong>sine</strong></span> <span class='ocrx_word' id='word_1_566' title='bbox 2491 829 2593 884; x_wconf 89' lang='lat' dir='ltr'><strong>ﬁne</strong></span> <span class='ocrx_word' id='word_1_567' title='bbox 2639 833 2934 887; x_wconf 84' lang='lat' dir='ltr'><strong>amandus?</strong></span> <span class='ocrx_word' id='word_1_568' title='bbox 2976 835 3208 889; x_wconf 86' lang='lat' dir='ltr'><strong>Dicimus</strong></span> <span class='ocrx_word' id='word_1_569' title='bbox 3261 838 3400 891; x_wconf 86' lang='lat' dir='ltr'><strong>enim</strong></span> <span class='ocrx_word' id='word_1_570' title='bbox 3443 841 3596 894; x_wconf 88' lang='lat' dir='ltr'><strong>etiam</strong></span> <span class='ocrx_word' id='word_1_571' title='bbox 3641 852 3852 912; x_wconf 80' lang='lat' dir='ltr'><strong>pra-sculi</strong></span> 
     </span>
    </p>
   </div>
   <div class='ocr_carea' id='block_1_67' title="bbox 2325 919 3851 1007">
    <p class='ocr_par' dir='ltr' id='par_1_67' title="bbox 2325 919 3851 1007">
     <span class='ocr_line' id='line_1_67' title="bbox 2325 919 3851 1007; baseline 0.015 -37"><span class='ocrx_word' id='word_1_572' title='bbox 2325 919 2479 972; x_wconf 89' lang='lat' dir='ltr'><strong>alicui</strong></span> <span class='ocrx_word' id='word_1_573' title='bbox 2505 963 2518 983; x_wconf 95' lang='lat'><strong>,</strong></span> <span class='ocrx_word' id='word_1_574' title='bbox 2550 921 2662 975; x_wconf 85' lang='lat' dir='ltr'><strong>Non</strong></span> <span class='ocrx_word' id='word_1_575' title='bbox 2693 932 2743 976; x_wconf 81' lang='lat' dir='ltr'><strong>te</strong></span> <span class='ocrx_word' id='word_1_576' title='bbox 2790 941 2972 994; x_wconf 73' lang='lat' dir='ltr'><strong>quaero</strong></span> <span class='ocrx_word' id='word_1_577' title='bbox 2995 942 3008 991; x_wconf 90' lang='lat'>;</span> <span class='ocrx_word' id='word_1_578' title='bbox 3035 926 3084 980; x_wconf 86' lang='lat' dir='ltr'><strong>id</strong></span> <span class='ocrx_word' id='word_1_579' title='bbox 3116 937 3192 980; x_wconf 87' lang='lat' dir='ltr'><strong>est</strong></span> <span class='ocrx_word' id='word_1_580' title='bbox 3217 969 3232 994; x_wconf 94' lang='lat'><strong>,</strong></span> <span class='ocrx_word' id='word_1_581' title='bbox 3267 944 3368 983; x_wconf 88' lang='lat' dir='ltr'><strong>non</strong></span> <span class='ocrx_word' id='word_1_582' title='bbox 3400 939 3448 984; x_wconf 91' lang='lat' dir='ltr'><strong>te</strong></span> <span class='ocrx_word' id='word_1_583' title='bbox 3491 931 3660 1003; x_wconf 80' lang='lat' dir='ltr'><strong>diligo.</strong></span> <span class='ocrx_word' id='word_1_584' title='bbox 3692 936 3756 989; x_wconf 80' lang='lat' dir='ltr'><strong>Ac</strong></span> <span class='ocrx_word' id='word_1_585' title='bbox 3777 954 3851 1007; x_wconf 85' lang='lat' dir='ltr'><strong>per</strong></span> 
     </span>
    </p>
   </div>
   <div class='ocr_carea' id='block_1_68' title="bbox 2325 1007 3863 1097">
    <p class='ocr_par' dir='ltr' id='par_1_68' title="bbox 2325 1007 3863 1097">
     <span class='ocr_line' id='line_1_68' title="bbox 2325 1007 3863 1097; baseline 0.013 -36"><span class='ocrx_word' id='word_1_586' title='bbox 2325 1007 2426 1063; x_wconf 83' lang='lat' dir='ltr'><strong>hoc</strong></span> <span class='ocrx_word' id='word_1_587' title='bbox 2452 1012 2538 1081; x_wconf 85' lang='lat' dir='ltr'><strong>qui</strong></span> <span class='ocrx_word' id='word_1_588' title='bbox 2569 1013 2821 1083; x_wconf 83' lang='lat' dir='ltr'><strong>diligitur,</strong></span> <span class='ocrx_word' id='word_1_589' title='bbox 2855 1016 3016 1070; x_wconf 88' lang='lat' dir='ltr'><strong>etiam</strong></span> <span class='ocrx_word' id='word_1_590' title='bbox 3064 1032 3296 1086; x_wconf 67' lang='lat' dir='ltr'><strong>praesens</strong></span> <span class='ocrx_word' id='word_1_591' title='bbox 3324 1021 3590 1088; x_wconf 68' lang='lat' dir='ltr'><strong>quau-Itur,</strong></span> <span class='ocrx_word' id='word_1_592' title='bbox 3616 1025 3726 1078; x_wconf 90' lang='lat' dir='ltr'><strong>dum</strong></span> <span class='ocrx_word' id='word_1_593' title='bbox 3747 1028 3863 1097; x_wconf 26' lang='lat' dir='ltr'><strong>clis--</strong></span> 
     </span>
    </p>
   </div>
   <div class='ocr_carea' id='block_1_69' title="bbox 2323 1101 3850 1188">
    <p class='ocr_par' dir='ltr' id='par_1_69' title="bbox 2323 1101 3850 1188">
     <span class='ocr_line' id='line_1_69' title="bbox 2323 1101 3850 1188; baseline 0.015 -36"><span class='ocrx_word' id='word_1_594' title='bbox 2323 1101 2476 1155; x_wconf 86' lang='lat' dir='ltr'><strong>ritate</strong></span> <span class='ocrx_word' id='word_1_595' title='bbox 2506 1113 2779 1172; x_wconf 86' lang='lat' dir='ltr'><strong>perpetua,</strong></span> <span class='ocrx_word' id='word_1_596' title='bbox 2809 1122 2874 1178; x_wconf 77' lang='lat' dir='ltr'><strong>ne</strong></span> <span class='ocrx_word' id='word_1_597' title='bbox 2901 1108 2986 1160; x_wconf 89' lang='lat' dir='ltr'><strong>ﬁat</strong></span> <span class='ocrx_word' id='word_1_598' title='bbox 3005 1109 3216 1172; x_wconf 89' lang='lat' dir='ltr'><strong>absens,</strong></span> <span class='ocrx_word' id='word_1_599' title='bbox 3243 1111 3468 1180; x_wconf 75' lang='lat' dir='ltr'><strong>agitur’.</strong></span> <span class='ocrx_word' id='word_1_600' title='bbox 3495 1113 3705 1172; x_wconf 85' lang='lat' dir='ltr'><strong>Proinde</strong></span> <span class='ocrx_word' id='word_1_601' title='bbox 3723 1135 3850 1188; x_wconf 86' lang='lat' dir='ltr'><strong>quem</strong></span> 
     </span>
    </p>
   </div>
   <div class='ocr_carea' id='block_1_70' title="bbox 2320 1194 3851 1269">
    <p class='ocr_par' dir='ltr' id='par_1_70' title="bbox 2320 1194 3851 1269">
     <span class='ocr_line' id='line_1_70' title="bbox 2320 1194 3851 1269; baseline 0.013 -25"><span class='ocrx_word' id='word_1_602' title='bbox 2320 1194 2542 1264; x_wconf 80' lang='lat' dir='ltr'><strong>qIIISque</strong></span> <span class='ocrx_word' id='word_1_603' title='bbox 2567 1195 2736 1264; x_wconf 79' lang='lat' dir='ltr'><strong>diligit</strong></span> <span class='ocrx_word' id='word_1_604' title='bbox 2759 1240 2772 1257; x_wconf 92' lang='lat'><strong>,</strong></span> <span class='ocrx_word' id='word_1_605' title='bbox 2806 1199 2963 1252; x_wconf 82' lang='lat' dir='ltr'><strong>etiam</strong></span> <span class='ocrx_word' id='word_1_606' title='bbox 3015 1215 3134 1253; x_wconf 86' lang='lat' dir='ltr'><strong>cum</strong></span> <span class='ocrx_word' id='word_1_607' title='bbox 3178 1217 3298 1256; x_wconf 86' lang='lat' dir='ltr'><strong>eum</strong></span> <span class='ocrx_word' id='word_1_608' title='bbox 3331 1202 3472 1256; x_wconf 80' lang='lat' dir='ltr'><strong>videt</strong></span> <span class='ocrx_word' id='word_1_609' title='bbox 3494 1246 3508 1269; x_wconf 94' lang='lat'><strong>,</strong></span> <span class='ocrx_word' id='word_1_610' title='bbox 3537 1206 3644 1258; x_wconf 80' lang='lat' dir='ltr'><strong>sine</strong></span> <span class='ocrx_word' id='word_1_611' title='bbox 3679 1207 3851 1263; x_wconf 61' lang='lat' dir='ltr'><strong>fastidio</strong></span> 
     </span>
    </p>
   </div>
   <div class='ocr_carea' id='block_1_71' title="bbox 2319 1288 3852 1368">
    <p class='ocr_par' dir='ltr' id='par_1_71' title="bbox 2319 1288 3852 1368">
     <span class='ocr_line' id='line_1_71' title="bbox 2319 1288 3852 1368; baseline 0.01 -30"><span class='ocrx_word' id='word_1_612' title='bbox 2319 1300 2529 1355; x_wconf 87' lang='lat' dir='ltr'><strong>semper</strong></span> <span class='ocrx_word' id='word_1_613' title='bbox 2569 1288 2678 1342; x_wconf 89' lang='lat' dir='ltr'><strong>vult</strong></span> <span class='ocrx_word' id='word_1_614' title='bbox 2707 1303 2826 1343; x_wconf 86' lang='lat' dir='ltr'><strong>esse</strong></span> <span class='ocrx_word' id='word_1_615' title='bbox 2870 1301 3205 1360; x_wconf 72' lang='lat' dir='ltr'><strong>prtescutem,</strong></span> <span class='ocrx_word' id='word_1_616' title='bbox 3237 1292 3334 1347; x_wconf 90' lang='lat' dir='ltr'><strong>hoc</strong></span> <span class='ocrx_word' id='word_1_617' title='bbox 3383 1303 3486 1360; x_wconf 89' lang='lat' dir='ltr'><strong>est,</strong></span> <span class='ocrx_word' id='word_1_618' title='bbox 3515 1309 3708 1365; x_wconf 81' lang='lat' dir='ltr'><strong>semper</strong></span> <span class='ocrx_word' id='word_1_619' title='bbox 3731 1315 3852 1368; x_wconf 74' lang='lat' dir='ltr'><strong>qtae-</strong></span> 
     </span>
    </p>
   </div>
   <div class='ocr_carea' id='block_1_72' title="bbox 2317 1379 3852 1456">
    <p class='ocr_par' dir='ltr' id='par_1_72' title="bbox 2317 1379 3852 1456">
     <span class='ocr_line' id='line_1_72' title="bbox 2317 1379 3852 1456; baseline 0.01 -26"><span class='ocrx_word' id='word_1_620' title='bbox 2317 1379 2382 1431; x_wconf 85' lang='lat' dir='ltr'><strong>riI</strong></span> <span class='ocrx_word' id='word_1_621' title='bbox 2439 1394 2558 1431; x_wconf 84' lang='lat' dir='ltr'><strong>esse</strong></span> <span class='ocrx_word' id='word_1_622' title='bbox 2601 1391 2939 1449; x_wconf 82' lang='lat' dir='ltr'><strong>praesentem.</strong></span> <span class='ocrx_word' id='word_1_623' title='bbox 2997 1383 3063 1436; x_wconf 68' lang='lat' dir='ltr'><strong>Iit</strong></span> <span class='ocrx_word' id='word_1_624' title='bbox 3109 1383 3356 1438; x_wconf 90' lang='lat' dir='ltr'><strong>nimirum</strong></span> <span class='ocrx_word' id='word_1_625' title='bbox 3394 1385 3491 1440; x_wconf 89' lang='lat' dir='ltr'><strong>hoc</strong></span> <span class='ocrx_word' id='word_1_626' title='bbox 3529 1397 3640 1449; x_wconf 88' lang='lat' dir='ltr'><strong>est,</strong></span> <span class='ocrx_word' id='word_1_627' title='bbox 3670 1389 3852 1456; x_wconf 71' lang='lat' dir='ltr'><strong>Qumrite</strong></span> 
     </span>
    </p>
   </div>
   <div class='ocr_carea' id='block_1_73' title="bbox 2315 1468 3852 1550">
    <p class='ocr_par' dir='ltr' id='par_1_73' title="bbox 2315 1468 3852 1550">
     <span class='ocr_line' id='line_1_73' title="bbox 2315 1468 3852 1550; baseline 0.012 -34"><span class='ocrx_word' id='word_1_628' title='bbox 2315 1468 2495 1536; x_wconf 76' lang='lat' dir='ltr'><strong>[aciem</strong></span> <span class='ocrx_word' id='word_1_629' title='bbox 2515 1471 2622 1542; x_wconf 82' lang='lat' dir='ltr'><strong>ejus</strong></span> <span class='ocrx_word' id='word_1_630' title='bbox 2643 1487 2858 1537; x_wconf 87' lang='lat' dir='ltr'><strong>sentper,</strong></span> <span class='ocrx_word' id='word_1_631' title='bbox 2888 1483 2943 1524; x_wconf 96' lang='grc' dir='ltr'><strong>ιιι</strong></span> <span class='ocrx_word' id='word_1_632' title='bbox 2971 1489 3074 1526; x_wconf 89' lang='lat' dir='ltr'><strong>non</strong></span> <span class='ocrx_word' id='word_1_633' title='bbox 3099 1473 3219 1528; x_wconf 84' lang='lat' dir='ltr'><strong>huic</strong></span> <span class='ocrx_word' id='word_1_634' title='bbox 3243 1474 3582 1545; x_wconf 85' lang='lat' dir='ltr'><strong>inquisitioni,</strong></span> <span class='ocrx_word' id='word_1_635' title='bbox 3609 1496 3698 1547; x_wconf 86' lang='lat' dir='ltr'><strong>qua</strong></span> <span class='ocrx_word' id='word_1_636' title='bbox 3722 1481 3852 1550; x_wconf 84' lang='lat' dir='ltr'><strong>signi-</strong></span> 
     </span>
    </p>
   </div>
   <div class='ocr_carea' id='block_1_74' title="bbox 2319 1561 3852 1633">
    <p class='ocr_par' dir='ltr' id='par_1_74' title="bbox 2319 1561 3852 1633">
     <span class='ocr_line' id='line_1_74' title="bbox 2319 1561 3852 1633; baseline 0.01 -23"><span class='ocrx_word' id='word_1_637' title='bbox 2319 1561 2508 1612; x_wconf 81' lang='lat' dir='ltr'><strong>ficatur</strong></span> <span class='ocrx_word' id='word_1_638' title='bbox 2547 1575 2720 1624; x_wconf 90' lang='lat' dir='ltr'><strong>amor,</strong></span> <span class='ocrx_word' id='word_1_639' title='bbox 2783 1563 2940 1616; x_wconf 87' lang='lat' dir='ltr'><strong>tinem</strong></span> <span class='ocrx_word' id='word_1_640' title='bbox 2985 1571 3209 1633; x_wconf 67' lang='lat' dir='ltr'><strong>pratstet</strong></span> <span class='ocrx_word' id='word_1_641' title='bbox 3251 1565 3520 1632; x_wconf 68' lang='lat' dir='ltr'><strong>inventio,</strong></span> <span class='ocrx_word' id='word_1_642' title='bbox 3568 1568 3655 1621; x_wconf 82' lang='lat' dir='ltr'><strong>sed</strong></span> <span class='ocrx_word' id='word_1_643' title='bbox 3698 1585 3852 1625; x_wconf 85' lang='lat' dir='ltr'><strong>amore</strong></span> 
     </span>
    </p>
   </div>
   <div class='ocr_carea' id='block_1_75' title="bbox 2315 1653 3360 1721">
    <p class='ocr_par' dir='ltr' id='par_1_75' title="bbox 2315 1653 3360 1721">
     <span class='ocr_line' id='line_1_75' title="bbox 2315 1653 3360 1721; baseline 0.006 -19"><span class='ocrx_word' id='word_1_644' title='bbox 2315 1660 2589 1706; x_wconf 69' lang='lat' dir='ltr'><strong>crescente</strong></span> <span class='ocrx_word' id='word_1_645' title='bbox 2617 1653 2885 1721; x_wconf 73' lang='lat' dir='ltr'><strong>inquisitio</strong></span> <span class='ocrx_word' id='word_1_646' title='bbox 2913 1665 3114 1709; x_wconf 81' lang='lat' dir='ltr'><strong>crescat</strong></span> <span class='ocrx_word' id='word_1_647' title='bbox 3141 1656 3360 1710; x_wconf 88' lang='lat' dir='ltr'><strong>inventi.</strong></span> 
     </span>
    </p>
   </div>
   <div class='ocr_carea' id='block_1_76' title="bbox 2383 1739 3849 1815">
    <p class='ocr_par' dir='ltr' id='par_1_76' title="bbox 2383 1739 3849 1815">
     <span class='ocr_line' id='line_1_76' title="bbox 2383 1739 3849 1815; baseline 0.008 -20"><span class='ocrx_word' id='word_1_648' title='bbox 2383 1742 2434 1795; x_wconf 71' lang='grc'><strong>4.</strong></span> <span class='ocrx_word' id='word_1_649' title='bbox 2457 1739 2604 1814; x_wconf 85' lang='lat' dir='ltr'><strong>[rers.</strong></span> <span class='ocrx_word' id='word_1_650' title='bbox 2625 1741 2836 1814; x_wconf 83' lang='lat' dir='ltr'><strong>5.].lam</strong></span> <span class='ocrx_word' id='word_1_651' title='bbox 2863 1743 3116 1814; x_wconf 84' lang='lat' dir='ltr'><strong>deinceps</strong></span> <span class='ocrx_word' id='word_1_652' title='bbox 3148 1755 3410 1815; x_wconf 85' lang='lat' dir='ltr'><strong>temperat</strong></span> <span class='ocrx_word' id='word_1_653' title='bbox 3443 1761 3499 1802; x_wconf 89' lang='lat' dir='ltr'><strong>se</strong></span> <span class='ocrx_word' id='word_1_654' title='bbox 3527 1747 3746 1803; x_wconf 89' lang='lat' dir='ltr'><strong>laudator</strong></span> <span class='ocrx_word' id='word_1_655' title='bbox 3768 1751 3849 1806; x_wconf 81' lang='lat' dir='ltr'><strong>istc</strong></span> 
     </span>
    </p>
   </div>
   <div class='ocr_carea' id='block_1_77' title="bbox 2311 1833 3843 1904">
    <p class='ocr_par' dir='ltr' id='par_1_77' title="bbox 2311 1833 3843 1904">
     <span class='ocr_line' id='line_1_77' title="bbox 2311 1833 3843 1904; baseline 0.008 -20"><span class='ocrx_word' id='word_1_656' title='bbox 2311 1833 2541 1898; x_wconf 88' lang='lat' dir='ltr'><strong>ardens,</strong></span> <span class='ocrx_word' id='word_1_657' title='bbox 2590 1841 2644 1886; x_wconf 89' lang='lat' dir='ltr'><strong>et</strong></span> <span class='ocrx_word' id='word_1_658' title='bbox 2691 1834 2756 1887; x_wconf 89' lang='lat' dir='ltr'><strong>ad</strong></span> <span class='ocrx_word' id='word_1_659' title='bbox 2785 1837 2996 1904; x_wconf 81' lang='lat' dir='ltr'><strong>capacia</strong></span> <span class='ocrx_word' id='word_1_660' title='bbox 3045 1837 3204 1892; x_wconf 86' lang='lat' dir='ltr'><strong>verba</strong></span> <span class='ocrx_word' id='word_1_661' title='bbox 3257 1838 3568 1904; x_wconf 86' lang='lat' dir='ltr'><strong>descendit;</strong></span> <span class='ocrx_word' id='word_1_662' title='bbox 3616 1841 3843 1897; x_wconf 89' lang='lat' dir='ltr'><strong>inﬁruunn</strong></span> 
     </span>
    </p>
   </div>
   <div class='ocr_carea' id='block_1_78' title="bbox 2311 1929 3848 2000">
    <p class='ocr_par' dir='ltr' id='par_1_78' title="bbox 2311 1929 3848 2000">
     <span class='ocr_line' id='line_1_78' title="bbox 2311 1929 3848 2000; baseline 0.007 -22"><span class='ocrx_word' id='word_1_663' title='bbox 2311 1941 2547 1980; x_wconf 90' lang='lat' dir='ltr'><strong>amorem</strong></span> <span class='ocrx_word' id='word_1_664' title='bbox 2604 1936 2762 1998; x_wconf 88' lang='lat' dir='ltr'><strong>atque</strong></span> <span class='ocrx_word' id='word_1_665' title='bbox 2809 1929 3091 1985; x_wconf 88' lang='lat' dir='ltr'><strong>lactentem</strong></span> <span class='ocrx_word' id='word_1_666' title='bbox 3138 1933 3518 2000; x_wconf 87' lang='lat' dir='ltr'><strong>temporalibus</strong></span> <span class='ocrx_word' id='word_1_667' title='bbox 3555 1933 3642 1988; x_wconf 91' lang='lat' dir='ltr'><strong>Dei</strong></span> <span class='ocrx_word' id='word_1_668' title='bbox 3668 1935 3848 1988; x_wconf 75' lang='lat' dir='ltr'><strong>mit-alii-</strong></span> 
     </span>
    </p>
   </div>
   <div class='ocr_carea' id='block_1_79' title="bbox 2305 2015 3852 2096">
    <p class='ocr_par' dir='ltr' id='par_1_79' title="bbox 2305 2015 3852 2096">
     <span class='ocr_line' id='line_1_79' title="bbox 2305 2015 3852 2096; baseline 0.006 -28"><span class='ocrx_word' id='word_1_669' title='bbox 2305 2015 2446 2071; x_wconf 88' lang='lat' dir='ltr'><strong>&#39;libus</strong></span> <span class='ocrx_word' id='word_1_670' title='bbox 2489 2019 2748 2072; x_wconf 87' lang='lat' dir='ltr'><strong>nutIieus.</strong></span> <span class='ocrx_word' id='word_1_671' title='bbox 2814 2018 3148 2082; x_wconf 84' lang='lat' dir='ltr'><strong>Mementote,</strong></span> <span class='ocrx_word' id='word_1_672' title='bbox 3193 2023 3404 2094; x_wconf 86' lang='lat' dir='ltr'><strong>inquit,</strong></span> <span class='ocrx_word' id='word_1_673' title='bbox 3435 2024 3723 2077; x_wconf 84' lang='lat' dir='ltr'><strong>mirabiliutn</strong></span> <span class='ocrx_word' id='word_1_674' title='bbox 3764 2027 3852 2096; x_wconf 72' lang='lat' dir='ltr'><strong>ejus</strong></span> 
     </span>
    </p>
   </div>
   <div class='ocr_carea' id='block_1_80' title="bbox 2309 2112 3851 2186">
    <p class='ocr_par' dir='ltr' id='par_1_80' title="bbox 2309 2112 3851 2186">
     <span class='ocr_line' id='line_1_80' title="bbox 2309 2112 3851 2186; baseline 0.006 -24"><span class='ocrx_word' id='word_1_675' title='bbox 2309 2127 2422 2180; x_wconf 74' lang='lat' dir='ltr'><strong>ante</strong></span> <span class='ocrx_word' id='word_1_676' title='bbox 2452 2112 2566 2182; x_wconf 80' lang='lat' dir='ltr'><strong>fecit</strong></span> <span class='ocrx_word' id='word_1_677' title='bbox 2585 2154 2599 2177; x_wconf 94' lang='lat'><strong>,</strong></span> <span class='ocrx_word' id='word_1_678' title='bbox 2649 2113 2880 2182; x_wconf 80' lang='lat' dir='ltr'><strong>prodigia</strong></span> <span class='ocrx_word' id='word_1_679' title='bbox 2903 2115 3011 2179; x_wconf 80' lang='lat' dir='ltr'><strong>ejus</strong></span> <span class='ocrx_word' id='word_1_680' title='bbox 3037 2123 3085 2167; x_wconf 91' lang='lat' dir='ltr'><strong>et</strong></span> <span class='ocrx_word' id='word_1_681' title='bbox 3100 2115 3302 2184; x_wconf 76' lang='lat' dir='ltr'><strong>judicia</strong></span> <span class='ocrx_word' id='word_1_682' title='bbox 3324 2115 3431 2169; x_wconf 89' lang='lat' dir='ltr'><strong>oris</strong></span> <span class='ocrx_word' id='word_1_683' title='bbox 3467 2116 3590 2186; x_wconf 85' lang='lat' dir='ltr'><strong>ejus.</strong></span> <span class='ocrx_word' id='word_1_684' title='bbox 3619 2117 3710 2183; x_wconf 83' lang='lat' dir='ltr'><strong>Qui</strong></span> <span class='ocrx_word' id='word_1_685' title='bbox 3735 2118 3851 2172; x_wconf 85' lang='lat' dir='ltr'><strong>locus</strong></span> 
     </span>
    </p>
   </div>
   <div class='ocr_carea' id='block_1_81' title="bbox 2308 2203 3849 2276">
    <p class='ocr_par' dir='ltr' id='par_1_81' title="bbox 2308 2203 3849 2276">
     <span class='ocr_line' id='line_1_81' title="bbox 2308 2203 3849 2276; baseline 0.005 -20"><span class='ocrx_word' id='word_1_686' title='bbox 2308 2203 2497 2258; x_wconf 79' lang='lat' dir='ltr'><strong>similis</strong></span> <span class='ocrx_word' id='word_1_687' title='bbox 2525 2203 2731 2258; x_wconf 87' lang='lat' dir='ltr'><strong>videtur</strong></span> <span class='ocrx_word' id='word_1_688' title='bbox 2761 2204 2830 2258; x_wconf 78' lang='lat' dir='ltr'><strong>illi</strong></span> <span class='ocrx_word' id='word_1_689' title='bbox 2893 2205 3042 2270; x_wconf 89' lang='lat' dir='ltr'><strong>loco,</strong></span> <span class='ocrx_word' id='word_1_690' title='bbox 3077 2205 3163 2259; x_wconf 89' lang='lat' dir='ltr'><strong>ubi</strong></span> <span class='ocrx_word' id='word_1_691' title='bbox 3195 2205 3259 2259; x_wconf 89' lang='lat' dir='ltr'><strong>ad</strong></span> <span class='ocrx_word' id='word_1_692' title='bbox 3306 2205 3524 2276; x_wconf 76' lang='lat' dir='ltr'><strong>Moysen</strong></span> <span class='ocrx_word' id='word_1_693' title='bbox 3569 2218 3849 2276; x_wconf 75' lang='lat' dir='ltr'><strong>qua-mitem</strong></span> 
     </span>
    </p>
   </div>
   <div class='ocr_carea' id='block_1_82' title="bbox 2306 2294 3850 2367">
    <p class='ocr_par' dir='ltr' id='par_1_82' title="bbox 2306 2294 3850 2367">
     <span class='ocr_line' id='line_1_82' title="bbox 2306 2294 3850 2367; baseline 0.006 -23"><span class='ocrx_word' id='word_1_694' title='bbox 2306 2294 2425 2363; x_wconf 84' lang='lat' dir='ltr'><strong>quis</strong></span> <span class='ocrx_word' id='word_1_695' title='bbox 2445 2304 2605 2359; x_wconf 87' lang='lat' dir='ltr'><strong>esset,</strong></span> <span class='ocrx_word' id='word_1_696' title='bbox 2640 2309 2760 2349; x_wconf 89' lang='lat' dir='ltr'><strong>cum</strong></span> <span class='ocrx_word' id='word_1_697' title='bbox 2791 2295 3018 2349; x_wconf 77' lang='lat' dir='ltr'><strong>dixisset</strong></span> <span class='ocrx_word' id='word_1_698' title='bbox 3045 2337 3060 2360; x_wconf 91' lang='lat'><strong>,</strong></span> <span class='ocrx_word' id='word_1_699' title='bbox 3093 2295 3199 2367; x_wconf 83' lang='lat' dir='ltr'><strong>Ego</strong></span> <span class='ocrx_word' id='word_1_700' title='bbox 3228 2312 3341 2350; x_wconf 85' lang='lat' dir='ltr'><strong>sum</strong></span> <span class='ocrx_word' id='word_1_701' title='bbox 3368 2298 3452 2366; x_wconf 86' lang='lat' dir='ltr'><strong>qui</strong></span> <span class='ocrx_word' id='word_1_702' title='bbox 3477 2314 3583 2352; x_wconf 86' lang='lat' dir='ltr'><strong>sum</strong></span> <span class='ocrx_word' id='word_1_703' title='bbox 3603 2339 3616 2361; x_wconf 89' lang='lat'><strong>,</strong></span> <span class='ocrx_word' id='word_1_704' title='bbox 3642 2307 3708 2362; x_wconf 86' lang='lat' dir='ltr'><strong>et,</strong></span> <span class='ocrx_word' id='word_1_705' title='bbox 3732 2297 3850 2353; x_wconf 77' lang='lat' dir='ltr'><strong>Dicet</strong></span> 
     </span>
    </p>
   </div>
   <div class='ocr_carea' id='block_1_83' title="bbox 2308 2385 3849 2460">
    <p class='ocr_par' dir='ltr' id='par_1_83' title="bbox 2308 2385 3849 2460">
     <span class='ocr_line' id='line_1_83' title="bbox 2308 2385 3849 2460; baseline 0.003 -21"><span class='ocrx_word' id='word_1_706' title='bbox 2308 2387 2428 2452; x_wconf 83' lang='lat' dir='ltr'><strong>ﬁliis</strong></span> <span class='ocrx_word' id='word_1_707' title='bbox 2459 2385 2640 2449; x_wconf 85' lang='lat' dir='ltr'><strong>Israel,</strong></span> <span class='ocrx_word' id='word_1_708' title='bbox 2675 2387 2779 2454; x_wconf 83' lang='lat' dir='ltr'><strong>Qui</strong></span> <span class='ocrx_word' id='word_1_709' title='bbox 2805 2395 2880 2440; x_wconf 90' lang='lat' dir='ltr'><strong>est</strong></span> <span class='ocrx_word' id='word_1_710' title='bbox 2904 2429 2919 2452; x_wconf 90' lang='lat'><strong>,</strong></span> <span class='ocrx_word' id='word_1_711' title='bbox 2948 2387 3080 2441; x_wconf 86' lang='lat' dir='ltr'><strong>misit</strong></span> <span class='ocrx_word' id='word_1_712' title='bbox 3107 2404 3184 2442; x_wconf 88' lang='lat' dir='ltr'><strong>me</strong></span> <span class='ocrx_word' id='word_1_713' title='bbox 3226 2389 3295 2441; x_wconf 90' lang='lat' dir='ltr'><strong>ad</strong></span> <span class='ocrx_word' id='word_1_714' title='bbox 3315 2403 3405 2443; x_wconf 87' lang='lat' dir='ltr'><strong>vos</strong></span> <span class='ocrx_word' id='word_1_715' title='bbox 3424 2406 3442 2443; x_wconf 93' lang='lat'><em>:</em></span> <span class='ocrx_word' id='word_1_716' title='bbox 3467 2389 3602 2459; x_wconf 88' lang='lat' dir='ltr'><strong>quod</strong></span> <span class='ocrx_word' id='word_1_717' title='bbox 3629 2405 3684 2445; x_wconf 75' lang='lat' dir='ltr'><strong>ex</strong></span> <span class='ocrx_word' id='word_1_718' title='bbox 3709 2406 3849 2460; x_wconf 89' lang='lat' dir='ltr'><strong>quatt-</strong></span> 
     </span>
    </p>
   </div>
   <div class='ocr_carea' id='block_1_84' title="bbox 2309 2477 3848 2552">
    <p class='ocr_par' dir='ltr' id='par_1_84' title="bbox 2309 2477 3848 2552">
     <span class='ocr_line' id='line_1_84' title="bbox 2309 2477 3848 2552; baseline 0.005 -22"><span class='ocrx_word' id='word_1_719' title='bbox 2309 2477 2643 2548; x_wconf 89' lang='lat' dir='ltr'><strong>tnlacumque</strong></span> <span class='ocrx_word' id='word_1_720' title='bbox 2689 2478 2942 2548; x_wconf 88' lang='lat' dir='ltr'><strong>particula</strong></span> <span class='ocrx_word' id='word_1_721' title='bbox 3000 2494 3116 2532; x_wconf 88' lang='lat' dir='ltr'><strong>rara</strong></span> <span class='ocrx_word' id='word_1_722' title='bbox 3184 2495 3338 2534; x_wconf 76' lang='lat' dir='ltr'><strong>mens</strong></span> <span class='ocrx_word' id='word_1_723' title='bbox 3391 2481 3530 2551; x_wconf 91' lang='lat' dir='ltr'><strong>capit</strong></span> <span class='ocrx_word' id='word_1_724' title='bbox 3582 2499 3592 2533; x_wconf 90' lang='lat'>:</span> <span class='ocrx_word' id='word_1_725' title='bbox 3636 2481 3848 2552; x_wconf 82' lang='lat' dir='ltr'><strong>deinceps</strong></span> 
     </span>
    </p>
   </div>
   <div class='ocr_carea' id='block_1_85' title="bbox 2307 2573 3846 2645">
    <p class='ocr_par' dir='ltr' id='par_1_85' title="bbox 2307 2573 3846 2645">
     <span class='ocr_line' id='line_1_85' title="bbox 2307 2573 3846 2645; baseline 0.003 -22"><span class='ocrx_word' id='word_1_726' title='bbox 2307 2585 2497 2624; x_wconf 86' lang='lat' dir='ltr'><strong>nomen</strong></span> <span class='ocrx_word' id='word_1_727' title='bbox 2527 2585 2681 2624; x_wconf 89' lang='lat' dir='ltr'><strong>suum</strong></span> <span class='ocrx_word' id='word_1_728' title='bbox 2721 2585 3148 2626; x_wconf 87' lang='lat' dir='ltr'><strong>commemorans</strong></span> <span class='ocrx_word' id='word_1_729' title='bbox 3171 2613 3186 2638; x_wconf 93' lang='lat'><strong>,</strong></span> <span class='ocrx_word' id='word_1_730' title='bbox 3225 2588 3355 2642; x_wconf 80' lang='lat' dir='ltr'><strong>ergo</strong></span> <span class='ocrx_word' id='word_1_731' title='bbox 3386 2573 3620 2628; x_wconf 83' lang='lat' dir='ltr'><strong>homines</strong></span> <span class='ocrx_word' id='word_1_732' title='bbox 3661 2576 3846 2645; x_wconf 78' lang='lat' dir='ltr'><strong>gratiam</strong></span> 
     </span>
    </p>
   </div>
   <div class='ocr_carea' id='block_1_86' title="bbox 2301 2661 3846 2737">
    <p class='ocr_par' dir='ltr' id='par_1_86' title="bbox 2301 2661 3846 2737">
     <span class='ocr_line' id='line_1_86' title="bbox 2301 2661 3846 2737; baseline 0.005 -24"><span class='ocrx_word' id='word_1_733' title='bbox 2301 2675 2452 2714; x_wconf 89' lang='lat' dir='ltr'><strong>suam</strong></span> <span class='ocrx_word' id='word_1_734' title='bbox 2503 2661 2918 2716; x_wconf 82' lang='lat' dir='ltr'><strong>misericorditer</strong></span> <span class='ocrx_word' id='word_1_735' title='bbox 2968 2664 3316 2732; x_wconf 85' lang='lat' dir='ltr'><strong>temperavit,</strong></span> <span class='ocrx_word' id='word_1_736' title='bbox 3378 2663 3590 2730; x_wconf 87' lang='lat' dir='ltr'><strong>dicens,</strong></span> <span class='ocrx_word' id='word_1_737' title='bbox 3627 2665 3723 2737; x_wconf 76' lang='lat' dir='ltr'><strong>Ego</strong></span> <span class='ocrx_word' id='word_1_738' title='bbox 3757 2684 3846 2720; x_wconf 80' lang='lat' dir='ltr'><strong>sunt</strong></span> 
     </span>
    </p>
   </div>
   <div class='ocr_carea' id='block_1_87' title="bbox 2305 2750 3847 2822">
    <p class='ocr_par' dir='ltr' id='par_1_87' title="bbox 2305 2750 3847 2822">
     <span class='ocr_line' id='line_1_87' title="bbox 2305 2750 3847 2822; baseline 0.006 -19"><span class='ocrx_word' id='word_1_739' title='bbox 2305 2750 2442 2806; x_wconf 79' lang='lat' dir='ltr'><strong>Deus</strong></span> <span class='ocrx_word' id='word_1_740' title='bbox 2471 2753 2743 2819; x_wconf 79' lang='lat' dir='ltr'><strong>Abraham,</strong></span> <span class='ocrx_word' id='word_1_741' title='bbox 2770 2762 2816 2807; x_wconf 88' lang='lat' dir='ltr'><strong>et</strong></span> <span class='ocrx_word' id='word_1_742' title='bbox 2847 2753 2984 2808; x_wconf 89' lang='lat' dir='ltr'><strong>Deus</strong></span> <span class='ocrx_word' id='word_1_743' title='bbox 3011 2753 3159 2809; x_wconf 88' lang='lat' dir='ltr'><strong>Isaac</strong></span> <span class='ocrx_word' id='word_1_744' title='bbox 3181 2798 3193 2816; x_wconf 88' lang='lat'><strong>,</strong></span> <span class='ocrx_word' id='word_1_745' title='bbox 3215 2767 3260 2809; x_wconf 88' lang='lat' dir='ltr'><strong>et</strong></span> <span class='ocrx_word' id='word_1_746' title='bbox 3286 2755 3430 2812; x_wconf 89' lang='lat' dir='ltr'><strong>Deus</strong></span> <span class='ocrx_word' id='word_1_747' title='bbox 3449 2757 3624 2822; x_wconf 74' lang='lat' dir='ltr'><strong>Iacob;</strong></span> <span class='ocrx_word' id='word_1_748' title='bbox 3649 2761 3732 2813; x_wconf 86' lang='lat' dir='ltr'><strong>ltoc</strong></span> <span class='ocrx_word' id='word_1_749' title='bbox 3749 2761 3847 2812; x_wconf 83' lang='lat' dir='ltr'><strong>milii</strong></span> 
     </span>
    </p>
   </div>
   <div class='ocr_carea' id='block_1_88' title="bbox 2306 2843 3846 2920">
    <p class='ocr_par' dir='ltr' id='par_1_88' title="bbox 2306 2843 3846 2920">
     <span class='ocr_line' id='line_1_88' title="bbox 2306 2843 3846 2920; baseline 0.006 -26"><span class='ocrx_word' id='word_1_750' title='bbox 2306 2860 2482 2896; x_wconf 86' lang='lat' dir='ltr'><strong>nomen</strong></span> <span class='ocrx_word' id='word_1_751' title='bbox 2499 2854 2568 2896; x_wconf 89' lang='lat' dir='ltr'><strong>est</strong></span> <span class='ocrx_word' id='word_1_752' title='bbox 2592 2846 2640 2896; x_wconf 87' lang='lat' dir='ltr'><strong>in</strong></span> <span class='ocrx_word' id='word_1_753' title='bbox 2667 2855 2905 2898; x_wconf 67' lang='lat' dir='ltr'><strong>a’terttnm</strong></span> <span class='ocrx_word' id='word_1_754' title='bbox 2924 2843 3120 2916; x_wconf 75' lang='lat' dir='ltr'><strong>(Exod.</strong></span> <span class='ocrx_word' id='word_1_755' title='bbox 3154 2862 3209 2899; x_wconf 85' lang='lat' dir='ltr'>III</span> <span class='ocrx_word' id='word_1_756' title='bbox 3230 2889 3245 2912; x_wconf 89' lang='lat'><strong>,</strong></span> <span class='ocrx_word' id='word_1_757' title='bbox 3278 2848 3349 2901; x_wconf 66' lang='grc'><strong>14</strong></span> <span class='ocrx_word' id='word_1_758' title='bbox 3370 2890 3386 2914; x_wconf 86' lang='grc'><em>,</em></span> <span class='ocrx_word' id='word_1_759' title='bbox 3416 2850 3523 2919; x_wconf 83' lang='grc'><strong>15).</strong></span> <span class='ocrx_word' id='word_1_760' title='bbox 3553 2849 3643 2905; x_wconf 87' lang='lat' dir='ltr'><strong>Ubi</strong></span> <span class='ocrx_word' id='word_1_761' title='bbox 3666 2850 3846 2920; x_wconf 77' lang='lat' dir='ltr'><strong>intelligi</strong></span> 
     </span>
    </p>
   </div>
   <div class='ocr_carea' id='block_1_89' title="bbox 2309 2934 3843 3005">
    <p class='ocr_par' dir='ltr' id='par_1_89' title="bbox 2309 2934 3843 3005">
     <span class='ocr_line' id='line_1_89' title="bbox 2309 2934 3843 3005; baseline 0.004 -21"><span class='ocrx_word' id='word_1_762' title='bbox 2309 2934 2492 2999; x_wconf 87' lang='lat' dir='ltr'><strong>voluit,</strong></span> <span class='ocrx_word' id='word_1_763' title='bbox 2519 2944 2570 2988; x_wconf 89' lang='lat' dir='ltr'><strong>et</strong></span> <span class='ocrx_word' id='word_1_764' title='bbox 2601 2935 2717 2988; x_wconf 77' lang='lat' dir='ltr'><strong>illos</strong></span> <span class='ocrx_word' id='word_1_765' title='bbox 2743 2950 2968 3003; x_wconf 87' lang='lat' dir='ltr'><strong>quorum</strong></span> <span class='ocrx_word' id='word_1_766' title='bbox 2995 2950 3052 2990; x_wconf 88' lang='lat' dir='ltr'><strong>se</strong></span> <span class='ocrx_word' id='word_1_767' title='bbox 3081 2936 3245 2990; x_wconf 88' lang='lat' dir='ltr'><strong>Deum</strong></span> <span class='ocrx_word' id='word_1_768' title='bbox 3293 2937 3434 2993; x_wconf 79' lang='lat' dir='ltr'><strong>dixit</strong></span> <span class='ocrx_word' id='word_1_769' title='bbox 3457 2981 3471 3005; x_wconf 94' lang='lat'><strong>,</strong></span> <span class='ocrx_word' id='word_1_770' title='bbox 3504 2939 3673 2994; x_wconf 86' lang='lat' dir='ltr'><strong>vivere</strong></span> <span class='ocrx_word' id='word_1_771' title='bbox 3699 2955 3843 2994; x_wconf 77' lang='lat' dir='ltr'><strong>secum</strong></span> 
     </span>
    </p>
   </div>
   <div class='ocr_carea' id='block_1_90' title="bbox 2306 3017 3844 3100">
    <p class='ocr_par' dir='ltr' id='par_1_90' title="bbox 2306 3017 3844 3100">
     <span class='ocr_line' id='line_1_90' title="bbox 2306 3017 3844 3100; baseline 0.005 -25"><span class='ocrx_word' id='word_1_772' title='bbox 2306 3017 2355 3076; x_wconf 87' lang='lat' dir='ltr'><strong>in</strong></span> <span class='ocrx_word' id='word_1_773' title='bbox 2385 3035 2638 3076; x_wconf 42' lang='lat' dir='ltr'><strong>aiternutn</strong></span> <span class='ocrx_word' id='word_1_774' title='bbox 2663 3067 2676 3084; x_wconf 89' lang='lat'><strong>.</strong></span> <span class='ocrx_word' id='word_1_775' title='bbox 2702 3035 2754 3079; x_wconf 89' lang='lat' dir='ltr'><strong>et</strong></span> <span class='ocrx_word' id='word_1_776' title='bbox 2778 3025 2877 3079; x_wconf 89' lang='lat' dir='ltr'><strong>hoc</strong></span> <span class='ocrx_word' id='word_1_777' title='bbox 2904 3025 3036 3080; x_wconf 81' lang='lat' dir='ltr'><strong>dixit</strong></span> <span class='ocrx_word' id='word_1_778' title='bbox 3059 3026 3197 3096; x_wconf 89' lang='lat' dir='ltr'><strong>quod</strong></span> <span class='ocrx_word' id='word_1_779' title='bbox 3239 3029 3360 3097; x_wconf 86' lang='lat' dir='ltr'><strong>capi</strong></span> <span class='ocrx_word' id='word_1_780' title='bbox 3395 3030 3551 3083; x_wconf 87' lang='lat' dir='ltr'><strong>etiam</strong></span> <span class='ocrx_word' id='word_1_781' title='bbox 3599 3047 3626 3085; x_wconf 90' lang='lat' dir='ltr'><strong>a</strong></span> <span class='ocrx_word' id='word_1_782' title='bbox 3655 3031 3844 3100; x_wconf 79' lang='lat' dir='ltr'><strong>parvulis</strong></span> 
     </span>
    </p>
   </div>
   <div class='ocr_carea' id='block_1_91' title="bbox 2306 3114 3846 3190">
    <p class='ocr_par' dir='ltr' id='par_1_91' title="bbox 2306 3114 3846 3190">
     <span class='ocr_line' id='line_1_91' title="bbox 2306 3114 3846 3190; baseline 0.004 -24"><span class='ocrx_word' id='word_1_783' title='bbox 2306 3123 2482 3182; x_wconf 75' lang='lat' dir='ltr'><strong>posset</strong></span> <span class='ocrx_word' id='word_1_784' title='bbox 2507 3131 2517 3165; x_wconf 93' lang='lat'>:</span> <span class='ocrx_word' id='word_1_785' title='bbox 2544 3125 2617 3179; x_wconf 84' lang='grc' dir='ltr'>ιιι,</span> <span class='ocrx_word' id='word_1_786' title='bbox 2656 3114 2763 3183; x_wconf 75' lang='lat' dir='ltr'><strong>Ego</strong></span> <span class='ocrx_word' id='word_1_787' title='bbox 2785 3117 3004 3186; x_wconf 81' lang='lat' dir='ltr'><strong>suntqui</strong></span> <span class='ocrx_word' id='word_1_788' title='bbox 3029 3133 3140 3170; x_wconf 85' lang='lat' dir='ltr'><strong>sum</strong></span> <span class='ocrx_word' id='word_1_789' title='bbox 3169 3159 3182 3180; x_wconf 97' lang='lat'><strong>,</strong></span> <span class='ocrx_word' id='word_1_790' title='bbox 3217 3119 3289 3170; x_wconf 91' lang='lat' dir='ltr'><strong>illi</strong></span> <span class='ocrx_word' id='word_1_791' title='bbox 3309 3134 3416 3189; x_wconf 77' lang='lat' dir='ltr'><strong>pro</strong></span> <span class='ocrx_word' id='word_1_792' title='bbox 3440 3127 3589 3190; x_wconf 79' lang='lat' dir='ltr'><strong>captu</strong></span> <span class='ocrx_word' id='word_1_793' title='bbox 3631 3120 3846 3190; x_wconf 84' lang='lat' dir='ltr'><strong>intellige-</strong></span> 
     </span>
    </p>
   </div>
   <div class='ocr_carea' id='block_1_92' title="bbox 2305 3205 3845 3280">
    <p class='ocr_par' dir='ltr' id='par_1_92' title="bbox 2305 3205 3845 3280">
     <span class='ocr_line' id='line_1_92' title="bbox 2305 3205 3845 3280; baseline 0.005 -24"><span class='ocrx_word' id='word_1_794' title='bbox 2305 3214 2440 3267; x_wconf 89' lang='lat' dir='ltr'><strong>rent,</strong></span> <span class='ocrx_word' id='word_1_795' title='bbox 2469 3205 2554 3272; x_wconf 92' lang='lat' dir='ltr'><strong>qui</strong></span> <span class='ocrx_word' id='word_1_796' title='bbox 2577 3205 2863 3273; x_wconf 77' lang='lat' dir='ltr'><strong>grandibus</strong></span> <span class='ocrx_word' id='word_1_797' title='bbox 2885 3206 3083 3260; x_wconf 77' lang='lat' dir='ltr'><strong>viribus</strong></span> <span class='ocrx_word' id='word_1_798' title='bbox 3106 3207 3390 3262; x_wconf 85' lang='lat' dir='ltr'><strong>cIIaritatis</strong></span> <span class='ocrx_word' id='word_1_799' title='bbox 3409 3219 3622 3265; x_wconf 88' lang='lat' dir='ltr'><strong>nossent</strong></span> <span class='ocrx_word' id='word_1_800' title='bbox 3644 3225 3845 3280; x_wconf 81' lang='lat' dir='ltr'><strong>qna-tere</strong></span> 
     </span>
    </p>
   </div>
   <div class='ocr_carea' id='block_1_93' title="bbox 2308 3294 3843 3370">
    <p class='ocr_par' dir='ltr' id='par_1_93' title="bbox 2308 3294 3843 3370">
     <span class='ocr_line' id='line_1_93' title="bbox 2308 3294 3843 3370; baseline 0.001 -23"><span class='ocrx_word' id='word_1_801' title='bbox 2308 3294 2492 3348; x_wconf 68' lang='lat' dir='ltr'><strong>ficit-tn</strong></span> <span class='ocrx_word' id='word_1_802' title='bbox 2539 3297 2654 3363; x_wconf 85' lang='lat' dir='ltr'><strong>ejus</strong></span> <span class='ocrx_word' id='word_1_803' title='bbox 2683 3311 2911 3364; x_wconf 85' lang='lat' dir='ltr'><strong>semper.</strong></span> <span class='ocrx_word' id='word_1_804' title='bbox 2939 3296 2995 3350; x_wconf 86' lang='lat' dir='ltr'><strong>Si</strong></span> <span class='ocrx_word' id='word_1_805' title='bbox 3042 3312 3170 3366; x_wconf 85' lang='lat' dir='ltr'><strong>ergo</strong></span> <span class='ocrx_word' id='word_1_806' title='bbox 3195 3299 3339 3367; x_wconf 85' lang='lat' dir='ltr'><strong>quod</strong></span> <span class='ocrx_word' id='word_1_807' title='bbox 3380 3308 3461 3354; x_wconf 90' lang='lat' dir='ltr'><strong>est</strong></span> <span class='ocrx_word' id='word_1_808' title='bbox 3492 3301 3598 3370; x_wconf 84' lang='lat' dir='ltr'><strong>ipse</strong></span> <span class='ocrx_word' id='word_1_809' title='bbox 3616 3341 3630 3365; x_wconf 92' lang='lat'><strong>,</strong></span> <span class='ocrx_word' id='word_1_810' title='bbox 3659 3300 3843 3352; x_wconf 80' lang='lat' dir='ltr'><strong>multum</strong></span> 
     </span>
    </p>
   </div>
   <div class='ocr_carea' id='block_1_94' title="bbox 2305 3387 3845 3458">
    <p class='ocr_par' dir='ltr' id='par_1_94' title="bbox 2305 3387 3845 3458">
     <span class='ocr_line' id='line_1_94' title="bbox 2305 3387 3845 3458; baseline 0.001 -18"><span class='ocrx_word' id='word_1_811' title='bbox 2305 3397 2384 3440; x_wconf 86' lang='lat' dir='ltr'><strong>est</strong></span> <span class='ocrx_word' id='word_1_812' title='bbox 2410 3387 2476 3440; x_wconf 90' lang='lat' dir='ltr'><strong>ad</strong></span> <span class='ocrx_word' id='word_1_813' title='bbox 2505 3403 2598 3441; x_wconf 88' lang='lat' dir='ltr'><strong>vos</strong></span> <span class='ocrx_word' id='word_1_814' title='bbox 2625 3389 2707 3444; x_wconf 76' lang='lat' dir='ltr'><strong>vel</strong></span> <span class='ocrx_word' id='word_1_815' title='bbox 2736 3389 2916 3443; x_wconf 83' lang='lat' dir='ltr'><strong>videre</strong></span> <span class='ocrx_word' id='word_1_816' title='bbox 2947 3389 3024 3444; x_wconf 90' lang='lat' dir='ltr'><strong>vel</strong></span> <span class='ocrx_word' id='word_1_817' title='bbox 3057 3406 3324 3458; x_wconf 74' lang='lat' dir='ltr'><strong>qnmrere,</strong></span> <span class='ocrx_word' id='word_1_818' title='bbox 3363 3391 3652 3446; x_wconf 81' lang='lat' dir='ltr'><strong>Mementote</strong></span> <span class='ocrx_word' id='word_1_819' title='bbox 3675 3391 3845 3445; x_wconf 85' lang='lat' dir='ltr'><strong>mirabi-</strong></span> 
     </span>
    </p>
   </div>
   <div class='ocr_carea' id='block_1_95' title="bbox 2305 3478 3844 3555">
    <p class='ocr_par' dir='ltr' id='par_1_95' title="bbox 2305 3478 3844 3555">
     <span class='ocr_line' id='line_1_95' title="bbox 2305 3478 3844 3555; baseline 0.003 -26"><span class='ocrx_word' id='word_1_820' title='bbox 2305 3478 2428 3531; x_wconf 81' lang='lat' dir='ltr'><strong>lintn</strong></span> <span class='ocrx_word' id='word_1_821' title='bbox 2485 3480 2594 3550; x_wconf 74' lang='lat' dir='ltr'><strong>ejus</strong></span> <span class='ocrx_word' id='word_1_822' title='bbox 2637 3495 2750 3551; x_wconf 51' lang='lat' dir='ltr'><strong>qua?</strong></span> <span class='ocrx_word' id='word_1_823' title='bbox 2798 3481 2951 3552; x_wconf 73' lang='lat' dir='ltr'><strong>fecit,</strong></span> <span class='ocrx_word' id='word_1_824' title='bbox 3001 3481 3232 3554; x_wconf 85' lang='lat' dir='ltr'><strong>prodigia</strong></span> <span class='ocrx_word' id='word_1_825' title='bbox 3284 3483 3397 3554; x_wconf 82' lang='lat' dir='ltr'><strong>ejus</strong></span> <span class='ocrx_word' id='word_1_826' title='bbox 3451 3495 3498 3538; x_wconf 89' lang='lat' dir='ltr'><strong>et</strong></span> <span class='ocrx_word' id='word_1_827' title='bbox 3542 3484 3723 3555; x_wconf 83' lang='lat' dir='ltr'><strong>judicia</strong></span> <span class='ocrx_word' id='word_1_828' title='bbox 3763 3483 3844 3536; x_wconf 84' lang='lat' dir='ltr'><strong>oris</strong></span> 
     </span>
    </p>
   </div>
   <div class='ocr_carea' id='block_1_96' title="bbox 2303 3571 2429 3640">
    <p class='ocr_par' dir='ltr' id='par_1_96' title="bbox 2303 3571 2429 3640">
     <span class='ocr_line' id='line_1_96' title="bbox 2303 3571 2429 3640; baseline 0.016 -18"><span class='ocrx_word' id='word_1_829' title='bbox 2303 3571 2429 3640; x_wconf 83' lang='lat' dir='ltr'><strong>ejus.</strong></span> 
     </span>
    </p>
   </div>
   <div class='ocr_carea' id='block_1_97' title="bbox 2373 3661 3841 3736">
    <p class='ocr_par' dir='ltr' id='par_1_97' title="bbox 2373 3661 3841 3736">
     <span class='ocr_line' id='line_1_97' title="bbox 2373 3661 3841 3736; baseline 0.003 -20"><span class='ocrx_word' id='word_1_830' title='bbox 2373 3662 2423 3716; x_wconf 83' lang='lat'><strong>5.</strong></span> <span class='ocrx_word' id='word_1_831' title='bbox 2457 3661 2604 3734; x_wconf 70' lang='lat' dir='ltr'><strong>[vet-s.</strong></span> <span class='ocrx_word' id='word_1_832' title='bbox 2635 3663 2666 3717; x_wconf 87' lang='grc'>6</span> <span class='ocrx_word' id='word_1_833' title='bbox 2689 3707 2702 3727; x_wconf 91' lang='grc'>,</span> <span class='ocrx_word' id='word_1_834' title='bbox 2735 3663 2812 3736; x_wconf 83' lang='grc'><strong>7.]</strong></span> <span class='ocrx_word' id='word_1_835' title='bbox 2841 3665 2907 3719; x_wconf 82' lang='grc' dir='ltr'>Ει</span> <span class='ocrx_word' id='word_1_836' title='bbox 2947 3665 3139 3736; x_wconf 74' lang='lat' dir='ltr'><strong>quibus</strong></span> <span class='ocrx_word' id='word_1_837' title='bbox 3165 3666 3404 3725; x_wconf 84' lang='lat' dir='ltr'><strong>dicitur?</strong></span> <span class='ocrx_word' id='word_1_838' title='bbox 3434 3669 3609 3725; x_wconf 83' lang='lat' dir='ltr'><strong>Semen</strong></span> <span class='ocrx_word' id='word_1_839' title='bbox 3629 3669 3841 3722; x_wconf 75' lang='lat' dir='ltr'><strong>Abt-altam</strong></span> 
     </span>
    </p>
   </div>
   <div class='ocr_carea' id='block_1_98' title="bbox 2301 3756 3838 3830">
    <p class='ocr_par' dir='ltr' id='par_1_98' title="bbox 2301 3756 3838 3830">
     <span class='ocr_line' id='line_1_98' title="bbox 2301 3756 3838 3830; baseline 0.005 -23"><span class='ocrx_word' id='word_1_840' title='bbox 2301 3756 2426 3808; x_wconf 86' lang='lat' dir='ltr'><strong>servi</strong></span> <span class='ocrx_word' id='word_1_841' title='bbox 2447 3757 2572 3826; x_wconf 77' lang='lat' dir='ltr'><strong>ejus,</strong></span> <span class='ocrx_word' id='word_1_842' title='bbox 2600 3757 2695 3825; x_wconf 83' lang='lat' dir='ltr'><strong>ﬁlii</strong></span> <span class='ocrx_word' id='word_1_843' title='bbox 2713 3757 2872 3812; x_wconf 84' lang='lat' dir='ltr'><strong>Jacob</strong></span> <span class='ocrx_word' id='word_1_844' title='bbox 2900 3760 3040 3813; x_wconf 85' lang='lat' dir='ltr'><strong>electi</strong></span> <span class='ocrx_word' id='word_1_845' title='bbox 3067 3761 3198 3830; x_wconf 84' lang='lat' dir='ltr'><strong>ejus.</strong></span> <span class='ocrx_word' id='word_1_846' title='bbox 3232 3761 3338 3816; x_wconf 79' lang='lat' dir='ltr'><strong>Vos</strong></span> <span class='ocrx_word' id='word_1_847' title='bbox 3371 3778 3550 3818; x_wconf 85' lang='lat' dir='ltr'><strong>semen</strong></span> <span class='ocrx_word' id='word_1_848' title='bbox 3575 3762 3838 3823; x_wconf 79' lang='lat' dir='ltr'><strong>Abraham,</strong></span> 
     </span>
    </p>
   </div>
   <div class='ocr_carea' id='block_1_99' title="bbox 2303 3847 3838 3926">
    <p class='ocr_par' dir='ltr' id='par_1_99' title="bbox 2303 3847 3838 3926">
     <span class='ocr_line' id='line_1_99' title="bbox 2303 3847 3838 3926; baseline 0.004 -27"><span class='ocrx_word' id='word_1_849' title='bbox 2303 3861 2395 3900; x_wconf 85' lang='lat' dir='ltr'><strong>vos</strong></span> <span class='ocrx_word' id='word_1_850' title='bbox 2436 3848 2525 3912; x_wconf 85' lang='lat' dir='ltr'><strong>lilii</strong></span> <span class='ocrx_word' id='word_1_851' title='bbox 2556 3847 2721 3902; x_wconf 85' lang='lat' dir='ltr'><strong>Jaeob</strong></span> <span class='ocrx_word' id='word_1_852' title='bbox 2740 3892 2754 3913; x_wconf 86' lang='lat'><strong>,</strong></span> <span class='ocrx_word' id='word_1_853' title='bbox 2784 3860 3075 3905; x_wconf 87' lang='lat' dir='ltr'><strong>mementote</strong></span> <span class='ocrx_word' id='word_1_854' title='bbox 3100 3853 3412 3908; x_wconf 76' lang='lat' dir='ltr'><strong>tttit&#39;abilittnt</strong></span> <span class='ocrx_word' id='word_1_855' title='bbox 3435 3857 3547 3926; x_wconf 77' lang='lat' dir='ltr'><strong>ejus</strong></span> <span class='ocrx_word' id='word_1_856' title='bbox 3575 3871 3678 3922; x_wconf 76' lang='lat' dir='ltr'><strong>qua:</strong></span> <span class='ocrx_word' id='word_1_857' title='bbox 3713 3855 3838 3924; x_wconf 75' lang='lat' dir='ltr'><strong>ferit,</strong></span> 
     </span>
    </p>
   </div>
   <div class='ocr_carea' id='block_1_100' title="bbox 2301 3938 3839 4018">
    <p class='ocr_par' dir='ltr' id='par_1_100' title="bbox 2301 3938 3839 4018">
     <span class='ocr_line' id='line_1_100' title="bbox 2301 3938 3839 4018; baseline 0.005 -28"><span class='ocrx_word' id='word_1_858' title='bbox 2301 3938 2531 4010; x_wconf 84' lang='lat' dir='ltr'><strong>prodigia</strong></span> <span class='ocrx_word' id='word_1_859' title='bbox 2560 3941 2668 4010; x_wconf 84' lang='lat' dir='ltr'><strong>ejus</strong></span> <span class='ocrx_word' id='word_1_860' title='bbox 2693 3950 2740 3994; x_wconf 90' lang='lat' dir='ltr'><strong>et</strong></span> <span class='ocrx_word' id='word_1_861' title='bbox 2779 3942 2978 4011; x_wconf 84' lang='lat' dir='ltr'><strong>judicia</strong></span> <span class='ocrx_word' id='word_1_862' title='bbox 3023 3945 3124 3997; x_wconf 87' lang='lat' dir='ltr'><strong>oris</strong></span> <span class='ocrx_word' id='word_1_863' title='bbox 3168 3947 3296 4015; x_wconf 85' lang='lat' dir='ltr'><strong>ejus.</strong></span> <span class='ocrx_word' id='word_1_864' title='bbox 3327 3946 3406 4001; x_wconf 83' lang='lat' dir='ltr'><strong>Ne</strong></span> <span class='ocrx_word' id='word_1_865' title='bbox 3445 3949 3559 4018; x_wconf 78' lang='lat' dir='ltr'><strong>quis</strong></span> <span class='ocrx_word' id='word_1_866' title='bbox 3587 3957 3742 4003; x_wconf 78' lang='lat' dir='ltr'><strong>autem</strong></span> <span class='ocrx_word' id='word_1_867' title='bbox 3770 3947 3839 3998; x_wconf 81' lang='lat' dir='ltr'><strong>tuti</strong></span> 
     </span>
    </p>
   </div>
   <div class='ocr_carea' id='block_1_101' title="bbox 2297 4031 3836 4100">
    <p class='ocr_par' dir='ltr' id='par_1_101' title="bbox 2297 4031 3836 4100">
     <span class='ocr_line' id='line_1_101' title="bbox 2297 4031 3836 4100; baseline 0.006 -20"><span class='ocrx_word' id='word_1_868' title='bbox 2297 4031 2440 4098; x_wconf 82' lang='lat' dir='ltr'><strong>genti</strong></span> <span class='ocrx_word' id='word_1_869' title='bbox 2471 4031 2570 4086; x_wconf 88' lang='lat' dir='ltr'><strong>IIoe</strong></span> <span class='ocrx_word' id='word_1_870' title='bbox 2615 4034 2870 4089; x_wconf 90' lang='lat' dir='ltr'><strong>tribueret</strong></span> <span class='ocrx_word' id='word_1_871' title='bbox 2911 4035 3264 4090; x_wconf 89' lang='lat' dir='ltr'><strong>lsraclitarum</strong></span> <span class='ocrx_word' id='word_1_872' title='bbox 3297 4041 3587 4094; x_wconf 89' lang='lat' dir='ltr'><strong>secundum</strong></span> <span class='ocrx_word' id='word_1_873' title='bbox 3623 4053 3836 4100; x_wconf 77' lang='lat' dir='ltr'><strong>carnem,</strong></span> 
     </span>
    </p>
   </div>
   <div class='ocr_carea' id='block_1_102' title="bbox 2298 4124 3840 4195">
    <p class='ocr_par' dir='ltr' id='par_1_102' title="bbox 2298 4124 3840 4195">
     <span class='ocr_line' id='line_1_102' title="bbox 2298 4124 3840 4195; baseline 0.005 -21"><span class='ocrx_word' id='word_1_874' title='bbox 2298 4130 2352 4174; x_wconf 89' lang='lat' dir='ltr'><strong>et</strong></span> <span class='ocrx_word' id='word_1_875' title='bbox 2394 4138 2497 4176; x_wconf 88' lang='lat' dir='ltr'><strong>non</strong></span> <span class='ocrx_word' id='word_1_876' title='bbox 2531 4124 2847 4194; x_wconf 80' lang='lat' dir='ltr'><strong>intelligeret</strong></span> <span class='ocrx_word' id='word_1_877' title='bbox 2886 4127 3052 4195; x_wconf 85' lang='lat' dir='ltr'><strong>magis</strong></span> <span class='ocrx_word' id='word_1_878' title='bbox 3094 4143 3214 4183; x_wconf 88' lang='lat' dir='ltr'><strong>esse</strong></span> <span class='ocrx_word' id='word_1_879' title='bbox 3260 4145 3445 4185; x_wconf 86' lang='lat' dir='ltr'><strong>semen</strong></span> <span class='ocrx_word' id='word_1_880' title='bbox 3478 4131 3690 4186; x_wconf 75' lang='lat' dir='ltr'><strong>Abrahte</strong></span> <span class='ocrx_word' id='word_1_881' title='bbox 3731 4130 3840 4182; x_wconf 77' lang='lat' dir='ltr'><strong>ﬁlios</strong></span> 
     </span>
    </p>
   </div>
   <div class='ocr_carea' id='block_1_103' title="bbox 2294 4217 3838 4295">
    <p class='ocr_par' dir='ltr' id='par_1_103' title="bbox 2294 4217 3838 4295">
     <span class='ocr_line' id='line_1_103' title="bbox 2294 4217 3838 4295; baseline 0.003 -27"><span class='ocrx_word' id='word_1_882' title='bbox 2294 4217 2664 4285; x_wconf 78' lang='lat' dir='ltr'><strong>promissionis</strong></span> <span class='ocrx_word' id='word_1_883' title='bbox 2691 4233 2846 4286; x_wconf 89' lang='lat' dir='ltr'><strong>quam</strong></span> <span class='ocrx_word' id='word_1_884' title='bbox 2881 4218 3016 4272; x_wconf 89' lang='lat' dir='ltr'><strong>ﬁlios</strong></span> <span class='ocrx_word' id='word_1_885' title='bbox 3035 4221 3211 4276; x_wconf 90' lang='lat' dir='ltr'><strong>carnis</strong></span> <span class='ocrx_word' id='word_1_886' title='bbox 3228 4262 3241 4286; x_wconf 89' lang='lat'><strong>,</strong></span> <span class='ocrx_word' id='word_1_887' title='bbox 3271 4223 3468 4290; x_wconf 83' lang='lat' dir='ltr'><strong>quiluts</strong></span> <span class='ocrx_word' id='word_1_888' title='bbox 3493 4224 3752 4295; x_wconf 79' lang='lat' dir='ltr'><strong>Apostolus</strong></span> <span class='ocrx_word' id='word_1_889' title='bbox 3770 4220 3838 4274; x_wconf 89' lang='lat' dir='ltr'><strong>di-</strong></span> 
     </span>
    </p>
   </div>
   <div class='ocr_carea' id='block_1_104' title="bbox 2300 4305 3835 4384">
    <p class='ocr_par' dir='ltr' id='par_1_104' title="bbox 2300 4305 3835 4384">
     <span class='ocr_line' id='line_1_104' title="bbox 2300 4305 3835 4384; baseline 0.005 -26"><span class='ocrx_word' id='word_1_890' title='bbox 2300 4305 2392 4371; x_wconf 79' lang='lat' dir='ltr'><strong>cit,</strong></span> <span class='ocrx_word' id='word_1_891' title='bbox 2425 4307 3166 4380; x_wconf 81' lang='lat' dir='ltr'><strong>euchntibusloqueretur,</strong></span> <span class='ocrx_word' id='word_1_892' title='bbox 3201 4331 3219 4363; x_wconf 84' lang='lat' dir='ltr'><strong>t</strong></span> <span class='ocrx_word' id='word_1_893' title='bbox 3257 4312 3365 4368; x_wconf 76' lang='lat' dir='ltr'><strong>Vos</strong></span> <span class='ocrx_word' id='word_1_894' title='bbox 3396 4330 3522 4384; x_wconf 88' lang='lat' dir='ltr'><strong>ergo</strong></span> <span class='ocrx_word' id='word_1_895' title='bbox 3544 4316 3748 4368; x_wconf 72' lang='lat' dir='ltr'><strong>Abrahze</strong></span> <span class='ocrx_word' id='word_1_896' title='bbox 3768 4327 3835 4366; x_wconf 88' lang='lat' dir='ltr'><strong>sc-</strong></span> 
     </span>
    </p>
   </div>
   <div class='ocr_carea' id='block_1_105' title="bbox 2293 4400 3834 4472">
    <p class='ocr_par' dir='ltr' id='par_1_105' title="bbox 2293 4400 3834 4472">
     <span class='ocr_line' id='line_1_105' title="bbox 2293 4400 3834 4472; baseline 0.005 -22"><span class='ocrx_word' id='word_1_897' title='bbox 2293 4412 2420 4451; x_wconf 83' lang='lat' dir='ltr'><strong>men</strong></span> <span class='ocrx_word' id='word_1_898' title='bbox 2448 4400 2904 4466; x_wconf 82' lang='lat' dir='ltr'><strong>eSI-is,sccnndum</strong></span> <span class='ocrx_word' id='word_1_899' title='bbox 2924 4402 3328 4470; x_wconf 78' lang='lat' dir='ltr'><strong>promissionem</strong></span> <span class='ocrx_word' id='word_1_900' title='bbox 3357 4405 3597 4460; x_wconf 62' lang='lat' dir='ltr'><strong>heredes</strong></span> <span class='ocrx_word' id='word_1_901' title='bbox 3621 4424 3642 4456; x_wconf 71' lang='grc' dir='ltr'><strong>ι</strong></span> <span class='ocrx_word' id='word_1_902' title='bbox 3671 4403 3834 4472; x_wconf 79' lang='lat' dir='ltr'><strong>(Colat.</strong></span> 
     </span>
    </p>
   </div>
   <div class='ocr_carea' id='block_1_106' title="bbox 2295 4490 3831 4564">
    <p class='ocr_par' dir='ltr' id='par_1_106' title="bbox 2295 4490 3831 4564">
     <span class='ocr_line' id='line_1_106' title="bbox 2295 4490 3831 4564; baseline 0.005 -20"><span class='ocrx_word' id='word_1_903' title='bbox 2295 4499 2373 4554; x_wconf 80' lang='lat' dir='ltr'><strong>tn,</strong></span> <span class='ocrx_word' id='word_1_904' title='bbox 2396 4490 2510 4561; x_wconf 68' lang='lat'><strong>‘29);</strong></span> <span class='ocrx_word' id='word_1_905' title='bbox 2539 4494 2778 4562; x_wconf 88' lang='lat' dir='ltr'><strong>sequitur</strong></span> <span class='ocrx_word' id='word_1_906' title='bbox 2803 4501 2858 4548; x_wconf 79' lang='lat' dir='ltr'><strong>et</strong></span> <span class='ocrx_word' id='word_1_907' title='bbox 2884 4493 3061 4559; x_wconf 77' lang='lat' dir='ltr'><strong>dICIl,(</strong></span> <span class='ocrx_word' id='word_1_908' title='bbox 3088 4495 3201 4564; x_wconf 84' lang='lat' dir='ltr'><strong>Ipse</strong></span> <span class='ocrx_word' id='word_1_909' title='bbox 3228 4497 3483 4553; x_wconf 85' lang='lat' dir='ltr'><strong>Dominus</strong></span> <span class='ocrx_word' id='word_1_910' title='bbox 3511 4500 3637 4553; x_wconf 75' lang='lat' dir='ltr'><strong>flens</strong></span> <span class='ocrx_word' id='word_1_911' title='bbox 3662 4506 3831 4551; x_wconf 79' lang='lat' dir='ltr'><strong>uoster;</strong></span> 
     </span>
    </p>
   </div>
   <div class='ocr_carea' id='block_1_107' title="bbox 2301 4582 3832 4660">
    <p class='ocr_par' dir='ltr' id='par_1_107' title="bbox 2301 4582 3832 4660">
     <span class='ocr_line' id='line_1_107' title="bbox 2301 4582 3832 4660; baseline -0.001 -25"><span class='ocrx_word' id='word_1_912' title='bbox 2301 4582 2350 4635; x_wconf 91' lang='lat' dir='ltr'><strong>in</strong></span> <span class='ocrx_word' id='word_1_913' title='bbox 2386 4585 2530 4637; x_wconf 90' lang='lat' dir='ltr'><strong>omni</strong></span> <span class='ocrx_word' id='word_1_914' title='bbox 2560 4593 2698 4638; x_wconf 84' lang='lat' dir='ltr'><strong>terra</strong></span> <span class='ocrx_word' id='word_1_915' title='bbox 2727 4584 2924 4652; x_wconf 81' lang='lat' dir='ltr'><strong>judicia</strong></span> <span class='ocrx_word' id='word_1_916' title='bbox 2969 4586 3104 4657; x_wconf 87' lang='lat' dir='ltr'><strong>ejus.</strong></span> <span class='ocrx_word' id='word_1_917' title='bbox 3148 4607 3166 4640; x_wconf 78' lang='grc' dir='ltr'><strong>ι</strong></span> <span class='ocrx_word' id='word_1_918' title='bbox 3200 4588 3309 4643; x_wconf 91' lang='lat' dir='ltr'><strong>IIoc</strong></span> <span class='ocrx_word' id='word_1_919' title='bbox 3351 4590 3541 4645; x_wconf 91' lang='lat' dir='ltr'><strong>dicitur</strong></span> <span class='ocrx_word' id='word_1_920' title='bbox 3560 4606 3654 4660; x_wconf 75' lang='lat' dir='ltr'><strong>per</strong></span> <span class='ocrx_word' id='word_1_921' title='bbox 3683 4588 3832 4640; x_wconf 80' lang='lat' dir='ltr'><strong>Isaiam</strong></span> 
     </span>
    </p>
   </div>
   <div class='ocr_carea' id='block_1_108' title="bbox 2298 4672 3833 4750">
    <p class='ocr_par' dir='ltr' id='par_1_108' title="bbox 2298 4672 3833 4750">
     <span class='ocr_line' id='line_1_108' title="bbox 2298 4672 3833 4750; baseline 0.003 -24"><span class='ocrx_word' id='word_1_922' title='bbox 2298 4673 2362 4726; x_wconf 92' lang='lat' dir='ltr'><strong>ad</strong></span> <span class='ocrx_word' id='word_1_923' title='bbox 2385 4672 2677 4730; x_wconf 83' lang='lat' dir='ltr'><strong>Jerusalem</strong></span> <span class='ocrx_word' id='word_1_924' title='bbox 2711 4676 2968 4743; x_wconf 89' lang='lat' dir='ltr'><strong>liberam,</strong></span> <span class='ocrx_word' id='word_1_925' title='bbox 2995 4689 3219 4734; x_wconf 90' lang='lat' dir='ltr'><strong>matrem</strong></span> <span class='ocrx_word' id='word_1_926' title='bbox 3247 4690 3480 4736; x_wconf 90' lang='lat' dir='ltr'><strong>nostram</strong></span> <span class='ocrx_word' id='word_1_927' title='bbox 3514 4701 3524 4734; x_wconf 90' lang='lat'><strong>:</strong></span> <span class='ocrx_word' id='word_1_928' title='bbox 3555 4681 3614 4734; x_wconf 80' lang='lat' dir='ltr'><strong>Et</strong></span> <span class='ocrx_word' id='word_1_929' title='bbox 3639 4679 3714 4750; x_wconf 84' lang='lat' dir='ltr'><strong>qui</strong></span> <span class='ocrx_word' id='word_1_930' title='bbox 3732 4677 3833 4732; x_wconf 82' lang='lat' dir='ltr'><strong>eruit</strong></span> 
     </span>
    </p>
   </div>
   <div class='ocr_carea' id='block_1_109' title="bbox 2300 4765 3826 4843">
    <p class='ocr_par' dir='ltr' id='par_1_109' title="bbox 2300 4765 3826 4843">
     <span class='ocr_line' id='line_1_109' title="bbox 2300 4765 3826 4843; baseline 0.002 -25"><span class='ocrx_word' id='word_1_931' title='bbox 2300 4774 2364 4828; x_wconf 87' lang='lat' dir='ltr'><strong>te,</strong></span> <span class='ocrx_word' id='word_1_932' title='bbox 2397 4766 2503 4836; x_wconf 87' lang='lat' dir='ltr'><strong>ipse</strong></span> <span class='ocrx_word' id='word_1_933' title='bbox 2528 4765 2668 4821; x_wconf 88' lang='lat' dir='ltr'><strong>Detts</strong></span> <span class='ocrx_word' id='word_1_934' title='bbox 2698 4777 2832 4833; x_wconf 87' lang='lat' dir='ltr'><strong>ttttts,</strong></span> <span class='ocrx_word' id='word_1_935' title='bbox 2863 4769 3108 4824; x_wconf 74' lang='lat' dir='ltr'><strong>universa!</strong></span> <span class='ocrx_word' id='word_1_936' title='bbox 3131 4781 3279 4826; x_wconf 77' lang='lat' dir='ltr'><strong>terra:</strong></span> <span class='ocrx_word' id='word_1_937' title='bbox 3311 4773 3560 4828; x_wconf 82' lang='lat' dir='ltr'><strong>vocabitur</strong></span> <span class='ocrx_word' id='word_1_938' title='bbox 3587 4772 3722 4843; x_wconf 80' lang='lat' dir='ltr'><strong>(lsai.</strong></span> <span class='ocrx_word' id='word_1_939' title='bbox 3749 4784 3826 4829; x_wconf 82' lang='lat' dir='ltr'><strong>Liv,</strong></span> 
     </span>
    </p>
   </div>
   <div class='ocr_carea' id='block_1_110' title="bbox 2298 4855 3830 4933">
    <p class='ocr_par' dir='ltr' id='par_1_110' title="bbox 2298 4855 3830 4933">
     <span class='ocr_line' id='line_1_110' title="bbox 2298 4855 3830 4933; baseline -0.001 -23"><span class='ocrx_word' id='word_1_940' title='bbox 2298 4855 2378 4925; x_wconf 81' lang='lat'><strong>5).</strong></span> <span class='ocrx_word' id='word_1_941' title='bbox 2409 4857 2487 4909; x_wconf 80' lang='lat' dir='ltr'><strong>An</strong></span> <span class='ocrx_word' id='word_1_942' title='bbox 2514 4856 2816 4912; x_wconf 70' lang='lat' dir='ltr'><strong>Judtrorum</strong></span> <span class='ocrx_word' id='word_1_943' title='bbox 2847 4859 2984 4914; x_wconf 91' lang='lat' dir='ltr'><strong>Deus</strong></span> <span class='ocrx_word' id='word_1_944' title='bbox 3018 4862 3258 4916; x_wconf 85' lang='lat' dir='ltr'><strong>tantum?</strong></span> <span class='ocrx_word' id='word_1_945' title='bbox 3289 4863 3440 4917; x_wconf 80' lang='lat' dir='ltr'><strong>Absit</strong></span> <span class='ocrx_word' id='word_1_946' title='bbox 3459 4863 3625 4933; x_wconf 81' lang='lat' dir='ltr'><strong>(Rom.</strong></span> <span class='ocrx_word' id='word_1_947' title='bbox 3648 4878 3712 4921; x_wconf 88' lang='lat' dir='ltr'><strong>III,</strong></span> <span class='ocrx_word' id='word_1_948' title='bbox 3737 4856 3830 4922; x_wconf 73' lang='lat'><strong>29).</strong></span> 
     </span>
    </p>
   </div>
   <div class='ocr_carea' id='block_1_111' title="bbox 2299 4947 3832 5025">
    <p class='ocr_par' dir='ltr' id='par_1_111' title="bbox 2299 4947 3832 5025">
     <span class='ocr_line' id='line_1_111' title="bbox 2299 4947 3832 5025; baseline -0.001 -24"><span class='ocrx_word' id='word_1_949' title='bbox 2299 4947 2327 5001; x_wconf 85' lang='grc'><strong>1</strong></span> <span class='ocrx_word' id='word_1_950' title='bbox 2334 4965 2422 5018; x_wconf 86' lang='lat' dir='ltr'><strong>pse</strong></span> <span class='ocrx_word' id='word_1_951' title='bbox 2451 4947 2702 5003; x_wconf 83' lang='lat' dir='ltr'><strong>Dominus</strong></span> <span class='ocrx_word' id='word_1_952' title='bbox 2730 4948 2866 5004; x_wconf 88' lang='lat' dir='ltr'><strong>Deus</strong></span> <span class='ocrx_word' id='word_1_953' title='bbox 2893 4961 3076 5016; x_wconf 87' lang='lat' dir='ltr'><strong>noster;</strong></span> <span class='ocrx_word' id='word_1_954' title='bbox 3107 4954 3158 5007; x_wconf 88' lang='lat' dir='ltr'><strong>in</strong></span> <span class='ocrx_word' id='word_1_955' title='bbox 3184 4956 3320 5008; x_wconf 87' lang='lat' dir='ltr'><strong>ontni</strong></span> <span class='ocrx_word' id='word_1_956' title='bbox 3340 4963 3472 5008; x_wconf 86' lang='lat' dir='ltr'><strong>terra</strong></span> <span class='ocrx_word' id='word_1_957' title='bbox 3489 4954 3678 5025; x_wconf 75' lang='lat' dir='ltr'><strong>judicia</strong></span> <span class='ocrx_word' id='word_1_958' title='bbox 3711 4951 3832 5022; x_wconf 79' lang='lat' dir='ltr'><strong>ejus:</strong></span> 
     </span>
    </p>
   </div>
   <div class='ocr_carea' id='block_1_112' title="bbox 2297 5039 3833 5116">
    <p class='ocr_par' dir='ltr' id='par_1_112' title="bbox 2297 5039 3833 5116">
     <span class='ocr_line' id='line_1_112' title="bbox 2297 5039 3833 5116; baseline 0.003 -25"><span class='ocrx_word' id='word_1_959' title='bbox 2297 5039 2418 5109; x_wconf 90' lang='lat' dir='ltr'><strong>quia</strong></span> <span class='ocrx_word' id='word_1_960' title='bbox 2445 5040 2497 5094; x_wconf 89' lang='lat' dir='ltr'><strong>in</strong></span> <span class='ocrx_word' id='word_1_961' title='bbox 2521 5041 2664 5095; x_wconf 91' lang='lat' dir='ltr'><strong>omni</strong></span> <span class='ocrx_word' id='word_1_962' title='bbox 2694 5049 2834 5096; x_wconf 91' lang='lat' dir='ltr'><strong>terra</strong></span> <span class='ocrx_word' id='word_1_963' title='bbox 2863 5042 3096 5098; x_wconf 85' lang='lat' dir='ltr'><strong>Ecclesia</strong></span> <span class='ocrx_word' id='word_1_964' title='bbox 3134 5044 3280 5112; x_wconf 89' lang='lat' dir='ltr'><strong>ejus,</strong></span> <span class='ocrx_word' id='word_1_965' title='bbox 3309 5046 3394 5100; x_wconf 91' lang='lat' dir='ltr'><strong>ubi</strong></span> <span class='ocrx_word' id='word_1_966' title='bbox 3420 5045 3749 5116; x_wconf 72' lang='lat' dir='ltr'><strong>prmdicautur</strong></span> <span class='ocrx_word' id='word_1_967' title='bbox 3763 5039 3833 5107; x_wconf 81' lang='lat' dir='ltr'><strong>ju-</strong></span> 
     </span>
    </p>
   </div>
   <div class='ocr_carea' id='block_1_113' title="bbox 2297 5131 3832 5208">
    <p class='ocr_par' dir='ltr' id='par_1_113' title="bbox 2297 5131 3832 5208">
     <span class='ocr_line' id='line_1_113' title="bbox 2297 5131 3832 5208; baseline -0.001 -22"><span class='ocrx_word' id='word_1_968' title='bbox 2297 5131 2432 5187; x_wconf 86' lang='lat' dir='ltr'><strong>dicia</strong></span> <span class='ocrx_word' id='word_1_969' title='bbox 2460 5131 2594 5202; x_wconf 83' lang='lat' dir='ltr'><strong>ejus.</strong></span> <span class='ocrx_word' id='word_1_970' title='bbox 2618 5133 2753 5202; x_wconf 88' lang='lat' dir='ltr'><strong>Quid</strong></span> <span class='ocrx_word' id='word_1_971' title='bbox 2781 5151 2906 5206; x_wconf 87' lang='lat' dir='ltr'><strong>ergo</strong></span> <span class='ocrx_word' id='word_1_972' title='bbox 2935 5137 3008 5190; x_wconf 93' lang='lat' dir='ltr'><strong>ait</strong></span> <span class='ocrx_word' id='word_1_973' title='bbox 3033 5137 3083 5190; x_wconf 92' lang='lat' dir='ltr'><strong>in</strong></span> <span class='ocrx_word' id='word_1_974' title='bbox 3110 5139 3212 5194; x_wconf 92' lang='lat' dir='ltr'><strong>alio</strong></span> <span class='ocrx_word' id='word_1_975' title='bbox 3234 5139 3473 5208; x_wconf 75' lang='lat' dir='ltr'><strong>psalmo:</strong></span> <span class='ocrx_word' id='word_1_976' title='bbox 3496 5157 3516 5190; x_wconf 85' lang='grc'><strong>‹</strong></span> <span class='ocrx_word' id='word_1_977' title='bbox 3542 5137 3630 5206; x_wconf 86' lang='lat' dir='ltr'><strong>Qui</strong></span> <span class='ocrx_word' id='word_1_978' title='bbox 3659 5147 3832 5189; x_wconf 86' lang='lat' dir='ltr'><strong>annun-</strong></span> 
     </span>
    </p>
   </div>
   <div class='ocr_carea' id='block_1_114' title="bbox 2300 5224 3828 5299">
    <p class='ocr_par' dir='ltr' id='par_1_114' title="bbox 2300 5224 3828 5299">
     <span class='ocr_line' id='line_1_114' title="bbox 2300 5224 3828 5299; baseline -0.001 -20"><span class='ocrx_word' id='word_1_979' title='bbox 2300 5225 2394 5279; x_wconf 88' lang='lat' dir='ltr'><strong>tiat</strong></span> <span class='ocrx_word' id='word_1_980' title='bbox 2445 5224 2664 5280; x_wconf 84' lang='lat' dir='ltr'><strong>verbum</strong></span> <span class='ocrx_word' id='word_1_981' title='bbox 2717 5241 2868 5281; x_wconf 91' lang='lat' dir='ltr'><strong>suum</strong></span> <span class='ocrx_word' id='word_1_982' title='bbox 2923 5227 3124 5295; x_wconf 63' lang='lat' dir='ltr'><strong>Jaeo-b,</strong></span> <span class='ocrx_word' id='word_1_983' title='bbox 3166 5231 3397 5299; x_wconf 82' lang='lat' dir='ltr'><strong>justitias</strong></span> <span class='ocrx_word' id='word_1_984' title='bbox 3441 5241 3493 5286; x_wconf 89' lang='lat' dir='ltr'><strong>et</strong></span> <span class='ocrx_word' id='word_1_985' title='bbox 3533 5229 3711 5299; x_wconf 84' lang='lat' dir='ltr'><strong>judicia</strong></span> <span class='ocrx_word' id='word_1_986' title='bbox 3753 5237 3828 5277; x_wconf 78' lang='lat' dir='ltr'><strong>sna</strong></span> 
     </span>
    </p>
   </div>
   <div class='ocr_carea' id='block_1_115' title="bbox 2298 5315 3826 5392">
    <p class='ocr_par' dir='ltr' id='par_1_115' title="bbox 2298 5315 3826 5392">
     <span class='ocr_line' id='line_1_115' title="bbox 2298 5315 3826 5392; baseline -0.002 -21"><span class='ocrx_word' id='word_1_987' title='bbox 2298 5315 2491 5382; x_wconf 85' lang='lat' dir='ltr'><strong>Israel;</strong></span> <span class='ocrx_word' id='word_1_988' title='bbox 2524 5333 2628 5374; x_wconf 89' lang='lat' dir='ltr'><strong>non</strong></span> <span class='ocrx_word' id='word_1_989' title='bbox 2657 5318 2778 5374; x_wconf 87' lang='lat' dir='ltr'><strong>fecit</strong></span> <span class='ocrx_word' id='word_1_990' title='bbox 2806 5320 2882 5374; x_wconf 90' lang='lat' dir='ltr'><strong>sic</strong></span> <span class='ocrx_word' id='word_1_991' title='bbox 2909 5320 3054 5374; x_wconf 90' lang='lat' dir='ltr'><strong>omni</strong></span> <span class='ocrx_word' id='word_1_992' title='bbox 3101 5321 3243 5392; x_wconf 89' lang='lat' dir='ltr'><strong>genti</strong></span> <span class='ocrx_word' id='word_1_993' title='bbox 3259 5365 3280 5388; x_wconf 45' lang='grc' dir='ltr'><strong>ν,</strong></span> <span class='ocrx_word' id='word_1_994' title='bbox 3313 5332 3364 5378; x_wconf 89' lang='lat' dir='ltr'><strong>et</strong></span> <span class='ocrx_word' id='word_1_995' title='bbox 3388 5323 3578 5392; x_wconf 73' lang='lat' dir='ltr'><strong>judicia</strong></span> <span class='ocrx_word' id='word_1_996' title='bbox 3623 5333 3704 5372; x_wconf 85' lang='lat' dir='ltr'><strong>sna</strong></span> <span class='ocrx_word' id='word_1_997' title='bbox 3743 5329 3826 5369; x_wconf 82' lang='lat' dir='ltr'><strong>non</strong></span> 
     </span>
    </p>
   </div>
   <div class='ocr_carea' id='block_1_116' title="bbox 2298 5403 3831 5481">
    <p class='ocr_par' dir='ltr' id='par_1_116' title="bbox 2298 5403 3831 5481">
     <span class='ocr_line' id='line_1_116' title="bbox 2298 5403 3831 5481; baseline -0.007 -18"><span class='ocrx_word' id='word_1_998' title='bbox 2298 5409 2652 5464; x_wconf 76' lang='lat' dir='ltr'><strong>manifestavit</strong></span> <span class='ocrx_word' id='word_1_999' title='bbox 2699 5411 2776 5466; x_wconf 85' lang='lat' dir='ltr'><strong>eis</strong></span> <span class='ocrx_word' id='word_1_1000' title='bbox 2803 5429 2829 5465; x_wconf 68' lang='grc' dir='ltr'><strong>ο</strong></span> <span class='ocrx_word' id='word_1_1001' title='bbox 2878 5411 2896 5481; x_wconf 92' lang='grc'>(</span> <span class='ocrx_word' id='word_1_1002' title='bbox 2925 5410 3066 5466; x_wconf 82' lang='lat' dir='ltr'><strong>Psal.</strong></span> <span class='ocrx_word' id='word_1_1003' title='bbox 3120 5428 3293 5468; x_wconf 66' lang='lat' dir='ltr'><strong>cum</strong></span> <span class='ocrx_word' id='word_1_1004' title='bbox 3317 5455 3330 5477; x_wconf 97' lang='lat'><strong>,</strong></span> <span class='ocrx_word' id='word_1_1005' title='bbox 3366 5412 3433 5467; x_wconf 87' lang='lat' dir='ltr'><strong>I9</strong></span> <span class='ocrx_word' id='word_1_1006' title='bbox 3455 5454 3469 5475; x_wconf 92' lang='lat'><strong>,</strong></span> <span class='ocrx_word' id='word_1_1007' title='bbox 3499 5410 3608 5481; x_wconf 72' lang='lat'><strong>20).</strong></span> <span class='ocrx_word' id='word_1_1008' title='bbox 3638 5409 3744 5461; x_wconf 87' lang='lat' dir='ltr'><strong>Ideo</strong></span> <span class='ocrx_word' id='word_1_1009' title='bbox 3768 5403 3831 5455; x_wconf 82' lang='lat' dir='ltr'><strong>di-</strong></span> 
     </span>
    </p>
   </div>
   <div class='ocr_carea' id='block_1_117' title="bbox 2296 5493 3825 5574">
    <p class='ocr_par' dir='ltr' id='par_1_117' title="bbox 2296 5493 3825 5574">
     <span class='ocr_line' id='line_1_117' title="bbox 2296 5493 3825 5574; baseline -0.003 -17"><span class='ocrx_word' id='word_1_1010' title='bbox 2296 5513 2439 5557; x_wconf 79' lang='lat' dir='ltr'><strong>etutn</strong></span> <span class='ocrx_word' id='word_1_1011' title='bbox 2488 5511 2609 5567; x_wconf 89' lang='lat' dir='ltr'><strong>est,</strong></span> <span class='ocrx_word' id='word_1_1012' title='bbox 2645 5503 2765 5571; x_wconf 86' lang='lat' dir='ltr'><strong>quia</strong></span> <span class='ocrx_word' id='word_1_1013' title='bbox 2813 5517 2970 5557; x_wconf 85' lang='lat' dir='ltr'><strong>unam</strong></span> <span class='ocrx_word' id='word_1_1014' title='bbox 3013 5515 3221 5574; x_wconf 83' lang='lat' dir='ltr'><strong>gentem</strong></span> <span class='ocrx_word' id='word_1_1015' title='bbox 3253 5504 3418 5559; x_wconf 90' lang='lat' dir='ltr'><strong>voluit</strong></span> <span class='ocrx_word' id='word_1_1016' title='bbox 3448 5499 3650 5568; x_wconf 83' lang='lat' dir='ltr'><strong>intelligi</strong></span> <span class='ocrx_word' id='word_1_1017' title='bbox 3692 5493 3825 5566; x_wconf 70' lang='lat' dir='ltr'><strong>perli-</strong></span> 
     </span>
    </p>
   </div>
   <div class='ocr_carea' id='block_1_118' title="bbox 2296 5591 3825 5665">
    <p class='ocr_par' dir='ltr' id='par_1_118' title="bbox 2296 5591 3825 5665">
     <span class='ocr_line' id='line_1_118' title="bbox 2296 5591 3825 5665; baseline -0.007 -18"><span class='ocrx_word' id='word_1_1018' title='bbox 2296 5603 2510 5648; x_wconf 89' lang='lat' dir='ltr'><strong>nentem</strong></span> <span class='ocrx_word' id='word_1_1019' title='bbox 2541 5592 2606 5647; x_wconf 88' lang='lat' dir='ltr'><strong>ad</strong></span> <span class='ocrx_word' id='word_1_1020' title='bbox 2637 5609 2817 5648; x_wconf 89' lang='lat' dir='ltr'><strong>semen</strong></span> <span class='ocrx_word' id='word_1_1021' title='bbox 2843 5595 3088 5660; x_wconf 71' lang='lat' dir='ltr'><strong>Abrabm;</strong></span> <span class='ocrx_word' id='word_1_1022' title='bbox 3117 5612 3234 5665; x_wconf 78' lang='lat' dir='ltr'><strong>qua:</strong></span> <span class='ocrx_word' id='word_1_1023' title='bbox 3264 5607 3443 5650; x_wconf 80' lang='lat' dir='ltr'><strong>vorata</strong></span> <span class='ocrx_word' id='word_1_1024' title='bbox 3466 5605 3538 5650; x_wconf 90' lang='lat' dir='ltr'><strong>est</strong></span> <span class='ocrx_word' id='word_1_1025' title='bbox 3567 5591 3753 5659; x_wconf 83' lang='lat' dir='ltr'><strong>quidem</strong></span> <span class='ocrx_word' id='word_1_1026' title='bbox 3776 5599 3825 5638; x_wconf 75' lang='lat' dir='ltr'><strong>ex</strong></span> 
     </span>
    </p>
   </div>
   <div class='ocr_carea' id='block_1_119' title="bbox 2297 5684 3820 5754">
    <p class='ocr_par' dir='ltr' id='par_1_119' title="bbox 2297 5684 3820 5754">
     <span class='ocr_line' id='line_1_119' title="bbox 2297 5684 3820 5754; baseline -0.008 -15"><span class='ocrx_word' id='word_1_1027' title='bbox 2297 5684 2542 5739; x_wconf 89' lang='lat' dir='ltr'><strong>omnibus</strong></span> <span class='ocrx_word' id='word_1_1028' title='bbox 2567 5684 2831 5754; x_wconf 83' lang='lat' dir='ltr'><strong>gentibus,</strong></span> <span class='ocrx_word' id='word_1_1029' title='bbox 2857 5693 2910 5739; x_wconf 88' lang='lat' dir='ltr'><strong>et</strong></span> <span class='ocrx_word' id='word_1_1030' title='bbox 2933 5685 3008 5739; x_wconf 90' lang='lat' dir='ltr'><strong>sic</strong></span> <span class='ocrx_word' id='word_1_1031' title='bbox 3031 5686 3081 5740; x_wconf 89' lang='lat' dir='ltr'><strong>in</strong></span> <span class='ocrx_word' id='word_1_1032' title='bbox 3104 5701 3162 5741; x_wconf 89' lang='lat' dir='ltr'><strong>ea</strong></span> <span class='ocrx_word' id='word_1_1033' title='bbox 3185 5685 3429 5741; x_wconf 86' lang='lat' dir='ltr'><strong>dicuntur</strong></span> <span class='ocrx_word' id='word_1_1034' title='bbox 3454 5697 3626 5738; x_wconf 83' lang='lat' dir='ltr'><strong>omnes</strong></span> <span class='ocrx_word' id='word_1_1035' title='bbox 3649 5686 3820 5748; x_wconf 51' lang='lat' dir='ltr'><strong>gentes.</strong></span> 
     </span>
    </p>
   </div>
   <div class='ocr_carea' id='block_1_120' title="bbox 2365 5799 3057 5860">
    <p class='ocr_par' dir='ltr' id='par_1_120' title="bbox 2365 5799 3057 5860">
     <span class='ocr_line' id='line_1_120' title="bbox 2365 5799 3057 5860; baseline 0 -13"><span class='ocrx_word' id='word_1_1036' title='bbox 2365 5802 2380 5831; x_wconf 85' lang='grc'>¹</span> <span class='ocrx_word' id='word_1_1037' title='bbox 2406 5802 2475 5848; x_wconf 84' lang='lat' dir='ltr'><strong>sic</strong></span> <span class='ocrx_word' id='word_1_1038' title='bbox 2497 5806 2604 5849; x_wconf 73' lang='lat' dir='ltr'><strong>\tss.</strong></span> <span class='ocrx_word' id='word_1_1039' title='bbox 2643 5807 2684 5848; x_wconf 60' lang='lat' dir='ltr'><strong>tt</strong></span> <span class='ocrx_word' id='word_1_1040' title='bbox 2703 5799 2833 5860; x_wconf 80' lang='lat' dir='ltr'><strong>t-‘dd.,</strong></span> <span class='ocrx_word' id='word_1_1041' title='bbox 2854 5805 3057 5859; x_wconf 77' lang='lat' dir='ltr'><strong>optatur.</strong></span> 
     </span>
    </p>
   </div>
  </div>
