4188 6482
406 513 430 566 ι
437 510 548 567 593

406 642 470 686 ut
496 647 602 685 una
649 630 722 684 sit
762 645 890 700 gens
918 628 972 682 in
998 626 1338 696 adoptionem
1384 630 1590 675 vocata.
1644 617 1809 672 Extra
1851 613 2003 668 istam

413 722 548 776 nulli
579 721 729 792 genti
759 713 1321 784 tnanifestavitjudicia
1350 728 1444 767 sua
1477 729 1490 766 :
1533 708 1783 780 quoniam
1817 704 1906 776 qui
1945 719 2006 757 ca

414 830 524 870 non
541 811 912 874 crediderunt,
935 807 1140 864 etiamsi
1156 804 1463 860 annuntiata
1492 808 1638 865 sunt,
1666 795 2002 853 manifestata

417 905 500 962 eis
530 904 717 974 utique
747 918 854 957 non
881 908 1033 965 sunt;
1062 899 1184 970 quia
1223 897 1323 952 nisi
1354 893 1578 952 credant
1601 934 1616 962 ,
1659 905 1764 946 non
1809 885 2006 944 intelli-

416 1007 568 1068 gent.

492 1086 546 1141 6.
590 1084 610 1159 ἶ
637 1102 764 1140 vers.
797 1081 991 1156 8-ll.]
1024 1081 1218 1136 Mentor
1243 1081 1338 1154 fuit
1363 1081 1414 1135 in
1448 1077 1692 1134 sa’culum
1730 1073 2008 1130 testamenti

419 1181 526 1234 sui.
554 1179 658 1234 Alii
685 1176 898 1233 codices
919 1175 1134 1242 habent,
1157 1175 1208 1228 in
1228 1184 1491 1236 aeternum;
1509 1169 1649 1242 quod
1676 1185 1742 1225 cx
1762 1167 2012 1236 ambiguo

422 1286 603 1341 gra'co
624 1269 816 1325 factum
841 1278 942 1323 est.
968 1267 1071 1323 Sed
1093 1266 1137 1322 si
1155 1267 1207 1320 in
1231 1265 1331 1320 hoc
1346 1265 1597 1320 saeculum
1613 1257 2012 1331 intelligendum

424 1373 531 1428 εει,
561 1376 666 1416 non
697 1362 746 1415 in
774 1370 1053 1424 :etcrnum;
1073 1357 1341 1429 quomodo
1367 1370 1640 1427 exponens
1664 1353 1816 1422 cujus
1843 1359 2006 1407 testa-

428 1453 594 1508 menti
639 1466 845 1506 memor
879 1448 1036 1504 fuerit
1061 1490 1074 1512 ,
1105 1448 1343 1517 adjungit
1391 1457 1444 1502 et
1484 1446 1614 1500 dicit
1646 1463 1659 1498 :
1691 1443 1842 1498 Verbi
1881 1442 2014 1514 quod

428 1543 688 1596 mandavit
725 1543 777 1595 in
816 1540 956 1595 mille
979 1541 1368 1611 generationes?
1391 1537 1540 1607 Quod
1565 1537 1739 1592 adhuc
1765 1551 1895 1591 cum
1913 1535 2013 1589 ali-

429 1652 538 1705 quo
566 1635 674 1688 ﬁne
702 1641 879 1704 potest
923 1632 1175 1703 intelligi;
1221 1631 1314 1686 scd
1363 1628 1556 1684 deinde
1598 1628 1726 1684 dicit
1758 1645 1770 1681 :
1807 1646 1824 1678 ι
1863 1624 2015 1694 Quod

431 1726 698 1796 disposuit
727 1724 801 1779 ad
822 1723 1088 1778 Abrahaui
1115 1765 1130 1789 ,
1159 1731 1214 1778 et
1252 1720 1542 1793 jnramenti
1589 1719 1672 1775 sui
1719 1719 1786 1774 ad
1834 1717 2015 1781 Isaae;

435 1827 492 1874 et
537 1817 722 1871 statuit
748 1815 874 1870 illud
904 1815 1068 1870 Jacob
1095 1815 1146 1869 in
1193 1823 1517 1883 praeceptum
1543 1855 1558 1879 ,
1590 1821 1643 1867 et
1671 1810 1831 1866 Israel
1861 1808 1912 1864 in
1943 1817 2020 1864 te-

437 1918 762 1963 stamentum
819 1917 1097 1961 :eternum.
1139 1924 1157 1956 ι
1192 1903 1289 1960 Ubi
1329 1904 1504 1959 nullus
1540 1911 1623 1958 est
1664 1899 2020 1972 ambiguitatis

439 2003 590 2057 locus
621 2021 632 2054 :
658 2010 844 2053 αἰώνιον
873 2000 1067 2069 quippe
1113 1995 1272 2052 habet
1300 2010 1504 2066 graecus
1523 2035 1538 2060 ,
1570 1992 1712 2064 quod
1758 2006 2018 2063 nusquam

439 2094 610 2149 nostri
641 2092 738 2146 nisi
766 2101 1023 2146 :eternum
1051 2086 1380 2158 interpretati
1406 2094 1565 2150 sunt;
1596 2084 1689 2138 vix.
1723 2093 1900 2138 autem
1929 2081 2026 2136 ali-

439 2188 530 2257 qui
560 2185 753 2240 alicubi
792 2192 979 2237 αἰώνιον
1003 2181 1253 2236 :eternale
1295 2179 1564 2233 dixerunt.
1596 2175 1704 2231 Nisi
1736 2174 1872 2229 forte
1901 2172 2023 2244 quia

441 2290 596 2333 αἰῶνα
617 2275 921 2332 familiarius
951 2275 1360 2342 interpretantur
1390 2267 1640 2325 saeculum
1661 2308 1674 2330 ,
1702 2274 1888 2320 ato-ato:
1918 2281 2022 2319 non

443 2383 704 2427 :eternum
720 2409 736 2435 ,
760 2367 853 2423 sed
875 2365 1131 2422 s:eculare
1170 2361 1505 2432 interpretari
1531 2356 1896 2428 velint;.quod
1914 2372 2022 2411 ,ηε-

444 2462 651 2516 minem
673 2474 859 2514 ausum
904 2439 1066 2511 fuisse
1089 2453 1450 2510 commemini.
1476 2451 1534 2507 Si
1576 2460 1753 2505 autem
1783 2448 1885 2504 hoc
1909 2447 2029 2503 loco

445 2555 850 2610 Testamentum
886 2550 1046 2604 Vetus
1092 2545 1496 2618 intelligendum
1517 2552 1592 2600 est
1617 2585 1632 2609 ,
1662 2553 1876 2614 propter
1923 2551 2032 2596 ter-

444 2663 562 2701 ram
583 2645 858 2705 Chanaan;
887 2642 964 2697 sic
985 2641 1124 2696 enim
1152 2654 1329 2694 sermo
1349 2637 1667 2702 contexitur,
1705 2653 1723 2686 ι
1757 2635 1823 2688 Ει
1845 2632 2030 2689 statuit

446 2737 578 2792 illud
610 2755 628 2788 ι
656 2735 756 2807 ipsi
779 2755 797 2788 ι
828 2734 994 2792 Jacob
1024 2734 1074 2788 in
1099 2741 1442 2803 praeceptum,
1474 2738 1530 2784 et
1565 2747 1582 2781 ι
1607 2728 1703 2798 ipsi
1723 2747 1742 2780 ι
1780 2726 1940 2782 lsrael
1975 2725 2026 2780 in

447 2835 828 2884 testamentum
849 2833 1128 2890 aeternum,
1148 2822 1350 2886 dicens,
1373 2819 1488 2876 Tibi
1511 2819 1648 2874 dabo
1671 2827 1865 2873 terram
1891 2814 2030 2872 Cha-

447 2936 591 2976 naan
624 2921 677 2987 ⁸,
719 2918 1008 2974 funiculum
1049 2915 1386 2972 haereditatis-
1427 2922 1660 2968 vestrae:
1699 2928 1718 2963 ι
1760 2908 2028 2980 quomodo

448 3012 858 3084 intelligendum
885 3021 967 3066 est
989 3020 1234 3065 atomum
1252 3051 1267 3072 ,
1295 3023 1416 3064 cum
1449 3017 1656 3062 terrena
1685 3006 1768 3060 illa
1801 3003 2029 3059 Incredi-

449 3117 534 3160 tas
560 3113 760 3160 mlerna
788 3117 906 3158 esse
928 3116 1041 3157 non
1063 3101 1264 3171 possit?
1291 3100 1358 3154 Et
1391 3098 1510 3154 ideo
1539 3095 1704 3152 Vetus
1730 3095 2032 3151 Testamen-

449 3211 567 3254 tum
609 3205 848 3263 vocatur,
901 3195 1023 3264 quia
1054 3209 1148 3266 per
1173 3192 1378 3249 Novum
1429 3190 1693 3246 aboletur.
1734 3187 1881 3243 Mille
1908 3203 2032 3243 vero

448 3288 946 3361 generationes,_nec
992 3295 1248 3341 :eternnm
1294 3283 1539 3338 videntur
1589 3281 1784 3350 aliquid
1829 3281 2031 3349 signiﬁ-

449 3395 600 3443 care;
625 3379 745 3450 quia
774 3378 954 3448 utique
985 3376 1142 3431 ﬁnem
1172 3376 1386 3441 habent,
1413 3384 1467 3429 et
1485 3373 1552 3428 ad
1581 3374 1693 3442 ipsa
1723 3371 2031 3441 temporalia

451 3472 616 3525 nimis
662 3469 842 3524 multa:
885 3478 1028 3523 sunt.
1069 3466 1366 3536 Quamlibet
1400 3465 1540 3519 enim
1567 3464 1747 3535 paucis
1773 3465 1926 3518 annis
1951 3479 2034 3534 ge-

451 3562 661 3618 neratio
708 3561 1114 3623 determiuctur,
1165 3573 1323 3626 quam
1375 3555 1546 3613 δικιτεὶ
1602 3562 1755 3621 γενεάν
1805 3555 2029 3619 dicunt;

449 3670 613 3725 quam
653 3653 925 3710 minimam
964 3649 1176 3722 quidam
1199 3647 1499 3719 quindecim
1529 3647 1684 3700 annis
1721 3647 2037 3700 terminave-

449 3756 582 3800 rnnt
600 3785 617 3811 ,
641 3761 708 3800 ex
731 3760 832 3813 qua
861 3745 1018 3797 homo
1046 3741 1229 3811 incipit
1257 3755 1414 3810 posse
1451 3753 1738 3808 generare;
1767 3753 1886 3808 qua:
1914 3745 2036 3792 sunt

450 3839 572 3892 isue
603 3835 748 3890 mille
773 3833 1177 3906 generationes,
1204 3845 1307 3886 non
1343 3829 1514 3884 sohnn
1545 3846 1574 3880 a
1599 3838 1839 3898 tempore
1868 3830 2033 3885 Abra-

448 3928 580 3981 ham
607 3968 620 3990 ,
643 3925 854 3996 quando
901 3924 949 3978 ci
978 3924 1111 3978 facta
1156 3932 1239 3977 est
1283 3922 1381 3976 ista
1411 3920 1694 3991 promissio
1718 3962 1732 3985 ,
1762 3935 1927 3990 usque
1967 3919 2034 3972 ad

451 4028 667 4088 tempus
700 4016 828 4072 Novi
861 4014 1222 4079 Testamenti,
1245 4013 1336 4068 sed
1365 4012 1433 4065 ab
1482 4013 1604 4080 ipso
1636 4010 1840 4074 Adam,
1867 4026 2036 4079 usque

447 4110 530 4164 ad
580 4109 859 4163 terminum
912 4106 1134 4162 saeculi?
1180 4106 1310 4171 Quis
1380 4100 1522 4157 enim
1591 4100 1784 4155 audeat
1853 4101 2034 4155 dicere

448 4199 758 4270 quindecim
796 4212 1053 4252 annorum
1100 4195 1331 4250 millibus
1363 4193 1463 4248 hoc
1490 4192 1741 4246 sarculum
1778 4191 2036 4247 extendi?

505 4295 566 4348 7.
593 4290 822 4347 Proinde
838 4291 964 4344 mihi
991 4289 1198 4344 videtur
1215 4305 1318 4342 non
1339 4286 1424 4341 hic
1450 4286 1614 4341 Vetus
1630 4286 2029 4341 'l‘esmmentum

450 4383 876 4454 intelligendum,
897 4381 1036 4452 quod
1069 4381 1214 4435 Novo
1253 4395 1370 4435 esse
1398 4380 1688 4434 tollendum
1716 4380 1910 4434 dicitur
1939 4397 2033 4450 per

452 4477 793 4546 prophetam,
822 4495 839 4525 ι
873 4475 1006 4529 Ecce
1049 4473 1165 4528 dies
1207 4472 1456 4538 veniunt,
1479 4472 1610 4526 dicit
1655 4471 1909 4526 Dominus
1933 4512 1949 4538 ,
1978 4481 2036 4532 ει

449 4567 784 4622 conﬁrmabo
809 4566 987 4620 domui
1025 4565 1188 4620 JaCob
1219 4565 1618 4618 'l‘c'stamentum
1646 4563 1856 4616 Novum
1883 4579 1897 4628 ;
1925 4579 2030 4618 non

451 4658 750 4715 secundum
783 4657 1180 4712 Testamentum
1204 4655 1342 4725 quod
1371 4654 1620 4708 constitui
1673 4654 1910 4723 patribus
1937 4671 2034 4708 co-

452 4768 578 4807 rum
599 4793 614 4817 ,
642 4767 769 4806 cum
803 4750 1105 4806 eduxissent
1135 4763 1229 4804 eos
1255 4746 1322 4802 de
1353 4755 1491 4802 terra
1521 4745 1737 4818 AEgypti
1775 4746 2033 4815 silerem.

457 4860 608 4908 uti,
659 4843 746 4906 3i,
778 4842 869 4912 52)
904 4860 917 4896 :
952 4841 1046 4896 sed
1077 4849 1449 4896 testamentum
1483 4839 1602 4894 lidei
1627 4881 1642 4902 ,
1673 4840 1815 4909 quod
1860 4839 2040 4895 laudat

454 4936 767 5005 Apostolus,
795 4951 915 4990 eum
943 4933 1209 4990 Abraham
1237 4932 1390 4987 nobis
1421 4933 1668 5001 proponit
1700 4932 2036 4998 imitandum,

454 5037 512 5081 et
532 5026 602 5081 de
627 5027 778 5095 Legis
798 5026 1047 5095 operibus
1085 5025 1377 5095 gloriantes
1407 5023 1530 5078 inde
1559 5023 1830 5078 convincit
1854 5063 1868 5085 ,
1897 5024 2038 5093 quod

454 5118 730 5173 Abraham
771 5119 928 5173 etiam
954 5128 1078 5172 ante
1120 5117 1578 5171 eiremncisiouem
1621 5115 1848 5170 credidit
1887 5116 2039 5183 Deo,

453 5222 506 5266 et
545 5219 842 5282 reputatum
869 5220 952 5266 est
981 5210 1052 5264 illi
1083 5209 1149 5264 ad
1187 5209 1451 5280 justitiam
1491 5207 1690 5278 (Colat.
1723 5224 1807 5273 ut,
1837 5209 1871 5262 5
1891 5248 1904 5272 ,
1939 5208 1993 5278 6)
2025 5226 2036 5261 :

457 5303 699 5371 Denique
741 5317 863 5357 cum
909 5301 1165 5364 dixisset,
1203 5301 1397 5354 Memor
1417 5300 1510 5366 fuit
1545 5301 1597 5352 in
1621 5298 1861 5353 sa'culum
1886 5308 2038 5354 testa-

457 5393 616 5447 menti
659 5393 770 5458 sui;
800 5391 940 5462 quod
983 5391 1034 5446 in
1088 5400 1346 5445 internum
1404 5387 1703 5458 intelligere
1752 5388 2036 5452 debemus,

456 5486 766 5540 testamenti
795 5485 999 5540 scilicet
1024 5481 1419 5552 jnsziﬁcationis
1440 5488 1494 5534 et
1527 5479 1851 5535 luet-editatis
1887 5491 2041 5534 teter-

457 5595 543 5633 ιιπξ
569 5616 584 5642 ,
627 5593 786 5647 quam
834 5576 954 5631 ﬁdei
1002 5576 1239 5646 promisit
1267 5576 1404 5629 Deus
1437 5592 1450 5627 :
1495 5571 1660 5640 Verbi,
1691 5571 1886 5642 inquit,
1909 5572 2042 5642 quod

458 5671 716 5723 mandavit
758 5671 807 5722 in
839 5669 973 5722 mille
1013 5667 1373 5738 generationes.
1415 5664 1550 5735 Quid
1591 5675 1673 5719 est
1697 5706 1710 5729 ,
1743 5663 1994 5717 mandavit
2019 5665 2044 5717 .9

457 5761 613 5829 Quod
636 5762 776 5815 enim
808 5762 915 5823 ait,
950 5760 1061 5814 Tibi
1088 5759 1220 5814 dabo
1247 5769 1432 5811 terram
1459 5757 1725 5822 Chanaan,
1755 5772 1860 5810 non
1890 5771 2041 5808 man-

455 5858 641 5911 datum
695 5854 927 5919 est,scd
979 5854 1337 5924 promissum:
1384 5851 1689 5905 nuunlatum
1741 5858 1820 5904 est
1866 5857 2039 5903 autem

525 5973 536 5999 ε
571 5977 618 6016 tu
646 5967 992 6028 altitpiiliribus
1015 5974 1118 6014 λιες.
1143 5971 1419 6022 ςοιιειειῑωκτ
1447 5974 1536 6026 est,
1564 5966 1771 6012 (limum.

1565 489 1953 548 EN.\ttll.\‘l‘l0
1997 483 2056 539 IN
2101 457 2417 544 ιιεςιωιυιι
2455 491 2579 548 etv.

3562 500 3695 556 1396

2117 607 2258 672 quod
2309 606 2483 662 lacere
2528 611 2818 679 debemus,
2880 618 3196 684 promissum
3243 622 3385 690 quod
3435 625 3694 694 accipere.

2118 693 2418 751 Mandatum
2471 714 2598 768 ergo
2650 701 2782 758 lldcs
2836 717 2956 772 est,
3012 709 3269 778 utjustus
3315 727 3381 766 ex
3428 710 3532 768 ﬁde
3555 693 3702 768 vivat

2120 787 2296 857 (Rom.
2321 803 2359 856 ι,
2382 789 2492 860 17);
2524 799 2580 846 ει
2605 791 2727 847 huic
2753 794 2871 849 ﬁdei
2902 795 3184 856 haereditas
3210 811 3406 857 mtcrna
3437 805 3703 873 promitti-

2124 887 2228 932 tur.
2256 877 2404 935 Mille
2450 898 2576 952 ergo
2613 888 2958 955 generationes
2985 931 3000 953 ,
3031 901 3247 961 propter
3274 895 3479 950 numeri
3527 896 3702 967 perfe-

2121 971 2391 1039 ctioncm,
2421 989 2518 1042 pro
2567 977 2814 1033 onmibus
2861 980 3220 1053 intelligenda:
3267 994 3425 1054 sunt;
3483 988 3534 1043 id
3583 999 3700 1058 est,

2122 1064 2373 1132 quamdiu
2416 1069 2691 1136 generatio
2733 1073 3062 1140 generationi
3109 1078 3384 1148 sequendo
3429 1083 3701 1148 succedit,

2124 1156 2324 1212 tamdiu
2377 1158 2684 1215 mandatum
2716 1173 2799 1218 est
2825 1165 3108 1221 vivendum
3157 1185 3221 1224 ex
3251 1170 3372 1226 ﬁde.
3421 1174 3570 1238 Quod
3609 1175 3705 1230 ob-

2125 1257 2303 1303 servat
2352 1252 2574 1321 populus
2607 1253 2736 1320 Dei,
2769 1256 2861 1310 lilii
2901 1259 3277 1328 promissionis.
3314 1265 3580 1319 nascendo
3620 1283 3708 1322 ve-

2126 1339 2364 1404 nientes,
2392 1351 2447 1397 ct
2473 1345 2748 1402 moriendo
2778 1349 3034 1405 abeuntes
3057 1394 3070 1416 ,
3101 1352 3271 1409 donec
3323 1356 3497 1411 omnis
3548 1374 3712 1428 gene-

2127 1433 2264 1488 ratio
2300 1435 2534 1501 ﬁniatur;
2567 1439 2707 1506 quod
2761 1442 3058 1499 millenario
3090 1462 3312 1502 numero
3357 1451 3708 1520 signiﬁcatum

2128 1534 2245 1591 εει,
2279 1527 2399 1596 quia
2426 1528 2632 1584 denarii
2682 1535 2885 1587 numeri
2913 1535 3139 1590 solidum
3169 1539 3484 1607 quadratum
3524 1545 3709 1600 decem

2129 1615 2330 1685 decies,
2353 1629 2407 1674 et
2451 1620 2553 1676 hoc
2596 1622 2801 1686 decies,
2828 1625 2893 1678 ad
2940 1628 3084 1683 inille
3129 1633 3386 1699 pervenit.
3419 1635 3568 1700 Quod
3608 1636 3714 1688 dis-

2133 1712 2318 1776 posuit,
2349 1712 2642 1782 inquit,,ad
2672 1713 2946 1781 Abraham,
2978 1729 3021 1772 et
3055 1721 3334 1791 jaramenti
3349 1724 3428 1777 sui
3449 1726 3516 1778 ad
3539 1725 3710 1785 Isaae.

2134 1804 2201 1858 Et
2223 1807 2396 1861 statuit
2425 1808 2554 1862 illud
2573 1807 2754 1874 Iacob,
2785 1811 2833 1864 id
2851 1822 2938 1867 est
2969 1814 3067 1882 ipsi
3097 1814 3280 1876 Jacob.
3307 1817 3358 1870 in
3383 1831 3710 1890 prwceptum.

2132 1895 2236 1966 Ipsi
2267 1907 2388 1953 sunt
2438 1909 2544 1956 tres
2573 1901 2886 1969 patriarcluc
2927 1921 3150 1974 qnormn
3175 1909 3476 1976 specialiter
3505 1926 3564 1965 se
3589 1911 3718 1967 dicit

2137 1988 2476 2058 Deum,quos
2503 2002 2556 2046 et
2584 1992 2838 2048 Dominus
2857 1996 3094 2052 nominat
3122 1999 3172 2051 in
3193 1999 3715 2069 Testamentol‘lovo,

2137 2079 2226 2134 ubi
2254 2079 2383 2134 dicit
2416 2100 2429 2135 :
2459 2081 2611 2134 Multi
2629 2085 2692 2137 ab
2737 2088 2926 2141 oriente
2959 2097 3004 2141 et
3047 2089 3299 2144 occidente
3336 2094 3548 2161 venient,
3580 2105 3626 2149 et
3647 2113 3719 2150 re-

2137 2172 2368 2226 cumbent
2397 2189 2511 2226 cum
2540 2174 2813 2240 Abraham,
2843 2188 2890 2232 et
2921 2177 3091 2246 Isaac,
3117 2191 3162 2234 et
3181 2181 3342 2237 Jarob
3364 2185 3414 2237 in
3435 2203 3586 2256 regno
3619 2204 3718 2242 cae-

2140 2260 2553 2333 lorum.(.-‘llattli.
2583 2283 2697 2333 vni,
2734 2266 2841 2339 ll).
2887 2269 2990 2323 Ista
3041 2284 3124 2326 est
3169 2273 3454 2330 haereditas
3495 2289 3714 2334 interna.

2138 2352 2271 2408 Nam
2295 2364 2348 2410 ct
2374 2355 2480 2419 hic,
2514 2357 2600 2411 ubi
2628 2359 2736 2424 ait,
2768 2360 2958 2415 Statuit
2980 2363 3110 2416 illud
3132 2364 3292 2419 Jacob
3315 2368 3364 2421 in
3392 2381 3717 2441 prati-cptum;

2141 2449 2444 2506 manifestat
2479 2463 2802 2523 praecellunt
2834 2471 2953 2510 esse
3002 2457 3121 2511 ﬁdei
3157 2476 3300 2514 :non
3327 2463 3468 2516 enim
3492 2466 3718 2532 promis-

2141 2557 2257 2594 sum
2279 2542 2920 2614 appellaretpra-ceptum
2973 2548 3027 2602 Si
3064 2549 3205 2604 enim
3233 2567 3367 2622 opus
3395 2563 3473 2608 est
3506 2555 3556 2608 in
3585 2571 3720 2624 prie-

2141 2640 2318 2703 cepto,
2351 2651 2555 2690 merces
2589 2637 2638 2690 in
2680 2642 2976 2706 promisso:
3017 2638 3215 2694 llocest
3237 2659 3363 2712 opus
3388 2642 3515 2711 Dei,
3541 2646 3720 2701 Domi-

2143 2740 2241 2777 nus
2271 2725 2376 2790 ait,
2406 2737 2458 2780 ut
2484 2728 2700 2782 credatis
2743 2731 2792 2784 in
2833 2747 2946 2783 eum
2973 2748 3114 2801 quem
3143 2734 3229 2788 ille
3261 2736 3395 2789 misit
3421 2735 3594 2807 (Joan.
3628 2755 3676 2794 Vl
3700 2781 3718 2805 ,

2141 2815 2255 2888 29).
2305 2817 2417 2873 lloe
2463 2834 2590 2890 ergo
2633 2821 2850 2875 verbum
2901 2825 3040 2892 quod
3085 2827 3385 2891 nuntiavit,
3435 2846 3624 2884 memor
3669 2832 3723 2885 in

2143 2919 2385 2963 internum
2435 2913 2713 2966 testamenti
2758 2914 2855 2979 sui,
2888 2913 2987 2968 hoc
3020 2925 3102 2969 cst
3125 2958 3140 2982 ,
3165 2916 3386 2972 verbum
3429 2917 3550 2975 ﬁdei
3580 2922 3725 2990 quod

2147 2999 2496 3070 praidieamus
2537 3003 2710 3073 (Rom.
2760 3021 2823 3073 ι,
2857 3010 2944 3077 8).
2974 3011 3147 3064 statuit
3171 3012 3303 3065 illud
3348 3013 3446 3082 ipsi
3469 3011 3630 3069 Jacob
3670 3017 3724 3070 in

2145 3101 2480 3161 prwceptum;
2513 3102 2558 3146 et
2585 3094 2684 3164 ipsi
2722 3093 2886 3150 Israel
2913 3098 2965 3152 in
2991 3106 3338 3155 testamentum
3363 3112 3603 3157 retentum
3623 3147 3636 3170 ,
3670 3105 3722 3160 id

2144 3188 2245 3247 est,
2274 3181 2415 3252 quod
2445 3198 2512 3237 ex
2534 3183 2648 3252 ipso
2675 3187 2838 3242 verbo
2870 3199 2923 3242 et
2967 3200 3230 3258 praua-pte
3259 3193 3478 3262 impleto
3504 3194 3724 3252 daturus

2144 3281 2287 3326 esset
2313 3273 2512 3342 aliquid
2536 3285 2816 3330 :eternum.
2851 3278 3072 3344 Dictum.
3093 3279 3200 3335 Tibi
3225 3283 3356 3338 dabo
3379 3295 3563 3340 terram
3587 3287 3724 3342 Cloa-

2142 3380 2297 3428 naan,
2326 3365 2606 3435 funiculum
2630 3369 3155 3427 ltwi'editatis..restrw.
3190 3376 3469 3442 Quomodo
3493 3394 3622 3449 ergo
3643 3391 3726 3435 est

2145 3454 2247 3508 hoe
2274 3464 2533 3511 a'lcrnum
2556 3500 2569 3522 ,
2601 3459 2718 3514 nisi.
2747 3460 2945 3533 aliquid
2998 3475 3253 3522 arternum
3285 3468 3582 3539 signiﬁcet?
3608 3473 3725 3542 Ipsa

2145 3545 2286 3599 enim
2309 3545 2448 3600 dicta
2475 3558 2558 3603 est
2592 3560 2730 3604 terra
2762 3555 3130 3621 promissionis
3154 3601 3167 3624 ,
3201 3568 3339 3613 terra
3373 3561 3544 3616 lluens
3571 3563 3650 3618 lac
3673 3576 3727 3618 et

2148 3638 2252 3692 mel
2275 3636 2468 3708 (Exod.
2493 3657 2572 3708 ιιι,
2599 3643 2786 3713 8,.l7.).
2818 3645 2970 3712 Quod
2995 3657 3162 3702 totum
3188 3650 3450 3719 signiﬁcat
3479 3655 3724 3724 gratiam,

2147 3729 2200 3783 in
2244 3746 2345 3801 qua
2394 3743 2637 3802 gustatur
2689 3751 2847 3807 quam
2891 3741 3070 3796 suavis
3117 3753 3200 3796 est
3243 3744 3498 3800 Dominus
3554 3746 3723 3816 (I’sat.

2149 3839 2332 3890 xxxiii,
2365 3825 2421 3896 8)
2446 3827 2557 3889 ;.ad
2581 3846 2739 3896 quam
2768 3847 2872 3885 non
2915 3848 3104 3888 omnes
3135 3834 3378 3892 lioniinrs
3411 3840 3676 3905 pertinent
3708 3859 3720 3894 :

2149 3931 2254 3968 non
2278 3917 2418 3970 enim
2444 3918 2678 3973 omnium
2705 3931 2786 3974 est
2811 3921 2942 3976 ﬁdes
2973 3923 3034 3991 (ll
3061 3925 3237 3979 Thess.
3262 3943 3338 3988 ιιι,
3369 3926 3445 3995 2).
3485 3926 3605 3984 ldeo
3629 3930 3721 3983 ad-

2147 4011 2314 4078 didit,
2359 4013 2668 4069 Funiculam
2715 4017 3020 4071 [imreditatis
3065 4028 3257 4074 restria.
3321 4021 3468 4077 Unde
3517 4022 3568 4076 in
3617 4024 3724 4078 alio

2150 4104 2375 4172 psalmo,
2398 4105 2563 4159 semel
2593 4107 2818 4161 Abrahce
2838 4149 2853 4173 ,
2884 4110 3024 4177 quod
3068 4121 3150 4164 est
3176 4112 3444 4178 Christus,
3477 4115 3727 4185 intelligi-

2151 4204 2237 4247 tur
2265 4195 2444 4265 loqui,
2479 4195 2566 4250 ubi
2591 4197 2719 4250 dicit
2749 4218 2761 4250 :
2795 4197 2964 4254 Funes
3006 4201 3292 4258 reciderunt
3336 4205 3473 4258 mibi.
3499 4206 3552 4260 in
3589 4223 3727 4275 pra:-

2148 4285 2334 4350 claris;
2364 4287 2542 4340 etenim
2574 4289 2837 4344 Iiwretlitas
2863 4307 2972 4343 mea
3000 4294 3245 4359 prmelara
3292 4307 3365 4351 est
3395 4298 3517 4352 milii
3553 4298 3724 4371 (Psal.

2151 4393 2242 4442 xv,
2273 4379 2351 4449 6).
2383 4380 2490 4434 (Zur
2509 4391 2686 4435 autem
2715 4381 2853 4436 dicta
2894 4383 2978 4437 sit-
3004 4393 3142 4439 terra
3167 4385 3440 4453 Chanaan,
3465 4389 3728 4461 interpre-

2151 4472 2279 4524 tatio
2308 4470 2481 4539 hujus.
2495 4472 2724 4527 nominis
2745 4475 2940 4544 aperit;
2971 4475 3221 4532 Chanaan
3251 4478 3445 4549 quippe
3471 4480 3728 4551 interpre-

2151 4571 2292 4616 tatur
2319 4563 2562 4618 llumilis.
2587 4565 2739 4633 Quod
2771 4568 2814 4620 si
2843 4569 2909 4622 ad
2940 4569 3082 4623 illam
3124 4571 3383 4626 referatur
3406 4575 3726 4630 sententiam

2150 4654 2318 4708 sancti
2345 4653 2475 4720 Noe,
2502 4673 2609 4724 qua
2632 4657 2877 4712 eumdem
2904 4658 3154 4714 Chanaan
3193 4662 3326 4716 dixit
3356 4663 3587 4718 futurum
3617 4679 3728 4720 ser-

2151 4761 2274 4799 vum
2329 4746 2543 4801 lratrmn
2591 4764 2808 4804 suorum
2859 4751 3012 4821 (Gen.
3045 4769 3094 4808 ix
3120 4794 3136 4820 ,
3157 4752 3280 4824 ‘25),
3312 4753 3432 4809 hinc
3457 4765 3538 4810 est
3567 4756 3726 4811 etiam

2150 4838 2359 4891 servilis
2407 4839 2585 4892 tinum
2638 4840 2825 4894 Servus
2851 4853 3019 4896 autent
3063 4859 3164 4897 non
3194 4854 3361 4897 manet
3403 4845 3456 4898 in
3495 4845 3728 4901 domoin

2151 4941 2426 4992 aeternam;
2461 4931 2601 4999 [ilius
2639 4944 2817 4987 manet
2842 4935 2892 4988 in
2942 4946 3182 4988 «:ternum
3209 4935 3383 5003 (Juan.
3431 4953 3554 5003 vni,
3610 4940 3724 5008 53$).

2151 5025 2278 5079 ideo
2301 5025 2518 5080 excluso
2554 5025 2876 5090 Chauameo,
2907 5027 3063 5080 datur
3093 5037 3228 5080 terra
3252 5029 3618 5094 promissionis
3645 5048 3729 5087 se-

2152 5115 2278 5170 mini
2309 5117 2555 5171 Abralue.
2586 5118 2963 5172 Cousummata
2995 5116 3135 5170 enim
3172 5115 3405 5171 Charitas
3432 5117 3577 5174 foras
3603 5123 3728 5176 mit-

2153 5208 2477 5264 tit'timorent
2503 5211 2519 5276 (
2546 5209 2733 5262 lJoan.
2758 5224 2830 5273 iv,
2866 5207 2976 5276 ιδ),
2995 5217 3048 5261 ιιι
3079 5207 3215 5261 lilius
3243 5221 3452 5265 maneat
3492 5228 3543 5268 ιιι
3569 5214 3730 5268 domo

2153 5303 2204 5356 in
2233 5311 2511 5356 a-teruum.
2531 5303 2681 5358 Unde
2704 5303 2901 5357 dictum
2931 5311 3014 5356 est
3036 5343 3050 5371 ,
3084 5301 3147 5356 Et
3173 5302 3274 5374 ipsi
3297 5301 3461 5359 Israel
3489 5306 3541 5360 in
3577 5319 3728 5362 testa-

2151 5406 2374 5448 nn'ntum
2399 5407 2656 5450 wternam.

2221 5486 2274 5542 8.
2308 5486 2455 5561 [rem
2505 5485 2613 5558 12.]
2645 5487 2902 5556 Deinceps
2929 5488 3234 5559 exsequitur
3259 5489 3532 5546 historiam
3557 5491 3606 5544 in
3638 5491 3727 5544 Li-

2148 5579 2365 5634 brorum
2403 5588 2708 5634 sanctorum
2752 5581 2972 5634 veritate
3020 5582 3369 5638 notissimam.
3397 5581 3525 5637 Cum
3570 5593 3728 5636 essent

2150 5687 2356 5724 numero
2376 5669 2526 5733 brevi,
2551 5672 2838 5741 paucissimi
2858 5681 2902 5725 ct
2926 5673 3106 5727 incola:
3127 5674 3177 5727 in
3194 5690 3284 5727 ea:
3311 5673 3360 5727 id
3385 5682 3487 5739 est,
3512 5675 3563 5726 in
3590 5681 3728 5726 terra

2149 5763 2400 5818 Ch.maan
2447 5764 2669 5830 Quando
2707 5765 2776 5819 ibi
2807 5775 2983 5834 patres
3004 5764 3378 5819 habitaverunt
3416 5764 3684 5818 Abraham
3713 5807 3726 5826 ,

2152 5857 2295 5910 Isaae
2316 5864 2369 5910 et
2384 5855 2568 5922 Jacob,
2589 5867 2869 5927 antequam
2885 5873 3000 5913 eam
3019 5856 3323 5926 acciperent
3341 5854 3727 5922 tiwreditalem,

2155 5950 2207 6006 in
2237 5949 2438 6004 Sctnlttc
2468 5964 2564 6007 suo
2595 5950 2894 6021 paucissimi
2921 5957 3090 6016 erant,
3111 5947 3364 6004 etincon
3389 5947 3441 6003 in
3477 5961 3554 6003 ea.
3585 5945 3730 6000 Non-
