4188 6452
643 426 779 481 1395
1848 406 1905 460 S.

637 542 766 595 nulli
796 548 970 593 autem
1003 530 1585 592 endit-eshahent,uon,
1610 523 1896 596 paucissimi
1927 533 1970 574 ct
2002 519 2216 579 incohe;

635 636 726 689 sed
749 676 761 697 ,
797 630 1121 699 paucissimos
1163 634 1205 678 et
1231 621 1441 676 incolas.
1474 620 1570 674 Uhi
1603 625 1823 687 apparet
1866 630 1958 668 eos
1988 611 2076 682 qui
2120 612 2217 664 ista

635 728 703 779 ita
737 718 1059 790 interm-elati
1091 726 1232 777 Sttnl,
1266 727 1491 784 grreeam
1521 709 1682 764 fuisse
1715 706 2035 760 locutionem
2063 717 2220 755 secu-

635 829 714 866 tos
742 857 754 875 ,
791 828 907 881 qur.
949 807 1220 862 transferri
1265 821 1367 856 non
1401 811 1571 871 potest
1602 801 1650 854 in
1679 798 1897 852 latinunt
1924 836 1938 860 ,
1970 795 2066 848 nisi
2095 809 2216 848 cum

633 924 691 960 ea
724 903 1069 964 absurditate,
1097 913 1216 968 qum
1248 895 1372 950 ferri
1402 894 1617 947 omnino
1645 907 1748 944 non
1782 888 1970 958 possit.
1994 885 2048 942 Si
2075 883 2216 939 enim

633 1005 796 1050 totam
826 994 994 1064 ipsam
1022 990 1341 1044 locutionem
1377 982 1665 1039 transferre
1706 994 1963 1034 conemur
1985 1018 2001 1041 ,
2024 974 2217 1029 dicturi

630 1100 848 1145 sumus,
875 1081 936 1136 In
963 1100 1019 1137 eo
1045 1097 1150 1135 esse
1196 1079 1309 1132 illos
1347 1090 1552 1129 munero
1600 1072 1732 1126 brevi
1755 1111 1770 1136 ,
1801 1068 2128 1139 paucissimas
2172 1074 2219 1118 et

629 1177 824 1234 incolas
853 1176 905 1228 in
936 1191 994 1227 ca
1022 1172 1114 1242 (a).
1140 1168 1289 1238 Quod
1317 1176 1491 1221 autem
1518 1165 1591 1218 ait
1615 1176 1838 1233 graecus,
1859 1157 1924 1214 1η
1943 1175 2002 1213 eo
2028 1174 2132 1212 esse
2152 1155 2216 1209 il-

641 1271 730 1333 los,
755 1267 856 1321 hoc
885 1275 964 1320 est
988 1263 1171 1323 latine,
1199 1259 1322 1312 Cum
1352 1266 1512 1312 essent
1538 1271 1555 1309 :
1585 1253 1724 1326 quod
1753 1252 1970 1307 verbum
1994 1265 2098 1303 non
2123 1262 2220 1318 po-

636 1368 739 1413 test
768 1371 923 1413 casus
966 1352 1294 1409 accusativus
1339 1346 1528 1418 sequi,
1563 1345 1657 1399 sed
1690 1342 2063 1397 nominativus.
2089 1337 2220 1406 Quis

636 1451 777 1507 enim
806 1449 964 1510 dicat,
986 1446 1114 1502 Cum
1142 1451 1321 1498 essent
1341 1437 1687 1510 paucissimos
1705 1436 1730 1488 ?
1750 1433 1865 1498 sed,
1887 1431 2020 1487 Cum
2042 1438 2223 1485 essent

637 1539 958 1611 paucissimi.

708 1631 760 1686 9.
791 1629 958 1703 [vers.
1001 1623 1227 1699 15-15.]
1262 1643 1279 1674 ι
1315 1621 1446 1677 Cum
1487 1637 1502 1671 ι
1539 1632 1664 1686 ergo
1703 1634 1723 1668 ι
1771 1622 1952 1670 essent
1997 1625 2222 1667 numero

636 1724 826 1779 breves
851 1764 865 1786 ,
900 1741 918 1773 ι
954 1721 1078 1786 vel,
1113 1737 1130 1770 ι
1163 1730 1387 1772 numero
1407 1711 1556 1768 brevi
1583 1752 1596 1776 ,
1623 1707 1924 1779 paucissimi
1953 1715 2007 1761 et
2034 1703 2222 1760 incolae

638 1818 690 1871 in
723 1832 806 1877 ea;
841 1813 1166 1868 transierunt
1193 1809 1258 1864 de
1286 1815 1442 1876 gente
1469 1805 1521 1858 in
1550 1810 1782 1873 gentem,
1805 1798 1945 1853 etde
1975 1812 2139 1866 regno
2168 1795 2219 1849 in

637 1906 891 1976 populum
921 1904 1162 1958 altertun.
1210 1920 1227 1952 ι
1256 1896 1520 1966 Repetitio
1554 1902 1634 1947 est
1656 1892 1770 1959 ejus
1800 1889 1940 1959 quod
1973 1889 2219 1952 dixerat,

645 2019 663 2052 ‹
693 2000 759 2053 de
785 2006 943 2068 gente
984 1996 1034 2050 in
1072 2003 1306 2065 gentem.
1335 1989 1448 2043 Non
1481 1985 1682 2041 dimisit
1713 1983 1981 2036 hominem
2028 1993 2221 2033 nocere

637 2092 717 2146 eis
747 2110 760 2145 :
803 2109 819 2142 ι
855 2088 907 2142 id
933 2097 1032 2153 est,
1059 2101 1161 2139 non
1193 2080 1454 2152 permisit.
1486 2077 1668 2133 Grarca
1695 2083 1869 2127 autem
1899 2069 2094 2125 locutio
2119 2076 2218 2131 est,

638 2197 816 2237 nocere
837 2180 952 2233 illos
973 2193 992 2242 ;
1012 2176 1175 2231 latina
1215 2187 1340 2227 vero
1365 2211 1380 2237 ,
1407 2184 1584 2222 nocere
1612 2167 1733 2219 illis.
1763 2161 1828 2219 lit
1857 2161 2100 2229 corripuit
2131 2176 2222 2230 pro

638 2279 708 2329 eis
740 2290 896 2344 reges.
929 2270 1103 2324 Nolite
1132 2311 1145 2331 ,
1177 2267 1370 2336 inquit,
1405 2273 1608 2332 tangere
1645 2258 1857 2312 chrisma
1879 2273 2013 2309 meus
2041 2297 2055 2320 ,
2080 2264 2128 2308 et
2169 2253 2220 2308 in

639 2363 896 2434 prophetis
922 2362 1042 2414 meis
1070 2357 1222 2412 nolite
1248 2354 1535 2425 ntalignari.
1567 2350 1738 2404 Verba
1770 2349 1902 2402 dixit
1929 2348 2017 2402 Dei
2048 2345 2222 2400 corri-

639 2452 830 2522 pientis
857 2451 938 2504 vel
961 2448 1230 2519 arguentis
1259 2459 1432 2515 reges,
1460 2457 1526 2496 ne
1553 2438 1809 2494 licdercnt
1839 2439 1854 2468 ⁸
1883 2444 2096 2490 sanctos
2125 2448 2222 2503 pa-

638 2556 767 2608 tres,
801 2557 922 2597 cum
951 2548 1129 2595 essent
1161 2550 1382 2591 numero
1410 2534 1618 2594 breves,
1651 2543 1705 2586 et
1735 2527 2034 2599 paucissimi
2063 2536 2222 2596 atque

639 2634 822 2688 inculte
841 2634 892 2686 in
916 2639 1055 2686 terra
1079 2629 1351 2684 Chanaan.
1375 2625 1502 2692 Qum
1531 2621 1690 2676 verba
1711 2622 1832 2674 licet
1858 2619 1910 2672 in
1937 2617 2086 2671 libris
2110 2617 2226 2685 ejus

639 2723 872 2778 historiae
890 2737 990 2774 neu
1010 2721 1268 2787 legantur,
1284 2725 1455 2770 tamen
1471 2710 1806 2782 intelligenda
1822 2717 1944 2763 sunt
1960 2707 2041 2763 vel
2060 2707 2228 2762 laten-

640 2827 720 2869 ter
743 2814 902 2876 dicta,
927 2812 1064 2865 sicut
1090 2811 1227 2864 Deus
1245 2808 1297 2861 in
1329 2807 1598 2860 hominum
1617 2802 1866 2858 cordibus
1886 2800 2118 2872 loquitur
2135 2813 2226 2854 oc-

637 2906 796 2961 cultis
807 2915 860 2960 et
873 2903 1145 2959 veracibus
1157 2899 1389 2964 visis,vel
1405 2898 1560 2953 etiam
1577 2895 1937 2966 perAugclum
1951 2907 2222 2963 expressa.

641 2998 770 3052 Nam
789 3006 840 3050 et
856 3011 949 3050 rex
966 2994 1218 3049 Gerarqu
1235 3000 1290 3047 et
1307 3007 1396 3044 rex
1413 2989 1779 3059 .‘Egyptiorum
1793 2984 2041 3040 divinitus
2052 2983 2230 3037 admo-

641 3089 735 3142 niti
766 3096 888 3141 sunt
917 3102 984 3140 ne
1011 3093 1264 3138 nocerent
1290 3082 1514 3136 Abrahze
1545 3078 1695 3152 (Gen.
1722 3094 1816 3144 xu,
1850 3076 2024 3140 17-20;
2057 3084 2103 3128 et
2128 3091 2220 3141 xx,

639 3178 716 3251 '5),
735 3188 787 3232 et
809 3194 900 3233 rex
932 3177 1065 3230 alius
1092 3191 1155 3229 ue
1175 3184 1389 3229 noceret
1413 3172 1555 3226 Isaac
1575 3168 1681 3240 (Id.
1703 3185 1849 3232 xxvu,
1868 3166 2046 3239 8-1l),
2065 3166 2222 3221 etalii

641 3289 708 3329 ne
737 3280 990 3328 nocerent
1015 3269 1180 3326 Jacob
1211 3267 1319 3340 (Id.
1351 3263 1709 3333 xxxi-xxviii);
1741 3276 1861 3316 cum
1889 3268 2224 3328 essentpau-

641 3366 838 3419 cissimi
869 3375 920 3418 et
949 3362 1453 3429 ineol:c,antequam
1480 3357 1544 3412 ad
1569 3355 1898 3411 incolendam
1929 3352 2217 3422 Egyptum

641 3474 761 3512 cum
786 3457 906 3510 liliis
933 3456 1042 3509 suis
1065 3454 1314 3508 transiret
1342 3450 1505 3506 Jacob
1531 3468 1543 3502 :
1571 3449 1710 3519 quod
1739 3447 2048 3517 intelligitur
2079 3447 2130 3500 in
2155 3461 2220 3500 eo

641 3554 1113 3602 commemoratum
1147 3584 1162 3609 ,
1191 3542 1328 3612 quod
1359 3541 1468 3605 ait,
1507 3539 1838 3592 Transierunt
1887 3537 1949 3590 de
1991 3545 2136 3608 gente
2173 3535 2225 3589 in

640 3649 857 3707 gentem,
880 3638 942 3689 de
968 3650 1120 3705 regno
1149 3635 1197 3686 in
1221 3632 1462 3702 papulum
1488 3629 1724 3684 alterum.
1752 3629 1858 3683 Sed
1887 3630 2004 3696 quia
2034 3643 2223 3683 occur-

643 3731 791 3784 reltat
837 3741 1078 3798 qttzerere
1106 3767 1120 3792 ,
1153 3736 1436 3793 antequam
1481 3721 1766 3774 transirent
1811 3729 1864 3774 et
1905 3719 1958 3773 in
1990 3718 2222 3789 Egypto

643 3821 1140 3890 multiplicarcntur,
1159 3813 1424 3888 quomodo
1442 3828 1662 3868 numero
1681 3813 1889 3877 breves,
1915 3811 2220 3880 paucissimi

641 3922 694 3966 et
721 3912 860 3967 incol
878 3930 907 3965 c
928 3912 979 3964 in
1007 3910 1178 3964 aliena
1201 3916 1338 3962 terra
1364 3905 1651 3975 perdurare
1675 3909 1975 3972 potuerunt,
2006 3908 2226 3955 secutus

645 4004 907 4074 adjunxit,
933 4001 1052 4056 Non
1082 4001 1303 4072 permisit
1326 3999 1574 4052 hominem
1601 4012 1777 4050 nocere
1801 3997 1889 4060 eis,
1913 4003 1958 4048 et
1982 3994 2224 4062 corripuit

644 4113 734 4163 pro
759 4095 828 4148 eis
853 4110 1014 4163 reges.
1050 4091 1224 4145 Nolite
1263 4101 1469 4160 tangere
1513 4087 1726 4141 christos
1753 4101 1887 4139 meos
1914 4127 1929 4152 ,
1956 4095 2000 4138 et
2024 4085 2076 4138 in
2105 4101 2226 4155 pro-

646 4186 807 4255 phetis
835 4185 956 4238 meis
981 4183 1134 4238 nolite
1158 4181 1446 4250 malignari.

717 4277 803 4331 10.
840 4277 1018 4330 Potest
1047 4283 1220 4328 autem
1253 4271 1444 4326 merito
1471 4282 1686 4323 movere
1713 4265 1982 4337 quomodo
2025 4263 2224 4320 fuerint

643 4365 832 4420 christi
862 4365 1130 4434 appellati,
1159 4371 1440 4433 antequam
1471 4367 1614 4414 esset
1642 4359 1821 4411 unctio
1842 4397 1856 4419 ,
1887 4371 1958 4411 ex
1991 4371 2093 4425 qua
2121 4355 2224 4409 hoc

645 4472 840 4512 nomen
870 4454 1172 4523 impositum
1217 4461 1300 4505 est
1325 4450 1538 4519 regibus
1568 4467 1579 4501 :
1613 4446 1754 4518 quod
1780 4462 1808 4500 a
1837 4445 1998 4502 Saule
2022 4444 2184 4514 capit
2207 4486 2222 4511 ,

644 4549 728 4600 cui
757 4545 921 4600 David
947 4544 1202 4598 successit
1223 4543 1274 4596 in
1300 4554 1484 4610 regno;
1516 4548 1675 4608 atque
1705 4537 1826 4592 inde
1852 4537 2033 4592 czeteri
2058 4545 2111 4591 et
2131 4551 2220 4590 re-

644 4655 737 4708 ges
761 4639 912 4693 Judae
945 4645 1000 4691 et
1038 4650 1192 4705 reges
1233 4633 1395 4688 Israel
1421 4630 1821 4686 continuatione
1845 4637 2067 4683 sacrata:
2091 4641 2223 4682 con-

644 4731 941 4786 suetudinis
963 4726 1329 4798 unguebantur
1361 4742 1373 4776 :
1408 4724 1458 4776 iu
1491 4737 1594 4792 qua
1620 4721 1870 4776 unctione
1904 4719 2228 4790 ﬂgurabatur
2301 4737 2305 4742 τ

644 4840 782 4878 unus
809 4837 966 4876 verus
987 4819 1226 4874 Christus
1248 4858 1261 4881 ,
1293 4816 1377 4870 cui
1403 4814 1602 4869 dictum
1633 4821 1733 4877 est,
1762 4809 1916 4866 Unxit
1943 4819 2022 4876 te,
2053 4808 2222 4874 Deus,

647 4913 784 4967 Deus
807 4923 920 4966 tuus
941 4910 1052 4963 oleo
1075 4906 1422 4964 exsultationis
1450 4919 1555 4974 pra:
1575 4901 1902 4973 participibus
1931 4902 2029 4955 tuis
2050 4899 2223 4971 (Psal.

648 5021 800 5070 xliv,
833 5002 912 5073 8).
937 5001 1089 5057 Unde
1127 5014 1256 5070 ergo
1277 4999 1348 5053 illi
1372 4998 1482 5068 jam
1523 5005 1650 5050 tunc
1673 4993 1857 5050 christi
1885 4993 2226 5062 appellaban-

647 5096 776 5148 tur?
803 5093 933 5147 Nam
963 5090 1249 5161 prophetas
1267 5103 1362 5144 eos
1385 5086 1564 5152 fuisse,
1587 5084 1812 5155 legimus
1839 5082 1908 5138 de
1934 5081 2225 5146 Abraham;

650 5195 702 5236 et
735 5183 942 5251 utique,
971 5181 1112 5250 quod
1143 5180 1210 5234 de
1241 5180 1330 5233 illo
1356 5177 1638 5232 manifeste
1668 5174 1866 5229 dictum
1895 5182 2011 5238 est,
2045 5172 2147 5228 hoc
2174 5180 2228 5226 et

647 5276 713 5326 de
784 5272 884 5325 illis
938 5269 1327 5340 intelligendum
1380 5279 1482 5323 est.
1528 5270 1607 5320 An
1663 5265 1783 5320 ideo
1837 5263 2056 5331 christi,
2105 5265 2227 5333 quia

649 5363 853 5416 etiamsi
885 5361 1247 5428 latenter,jam
1279 5371 1450 5414 tamen
1483 5358 1754 5413 christiani
1775 5357 1799 5408 ?
1819 5357 2062 5426 quamvis
2087 5356 2228 5410 enim

647 5472 771 5510 caro
799 5451 994 5507 Christi
1015 5467 1082 5507 ex
1111 5451 1241 5515 illis,
1269 5461 1445 5505 tamen
1472 5449 1712 5504 Christus
1739 5456 1863 5502 ante
1893 5447 2010 5501 illos
2043 5464 2054 5498 :
2085 5445 2226 5516 quod

648 5558 700 5603 et
727 5544 924 5602 Judasis
950 5541 1241 5612 restiondit,
1265 5540 1466 5604 dicens,
1492 5540 1770 5608 Antequam
1798 5538 2048 5592 Abraham
2067 5536 2226 5605 ﬁeret,

684 5705 730 5810 1"
761 5705 832 5750 sic
856 5710 954 5810 Iltm.
980 5707 1049 5750 Er.
1081 5708 1132 5750 ct
1156 5698 1322 5761 plures
1343 5705 1450 5746 Mss.
1489 5699 1568 5747 Alii
1609 5712 1728 5747 vero
1749 5711 1857 5746 cum
1880 5704 2011 5758 l.ov.,
2049 5709 2108 5745 ne
2144 5709 2226 5747 ne-

703 5777 860 5810 meren
885 5796 900 5810 .

923 5824 968 5874 ιό
999 5823 1124 5894 enini
1158 5829 1326 5873 autous
1363 5818 1569 5872 arithuui
1608 5820 1838 5880 brae/teis,
1878 5820 2128 5886 oligostons
2151 5819 2228 5870 km

652 5886 902 5941 p.u'oiltous
925 5900 983 5934 vn
1006 5885 1129 5935 autc.

1948 399 2312 458 AUGUSTI.“
2356 399 2655 457 El‘lSCUl‘l

3757 421 3772 472 l
3785 422 3868 478 596

2329 533 2417 587 ego
2443 535 2576 571 sum.
2601 519 2878 585 Quomodo
2903 531 3078 576 autem
3119 523 3258 576 hunc
3279 526 3350 579 illi
3384 527 3694 596 ignorarent,
3719 546 3795 587 aut
3825 537 3867 592 ia

2323 623 2442 662 eum
2479 625 2582 662 non
2613 610 2894 666 crederent
2923 627 2936 675 ;
2969 628 3088 666 cum
3122 623 3398 685 propterea
3447 619 3705 686 prophecc
3740 623 3868 680 dice-

2322 709 2507 754 rentur
2534 703 2653 770 quia
2681 704 2800 758 licet
2827 705 3106 772 occultius,
3141 715 3312 760 tamen
3345 709 3620 764 Itim'iiuum
3651 728 3870 783 prmium.

2323 793 2560 848 tiabant?
2590 794 2739 850 Unde
2775 806 2956 864 aperte
2987 798 3098 867 ipse
3127 797 3288 852 dicit:
3318 798 3574 854 Abraham
3618 809 3869 874 conrupit-it

2321 885 2488 939 videre
2515 887 2647 940 diem
2669 903 2850 953 meum,
2873 898 2917 941 et
2937 889 3078 954 vidit,
3096 900 3143 943 et
3164 890 3365 960 gavisus
3385 900 3457 945 est
3484 891 3655 962 (Joan.
3678 911 3778 960 vui,
3795 899 3870 961 58.

2321 976 2435 1046 56).
2468 976 2581 1030 Non
2608 978 2749 1032 enim
2775 979 3053 1049 quisquam
3078 991 3270 1049 prwter
3305 982 3461 1035 istam
3494 982 3645 1038 ﬁdem
3671 1002 3779 1055 qua:
3803 1000 3870 1042 est

2323 1067 2374 1122 in
2411 1069 2624 1125 Christo
2660 1069 2787 1126 Jesu
2812 1111 2826 1133 ,
2856 1071 2968 1125 sive
3010 1080 3132 1126 ante
3156 1070 3271 1141 ejus
3301 1072 3744 1143 incarnationem,
3773 1079 3868 1134 sive

2322 1169 2502 1229 postea
2528 1202 2542 1225 ,
2574 1163 2947 1217 reconciliatus
2988 1173 3071 1218 est
3122 1163 3256 1228 Deo;
3289 1178 3410 1218 eum
3450 1165 3520 1218 sit
3551 1165 3615 1220 ab
3653 1168 3871 1236 Apostoio

2322 1251 2663 1307 veracissime
2691 1251 2968 1307 deliuitum
2996 1271 3008 1307 :
3045 1251 3188 1307 Unus
3213 1255 3344 1307 enim
3375 1254 3542 1320 Deus,
3568 1264 3615 1309 et
3640 1273 3760 1312 unus
3785 1277 3868 1313 me-

2323 1343 2488 1397 diator
2529 1343 2625 1398 Dei
2655 1353 2702 1400 et
2745 1345 3044 1413 hominum,
3069 1345 3217 1400 homo
3247 1345 3476 1402 Christus
3505 1347 3651 1403 Iesus
3679 1350 3696 1422 (
3720 1350 3734 1404 Ι
3757 1350 3867 1406 Tim.

2324 1451 2379 1498 ιι,
2416 1436 2493 1505 5).

2396 1528 2478 1582 Η.
2512 1525 2659 1600 [vers.
2707 1528 2820 1602 16.]
2843 1529 3048 1585 Deinde
3071 1529 3179 1600 jam
3202 1547 3422 1586 narrare
3445 1531 3622 1602 incipit
3641 1536 3870 1604 quomodo

2323 1619 2516 1674 factum
2570 1621 2638 1674 sit
2683 1630 2742 1674 ut
2791 1621 3173 1677 transirent-de
3212 1633 3376 1692 gente
3401 1622 3452 1676 in
3482 1633 3684 1692 gentem
3711 1625 3869 1690 ,etdc

2326 1729 2494 1784 regno
2539 1716 2589 1768 in
2641 1715 2893 1784 populum
2936 1716 3182 1770 alterum.
3217 1733 3234 1766 ι
3271 1716 3338 1772 Ει
3365 1716 3608 1781 vocavit,
3642 1736 3660 1769 ι
3693 1718 3868 1788 inquit,

2331 1823 2347 1856 ι
2385 1806 2574 1861 famem
2617 1821 2779 1876 super
2832 1816 3064 1872 terram;
3107 1822 3267 1862 omne
3320 1807 3698 1863 ﬁrmamentum
3745 1812 3871 1880 panis

2323 1899 2591 1952 contrivit.
2625 1897 2765 1954 Misit
2801 1907 2924 1953 ante
2951 1915 3044 1953 eos
3075 1899 3278 1964 virum;
3310 1899 3364 1953 in
3394 1913 3602 1954 servum
3629 1903 3867 1956 venunda-

2325 1999 2410 2044 tus
2436 1998 2521 2046 cst
2543 1988 2763 2059 Ioseph.
2802 2010 2820 2041 ι
2849 1989 2950 2046 Per
2981 1988 3082 2045 hoc
3111 1989 3308 2044 factum
3343 1999 3426 2045 est
3453 2000 3509 2045 ut
3537 1992 3798 2046 transirent
3818 1993 3871 2048 dc

2323 2095 2480 2152 gente
2511 2083 2560 2137 in
2591 2093 2800 2152 gentem
2827 2125 2841 2146 ,
2873 2081 2939 2136 de
2971 2097 3138 2152 regno
3166 2082 3218 2137 in
3251 2083 3503 2152 populum
3529 2084 3759 2138 alterum.
3783 2084 3868 2140 Sed

2326 2189 2430 2226 tton
2460 2181 2583 2226 sunt
2609 2173 2934 2242 negligenter
2965 2173 3350 2242 praetereunda:
3376 2173 3749 2245 Scripturarum
3768 2177 3867 2228 san-

2325 2273 2531 2319 clarum
2562 2265 2876 2319 locutiones.
2915 2263 3148 2332 Vocavit,
3181 2265 3388 2335 inquit,
3421 2266 3601 2335 famem
3625 2283 3761 2335 super
3782 2276 3868 2319 ter-

2326 2373 2433 2409 ram
2459 2371 2478 2409 :
2496 2357 2643 2425 quasi
2674 2353 2842 2410 fames
2867 2355 3040 2425 aliqua
3073 2371 3298 2425 persona
3325 2358 3418 2423 sit,
3445 2357 3528 2411 vel
3555 2357 3748 2426 aliquod
3773 2357 3868 2409 ani-

2326 2457 2524 2502 matum
2557 2461 2769 2515 corpus,
2797 2447 2877 2500 vel
2907 2447 3097 2516 aliquis
3121 2447 3342 2517 spiritus
3371 2447 3459 2517 qui
3482 2447 3688 2503 obedire
3713 2455 3866 2518 posset

2328 2540 2556 2605 vocanti;
2589 2553 2705 2593 cum
2735 2539 2804 2592 sit
2832 2537 2998 2593 fames
3026 2554 3090 2594 ex
3123 2538 3297 2593 inedia
3325 2548 3593 2594 contracta
3622 2539 3867 2609 pernicies,

2326 2641 2484 2702 atque
2510 2633 2578 2686 ita
2607 2632 2675 2686 sit
2703 2631 2754 2685 in
2785 2633 2863 2686 eis
2887 2632 2974 2702 qui
3000 2647 3118 2686 eam
3147 2631 3440 2701 patiuntur,
3469 2641 3523 2686 ut
3549 2631 3722 2701 aliquis
3745 2647 3863 2685 mor-

2329 2723 2444 2778 bus.
2466 2723 2615 2778 Sicut
2636 2723 2776 2778 enim
2809 2723 3026 2778 morbus
3053 2733 3248 2779 utesse
3273 2723 3504 2786 desinat,
3530 2723 3584 2776 lit
3601 2723 3866 2792 plerumque

2329 2831 2423 2885 per
2452 2815 3012 2880 medicamentum;sic
3027 2825 3079 2868 et
3097 2813 3262 2869 fames
3291 2823 3510 2869 sanatur
3523 2810 3866 2884 quodauunodo

2330 2923 2425 2976 per
2464 2907 2794 2960 alimentum.
2824 2905 2960 2973 Quid
3008 2914 3090 2961 est
3130 2919 3296 2976 ergo,
3342 2903 3542 2960 Vocavit
3582 2902 3862 2976 fantemllln

2329 2998 2463 3054 forte
2493 2999 2589 3052 ista
2617 2999 2752 3052 mala
2783 3013 2899 3068 qua:
2925 2998 3194 3068 patiuntur
3221 2996 3497 3058 homines.
3532 2995 3710 3050 habent
3735 3006 3862 3063 quaso

2327 3089 2447 3144 dam
2492 3087 2807 3160 pra-positos
2851 3104 2977 3144 suos
3025 3092 3241 3158 angelos
3272 3089 3440 3142 malos
3473 3085 3610 3159 (nam
3638 3097 3685 3140 et
3709 3085 3754 3138 in
3777 3081 3859 3136 alio

2329 3181 2533 3251 psalmo
2563 3179 2690 3235 dicit
2717 3179 3044 3234 immissione
3072 3195 3165 3249 per
3193 3179 3411 3248 angelos
3433 3178 3594 3232 malos
3622 3177 3765 3230 Deum
3787 3173 3861 3227 lio-

2328 3273 2496 3328 miues
2526 3272 2779 3328 amixisse
2797 3271 2966 3346 [Psal.
2993 3287 3195 3337 Lxxvu,
3218 3270 3332 3344 49],
3362 3285 3466 3326 non
3493 3270 3662 3339 utique
3687 3274 3860 3322 errante

2322 3365 2521 3434 judicio
2544 3366 2582 3435 ),
2611 3372 2666 3419 et
2693 3365 2792 3418 hoc
2816 3373 2895 3418 est
2924 3361 3080 3429 forte,
3114 3361 3317 3416 Vocavit
3348 3365 3550 3432 (alitem,
3577 3361 3624 3414 id
3643 3367 3713 3414 est
3732 3370 3862 3426 auge-

2327 3457 2432 3510 lmu
2466 3457 2792 3526 propesitum
2835 3455 3018 3518 famis,
3053 3463 3107 3508 et
3136 3453 3251 3522 ejus
3277 3455 3355 3508 rei
3397 3453 3604 3507 nomine
3643 3449 3770 3518 cujus
3795 3455 3858 3500 est

2329 3549 2658 3618 prmpositus,
2679 3547 2995 3616 appellatum
3018 3547 3042 3599 ?
3070 3545 3144 3599 Ex
3172 3560 3272 3614 qua
3299 3539 3760 3615 opinionellomaui
3783 3552 3855 3591 rc-

2328 3647 2465 3692 teres
2496 3639 2749 3708 quosdam
2783 3637 2912 3691 deos
2957 3637 3089 3692 tales
3130 3645 3513 3692 consecrarunt
3534 3676 3548 3698 ,
3575 3635 3697 3689 sicut
3730 3633 3854 3683 deam

2328 3729 2571 3792 Febrem,
2601 3728 2866 3796 deumque
2896 3728 3176 3782 Pallorem.
3205 3729 3284 3781 An
3309 3727 3448 3798 quod
3473 3735 3551 3781 est
3577 3722 3856 3784 credibilius,

2337 3819 2538 3874 l’oravit
2562 3823 2767 3888 fument,
2803 3819 3198 3888 intelligendum
3229 3827 3309 3873 est
3337 3861 3351 3884 ,
3382 3819 3516 3873 Dixit
3541 3827 3593 3871 ut.
3620 3813 3762 3868 fames
3783 3824 3852 3862 es-

2330 3921 2445 3974 set;
2476 3921 2528 3965 ut
2561 3911 2658 3964 hoe
2683 3910 2750 3964 sit
2779 3925 2992 3975 vocare,
3020 3911 3158 3979 quod
3191 3911 3487 3980 appellare;
3518 3907 3612 3961 hoc
3631 3901 3852 3973 appellare

2327 4005 2466 4076 quod
2493 4005 2704 4069 dicere;
2734 4004 2834 4058 hoc
2862 4003 3040 4057 dicere
3061 4044 3075 4068 ,
3108 4003 3247 4074 quod
3272 4003 3496 4073 jubere?
3524 4001 3644 4055 Nam
3675 3997 3748 4050 ille
3776 4007 3850 4046 vo-

2325 4095 2463 4150 cavit
2493 4094 2706 4159 lantem,
2739 4095 2826 4164 qui
2852 4104 2991 4147 vocat
3015 4110 3071 4147 ea
3097 4111 3210 4163 qua:
3235 4111 3337 4149 non
3364 4103 3496 4157 sunt,
3529 4102 3740 4160 tanquam
3762 4097 3850 4153 quis

2325 4196 2442 4242 sunt
2473 4187 2508 4237 '.
2535 4185 2644 4241 Nec
2673 4186 2741 4240 ibi
2771 4186 3058 4254 Apostolus
3089 4185 3256 4250 dixit,
3293 4188 3393 4252 Qui
3417 4195 3551 4240 vocat
3577 4199 3629 4237 ea
3649 4193 3749 4251 qua
3771 4190 3847 4228 non

2325 4290 2481 4346 sunt,
2513 4289 2568 4334 ut
2593 4281 2735 4343 sint;
2767 4280 2879 4345 sed,
2910 4292 3147 4349 tanquam
3173 4281 3272 4334 sint
3303 4282 3475 4350 (llam.
3504 4295 3572 4343 tv,
3604 4275 3700 4344 17)-
3727 4265 3847 4337 Mm“

2327 4373 2493 4427 Deum
2520 4373 2715 4442 quippe
2737 4371 2845 4441 jam
2892 4370 3085 4425 factum
3125 4380 3207 4426 est
3249 4370 3390 4441 quod
3417 4371 3526 4441 ejus
3552 4361 3845 4435 dispositione

2327 4465 2558 4520 futurum
2601 4473 2719 4529 est;
2746 4465 2867 4535 q'tia
2910 4463 2976 4517 de
3008 4465 3098 4518 illo
3124 4464 3248 4519 alibi
3273 4465 3494 4527 dicitur,
3530 4461 3622 4528 Qui
3644 4455 3846 4528 Ῑιέίισυω

2327 4564 2496 4630 futura
2521 4568 2634 4613 sunt
2665 4557 2812 4630 (lsai.
2835 4574 2936 4612 xcv
2957 4599 2970 4624 ,
2999 4559 3056 4612 1|
3090 4601 3103 4624 ,
3137 4575 3234 4611 sec.
3265 4556 3452 4626 LXX).
3481 4555 3544 4609 Et
3571 4551 3647 4605 hic
3677 4539 3844 4616 quando

2327 4652 2493 4706 l'amcs
2519 4651 2650 4704 facta
2681 4658 2781 4717 est,
2813 4658 2938 4703 tunc
2963 4649 3100 4704 dicta
3130 4658 3212 4703 est
3233 4657 3436 4713 vocata,
3463 4645 3511 4701 id
3537 4652 3628 4705 cst,
3655 4647 3704 4692 ul
3727 4632 3844 4688 πάθεν

2327 4753 2408 4799 set
2427 4759 2544 4814 qua:
2565 4744 2672 4813 jam
2696 4741 2867 4797 fuerat
2888 4743 2938 4795 in
2960 4741 3074 4811 ejus
3101 4742 3303 4796 occulta
3328 4735 3682 4810 gubernatione
3705 4726 3844 4789 dispt»

2327 4837 2448 4892 sita.
2475 4837 2708 4906 Denique
2733 4833 2999 4905 quomodo
3021 4833 3286 4888 vocaverit
3308 4833 3514 4895 famem,
3532 4824 3689 4880 statim
3709 4827 3841 4906 exrpo'

2328 4929 2450 4989 suit,
2480 4927 2681 4992 dicens,
2709 4925 2870 4981 Omne
2885 4926 3256 4994 ﬁrmamentum
3281 4923 3424 4994 panis
3441 4915 3664 4974 contrivit.
3685 4909 3736 4962 Et
3755 4905 3842 4994 hmo

2329 5019 2573 5073 inusitata
2602 5017 2796 5072 locutio
2822 4989 2904 5072 est
2931 5034 2943 5070 :
2974 5015 3201 5069 contrivit
3222 4989 3361 5070 cnim
3387 5011 3531 5074 dixit,
3559 5021 3642 5077 pro
3663 5016 3716 5056 eo
3733 4989 3840 5065 ll“0d

2329 5120 2432 5177 est,
2472 5109 2817 5179 consumpsit.

2403 5201 2488 5256 19..
2530 5199 2678 5272 [vers.
2709 5196 2820 5272 17.]
2854 5197 2994 5252 Misit
3029 5207 3146 5252 ante
3179 5214 3263 5252 eos
3289 5199 3466 5252 virum.
3491 5191 3642 5257 Quem
3666 5168 3838 5234 virum?

2329 5292 2546 5363 Joseph.
2601 5291 2878 5360 Quomodo
2929 5290 3110 5344 misit?
3136 5289 3202 5343 In
3249 5303 3440 5343 servant
3481 5274 3750 5336 venundatus
3783 5268 3838 5363 est

2330 5358 2542 5456 Ioseph.
2590 5358 2791 5453 Nempe
2833 5381 3046 5452 quando
3088 5382 3279 5436 factum
3333 5388 3445 5444 est,
3471 5374 3708 5456 peccatum
3750 5358 3836 5408 erat

2334 5475 2553 5531 fratrum
2579 5516 2593 5540 ,
2624 5482 2677 5530 et
2719 5482 2892 5528 tamen
2935 5473 3072 5527 Deus
3117 5473 3258 5527 misit
3282 5468 3469 5538 Joseph
3510 5465 3554 5517 in
3580 5455 3831 5547 Egypt?"-

2334 5565 2588 5622 lutuenda
2645 5573 2728 5619 est
2789 5579 2917 5634 ergo
2964 5579 3052 5619 res
3102 5580 3286 5633 magna
3349 5569 3401 5615 et
3461 5550 3830 5634 pernecessaria,

2333 5657 2600 5729 quomodo
2648 5657 2784 5711 Deus
2826 5657 2961 5711 bene
3023 5664 3198 5710 utatur
3247 5654 3395 5708 malis
3443 5641 3663 5716 operibus
3702 5631 3832 5682 Immi-

2399 5879 2412 5911 ¹
2443 5885 2517 5927 Er.
2543 5883 2660 5927 ven.
2691 5879 2739 5926 et
2761 5881 2892 5937 l_.ov.,
2926 5881 3148 5937 tanquam
3173 5875 3278 5924 sint.
3346 5879 3378 5920 tt

4063 3015 4066 3232 ι
