4188 6442
471 416 611 474 I397

485 549 644 597 num,
679 531 826 586 sicut
863 529 934 584 illi
968 532 1153 582 contra
1193 519 1333 577 male
1374 523 1592 574 utuntur
1630 511 1786 568 bonis
1825 503 2076 579 operibus

477 625 605 682 Dei.

558 718 649 772 15.
698 712 853 790 (vers.
883 713 948 769 18
972 753 987 778 ,
1020 709 1132 784 19.]
1157 707 1404 764 Contexit
1432 703 1624 760 deinde
1673 700 2032 756 narrationem
2058 736 2072 762 ,

488 824 926 869 commemorans
971 822 1088 877 quae
1136 802 1411 875 pertulerit
1455 799 1656 870 Ioseph
1701 798 1752 853 in
1785 796 2079 850 humilitate

487 922 585 962 sua
611 947 626 969 ,
659 913 714 960 et
753 900 1020 972 quomodo
1051 899 1206 953 fuerit
1233 897 1564 951 sublimatus.
1593 891 1999 945 Humiliaverunt
2027 887 2079 939 in

488 997 818 1068 compedibus
841 993 988 1064 pedes
1015 993 1159 1063 ejus;
1182 994 1370 1062 ferrum
1401 985 1685 1057 pertransiit
1706 981 1927 1037 animum
1949 979 2080 1046 eius,

491 1092 654 1144 donec
682 1087 866 1142 veniret
887 1083 1086 1137 verbum
1108 1083 1235 1152 ejus.
1258 1076 1555 1146 Compedes
1574 1074 1788 1145 quidem
1814 1071 2082 1140 accepisse

493 1182 718 1252 Ioseph,
745 1195 849 1235 non
875 1178 1118 1246 legimus;
1149 1172 1244 1228 sed
1279 1174 1470 1227 factum
1501 1183 1642 1231 esse,
1673 1166 1890 1219 minime
1924 1160 2082 1216 dubi-

497 1277 713 1332 tandum
746 1284 846 1328 cst.
878 1272 1064 1340 Aliqua
1093 1269 1232 1324 enim
1255 1263 1583 1334 pra‘tertnitti
1605 1267 1889 1331 potuerunt
1919 1257 1969 1310 in
1998 1254 2084 1308 illa

497 1367 719 1424 historia
746 1408 758 1430 ,
790 1379 909 1434 quae
941 1371 1114 1419 tamen
1138 1359 1393 1429 Spiritum
1419 1366 1659 1411 sanctum
1693 1366 1797 1405 non
1833 1350 2082 1411 laterent,

498 1461 588 1533 qui
619 1460 671 1514 in
701 1458 782 1512 bis
809 1455 1042 1525 loquitur
1067 1451 1312 1508 Psalmis.
1347 1449 1566 1504 Ferrum
1594 1454 1768 1499 autem
1801 1440 1938 1510 quod
1961 1439 2087 1494 dicit

501 1552 852 1625 pertransisse
880 1549 1110 1602 animam
1141 1545 1276 1614 ejus,
1302 1541 1693 1596 tribulationem
1725 1535 1871 1590 durtu
1896 1546 2086 1588 neces-

499 1645 671 1700 sitatis
710 1640 998 1711 accipimus
1042 1657 1052 1692 :
1097 1653 1198 1690 non
1257 1635 1398 1689 enim
1453 1644 1648 1698 corpus
1677 1671 1692 1692 ,
1724 1626 1817 1680 scd
1866 1624 2088 1677 animant

500 1735 653 1792 dixit.
685 1732 830 1789 Talis
858 1733 999 1785 enim
1033 1726 1227 1780 locutio
1273 1733 1354 1779 est
1397 1721 1638 1791 quedam
1679 1720 1730 1772 in
1762 1715 2049 1783 Evangelia
2070 1754 2090 1780 ,,

501 1831 590 1886 ubi
623 1829 838 1884 Simcon
869 1825 998 1879 dixit
1028 1821 1092 1877 ad
1122 1821 1335 1875 Mariam
1372 1836 1384 1870 :
1422 1836 1438 1866 ι
1481 1816 1617 1870 Ecce
1645 1811 1846 1882 positus
1885 1818 1965 1863 est
2006 1807 2090 1861 hic

503 1923 554 1976 in
586 1921 817 1983 ruinam,
850 1925 903 1972 et
929 1918 983 1970 iu
1010 1912 1454 1969 resurrectionem
1488 1907 1775 1960 multorum
1806 1904 1855 1957 in
1887 1901 2045 1955 Israel
2075 1941 2088 1964 ,

501 2023 555 2066 ct
583 2013 637 2066 in
659 2011 865 2080 signum
887 2008 968 2062 cui
995 2003 1406 2065 con'radicetur;
1426 2007 1474 2054 et
1500 2007 1641 2052 tuam
1670 1995 1834 2065 ipsius
1859 1992 2090 2046 animam

505 2105 823 2177 pertransiet
849 2101 1052 2173 gladius
1072 2140 1087 2164 ,
1119 2107 1176 2151 ut
1207 2095 1510 2149 revolenlttt‘
1533 2107 1596 2146 ex
1632 2087 1810 2141 multis
1844 2083 2093 2139 cordibus

503 2175 852 2269 cogitationes
887 2193 903 2266 (
928 2192 1052 2245 Luc.
1077 2207 1132 2250 ιι,
1163 2188 1252 2253 51,
1282 2187 1392 2255 55).
1425 2181 1606 2238 Passio
1633 2180 1829 2250 quippe
1859 2175 2088 2241 Domini,

505 2308 627 2364 qlL’P.
669 2287 848 2344 multis
874 2289 1024 2341 ruina
1056 2283 1194 2347 fuit,
1217 2289 1269 2334 et
1311 2281 1362 2332 in
1394 2293 1492 2347 qua
1526 2275 1811 2328 multorum
1851 2269 2091 2326 cordium

507 2381 716 2437 occulta
758 2385 1076 2450 patuerunt,
1101 2371 1350 2444 quoniam
1381 2381 1690 2436 expressum
1735 2371 1819 2418 est
1861 2359 1986 2430 quid
2028 2359 2094 2413 dc

511 2473 737 2528 Domino
777 2468 1114 2532 sentiebant,
1145 2473 1197 2517 et
1227 2463 1392 2532 ipsum
1439 2461 1554 2526 ejus
1593 2464 1814 2508 matrem
1861 2450 2096 2522 graviter

507 2564 711 2621 carnali
755 2561 981 2617 orbitate
1025 2567 1331 2628 percussam
1377 2552 1492 2604 sine
1535 2548 1694 2602 dubio
1741 2543 2091 2600 contristavit.

508 2660 566 2715 In
617 2658 701 2712 illa
749 2669 875 2710 vero
916 2650 1251 2706 tribulatione
1297 2644 1392 2699 fuit
1430 2640 1628 2711 Ioseph
1660 2682 1672 2701 ,
1703 2640 1858 2692 donec
1910 2636 2095 2688 veniret

508 2749 715 2804 verbum
783 2749 930 2818 ejus,
1007 2754 1114 2812 quo
1171 2739 1342 2792 fuerat
1397 2735 1771 2802 interpretatus
1838 2726 2097 2781 veraciter

511 2841 718 2897 somnia
753 2837 932 2892 :nndc
959 2830 1365 2889 commendatus
1415 2837 1497 2881 est
1545 2823 1652 2893 regi
1678 2863 1692 2888 ,
1719 2831 1775 2874 ut
1817 2819 1976 2873 etiam
2023 2817 2095 2870 illi

510 2934 581 2988 de
602 2930 821 2985 somniis
843 2928 956 2998 ejus
981 2924 1151 2979 futura
1177 2920 1484 2992 praediceret
1511 2915 1659 2987 (Gen.
1680 2914 1807 2982 xm).
1837 2909 1939 2965 Sed
1963 2923 2096 2978 quo-

512 3032 656 3083 niam
688 3025 852 3088 dixit,
881 3023 1036 3076 donec
1071 3018 1253 3073 veniret
1280 3015 1479 3069 verbum
1511 3013 1619 3081 ejus
1643 3051 1656 3072 ,
1679 3023 1744 3062 ne
1771 3005 1912 3059 omni
1941 3000 2098 3057 modo

511 3121 626 3187 ejus
688 3117 763 3171 sic
813 3112 1265 3180 intelligeremus,
1307 3113 1366 3159 ut
1402 3103 1678 3174 quisquam
1730 3114 1842 3152 rem
1898 3102 2104 3148 tantam.

516 3209 720 3265 homini
749 3203 1083 3261 tribuendam
1133 3207 1378 3270 putaret;
1408 3195 1660 3250 continuo
1686 3178 1943 3260 subjecit,
1976 3185 2100 3240 Elo-

514 3305 689 3376 quium
735 3298 941 3354 Domini
983 3294 1311 3366 inﬂammavit
1352 3306 1464 3344 eum
1494 3304 1510 3342 :
1541 3287 1644 3350 vel,
1673 3283 1811 3354 quod
1843 3281 2009 3350 magis
2035 3279 2101 3334 de

514 3412 692 3467 ενι-ρο
717 3406 1028 3463 expressum
1056 3388 1146 3442 alii
1175 3383 1385 3441 codices
1418 3381 1614 3434 habent
1645 3421 1660 3445 ,
1695 3374 1963 3444 Eloquium
1989 3370 2102 3424 Do-

515 3489 642 3542 mini
671 3487 845 3558 ignivit
873 3500 1027 3548 eunt;
1057 3488 1113 3534 ut
1148 3479 1307 3533 etiam
1341 3476 1452 3543 ipse
1480 3473 1618 3526 inter
1647 3483 1738 3524 eos
1769 3474 2103 3534 computare-

519 3591 606 3634 tur
630 3621 642 3642 ,
671 3577 858 3647 quibus
903 3575 1099 3628 dictum
1131 3577 1211 3624 est
1240 3611 1254 3634 ,
1285 3563 1594 3621 Lnudamini'
1614 3562 1666 3615 in
1694 3559 1892 3614 nomine
1930 3566 2103 3610 sancto

519 3674 648 3743 ejus.
695 3666 960 3737 Eloquium
1009 3661 1210 3716 Domini
1256 3658 1424 3730 ignivit
1468 3672 1600 3710 eum.
1649 3651 1832 3707 Merito
1875 3649 2104 3718 Spiritus

517 3771 735 3816 sanctus
762 3756 972 3829 quando
1000 3770 1027 3808 a
1072 3752 1295 3807 Domino
1320 3750 1515 3804 missus
1545 3754 1626 3801 est
1652 3787 1666 3809 ,
1697 3745 1825 3797 visa:
1853 3749 1973 3794 sunt
2003 3740 2105 3794 illis

519 3856 714 3922 linguae
751 3849 934 3904 divisae
975 3846 1118 3901 velut
1162 3843 1296 3913 ignis
1324 3840 1455 3910 (Act.
1484 3854 1556 3901 ιι,
1585 3836 1642 3907 5)
1676 3852 1688 3887 :
1722 3843 1776 3890 et
1821 3831 2106 3903 Apostolus

520 3947 688 4010 dicit,
723 3942 921 4012 Spiritu
970 3943 1216 4010 ferventes
1252 3933 1426 4004 (Rom.
1455 3945 1559 3994 xit,
1596 3929 1705 3998 Il).
1740 3928 1783 3980 Α
1829 3941 1936 3994 quo
1989 3924 2108 3992 igne

523 4038 822 4101 discedunt,
850 4034 915 4088 de
941 4031 1129 4104 quibus
1156 4028 1380 4084 dicitur:
1404 4024 1708 4094 Refrigcscet
1729 4019 1951 4073 cltaritas
1973 4015 2114 4069 mulo

525 4145 690 4187 torum
721 4128 931 4201 (Matth.
963 4142 1085 4181 χχιιι
1110 4165 1125 4188 ,
1157 4122 1224 4178 12

601 4226 686 4281 14.
714 4224 878 4297 [υενδ.
909 4215 1127 4290 20-22.]
1159 4215 1394 4284 Denique
1434 4210 1672 4282 sequitur
1696 4250 1710 4273 ,
1742 4205 1880 4260 Misit
1909 4221 2029 4269 rex,
2062 4212 2110 4258 et

526 4320 672 4374 solvit
703 4296 852 4382 eum;
893 4314 1125 4386 princeps
1168 4308 1489 4380 populorum,
1533 4313 1580 4356 et
1616 4301 1803 4355 dimisit
1828 4315 1960 4352 eum.
1993 4296 2110 4368 Ipse

526 4421 611 4466 est
663 4426 781 4476 rex,
808 4407 896 4477 qui
927 4406 1156 4477 princeps
1185 4401 1484 4472 populorum
1514 4412 1531 4450 :
1556 4395 1700 4450 solvit
1729 4389 2107 4461 compeditum,

529 4505 718 4558 dimisit
750 4500 1029 4557 inclusum.
1063 4494 1328 4550 Constituit
1354 4507 1467 4546 eum
1494 4488 1751 4542 dominum
1778 4484 1954 4538 domus
1982 4485 2109 4546 sum,

531 4610 579 4654 ct
609 4599 880 4669 principem
911 4593 1070 4648 omnis
1101 4585 1422 4660 possessionis
1451 4598 1576 4638 sum.
1627 4579 1693 4634 Ut
1722 4577 1941 4633 erudiret
1969 4574 2114 4645 prin-

534 4693 672 4759 cipes
715 4691 821 4760 ejus
864 4686 992 4739 sicut
1036 4681 1387 4750 semetipsum,
1416 4685 1460 4730 et
1489 4689 1629 4728 senes
1660 4673 1767 4740 ejus
1797 4667 2115 4739 prudentiam

538 4783 750 4836 doceret.
793 4777 1012 4833 Grgecus
1053 4772 1243 4836 habet,
1288 4767 1356 4822 Et
1404 4767 1620 4820 seniores
1665 4765 1773 4834 ejus
1817 4757 2115 4829 sapientium

538 4875 750 4927 doceret.
797 4867 946 4936 Quod
979 4861 1286 4920 omnimodo
1315 4859 1378 4912 ad
1409 4857 1623 4912 verbum
1657 4855 1724 4907 ita
1760 4851 1862 4906 dici
1895 4860 2070 4920 posset
2098 4863 2117 4901 τ

539 4962 775 5020 Erudiret
813 4957 1064 5030 principes
1104 4955 1214 5023 ejus
1253 4951 1378 5005 sicut
1421 4946 1772 5014 semetipsum.
1805 4951 1850 4995 et
1898 4941 2122 4994 seniores

539 5058 647 5128 ejus
673 5054 919 5124 sapientes
949 5053 1132 5119 faceret
1169 5061 1188 5098 :
1229 5049 1553 5113 πρεσϐυτέρως
1584 5037 1722 5090 enim
1762 5032 1954 5098 habet,
1986 5045 2119 5101 quos

542 5151 718 5206 dicere
745 5147 980 5204 solemus
1022 5141 1258 5196 seniores
1280 5179 1294 5202 ,
1324 5150 1428 5188 non
1456 5141 1668 5202 γέροντας
1690 5170 1703 5192 ,
1735 5127 1783 5181 id
1813 5135 1894 5181 est
1923 5139 2079 5178 senes
2103 5140 2117 5189 ;

542 5255 726 5316 οορίται
751 5249 950 5301 autem,
974 5232 1114 5305 quod
1141 5247 1246 5285 uno
1271 5226 1432 5280 verbo
1460 5223 1621 5278 latine
1651 5221 1752 5274 dici
1786 5235 1888 5273 non
1921 5224 2121 5287 potest,

543 5353 573 5393 a
599 5333 856 5404 sapientia
885 5330 1084 5383 dictum
1113 5333 1193 5379 est
1218 5365 1231 5389 ,
1265 5335 1380 5392 qua:
1409 5327 1544 5388 σερία
1571 5327 1743 5384 ειιιιερ
1766 5309 1981 5372 dicitur,
2016 5323 2119 5362 non

544 5447 572 5484 a
603 5400 910 5498 prudentia,
952 5436 1069 5490 qure
1106 5425 1314 5489 φρόνησις
1347 5409 1662 5479 appellatur.
1705 5403 1885 5474 Neque
1915 5400 2017 5461 hoc
2045 5408 2126 5454 ta-

546 5495 666 5578 men
713 5516 941 5589 legimus
984 5512 1036 5566 in
1086 5509 1174 5564 illa
1219 5504 1541 5561 sublimitate
1584 5496 1816 5567 Ioseph,
1850 5495 1987 5549 sicut
2030 5507 2127 5547 nec

546 5586 832 5681 compedes
862 5608 913 5662 in
958 5604 1075 5674 ejus
1106 5600 1420 5655 humilitate.
1471 5593 1576 5649 Sed
1618 5589 1756 5646 unde
1795 5586 1908 5642 ﬁeri
1950 5591 2130 5656 posset

547 5713 605 5761 ιιι
630 5679 710 5757 vir
737 5709 933 5763 tantus,
967 5694 1123 5749 unius
1150 5691 1260 5747 veri
1295 5688 1385 5743 Dci
1415 5686 1608 5750 cultor,
1641 5684 1691 5737 in
1720 5680 1950 5751 Egypto
1979 5679 2130 5732 alen-

548 5796 630 5852 dis
659 5786 1027 5848 tantummodo
1062 5782 1403 5855 corporibus,
1433 5787 1485 5834 et
1514 5777 1672 5833 rebus
1701 5783 1903 5828 tantum
1936 5783 2128 5838 corpo-

551 5886 750 5944 ralibus
780 5879 1132 5954 gubernandis
1158 5883 1299 5932 esset
1331 5875 1581 5940 intentus,
1607 5879 1659 5925 et
1687 5884 1789 5940 quo
1819 5881 1913 5924 eos
1940 5863 2123 5920 melio-

1583 393 1976 455 ENARRATIO
2014 385 2078 444 IN
2121 388 2441 448 PSALIIUM
2482 394 2612 450 CIV.

3639 405 3775 461 1598

2184 518 2272 559 res
2299 505 2566 572 redderet,
2600 523 2780 562 curam
2806 525 2908 564 non
2938 518 3150 581 gereret
3181 512 3479 568 animorum
3507 517 3528 569 ?
3573 513 3676 572 Sed
3709 537 3772 574 ea

2185 599 2486 668 conscripta
2514 610 2636 655 sunt
2667 601 2716 655 in
2741 601 2825 655 illa
2858 603 3097 671 historia,
3121 621 3240 674 qua:
3269 607 3564 663 secundum
3601 609 3773 666 inten-

2189 687 2386 742 tionem
2440 691 2764 755 scribentis,
2819 693 2869 746 in
2919 708 3025 763 quo
3084 704 3198 748 erat
3251 696 3481 765 Spiritus
3532 709 3768 769 sanctus,

2187 780 2351 836 rebus
2390 781 2579 836 futuris
2627 781 2713 836 illa
2763 787 3068 840 narratione
3117 785 3477 856 signiﬁcandis
3527 791 3774 849 sufliccre

2184 873 2419 944 judicata
2448 883 2588 929 sunt.

2262 966 2348 1023 15.
2380 965 2546 1039 [νοτε.
2574 968 2698 1042 23.]
2730 968 2796 1023 Et
2842 970 3039 1023 intravit
3085 969 3251 1025 Israel
3293 973 3344 1026 in
3374 971 3660 1045 1Egyplum
3683 1019 3695 1040 ,
3731 985 3775 1032 et

2187 1057 2350 1114 Iacob
2376 1061 2547 1115 accola
2577 1063 2674 1133 fuit
2715 1063 2764 1116 in
2793 1073 2926 1116 terra
2953 1062 3134 1117 Citam.
3174 1063 3323 1132 Quod
3352 1074 3432 1119 est
3459 1065 3642 1130 Israel,
3674 1067 3776 1122 hoc

2191 1164 2274 1212 est
2296 1156 2495 1221 Iacob;
2523 1166 2576 1209 et
2601 1155 2741 1226 quod
2770 1164 2853 1211 cst
2877 1155 3160 1227 :Egvptus,
3188 1157 3288 1212 hoc
3313 1165 3391 1212 est
3418 1168 3554 1213 terra
3584 1157 3774 1214 Citam.

2194 1249 2289 1304 llic
2321 1249 2463 1304 enim
2504 1248 2836 1317 apertissime
2868 1248 3288 1302 demonstratum
3319 1257 3395 1303 est
3424 1291 3438 1314 ,
3471 1249 3537 1304 de
3575 1250 3778 1304 semine

2191 1337 2360 1412 Cliam
2392 1338 2485 1392 ﬁlii
2515 1339 2656 1404 Noe,
2684 1338 2833 1408 cujus
2866 1337 3163 1406 primitivus
3191 1338 3286 1392 fuit
3316 1337 3589 1404 Chanaan,
3619 1353 3775 1394 εισι-ο

2194 1437 2300 1483 tam
2350 1427 2512 1484 fuisse
2560 1430 2716 1483 etiam
2766 1439 2977 1498 gentem
3025 1429 3416 1499 JEgyptiorum.
3467 1430 3695 1484 Proinde
3729 1431 3778 1484 in

2193 1523 2385 1592 quibus
2407 1523 2676 1577 codicibus
2708 1521 2807 1576 hoc
2839 1523 2954 1576 loco
2987 1522 3174 1591 legitur
3200 1521 3466 1583 Cluniaan,
3492 1522 3782 1576 emendan-

2195 1615 2320 1670 dum
2347 1623 2447 1668 est.
2482 1613 2666 1667 Melius
2688 1623 2864 1668 autem
2899 1614 3301 1682 interpretatum
3331 1621 3433 1676 est,
3461 1611 3635 1665 accola
3661 1615 3777 1683 fuit,

2193 1724 2387 1779 quam,
2433 1707 2569 1762 sicut
2612 1707 2698 1760 alii
2744 1707 2952 1761 codices
3000 1705 3214 1766 habent,
3266 1703 3559 1756 inhubitavit
3588 1719 3605 1756 :
3637 1705 3778 1772 quod

2199 1799 2526 1855 tantumdem
2558 1806 2697 1852 esset
2721 1840 2734 1860 ,
2770 1798 2811 1850 si
2844 1806 2892 1850 et
2930 1796 3096 1850 incola
3129 1794 3435 1858 diceretur;
3479 1793 3605 1846 nihil
3638 1795 3778 1846 cuitu

2196 1892 2337 1947 aliud
2367 1893 2648 1962 signiﬁcat.
2693 1889 2823 1942 Nam
2868 1888 3092 1956 idipsum
3137 1896 3217 1940 est
3249 1886 3469 1940 verbum
3516 1886 3566 1938 in
3609 1901 3782 1955 gra-co

2198 1988 2300 2042 isto
2329 1987 2465 2050 loco,
2497 1984 2637 2054 quod
2666 1991 2748 2038 est
2773 1992 2826 2036 et
2854 1982 3125 2050 superius,
3158 1979 3242 2033 ubi
3273 1978 3470 2032 dictum
3502 1987 3601 2042 cst,
3638 1975 3782 2029 Pau-

2197 2077 2385 2132 cissimi
2415 2089 2457 2130 et
2488 2076 2666 2129 inculte
2690 2078 2740 2126 in
2769 2091 2844 2126 ea.
2878 2071 3047 2125 [ticola
3065 2081 3145 2126 tus
3177 2084 3355 2139 porro,
3384 2068 3464 2123 vel
3493 2067 3779 2133 accolatus,

2199 2185 2303 2224 non
2335 2168 2666 2237 indigenam,
2703 2164 2794 2218 sed
2823 2163 3080 2216 advenam
3108 2159 3358 2215 ostendit.
3391 2159 3529 2214 Ecce
3556 2174 3780 2227 quomo-

2199 2261 2268 2315 do
2297 2261 2604 2312 transierunt
2636 2258 2697 2309 de
2725 2266 2867 2326 grnte
2905 2256 2955 2306 in
2990 2264 3218 2322 gentem,
3249 2252 3310 2304 de
3353 2267 3506 2322 regno
3538 2251 3588 2303 in
3616 2266 3782 2320 papu—

2198 2351 2565 2407 lumalterum.
2615 2347 2766 2416 Quod
2813 2347 3042 2400 breviter
3071 2344 3394 2414 propositum
3437 2343 3624 2408 fuerat,
3659 2343 3781 2397 bre-

2199 2445 2336 2498 viter
2382 2439 2645 2496 narrando
2690 2440 3007 2506 explicatum
3057 2445 3157 2490 cst.
3208 2434 3312 2491 Sed
3359 2434 3424 2488 de
3466 2449 3571 2503 quo
3620 2448 3783 2502 regno

2201 2533 2523 2588 transierunt
2553 2531 2608 2584 in
2637 2530 2882 2599 pupulum
2906 2528 3152 2590 alterum,
3185 2525 3372 2577 un-rito
3400 2524 3562 2592 quaeri
3588 2531 3778 2591 potest.

2199 2627 2444 2682 Nondum
2473 2625 2611 2678 enim
2645 2622 2933 2691 regnabant
2962 2620 3012 2672 in
3047 2628 3182 2673 terra
3209 2617 3478 2680 Chanaan,
3504 2616 3624 2686 quia
3651 2631 3782 2669 non-

2200 2719 2324 2772 dum
2374 2717 2443 2770 ibi
2494 2714 2664 2770 fuerat
2705 2727 2924 2782 regnum
2976 2710 3323 2765 constitutum
3373 2707 3550 2777 populi
3599 2705 3780 2761 Israel.

2200 2808 2478 2878 Quomodo
2517 2822 2643 2876 ergo
2689 2812 2862 2874 potest
2900 2800 3141 2871 intelligi,
3186 2797 3286 2852 nisi
3320 2797 3453 2851 forte
3492 2795 3783 2850 secundum

2201 2900 2652 2970 anticipationem,
2681 2896 2801 2967 quia
2825 2895 2894 2948 ibi
2918 2909 3138 2964 regnum
3168 2892 3398 2945 futurum
3429 2898 3538 2944 erat
3565 2887 3785 2943 seminis

2201 3007 2385 3048 eorum
2413 2992 2438 3045 ?

2275 3084 2362 3140 16.
2397 3081 2558 3155 [vers
2583 3079 2699 3154 2L]
2733 3077 2990 3146 Deinceps
3019 3082 3298 3129 narrantur
3327 3087 3444 3142 qua:
3475 3073 3526 3125 in
3555 3069 3786 3140 Egypto

2201 3187 2349 3248 gesta
2378 3183 2521 3229 sunt.
2558 3173 2622 3227 Et
2651 3174 2789 3226 auxit
2811 3214 2824 3239 ,
2854 3170 3018 3240 inquit
3039 3209 3052 3230 ,
3085 3167 3327 3236 populant
3353 3181 3498 3218 suum
3529 3164 3788 3216 veltemew

2206 3279 2312 3332 ter,
2345 3277 2390 3321 et
2435 3265 2652 3336 [irritavit
2691 3280 2804 3318 eum
2849 3278 2999 3332 super
3038 3260 3266 3313 inimicos
3309 3257 3437 3327 ejus.
3485 3253 3656 3309 Etiam
3686 3251 3788 3308 hoc

2176 3357 2374 3416 'tot‘um
2424 3359 2654 3415 breviter
2703 3354 3029 3426 propesitum
3079 3360 3194 3416 est,
3241 3357 3298 3403 ut
3341 3345 3787 3418 quemadmodum

2207 3453 2401 3509 factum
2434 3453 2536 3518 sit,
2564 3447 2757 3505 deinde
2787 3455 3050 3501 narretur.
3080 3443 3194 3499 Non
3223 3442 3365 3498 enim
3398 3451 3522 3495 tunc
3554 3440 3792 3493 ﬁrmatus

2207 3555 2292 3600 est
2317 3544 2544 3616 populus
2572 3542 2659 3596 Dei
2689 3556 2848 3610 super
2871 3537 3152 3609 {Egyptios
3181 3536 3422 3590 inimicos
3451 3547 3597 3597 suos,
3628 3547 3794 3600 quan-

2207 3637 2278 3692 do
2308 3650 2491 3692 eorum
2525 3631 2800 3689 masculini
2840 3632 2975 3691 l‘ctus
3009 3629 3364 3691 necabantur,
3393 3625 3475 3679 vel
3501 3623 3711 3694 quando
3739 3623 3791 3677 in

2208 3730 2464 3786 faciendis
2515 3727 2765 3784 lateribus
2817 3724 3276 3785 conterebantur;
3332 3720 3423 3774 sed
3479 3717 3690 3788 quando
3739 3717 3791 3770 in

2210 3838 2370 3876 manu
2402 3820 2638 3891 potenti,
2672 3835 2765 3888 per
2794 3818 2940 3886 signa
2974 3825 3027 3870 et
3057 3821 3296 3883 portenta
3327 3808 3535 3864 Domini
3565 3807 3657 3862 Dci
3687 3808 3789 3872 sui,

2212 3913 2481 3969 metuendi
2510 3926 2563 3966 et
2603 3909 2897 3963 honorandi
2941 3906 3060 3960 facti
3101 3912 3262 3964 sunt,
3293 3901 3463 3955 donec
3504 3897 3623 3952 duri
3655 3899 3793 3967 regis

2211 4003 2481 4060 contentio
2510 4003 2832 4064 vinceretur,
2867 4007 2920 4052 ct
2950 4011 3095 4050 mare
3125 3994 3363 4048 Rubrum
3394 3998 3792 4058 persecutorem

2211 4114 2332 4154 cum
2363 4093 2742 4162 exercitucjus
2780 4092 3046 4144 obrueret.

2287 4191 2372 4245 I7.
2416 4187 2576 4262 [vers
2610 4181 2725 4255 '25.]
2764 4180 2915 4248 Quod
2965 4193 3092 4248 ergo
3142 4176 3373 4231 breviter
3417 4172 3646 4243 positum
3690 4177 3792 4235 est,

2215 4281 2461 4337 Firmani!
2505 4280 2748 4348 populum
2795 4288 2942 4328 suum
2988 4285 3140 4338 super
3187 4266 3415 4320 inimicos
3459 4265 3606 4335 ejus,
3655 4263 3802 4317 velut

2217 4386 2578 4447 qutereretnus
2627 4366 2892 4438 quomodo
2945 4364 3140 4418 factum
3196 4362 3306 4424 sit;
3366 4360 3548 4427 incipit
3598 4356 3794 4417 dicere,

2216 4468 2390 4524 donec
2417 4465 2575 4520 etiam
2608 4461 2657 4516 id
2689 4457 2954 4514 narrando
2982 4455 3319 4511 determinet.
3354 4452 3420 4505 Et
3451 4451 3690 4505 convertit
3718 4463 3801 4501 cor

2217 4575 2422 4623 eorum,
2451 4568 2504 4611 ut
2533 4554 2727 4609 adirent
2770 4549 3010 4621 populum
3042 4549 3152 4618 ejus
3171 4587 3185 4611 ,
3221 4555 3265 4598 et
3295 4543 3466 4597 dolum
3506 4543 3724 4612 facerent
3753 4540 3803 4591 in

2218 4669 2384 4711 seri-os
2411 4653 2538 4723 ejus.
2577 4642 2967 4720 Numquidnam
3000 4637 3397 4708 intelligendum
3445 4643 3544 4697 cst,
3579 4633 3657 4686 vel
3691 4647 3806 4686 crc-

2220 4722 2453 4802 dendum
2481 4739 2624 4810 quod
2660 4739 2796 4792 Deus
2834 4749 2926 4790 cor
2955 4731 3184 4786 hominis
3213 4727 3275 4782 ad
3318 4722 3553 4778 facienda
3591 4733 3802 4790 peccata

2221 4833 2537 4893 convertat?
2576 4845 2642 4883 an
2671 4835 2944 4899 peccatum
2975 4837 3077 4876 non
3109 4826 3221 4884 est,
3256 4815 3334 4869 vel
3368 4828 3586 4884 parvum
3617 4825 3803 4880 pecca-

2226 4940 2334 4983 tum
2361 4934 2470 4989 est,
2493 4921 2668 4976 odisse
2696 4916 2950 4990 populum
2981 4913 3094 4978 Dei,
3123 4919 3176 4964 et
3201 4908 3378 4962 dolum
3410 4905 3584 4959 facere
3613 4901 3664 4956 in
3692 4915 3806 4956 ser-

2223 5037 2318 5077 vos
2347 5020 2504 5091 ejus?
2546 5017 2674 5084 Quis
2702 5015 2805 5068 hoc
2833 5009 3066 5066 dixerit?
3111 5001 3375 5073 Numquid
3416 5015 3543 5070 ergo
3584 4999 3804 5054 istorum

2227 5127 2332 5172 tam
2360 5089 2600 5184 gravium
2625 5115 2958 5178 peccatorum
2985 5106 3170 5152 auctor
3195 5101 3278 5150 est
3305 5093 3464 5158 Deus,
3493 5091 3578 5160 qui
3609 5089 3806 5144 nullius

2226 5207 2308 5264 vel
2339 5179 2594 5260 levissimi
2624 5195 2826 5270 peccati
2855 5201 3041 5244 auctor
3068 5183 3367 5242 credendus
3397 5183 3518 5236 est?
3561 5179 3690 5247 Quis
3719 5193 3806 5234 sa-

2230 5301 2401 5370 piens,
2431 5305 2483 5351 et
2511 5292 2763 5360 intelliget
2793 5287 2907 5340 hcce
2941 5281 3107 5354 (Psal.
3133 5295 3239 5344 (ιι-ι,
3265 5274 3403 5347 45)2
3431 5273 3562 5329 Nam
3591 5273 3702 5342 ipsa
3732 5280 3812 5325 est

2233 5365 2324 5448 illa
2354 5386 2610 5444 mirabilis
2637 5382 2726 5437 Dei
2759 5377 2987 5440 bonitas,
3019 5387 3119 5444 qua
3147 5371 3286 5425 bene
3318 5371 3482 5423 utitur
3508 5365 3666 5420 etiam
3694 5375 3812 5415 ma-

2233 5485 2299 5538 lis
2321 5524 2335 5547 ,
2364 5481 2446 5534 vel
2476 5475 2701 5546 angelis,
2732 5471 2818 5526 vel
2855 5465 3178 5523 hominibus.
3210 5461 3343 5515 Cum
3371 5458 3514 5514 enim
3558 5454 3657 5523 ipsi
3686 5451 3813 5506 vitio

2234 5540 2333 5630 suo
2363 5567 2485 5625 mali
2533 5540 2662 5632 sint,
2709 5563 2797 5617 ille
2825 5560 2891 5614 de
2931 5557 3074 5613 malo
3115 5567 3301 5610 eorum
3345 5551 3481 5604 bene
3523 5544 3664 5598 facit.
3696 5540 3812 5596 Non

2236 5666 2376 5721 enim
2408 5669 2692 5728 antequam
2739 5651 2980 5708 odissent
3024 5646 3274 5721 pepulum
3316 5641 3432 5709 ejus
3461 5636 3585 5692 boni
3621 5642 3812 5702 erant;

2237 5757 2330 5815 sed
2362 5725 2574 5822 maligni
2622 5758 2673 5806 et
2718 5746 2864 5816 impii
2897 5743 3027 5798 tales
3073 5746 3246 5806 erant,
3297 5732 3387 5804 qui
3432 5729 3584 5785 facile
3630 5725 3823 5783 inccﬁs

2241 5853 2355 5913 suis
2397 5820 2645 5908 felicibus
2686 5839 3002 5898 inviderent.
3053 5832 3108 5890 In
3150 5845 3215 5888 eo
3244 5841 3369 5898 ergo
3398 5822 3537 5897 quod
3570 5820 3823 5896 popula:
