4188 6488
549 368 684 425 1599
1780 361 1835 417 S.
1878 358 2243 418 AUGUSTINI
2282 357 2579 414 EPISCOPI
3688 372 3811 427 uno

546 501 702 542 suum
737 480 1122 554 multiplicavit,
1155 479 1257 535 hoc
1285 476 1546 534 beneficio
1575 489 1671 532 suo
1700 474 1868 531 malus
1897 475 1963 530 ad
1995 475 2130 530 invi-

547 577 779 633 dendum
808 572 1090 629 convertit.
1125 568 1322 624 Invidia
1353 577 1435 622 est
1474 567 1615 624 enim
1646 565 1823 622 odium
1864 565 2130 620 felicitatis

543 667 751 724 alicam.
798 665 886 720 Sic
915 678 1040 733 ergo
1070 660 1336 718 convertit
1363 674 1457 714 cor
1485 672 1669 713 eorum
1694 697 1710 724 ,
1758 665 1816 711 ut
1845 671 1940 726 per
1987 655 2127 711 iuvi-

545 761 774 816 dentiam
805 755 1045 810 odissent
1074 751 1328 824 populum
1359 749 1494 819 ejus,
1524 758 1572 802 et
1603 748 1782 803 dolum
1815 746 2048 802 facerent
2077 751 2127 801 in

542 864 725 907 servos
752 847 887 917 ejus.
918 845 1033 902 Non
1064 846 1239 915 itaque
1268 857 1361 898 cor
1393 842 1601 896 illorum
1633 841 1828 895 malum
1860 837 2125 903 faciendo,

542 942 636 997 sed
689 938 881 1010 populo
930 951 1028 992 suo
1078 933 1494 998 benefaciendo,
1544 947 1638 987 cor
1681 931 1893 986 illorum
1939 938 2128 1001 sponte

543 1032 738 1084 malum
787 1027 1048 1085 convertit
1093 1026 1158 1080 ad
1205 1025 1404 1079 odium.
1446 1022 1563 1078 Non
1614 1022 1756 1079 enim
1803 1031 2006 1076 rectum
2036 1035 2129 1076 cor

541 1122 820 1194 pervertit,
869 1119 962 1176 sed
1012 1129 1202 1189 sponte
1249 1131 1556 1188 perversum
1598 1115 1662 1169 ad
1703 1113 1882 1169 odium
1925 1114 2124 1185 populi,

542 1215 632 1270 ubi
663 1229 728 1270 eo
759 1212 897 1266 malo
924 1211 1061 1265 bene
1089 1217 1353 1275 uteretur,
1386 1206 1687 1270 convertit;
1735 1220 1837 1258 non
1866 1203 1987 1258 illos
2019 1219 2129 1257 ma-

543 1323 621 1364 tos
664 1303 907 1361 faciendo
931 1344 947 1368 ,
991 1301 1086 1357 sed
1132 1299 1244 1356 istis
1276 1300 1408 1354 bona
1436 1339 1451 1363 ,
1489 1298 1679 1366 quibus
1727 1296 1847 1351 mali
1881 1294 2129 1350 facillime

545 1407 764 1469 possent
793 1394 1032 1450 invidere
1053 1435 1067 1460 ,
1097 1389 1391 1462 largiendo.
1421 1388 1538 1458 Quo
1568 1389 1777 1442 illorum
1802 1386 1956 1454 odio,
1987 1395 2036 1440 et
2061 1384 2126 1440 ad

538 1489 978 1546 exercitationem
1007 1484 1184 1557 populi
1214 1483 1316 1550 sui,
1345 1491 1398 1538 et
1423 1480 1487 1535 ad
1514 1480 1736 1552 gloriam
1766 1477 1996 1533 nominis
2022 1479 2123 1542 sui,

536 1598 656 1655 quze
682 1581 834 1636 nobis
865 1589 944 1635 est
973 1578 1136 1643 utilis,
1165 1573 1434 1647 quomodo
1461 1575 1530 1628 sit
1559 1588 1705 1636 usus,
1737 1569 2124 1640 consequentia

537 1677 773 1732 docent:
816 1689 934 1744 quat
976 1673 1028 1726 in
1077 1671 1189 1740 ejus
1241 1669 1394 1724 laude
1439 1673 1958 1731 commemorantur,
2005 1678 2127 1718 cum

535 1775 782 1823 cantatur
810 1763 1053 1819 Alleluia.

610 1858 699 1914 18.
743 1855 910 1929 [vers.
941 1854 1012 1907 26
1037 1850 1060 1924 ]
1101 1850 1242 1906 Misit
1275 1847 1487 1920 Moysen
1515 1863 1707 1902 servum
1735 1861 1917 1909 suum,
1954 1845 2126 1898 Aaron

533 1966 679 2020 quem
703 1946 848 2018 elegit
877 1945 1062 2016 ipsum.
1110 1941 1389 1998 Sulliccrct
1409 1983 1422 2004 ,
1455 1955 1597 2008 quem
1625 1937 1770 2008 elegit
1794 1951 1814 2000 ;
1858 1933 1951 1990 sed
1991 1933 2125 1989 nihil

534 2042 588 2094 in
613 2054 679 2095 eo
707 2034 1055 2108 quwrcndum
1082 2043 1182 2097 est,
1215 2031 1353 2102 quod
1383 2029 1619 2084 additum
1647 2036 1726 2082 est
1748 2069 1762 2092 ,
1792 2027 1977 2097 ipsum.
2013 2023 2121 2079 Lo-

533 2131 677 2186 cutio
701 2128 1092 2197 Scripturarum
1123 2132 1204 2178 est
1225 2165 1239 2188 ,
1269 2121 1423 2176 sicuti
1456 2130 1532 2175 est
1555 2162 1569 2185 ,
1599 2119 1662 2173 In
1701 2135 1799 2190 qua
1828 2117 2126 2171 habitabant

530 2225 587 2279 in
615 2241 673 2278 ea
718 2220 917 2295 (Num.
948 2235 1064 2278 xm.
1090 2217 1199 2282 20;
1231 2225 1274 2270 et
1306 2214 1462 2268 Leuit.
1489 2228 1648 2278 xvm,
1675 2213 1727 2277 5,
1757 2227 1858 2265 sec.
1894 2209 2072 2280 LXX)
2106 2225 2118 2261 :

532 2331 637 2388 qua
669 2313 935 2369 locutione
959 2309 1152 2364 divina:
1185 2306 1389 2378 paginae
1420 2305 1588 2375 plena.-
1616 2313 1759 2357 sunt.

607 2408 694 2464 19.
736 2405 884 2480 [vers.
912 2399 1029 2474 27.]
1074 2399 1248 2455 Posuit
1279 2400 1331 2453 in
1361 2399 1430 2452 eis
1457 2397 1602 2452 verba
1631 2397 1889 2468 signarunt
1913 2411 2120 2450 suorum

531 2510 579 2555 et
607 2498 952 2572 prodigiorum
979 2497 1032 2548 in
1063 2504 1196 2547 terra
1226 2489 1402 2546 C/unn.
1432 2489 1548 2544 Non
1580 2488 1652 2543 ita
1680 2487 1938 2543 debemus
1974 2486 2118 2540 acci-

529 2604 681 2662 pere,
726 2586 874 2642 verba
917 2585 1176 2656 signorum
1221 2591 1267 2636 et
1314 2579 1686 2651 prodigiorum,
1738 2577 1888 2647 quasi
1934 2575 2113 2640 verba,

530 2680 724 2752 quibus
748 2677 924 2734 verbis
966 2677 1152 2730 tierent
1179 2673 1325 2742 signa
1358 2681 1410 2726 et
1451 2669 1688 2742 prodigia
1708 2710 1724 2735 ,
1767 2667 1818 2723 id
1849 2676 1929 2723 est
1951 2707 1967 2732 ,
1998 2682 2115 2738 qua:

529 2774 769 2829 dicerent
795 2779 849 2825 ut
878 2768 1069 2824 tierent
1097 2766 1244 2836 signa
1271 2773 1325 2819 et
1349 2761 1554 2834 prodigi
1573 2781 1606 2814 ι.
1636 2761 1793 2815 Multa
1825 2759 1966 2815 cnim
1997 2758 2113 2813 sine

527 2864 708 2921 verbis
741 2861 875 2916 facta
913 2867 1069 2923 sunt,
1099 2858 1179 2912 vel
1221 2857 1366 2925 virga
1392 2897 1407 2920 ,
1451 2854 1529 2908 vel
1565 2869 1720 2907 manu
1763 2860 1996 2913 extenta,
2027 2849 2111 2904 vel

527 2953 703 3010 favilla
738 2952 791 3008 in
823 2950 1014 3007 cretum
1042 2948 1224 3004 missa.
1257 2944 1362 3001 Sed
1392 2944 1512 3014 quia
1554 2943 1637 2998 illa
1681 2943 1792 3013 ipsa
1824 2957 1942 3011 quae
1972 2939 2109 2995 facta

525 3052 684 3110 sunt,
715 3057 821 3098 non
859 3047 1012 3096 erant
1039 3035 1262 3106 alicujus
1303 3032 1700 3105 signiﬁcationis
1730 3031 1902 3086 inania
1926 3072 1940 3095 ,
1970 3031 2112 3085 sicut

528 3145 584 3194 et
603 3135 764 3192 verba
786 3149 904 3206 quae
931 3131 1223 3202 loquimur;
1255 3125 1374 3182 ideo
1400 3135 1452 3181 et
1476 3126 1586 3196 ipsa
1614 3123 1751 3179 dicta
1779 3131 1901 3179 sunt
1925 3123 2104 3189 verba,

529 3245 636 3286 non
657 3241 846 3285 vocum
861 3235 1202 3288 etsonorum,
1223 3221 1315 3276 sed
1344 3219 1616 3291 signorum
1639 3225 1691 3272 et
1719 3215 2102 3288 prodigiorum.

524 3321 706 3377 Posuit
729 3321 783 3374 in
810 3319 910 3384 eis,
943 3315 994 3372 id
1024 3323 1125 3378 est,
1155 3313 1282 3368 fecit
1312 3327 1405 3383 per
1433 3324 1544 3365 eos.

592 3413 683 3468 20.
725 3409 891 3484 [rem
921 3405 1038 3480 28.]
1079 3405 1220 3459 Misit
1265 3402 1491 3458 tenebras
1513 3443 1525 3463 ,
1559 3411 1602 3454 et
1632 3400 1928 3454 obscuravit.
1957 3399 2103 3455 Scri-

524 3514 671 3576 ptum
701 3511 784 3557 est
809 3509 862 3555 et
892 3503 991 3554 hoc
1018 3499 1154 3551 inter
1182 3495 1360 3565 plagas
1387 3493 1577 3563 quibus
1600 3490 1834 3562 Egyptii
1869 3491 2102 3560 percussi

521 3605 666 3652 sunt.
711 3592 862 3663 Quod
910 3601 1085 3646 autem
1133 3588 1406 3657 sequitur,
1463 3585 1512 3639 in
1565 3584 1787 3639 diversis
1835 3582 2106 3638 codicibus

521 3687 667 3741 varie
697 3683 907 3754 legitur.
948 3679 1048 3734 Alii
1083 3693 1310 3749 namque
1336 3675 1568 3740 habent,
1597 3672 1663 3726 Et
1689 3674 2103 3727 exaecrbavernnt

520 3796 771 3836 sermones
800 3778 949 3849 ejus;
987 3775 1075 3829 alii
1107 3789 1233 3828 vero
1255 3815 1268 3837 ,
1299 3771 1364 3825 Et
1409 3788 1507 3825 non
1537 3769 1952 3823 exacerbaverth
1996 3784 2100 3821 ser-

519 3889 691 3928 mones
720 3871 868 3941 ejus:
899 3866 992 3923 sed
1021 3865 1158 3937 quod
1193 3865 1335 3934 prius
1363 3863 1468 3917 divi
1497 3905 1510 3929 ,
1544 3862 1594 3916 in
1629 3859 1866 3931 pluribus
1893 3859 2100 3915 inveni-

519 3981 677 4032 mus;
724 3962 812 4019 ubi
843 3970 1016 4016 autem
1062 3959 1239 4013 addita
1270 3965 1350 4012 est
1398 3955 1636 4026 negativa
1683 3953 1980 4024 particula,
2015 3952 2099 4006 vix

517 4060 652 4114 duos
676 4055 886 4112 codices
927 4052 1194 4123 potuimus
1233 4048 1488 4118 reperire.
1536 4045 1641 4102 Sed
1671 4061 1737 4100 ne
1779 4044 1915 4100 forte
1945 4059 2098 4098 men-

517 4149 720 4204 dositas
750 4152 965 4216 propter
993 4157 1208 4198 sensum
1235 4139 1526 4193 faciliorem
1553 4135 1938 4202 abundaverit;
1970 4133 2095 4205 quid

519 4241 661 4296 enim
695 4236 903 4292 facilius
947 4231 1256 4303 intelligitur
1299 4246 1456 4302 quam
1504 4230 1555 4283 id
1590 4229 1730 4299 quod
1767 4229 1962 4282 dictum
1995 4237 2094 4294 est,

518 4333 587 4387 Et
613 4328 1030 4385 exacerbaverunt
1059 4341 1310 4379 sermones
1334 4324 1462 4395 ejus,
1493 4326 1672 4392 utique
1702 4321 2100 4376 contumacibus

514 4420 1024 4482 contradictionibus
1057 4418 1208 4472 suis?
1246 4416 1423 4472 conati
1455 4430 1636 4470 sumus
1662 4414 1954 4470 secundum
1997 4413 2096 4468 ali-

514 4531 674 4589 quam
724 4521 926 4569 rectam
969 4509 1286 4566 sententiam
1328 4507 1486 4562 etiam
1529 4506 1656 4560 illud
1696 4521 2004 4577 exponere:
2046 4515 2100 4561 et.

516 4610 618 4664 hoc
666 4605 878 4662 interim
921 4600 1174 4663 occurrit,
1224 4597 1345 4653 Non
1383 4598 1802 4651 exacerbarerunt
1847 4613 2098 4652 sermones

513 4706 645 4775 ejus,
688 4699 740 4756 id
772 4706 873 4762 est,
905 4697 956 4752 in
987 4694 1167 4765 Moyse
1192 4702 1246 4746 et
1277 4693 1486 4756 Aaron;
1532 4689 1649 4760 quia
1677 4705 1770 4745 eos
1807 4689 1969 4744 etiam
1997 4689 2096 4744 du-

513 4795 755 4850 rissimos
782 4785 1164 4862 patientissime
1192 4783 1542 4855 pertulerunt,
1577 4781 1745 4837 donec
1773 4781 1947 4836 omnia
1977 4798 2096 4851 qutc

515 4887 654 4941 Deus
683 4883 737 4938 in
779 4881 858 4938 eis
903 4880 1077 4934 facere
1120 4875 1474 4946 (llSpOSllCl‘al,
1522 4889 1586 4928 ex
1627 4873 1812 4929 ordine
1855 4873 2094 4946 comple-

512 4987 716 5036 rentur.

583 5071 673 5124 2|.
715 5065 882 5140 [rem
908 5063 978 5118 29
999 5106 1012 5127 ,
1206 5058 1457 5115 Convertit
1487 5074 1642 5125 aquas
1672 5073 1845 5111 eorum
1889 5058 1939 5111 in
1978 5075 2096 5113 san-

513 5163 735 5231 guinem,
781 5167 826 5211 et
870 5156 1050 5211 occidit
1096 5155 1253 5223 pisces
1295 5166 1488 5205 eorum.
1535 5148 1682 5202 Dedit
1713 5159 1894 5202 terram
1925 5166 2095 5205 eorum.

515 5265 700 5314 ranas,
747 5248 799 5301 in
843 5244 1174 5314 penetralibus
1200 5259 1406 5314 regnum
1436 5242 1660 5311 ipsorum
1690 5255 1707 5293 :
1739 5248 1982 5310 tanquam
2010 5242 2093 5295 di-

515 5349 680 5404 ceret,
714 5337 932 5393 Terram
964 5351 1146 5389 eorum
1177 5334 1439 5388 convertit
1467 5334 1515 5387 in
1550 5349 1726 5386 ranas.
1759 5333 1925 5386 Tanta
1951 5332 2092 5387 enim

519 5444 766 5486 ranarum
815 5428 984 5481 fuerat
1015 5425 1315 5491 multitudo,
1345 5435 1402 5480 ut
1428 5425 1526 5481 hoc
1555 5442 1647 5496 per
1687 5431 1937 5496 ὑπερϐολὴν
1961 5440 2091 5480 con-

518 5522 792 5577 venienter
828 5518 1117 5572 diceretur.

586 5614 674 5666 εἳ,
719 5610 866 5682 “sors.
1058 5608 1223 5670 Dixit,
1254 5617 1298 5661 et
1328 5608 1455 5661 renit
1481 5610 1741 5677 rynomyia
1773 5617 1818 5660 et
1845 5609 2095 5680 sciniphes

517 5709 567 5758 in
597 5705 822 5758 oumibus
847 5704 1030 5772 ﬁnibus
1056 5717 1247 5755 eorum.
1283 5701 1336 5754 Si
1366 5702 1620 5770 qtlzrt‘ltttt‘
1645 5701 1857 5771 quando
1878 5703 2089 5767 dixerit,

517 5799 567 5852 iu
593 5794 753 5851 verbo
778 5795 891 5866 ejus
935 5804 1047 5850 erat
1086 5804 1365 5864 antequam
1398 5794 1540 5849 fieret
1571 5809 1584 5859 ;
1637 5803 1687 5849 et
1711 5793 1826 5849 sine
1857 5803 2093 5864 tempore

2235 473 2304 528 ibi
2335 483 2484 540 erat,
2514 488 2619 544 quo
2657 482 2894 544 tempore
2924 475 3111 530 ﬁeret:
3146 493 3445 548 quanquam
3493 489 3548 536 ct
3595 499 3688 553 per
3711 488 3811 542 An.

2234 565 2381 634 gelos
2405 605 2419 631 ,
2451 575 2506 620 et
2550 579 2645 634 per
2687 580 2873 620 servos
2913 581 3037 621 suos
3067 568 3278 639 Moysen
3326 582 3376 624 et
3407 573 3592 628 Aaron
3613 616 3629 639 ,
3659 579 3808 634 etiam

2237 664 2362 709 tunc
2407 654 2800 725 quodammodo
2849 655 2987 710 dixit
3037 669 3093 735 ut
3145 659 3334 727 fieret,
3384 664 3605 731 quando
3653 665 3808 724 iuerat

2235 748 2552 802 faciendum.

2305 837 2394 892 25.
2439 835 2608 909 [uers.
2656 837 2789 912 32.]
2827 837 3010 895 Posuit
3047 841 3242 912 pluvias
3288 859 3462 897 eorum
3502 845 3808 915 grandinem.

2235 926 2436 984 Similis
2479 929 2674 984 locutio
2715 939 2798 986 est
2845 931 2914 985 illi
2964 932 3052 987 ubi
3099 934 3203 998 ait,
3237 933 3388 988 Dedit
3431 946 3622 990 terram
3649 955 3810 996 eorum

2234 1038 2428 1087 ranas;
2477 1022 2574 1077 nisi
2605 1023 2746 1094 quod
2793 1025 2864 1080 ibi
2908 1041 3013 1080 non
3055 1027 3235 1096 utique
3265 1027 3316 1082 in
3350 1043 3513 1082 ranas
3544 1037 3653 1085 tota
3683 1042 3808 1087 terra

2233 1125 2488 1168 conversa
2527 1123 2645 1181 est,
2693 1114 2864 1184 pluvia
2905 1130 3032 1170 vero
3073 1117 3122 1170 in
3165 1117 3482 1188 grandinem
3515 1120 3676 1175 etiam
3713 1131 3807 1178 tota

2234 1205 2424 1275 potuit.
2453 1203 2632 1276 Ignem
2659 1208 3020 1264 comburentem
3047 1209 3098 1262 in
3125 1218 3257 1264 terra
3283 1211 3516 1280 ipsorum
3541 1215 3811 1272 :subaudi-

2235 1304 2341 1362 tur,
2373 1297 2556 1366 posuit.

2303 1385 2393 1441 24.
2437 1384 2610 1460 [vers.
2635 1389 2749 1462 55.]
2789 1388 2855 1443 Et
2899 1391 3142 1461 percussit
3182 1393 3351 1448 vineas
3379 1410 3559 1448 eorum
3598 1405 3644 1451 et
3671 1397 3809 1466 ﬁcul-

2233 1493 2352 1532 neas
2381 1495 2584 1547 eorum,
2631 1490 2678 1535 et
2722 1483 2951 1536 contrivit
2993 1499 3140 1538 omne
3184 1484 3377 1556 lignunt
3410 1486 3596 1554 ﬁnium
3623 1504 3806 1544 eorum.

2235 1568 2346 1623 lloc
2376 1569 2424 1624 vi
2453 1570 2726 1640 grandinis
2750 1581 2803 1627 ct
2843 1571 3150 1630 fulminibus
3187 1573 3388 1631 factum
3431 1585 3560 1642 est;
3605 1579 3741 1635 unde
3762 1592 3811 1637 et

2232 1659 2397 1728 ignem
2425 1659 2554 1714 dixit
2585 1659 2970 1717 comburentem.

2301 1749 2390 1805 25.
2434 1746 2603 1822 [ret-3.
2633 1750 2752 1824 54.]
2792 1750 2968 1818 Dixit,
3001 1754 3206 1809 etvenit
3247 1754 3446 1810 locusta
3491 1766 3540 1812 et
3585 1757 3810 1828 bruchus,

2231 1843 2379 1913 cujus
2424 1859 2524 1898 non
2570 1853 2676 1898 erat
2723 1862 2980 1900 numerus.
3029 1846 3142 1903 Una
3190 1848 3338 1920 plaga
3375 1859 3464 1906 est
3508 1850 3721 1907 locustae
3756 1865 3805 1910 et

2231 1931 2456 1999 bruehi;
2502 1935 2752 2004 quoniam
2782 1937 2944 1992 altera
2989 1947 3070 1993 est
3111 1954 3322 2008 parcns,
3354 1939 3528 1996 altera
3558 1951 3640 1998 est
3663 1942 3805 1999 fctus.

2300 2024 2387 2080 26.
2433 2024 2597 2099 [τετε.
2643 2027 2769 2101 55.]
2809 2027 2876 2082 Et
2917 2031 3130 2085 comedit
3175 2049 3320 2088 onme
3363 2034 3545 2103 fenum
3590 2036 3643 2090 in
3686 2046 3806 2092 terra

2229 2131 2421 2181 eorum,
2471 2127 2518 2171 et
2563 2119 2773 2172 comedit
2817 2136 3012 2174 omnent
3057 2121 3276 2191 fructum
3319 2132 3474 2179 terra:
3516 2142 3701 2182 eorum.
3746 2128 3805 2184 Et

2229 2205 2406 2262 fenum
2455 2209 2655 2264 fructus
2696 2221 2812 2273 est,
2855 2212 2993 2267 sicut
3037 2214 3178 2284 loqui
3210 2215 3493 2286 Scriptura
3523 2221 3801 2285 consuevit,

2227 2315 2346 2369 qua:
2388 2299 2563 2355 fcmun
2610 2303 2837 2372 appellat
2883 2305 3044 2359 etiam
3093 2316 3302 2377 segetes
3344 2307 3599 2381 frugum,
3637 2312 3726 2368 sed
3750 2323 3800 2368 ut

2224 2391 2330 2446 duo
2355 2392 2590 2461 diceret,
2623 2394 2828 2450 duobus
2875 2397 3101 2454 fortasse
3143 2416 3262 2469 qua:
3307 2400 3556 2470 dixerat,
3598 2420 3802 2462 numero

2224 2481 2392 2536 voluit
2415 2498 2736 2551 consonare,
2774 2487 2823 2540 id
2857 2496 2958 2554 est,
2991 2488 3209 2544 locustae
3238 2501 3292 2547 et
3316 2491 3546 2549 brucho.
3574 2495 3682 2552 Hoc
3710 2512 3798 2552 au-

2225 2583 2329 2628 tem
2365 2585 2529 2630 totmn
2561 2579 2788 2647 pertinet
2816 2579 2881 2634 ad
2911 2581 3227 2638 elocutionis
3250 2585 3569 2642 varietatem
3599 2588 3797 2644 meden-

2221 2674 2326 2720 tem
2359 2665 2598 2731 fastidio,
2633 2685 2736 2724 non
2765 2669 2831 2725 ad
2862 2670 3225 2730 diversitatem
3252 2679 3667 2733 sententiarum.

2289 2761 2376 2814 27.
2423 2759 2591 2834 [vers.
2625 2761 2741 2836 56.]
2787 2763 2847 2817 Et
2878 2767 3122 2835 percussit
3163 2783 3309 2823 onme
3335 2771 3722 2842 primogenitum
3747 2773 3794 2827 in

2217 2861 2350 2905 terra
2375 2869 2565 2918 eorum,
2599 2855 2844 2922 primitias
2871 2859 3032 2911 omnis
3058 2855 3243 2912 laboris
3270 2875 3474 2915 eorum.
3509 2862 3632 2917 llch
3656 2863 3790 2932 plaga

2215 2945 2504 3000 novissima
2533 2958 2632 3011 cst,
2661 2958 2880 3018 excepta
2915 2957 3086 3004 morte
3114 2947 3164 3003 in
3206 2950 3338 3004 mari
3369 2950 3584 3008 Rubro.
3616 2953 3790 3008 Primi-

2215 3037 2316 3092 tias
2364 3053 2490 3092 vero
2535 3037 2815 3103 laborum,
2868 3050 3086 3111 propter
3133 3041 3486 3112 primogenita
3536 3060 3786 3115 pecorum,

2213 3127 2412 3184 dictmn
2457 3129 2706 3184 arbitror.
2759 3131 2886 3200 Qua:
2934 3131 3101 3202 plaga:
3147 3147 3265 3187 eum
3312 3135 3426 3188 sint
3468 3135 3670 3202 decem,
3700 3151 3787 3191 nec

2212 3235 2398 3276 omnes
2443 3231 2872 3277 commemoratae
2917 3232 3059 3290 sunt,
3113 3237 3212 3279 nec
3249 3224 3444 3280 eodem
3485 3226 3784 3295 ordinequo

2211 3311 2281 3366 ibi
2326 3312 2478 3366 factae
2519 3306 2785 3383 leguntur.
2835 3312 3018 3367 Libera
3064 3316 3208 3370 enim
3237 3326 3320 3370 est
3361 3317 3598 3373 laudatio
3625 3334 3652 3372 a
3682 3318 3786 3388 lege

2209 3402 2476 3456 narrantis
2523 3412 2576 3456 et
2626 3403 2854 3458 texcntis
2917 3403 3210 3460 historiam.
3264 3405 3433 3477 Cujus
3489 3408 3782 3463 laudationis

2210 3507 2394 3553 auctor
2423 3507 2476 3552 et
2503 3497 2675 3552 dictor
2701 3515 2820 3553 cum
2851 3498 2919 3553 sit
2950 3515 3041 3569 per
3070 3500 3394 3572 Propltctatn
3429 3503 3652 3573 Spiritus
3672 3518 3782 3557 san-

2208 3599 2366 3656 ctus;
2418 3589 2602 3645 eadem
2653 3591 2834 3658 utique
2881 3593 3195 3648 auctoritate
3238 3609 3340 3664 qua
3385 3611 3488 3665 per
3527 3611 3645 3652 cum
3685 3595 3781 3664 egit

2209 3681 2480 3736 hominem
2509 3682 2596 3751 qui
2630 3681 2770 3736 illam
2801 3683 3014 3752 scripsit
3053 3684 3347 3750 historiam,
3379 3696 3439 3742 et
3464 3701 3778 3742 commemo-

2208 3783 2286 3826 rat
2315 3771 2510 3842 aliquid
2553 3773 2744 3826 factum
2789 3773 2930 3844 quod
2973 3773 3044 3830 ibi
3085 3791 3188 3829 non
3229 3776 3450 3848 legitur,
3481 3788 3534 3833 et
3557 3776 3689 3850 quod
3713 3775 3780 3833 ibi

2205 3862 2398 3932 legitur
2425 3863 2678 3933 praeterit.

2205 3963 2212 4004 ε
2275 3954 2364 4010 28.
2407 3954 2554 4028 [vers.
2589 3955 2704 4028 37.]
2732 3956 2982 4028 Adjungit
3014 3966 3189 4014 autem
3218 3959 3378 4016 etiam
3405 3960 3510 4018 hoc
3543 3959 3776 4017 laudibus

2206 4047 2321 4114 Dei,
2355 4048 2493 4117 quod
2521 4057 2743 4119 argento
2771 4059 2826 4104 et
2854 4065 2986 4105 auro
3006 4049 3201 4106 ditatus
3222 4052 3494 4110 Ismelitas
3520 4053 3693 4111 eduxit
3712 4066 3771 4107 ex

2204 4137 2470 4210 Egi-pte;
2501 4141 2622 4209 quia
2653 4149 2708 4194 et
2751 4139 2850 4210 ipsi
2897 4141 3027 4197 tales
3064 4152 3250 4211 erant,
3283 4145 3370 4214 qui
3399 4144 3629 4200 nondum
3657 4157 3771 4215 pos-

2203 4242 2322 4287 sent
2350 4242 2695 4288 contemnere
2733 4233 2973 4289 laborum
3011 4249 3230 4290 suorum
3260 4237 3383 4292 licet
3413 4237 3765 4309 temporalem,

2205 4332 2378 4377 tamen
2431 4323 2662 4378 debitam
2707 4325 3008 4396 justamqnc
3062 4327 3366 4384 mercedem
3407 4348 3422 4383 :
3469 4346 3566 4387 nec
3615 4329 3664 4384 in
3708 4341 3768 4383 eo

2203 4414 2341 4484 quod
2367 4414 2648 4486 .lEgyptios
2673 4415 3017 4485 dccepcrunt,
3063 4433 3093 4472 a
3123 4420 3313 4489 quibus
3334 4421 3434 4477 sibi
3461 4431 3516 4477 ut
3546 4433 3766 4476 commo-

2203 4505 2419 4560 daretur
2446 4523 2633 4561 aurmn
2662 4520 3044 4580 argentumque
3071 4509 3390 4581 petiverunt,
3418 4512 3672 4586 putandus
3693 4516 3766 4565 est

2204 4597 2346 4652 Deus
2387 4597 2685 4668 bujusmodi
2731 4598 2904 4667 dolos,
2937 4601 3015 4657 eis
3055 4601 3142 4672 qui
3188 4619 3398 4660 sursum
3447 4621 3540 4660 cor
3565 4603 3759 4666 habent,

2202 4690 2284 4744 vel
2306 4689 2528 4759 jubere,
2571 4691 2690 4757 vel,
2720 4692 2762 4744 si
2793 4691 3054 4760 fecerint,
3086 4695 3400 4764 approbare.
3435 4696 3594 4767 Magis
3632 4693 3758 4749 enim

2203 4795 2296 4851 per
2322 4781 2410 4835 illa
2444 4783 2534 4837 Dei
2566 4783 2747 4850 verba,
2777 4785 2958 4855 utique
2983 4785 3050 4840 ab
3079 4787 3166 4842 illo
3196 4789 3288 4858 qui
3316 4804 3410 4844 cor
3430 4804 3604 4847 eorum
3631 4786 3760 4841 vidc-
3791 4845 3816 4866 ,χ

2203 4875 2290 4929 bat
2333 4883 2387 4929 et
2429 4875 2744 4944 cupiditates
2773 4877 3141 4943 cxamiuabat,
3172 4881 3416 4949 pennissi
3455 4891 3576 4938 sunt
3599 4879 3756 4934 facere

2202 4967 2332 5032 ista,
2379 4982 2536 5038 quam
2573 4967 2707 5037 jussi
2754 4983 2898 5023 :non
2940 4979 3112 5026 tamen
3142 4972 3260 5027 sine
3301 4974 3476 5044 aliquo
3524 4977 3753 5043 provectu

2200 5062 2388 5115 animae
2427 5060 2684 5126 carnalis,
2723 5060 2864 5131 quod
2891 5071 2945 5117 et
2986 5061 3070 5117 bis
3118 5061 3352 5119 fecerunt
3388 5066 3475 5136 qui
3517 5063 3628 5119 talia
3647 5062 3755 5130 jure

2202 5152 2340 5222 passi
2373 5160 2512 5215 sunt,
2543 5162 2597 5205 et
2616 5152 2856 5222 quamvis
2885 5167 2978 5222 per
3003 5152 3207 5219 dolum,
3239 5154 3306 5208 ab
3333 5154 3523 5225 iniquis
3543 5149 3751 5207 homini-

2201 5243 2300 5298 bus
2327 5253 2502 5297 tamen
2525 5242 2664 5312 quod
2696 5243 2794 5298 sibi
2837 5243 2986 5298 reddi
3019 5243 3222 5310 debuit,
3253 5246 3594 5302 abstulerunt.
3619 5241 3752 5296 Sicut

2201 5345 2377 5390 autem
2412 5333 2782 5404 {Egyptiorum
2830 5334 3140 5403 iniquitate,
3168 5337 3244 5391 sic
3284 5337 3499 5391 istorum
3546 5328 3747 5388 infirmi-

2203 5436 2339 5491 tate,
2369 5426 2435 5480 ad
2473 5426 2526 5481 id
2552 5425 2693 5495 quod
2721 5440 2854 5494 opus
2880 5434 2994 5479 erat
3038 5426 3140 5480 illis
3173 5425 3322 5482 factis
3362 5423 3668 5496 figurandum
3700 5425 3748 5470 et

2201 5515 2659 5590 pru‘nuntiandum
2712 5516 2888 5570 divine
2930 5531 3054 5572 usus
3079 5527 3160 5572 est
3189 5517 3346 5573 Deus.
3376 5517 3439 5572 Et
3481 5512 3641 5570 eduxit
3676 5523 3747 5562 eos

2199 5614 2251 5666 in
2283 5621 2487 5681 argento
2518 5621 2562 5663 et
2591 5625 2734 5663 auro.
2771 5610 2835 5663 Et
2862 5610 2958 5664 ista
3003 5611 3200 5664 locutio
3245 5611 3617 5680 Scripturarmn
3654 5611 3741 5653 est.

2199 5702 2305 5756 Pro
2354 5717 2419 5755 eo
2461 5701 2656 5771 quippe
2684 5700 2882 5754 dictum
2915 5709 3016 5766 est,
3045 5701 3096 5753 in
3137 5710 3342 5770 argento
3377 5709 3421 5753 et
3455 5712 3598 5758 auro,
3628 5705 3680 5743 ac
3704 5686 3738 5739 Si

2207 5793 2487 5860 diceretur,
2523 5806 2642 5847 eum
2667 5800 2886 5862 argento
2913 5800 2964 5845 ct
2992 5805 3143 5848 auro.
3179 5789 3244 5844 Et
3279 5807 3375 5845 non
3409 5797 3508 5844 erat
3537 5787 3583 5839 in
3612 5778 3740 5834 tribu-

4083 1187 4093 1228 ἦ,
