4188 6466
384 415 508 472 1401

379 534 468 589 tm:
493 548 666 586 eorum
697 532 932 602 inﬁrmus
963 547 979 584 :
1009 530 1101 586 sed
1133 542 1373 600 corpore,
1421 543 1525 582 non
1557 529 1753 582 animo.
1785 527 1958 582 Etiam

379 626 480 680 hoc
504 639 756 695 magnum
785 624 877 678 Dei
909 621 1225 677 beneﬁcium
1252 621 1347 675 fuit
1366 663 1380 687 ,
1419 631 1475 675 ut
1506 619 1557 675 in
1583 621 1669 674 illa
1720 621 1952 675 necessi-

377 728 484 772 late
513 716 774 786 migrandi
803 717 978 770 nullus
998 724 1142 772 esset
1169 725 1420 786 aegrotus.

443 806 535 862 29.
569 805 722 878 [νει-ε.
746 805 862 878 38.]
891 805 1086 860 Lictata
1134 815 1206 860 est
1255 805 1515 877 Ai'ggptus
1557 806 1611 860 in
1654 806 1961 878 profectione

372 917 568 965 eorum,
613 901 732 968 quia
760 899 982 954 incubuit
1023 900 1171 953 timor
1212 915 1387 953 eorum
1431 915 1582 970 super
1625 915 1726 958 eos.
1777 898 1960 954 Timor

371 993 553 1063 utique
583 991 929 1048 liebrzeorum
969 1004 1129 1062 super
1157 990 1456 1062 Egyptios.
1479 989 1592 1045 Non
1623 991 1764 1046 enim
1809 991 1959 1044 timor

371 1100 568 1151 eorum,
611 1098 716 1154 quo
760 1082 1020 1138 timebant
1049 1082 1276 1148 llebrmi,
1317 1082 1409 1136 sed
1459 1097 1565 1151 quo
1617 1082 1954 1137 timebantur.

372 1177 517 1232 Dicet
547 1177 740 1246 aliquis
770 1194 783 1230 :
811 1175 1090 1243 Quomodo
1114 1189 1241 1246 ergo
1262 1174 1512 1230 nolebant
1553 1189 1645 1227 eos
1688 1173 1956 1228 dimittere

371 1267 652 1338 Egyptii?
685 1265 954 1338 quomodo
999 1274 1247 1336 tanquam
1291 1265 1556 1321 redituros
1601 1263 1955 1320 dimiserunt?

373 1359 646 1431 quomodo
691 1369 939 1430 tanquam
989 1357 1237 1414 redituris
1264 1367 1317 1412 et
1357 1355 1644 1412 reddituris
1688 1370 1874 1409 aurum
1901 1363 1955 1410 et

370 1458 650 1519 argentum
693 1449 992 1520 petentibus
1033 1447 1527 1511 commodaverunt,
1587 1447 1630 1502 si
1673 1447 1842 1499 la-tata
1881 1455 1954 1500 est

370 1541 636 1613 Egyptus
684 1542 738 1596 in
784 1541 1090 1611 profectione
1139 1539 1358 1594 eorum?
1410 1537 1514 1594 Sed
1555 1537 1951 1609 intelligendum

370 1644 468 1697 est,
520 1643 646 1705 post
689 1634 830 1688 illam
873 1633 1109 1688 ultimam
1161 1629 1532 1702 Egyptiorum
1580 1637 1803 1684 mortem
1831 1669 1847 1695 ,
1897 1636 1952 1684 et

372 1735 570 1781 tantam
617 1734 847 1795 stragem
897 1723 950 1778 in
1002 1723 1132 1779 mari
1175 1723 1358 1778 Rubro
1401 1731 1506 1777 tam
1539 1721 1713 1792 magni
1762 1735 1948 1792 perse-

375 1818 580 1886 quentis
608 1816 898 1880 exercitus,
919 1813 1196 1886 Egyptios
1219 1814 1458 1869 timuisse
1478 1813 1718 1869 residuos
1736 1828 1801 1868 ne
1830 1811 1950 1867 red-

377 1910 508 1964 irent
554 1907 782 1971 llebrazi,
824 1915 880 1963 et
924 1922 1107 1962 eorum
1163 1905 1414 1976 reliquias
1458 1920 1644 1976 magna
1699 1904 1948 1961 facilitate

381 2009 728 2054 contererent.
762 1998 913 2053 Tunc
942 1997 1216 2067 impletum
1247 2004 1329 2051 est
1348 1995 1488 2066 quod
1515 1995 1758 2067 Superius
1778 2038 1793 2061 ,
1825 2011 1945 2050 cum

385 2091 612 2155 dixisset,
648 2088 713 2143 Et
739 2089 881 2142 auxit
902 2089 1146 2159 populum
1171 2104 1318 2141 suum
1347 2088 1672 2151 uehementer,
1700 2102 1820 2142 mox
1847 2087 1942 2141 ad-

386 2180 522 2247 didit,
549 2180 609 2234 Et
636 2180 854 2249 ﬁrmavit
873 2195 984 2233 eum
1017 2195 1169 2248 super
1200 2177 1426 2232 inimicos
1459 2179 1587 2249 ejus.
1621 2177 1764 2232 Hanc
1802 2177 1943 2233 enim

387 2272 688 2328 sententiam
717 2285 824 2326 uno
865 2270 1130 2326 versiculo
1155 2269 1477 2340 propositam
1530 2277 1584 2323 ut
1613 2270 1938 2338 explicaret,

388 2363 634 2434 quomodo
659 2363 711 2418 id
734 2363 929 2417 factum
965 2361 1055 2428 sit,
1083 2360 1322 2430 adjunxit
1363 2368 1554 2414 czetera
1597 2375 1716 2429 qua:
1760 2359 1812 2414 in
1847 2362 1944 2414 hac

389 2455 526 2509 laude
552 2453 716 2508 cladis
741 2452 760 2485 ¹
790 2451 1059 2519 narravit,
1087 2467 1255 2522 usque
1299 2451 1366 2505 ad
1412 2451 1567 2505 istum
1612 2451 1824 2517 locum,
1855 2452 1941 2507 ubi

387 2545 467 2608 ait,
496 2545 658 2598 la'tata
685 2553 758 2598 est
783 2542 1045 2614 ngyptus
1065 2543 1116 2595 in
1139 2542 1447 2612 profectione
1483 2557 1689 2607 eorum,
1717 2542 1836 2613 quia
1859 2542 1942 2595 in-

388 2636 536 2689 rubuit
567 2637 716 2690 timor
741 2651 912 2690 eorum
955 2650 1106 2705 super
1132 2649 1216 2688 eos
1229 2650 1249 2698 ;
1289 2634 1433 2689 velut
1476 2633 1754 2704 assignans
1800 2633 1939 2704 quod

386 2736 745 2799 proposuerat,
791 2726 912 2798 quia
939 2725 1167 2782 ﬁrmavit
1195 2725 1442 2796 populum
1474 2739 1626 2780 sutun
1653 2739 1812 2794 super
1836 2724 1938 2779 ini-

383 2822 530 2876 micos
555 2820 690 2890 ejus.

442 2911 523 2967 30.
563 2910 714 2984 [uers.
744 2908 857 2982 59.]
885 2909 1112 2965 Proinde
1153 2907 1261 2978 jam
1307 2906 1436 2963 dicit
1476 2922 1595 2979 qua:
1641 2911 1742 2963 lter
1777 2923 1940 2975 agen-

380 3002 502 3058 tibus
529 3002 578 3057 in
611 3016 794 3057 eremo
821 3001 1081 3056 beneﬁcia
1108 2999 1282 3055 divina
1313 2999 1502 3054 collata
1546 3008 1688 3054 sunt.
1723 2999 1938 3069 Expon-

376 3094 439 3146 dit
457 3096 632 3148 nubem
660 3093 712 3146 in
752 3091 1106 3162 protectionem
1145 3106 1315 3145 eorum
1339 3131 1352 3154 ,
1381 3100 1427 3144 et
1455 3091 1620 3160 ignem
1662 3100 1717 3143 ut
1753 3091 1938 3145 luceret

375 3184 437 3238 eis
480 3201 566 3254 per
632 3192 847 3239 noctem.
899 3182 1030 3238 Tam
1100 3193 1225 3238 sunt
1281 3182 1397 3238 lucc
1448 3181 1728 3238 manifesta
1778 3198 1935 3254 quam

371 3285 502 3332 ltOL‘t.

433 3368 514 3424 3i.
557 3365 708 3441 [rem
752 3367 866 3442 40.]
915 3367 1171 3424 Petierunt
1196 3370 1239 3435 ’,
1286 3377 1332 3422 et
1376 3367 1505 3422 venit
1537 3369 1788 3424 coturnix.
1819 3369 1936 3426 Non

362 3459 686 3516 coturnicem
716 3459 1165 3530 concupiverunt,
1200 3457 1294 3514 sed
1321 3472 1529 3514 carnes.
1554 3459 1687 3526 Quia
1725 3475 1854 3514 vero
1883 3468 1938 3515 et

354 3552 600 3607 coturnix
632 3565 757 3606 caro
784 3560 900 3616 est,
943 3550 1073 3606 etin
1103 3549 1204 3604 isto
1240 3549 1441 3620 psalmo
1471 3564 1576 3604 non
1615 3550 1844 3621 loquitur
1869 3551 1937 3607 de

342 3641 736 3698 amaricatione
759 3642 968 3696 illorum
1005 3641 1058 3696 in
1085 3641 1274 3711 quibus
1301 3655 1407 3696 non
1433 3649 1516 3697 est
1548 3641 1934 3712 beneplacitum

1509 410 1900 468 EVARRATIO
1941 410 2016 465 ΙΝ·
2045 411 2362 473 PSALMUM
2391 417 2520 474 CIV.

3511 439 3650 495 “03

2067 528 2163 582 ista
2191 529 2310 585 data
2337 542 2461 588 sunt
2480 575 2494 599 ,
2527 551 2591 588 ne
2621 534 2719 592 hoc
2747 537 2914 608 ipsum
2947 551 3216 611 putaretur
3246 561 3511 606 summum
3543 554 3640 610 bo-

2064 637 2211 715 num,
2241 626 2380 694 quod
2420 626 2516 682 ista
2558 628 2778 686 felicitas
2804 650 2979 689 rerum
3026 642 3394 708 temporalium
3437 647 3630 715 pepulo

2065 713 2155 769 Dei
2186 715 2304 770 data
2337 728 2451 784 est;
2481 723 2734 778 continuo
2762 740 2878 780 eam
2901 725 2967 782 ad
2988 728 3127 784 aliud
3150 733 3345 799 retulit,
3372 736 3458 790 tibi
3486 713 3636 793 sum-

2063 823 2205 899 mum
2237 810 2433 866 bonmn
2465 825 2673 884 oportet
2703 817 2895 887 inquiri
2931 838 2944 874 :
2977 820 3044 876 Ut
3084 826 3402 893 custodiant,
3433 829 3634 899 inquit,

2051 897 2440 968 justi/icationes
2460 905 2568 974 ejus
2587 947 2600 968 ,
2628 916 2673 958 et
2699 907 2856 976 legent
2885 911 2993 981 ejus
3031 915 3302 984 requirant.
3341 916 3438 973 Ubi
3475 897 3640 976 intel-

2059 989 2329 1061 ligendum
2353 1003 2434 1049 est
2461 996 2552 1050 Dei
2584 1013 2764 1055 servos
2790 1011 2842 1055 et
2871 1002 3068 1061 electos
3096 1007 3230 1063 ﬁlios
3247 1012 3635 1078 promissionis,

2057 1097 2238 1138 verum
2261 1094 2315 1140 et
2341 1102 2651 1157 germanum
2680 1106 2861 1148 semen
2889 1095 3114 1152 Abrahae
3137 1138 3154 1165 ,
3179 1099 3444 1158 imitantes
3475 1105 3633 1161 fidem

2056 1176 2304 1242 Abrahae,
2336 1189 2613 1249 propterea
2645 1183 2744 1238 ista
2787 1185 2923 1241 bona
2957 1196 3162 1244 terrena
3190 1206 3399 1249 sumere
3427 1210 3456 1248 a
3485 1196 3592 1252 Deo
3613 1239 3628 1261 ,

2057 1274 2114 1319 ut
2145 1282 2246 1321 non
2279 1267 2329 1322 in
2353 1270 2429 1324 eis
2468 1270 2590 1325 luxu
2629 1273 2868 1329 difﬂuunt
2890 1316 2906 1342 ,
2937 1277 3049 1334 sive
3071 1294 3318 1349 perversa
3348 1286 3632 1344 securitate

2057 1364 2388 1426 torpescunt;
2417 1360 2510 1416 sed
2540 1362 2657 1418 ideo
2679 1365 2906 1422 habeant
2934 1368 3110 1425 divina
3137 1373 3494 1430 misericordia
3517 1376 3634 1434 iure

2053 1450 2231 1503 omnia
2262 1463 2578 1522 prmparata,
2603 1455 2654 1509 in
2676 1457 2865 1527 quibus
2890 1464 3188 1530 qumrendis
3212 1477 3428 1534 possent
3466 1485 3632 1539 nego-

2055 1542 2354 1597 tiosissimis
2384 1545 2941 1621 laboribusoccupari,
2972 1563 3027 1607 ut
3054 1554 3118 1610 ad
3148 1554 3248 1610 hoc
3268 1568 3456 1613 vacent.
3481 1560 3622 1615 unde

2053 1633 2247 1690 bonum
2275 1646 2531 1692 aeternum
2558 1641 2722 1709 possit
2754 1644 3100 1714 acquiri,thoc
3119 1658 3220 1715 est,
3249 1647 3315 1703 Ut
3341 1652 3627 1708 custodiunt

2038 1725 2429 1796 jnstiﬁcatioues
2469 1732 2599 1802 ejus,
2641 1743 2688 1787 et
2720 1735 2876 1806 legem
2906 1739 3014 1808 ejus
3052 1742 3322 1810 requirant.
3353 1743 3588 1816 Denique
3607 1788 3624 1814 ,

2050 1819 2298 1897 quoniam
2325 1835 2504 1877 semen
2534 1823 2762 1878 Abrahae
2792 1827 2923 1882 tales
2950 1827 3037 1884 hic
3065 1831 3279 1903 intelligi
3307 1834 3503 1904 voluit,
3531 1839 3625 1907 qui

2047 1922 2174 1963 vere
2194 1921 2372 1965 essent
2398 1926 2578 1968 semen
2617 1914 2872 1980 Abralne,
2901 1919 3084 1988 quales
3110 1920 3288 1992 utique
3322 1939 3420 1978 nec
3450 1926 3502 1980 in
3534 1928 3627 1982 illo

2048 2000 2242 2071 populo
2266 2001 2550 2058 defuerunt
2584 2023 2595 2058 :
2625 2007 2765 2076 quod
2792 2008 2950 2063 etiam
2981 2013 3251 2081 apostolus
3277 2013 3469 2071 Paulus
3498 2019 3633 2074 satis-

2046 2092 2306 2158 ostendit,
2326 2109 2444 2149 cum
2475 2096 2636 2161 dicit,
2669 2098 2774 2153 Sed
2797 2117 2897 2154 non
2927 2103 2976 2154 iu
3008 2105 3232 2158 omnibus
3263 2107 3363 2161 illis
3392 2110 3626 2180 benepla—

2045 2183 2198 2236 citum
2246 2195 2318 2238 est
2363 2184 2472 2240 Deo
2512 2187 2552 2257 (1
2582 2187 2699 2242 Cor.
2730 2206 2783 2256 x,
2811 2191 2864 2260 5)
2889 2209 2901 2254 ;
2931 2192 2975 2246 si
3005 2193 3144 2247 enim
3173 2211 3272 2249 non
3297 2196 3347 2250 in
3371 2200 3620 2269 omnibus,

2043 2272 2282 2340 profecto
2320 2272 2539 2330 fuerunt
2571 2277 2637 2333 ibi
2678 2279 2890 2348 quidam
2926 2281 2975 2335 in
3024 2283 3214 2352 quibus
3258 2286 3622 2359 beueplaeitum

2042 2373 2116 2417 est
2146 2363 2250 2418 Deo
2289 2366 2450 2434 'quia
2485 2383 2610 2437 ergo
2661 2370 2792 2424 tales
2841 2373 3075 2440 psalmus
3119 2375 3218 2430 iste
3259 2378 3618 2444 commendat,

2043 2457 2173 2511 nihil
2222 2457 2307 2514 hic
2331 2459 2463 2514 dixit
2509 2461 2575 2516 de
2623 2462 2984 2532 iniquitatibus
3036 2475 3087 2520 et
3134 2466 3517 2526 irritationibus
3565 2482 3622 2526 et

2041 2549 2416 2606 amaricatione
2461 2567 2641 2608 eorum
2685 2555 2736 2609 in
2763 2556 2950 2625 quibus
2977 2573 3079 2613 non
3109 2568 3190 2614 est
3231 2560 3616 2630 bent-placitum

2043 2639 2172 2696 Deo.
2195 2642 2296 2698 Sed
2319 2645 2440 2713 quia
2465 2655 2517 2699 et
2543 2645 2733 2716 iniquis
2754 2663 2857 2702 non
2875 2649 2986 2702 sola
3004 2649 3227 2719 jUstitia,
3247 2669 3426 2707 verum
3457 2656 3616 2710 etiam

2039 2731 2398 2788 misericordia
2434 2735 2524 2790 Dei
2556 2737 2934 2806 omnipotentis
2961 2747 3010 2794 et
3039 2741 3314 2797 clementis
3337 2746 3614 2814 apparuit;

2040 2819 2106 2876 de
2130 2822 2233 2876 illis
2275 2838 2502 2894 sequens
2546 2826 2780 2895 loquitur
2816 2829 3044 2897 psalmus
3073 2845 3190 2885 cum
3224 2831 3464 2888 laudibus
3498 2835 3614 2889 Dei.

2040 2913 2107 2969 Et
2136 2923 2311 2971 tamen
2356 2917 2566 2987 utrique
2612 2919 2665 2972 in
2711 2934 2816 2973 uno
2843 2920 3034 2989 popqu
3078 2921 3315 2988 fuerunt,
3359 2940 3456 2979 uec
3487 2926 3618 2979 istos

2041 3004 2116 3058 illi
2151 3021 2365 3060 suarum
2404 3007 2737 3078 iniquitatem
2766 3010 3080 3080 contagione
3109 3013 3424 3081 polluernuL
3457 3013 3619 3070 Novit

2038 3099 2178 3153 enim
2207 3097 2455 3154 Dominus
2487 3101 2573 3170 qui
2599 3111 2713 3156 sunt
2741 3102 2850 3172 ejus
2875 3118 2892 3158 :
2923 3114 2973 3158 et
3003 3104 3044 3157 si
3076 3105 3126 3158 iu
3157 3107 3255 3160 hoc
3287 3108 3481 3162 sarculo
3505 3125 3612 3163 non

2040 3198 2218 3258 potest
2241 3189 2307 3244 ab
2333 3189 2562 3259 iujustis,
2585 3191 2782 3245 recedat
2807 3194 2868 3246 ab
2889 3194 3136 3264 injustitia
3161 3197 3322 3250 omnis
3346 3199 3431 3268 qui
3454 3201 3617 3253 uomi-

2036 3291 2123 3336 uat
2150 3299 2327 3336 nomen
2355 3281 2558 3336 Domini
2585 3282 2660 3353 (Il
2688 3283 2816 3336 Tim.
2847 3301 2904 3352 tt,
2937 3284 3045 3357 19).

2107 3372 2196 3426 55.
2226 3371 2295 3427 Ut
2315 3387 2442 3442 ergo
2470 3382 2716 3443 tanquam
2746 3375 2796 3428 itt
2826 3390 3050 3444 eorpore
3079 3377 3264 3447 [δειιιιηί
3296 3379 3450 3449 hujus
3471 3381 3616 3436 velut

2036 3463 2286 3518 latentem
2318 3464 2709 3534 quodammodo
2750 3466 2866 3534 ejus
2899 3468 3128 3522 animam
3156 3471 3610 3536 commendemus,

2037 3553 2138 3608 hoc
2163 3563 2262 3619 est,
2290 3553 2341 3608 in
2370 3555 2544 3609 verbis
2571 3557 2716 3625 quasi
2745 3557 3095 3612 exterioribus
3129 3559 3431 3614 interiorem
3459 3561 3614 3616 intel-

2037 3644 2232 3698 lectum
2264 3661 2276 3697 :
2309 3645 2515 3700 videtur
2544 3646 2671 3700 mihi
2712 3647 2985 3703 admoueri
3026 3664 3207 3704 semen
3235 3651 3460 3706 Abralue
3480 3695 3495 3718 ,
3524 3653 3612 3723 qui

335 3735 482 3801 Deo,
517 3733 616 3788 sed
660 3732 727 3788 de
754 3732 856 3788 ﬁde
896 3732 1220 3797 electorum,
1252 3730 1391 3803 quod
1421 3740 1504 3788 est
1540 3747 1723 3787 verum
1752 3747 1933 3788 semen

327 3826 619 3889 Abrahze;
644 3823 741 3895 ipsi
764 3823 1089 3895 intelligendi
1116 3832 1240 3879 sunt
1264 3824 1459 3894 petisse
1485 3833 1543 3879 ut
1571 3825 1776 3881 veniret
1797 3825 1936 3882 unde

325 3915 758 3972 amaricantium
806 3931 1049 3971 murmur
1091 3915 1498 3986 Opprimeretur.
1550 3916 1667 3971 Jam
1699 3917 1750 3971 in
1780 3933 1935 3972 versu

325 4009 428 4079 qui
464 4007 735 4077 sequitur,
759 4005 827 4060 Et
857 4023 986 4076 pane
1023 4006 1136 4060 coeli
1160 4007 1402 4060 saturavit
1430 4022 1546 4073 eos,
1579 4022 1767 4061 manna
1815 4010 1936 4078 qui-

2038 3745 2163 3790 sunt
2193 3751 2380 3791 omnes
2410 3737 2500 3790 ﬁlii
2531 3739 2896 3808 pron'tiSSiOttiS
2925 3741 3244 3809 pertinentes
3268 3742 3332 3795 ad
3359 3751 3610 3798 arternaut

2037 3825 2397 3882 hmreditatem
2453 3831 2750 3883 testamenti
2800 3829 3021 3894 aeterni,
3056 3841 3110 3884 ttt
3153 3840 3398 3901 tanquam
3444 3835 3610 3904 ipsam

2036 3913 2404 3972 hmreditatem
2434 3917 2531 3970 sibi
2559 3919 2754 3988 eligant
2783 3918 2969 3986 Deum,
2999 3928 3050 3973 et
3075 3935 3193 3973 eum
3222 3921 3384 3990 gratis
3411 3922 3608 3989 eolaut,

2037 4005 2088 4061 id
2116 4015 2228 4072 est,
2267 4017 2485 4078 prepter
2528 4010 2736 4078 ipsum,
2769 4025 2872 4062 non
2919 4021 3134 4078 propter
3161 4010 3371 4079 aliquod
3401 4012 3612 4066 emolu-

327 4101 468 4156 dem
498 4113 612 4154 non
639 4099 951 4167 nominavit,
977 4097 1072 4154 sed
1104 4097 1232 4152 nulli
1276 4097 1664 4154 obscurumest
1689 4098 1777 4169 qui
1820 4099 1936 4156 illas

331 4190 557 4245 litteras
581 4188 729 4259 legit.

412 4279 516 4336 32.
560 4278 711 4352 [verm
732 4278 846 4353 ὀμ]
880 4279 1107 4351 Disrupit
1137 4290 1362 4351 petram,
1396 4287 1443 4333 et
1467 4279 1722 4349 [luxerunt
1759 4295 1936 4350 aqum;

337 4375 584 4428 abierunt
608 4373 660 4426 in
699 4373 830 4427 sicco
857 4373 1092 4444 ﬂumina.
1117 4372 1183 4426 Et
1225 4372 1326 4427 hoc
1352 4371 1550 4427 factum
1596 4379 1700 4427 tam
1727 4372 1833 4427 cito
1858 4372 1931 4427 in-

340 4463 631 4536 telligitur,
653 4478 810 4534 quam
842 4463 1052 4534 legitur.

415 4557 514 4612 33.
559 4553 731 4628 [νει-ε.
784 4553 993 4628 42-44.]
1032 4555 1126 4612 His
1167 4564 1344 4611 autem
1378 4554 1623 4610 omnibus
1667 4553 1937 4610 beneficiis

349 4647 485 4714 suis,
538 4647 684 4702 Deus
723 4645 1062 4702 commendat
1118 4645 1170 4700 in
1198 4645 1466 4700 Abraham
1512 4646 1757 4700 meritum
1790 4645 1934 4700 fidei.

349 4738 608 4809 Sequitur
631 4737 772 4793 enim
799 4746 854 4794 et
881 4737 1007 4793 dicit
1042 4754 1056 4791 :
1094 4754 1112 4788 ι
1141 4736 1398 4801 Quoniam
1433 4751 1638 4790 memor
1667 4735 1765 4790 fuit
1792 4737 1936 4793 verbi

349 4829 520 4884 sancti
546 4827 671 4894 sui,
697 4828 836 4898 quod
869 4827 1048 4884 habuit
1092 4827 1156 4881 ad
1185 4827 1450 4882 Abraham
1493 4843 1710 4897 puerum
1759 4843 1933 4882 suum.

351 4917 422 4974 Et
451 4919 639 4974 eduxit
664 4919 917 4989 populum
947 4934 1100 4973 suum
1140 4918 1191 4972 in
1233 4919 1612 4983 exsultatione,
1643 4927 1697 4974 et
1738 4919 1938 4973 electos

348 5025 478 5066 suos
502 5012 556 5066 in
589 5010 788 5066 laetitia.
825 5029 844 5063 ι
875 5009 1026 5077 Quod
1057 5010 1149 5074 ait,
1183 5011 1429 5081 populum
1454 5025 1632 5072 suum;
1657 5009 1756 5063 hoc
1781 5024 1937 5077 repe-

350 5104 502 5169 tivit,
552 5102 736 5158 elet'tos
759 5119 875 5158 suos
905 5111 998 5158 :et
1032 5102 1173 5174 quod
1199 5104 1292 5169 ait,
1333 5103 1387 5155 in
1428 5101 1795 5166 exsultatione;
1837 5102 1936 5156 hoc

349 5193 616 5262 repetivit,
663 5195 714 5248 in
743 5195 936 5248 ltetitia.
963 5191 1031 5248 Et
1057 5193 1194 5248 dedit
1222 5194 1324 5248 illis
1361 5194 1585 5263 regiones
1609 5193 1858 5263 gentium,
1891 5201 1935 5246 et

350 5285 548 5339 labores
591 5285 896 5356 populorum
945 5285 1287 5355 possederunt.
1331 5283 1480 5350 Quod
1522 5294 1677 5348 sunt,
1708 5284 1936 5353 regiones

349 5378 609 5447 gentium;
654 5376 755 5432 hoc
789 5386 947 5440 sunt,
980 5377 1174 5431 labores
1203 5375 1505 5445 populorum
1533 5391 1552 5429 :
1583 5385 1636 5430 et
1678 5375 1817 5445 quod
1847 5375 1934 5430 di-

348 5477 490 5523 ctum
536 5477 654 5534 est,
699 5468 836 5522 dedit
877 5468 1013 5536 illis;
1053 5469 1152 5524 hoc
1195 5468 1478 5539 repetitum
1529 5478 1643 5534 est,
1697 5469 1932 5538 possede-

345 5575 482 5615 runt.

417 5653 508 5704 54.
541 5649 703 5722 [vn-s.
730 5650 854 5722 #5.]
895 5651 960 5706 Et
984 5660 1230 5721 tauquam
1267 5667 1622 5722 qumreremus
1671 5656 1751 5707 cui
1794 5655 1931 5708 hono

413 5809 426 5835 ι
458 5813 579 5862 Vox,
611 5804 784 5865 cladis,
803 5806 944 5855 abest.
958 5817 982 5854 a
1002 5813 1108 5857 Mss.

411 5868 431 5898 ι
457 5866 593 5929 Edd.,
629 5865 864 5916 Petierunt
885 5881 1067 5920 carnes.
1101 5878 1214 5929 Vox,
1242 5882 1424 5932 carnes,
1456 5871 1590 5922 abest
1617 5884 1644 5920 a
1669 5879 1770 5922 Mss.

2038 4107 2271 4153 mentum
2324 4099 2586 4154 mercedis
2617 4109 2765 4154 extra
2810 4099 3022 4170 ipsum;
3055 4109 3106 4154 ct
3131 4100 3231 4155 hoc
3270 4101 3464 4156 faciant
3495 4101 3610 4156 lau-

2037 4189 2224 4245 dantes
2244 4231 2258 4256 ,
2289 4190 2626 4255 invocantes,
2657 4191 3032 4246 annuntiantes
3053 4233 3066 4257 ,
3094 4208 3193 4246 nec
3217 4192 3266 4247 in
3299 4209 3484 4260 suam,
3517 4194 3610 4250 sed

2038 4280 2089 4335 in
2118 4279 2232 4349 ejus
2257 4279 2478 4349 gloriam
2512 4295 2605 4349 per
2649 4278 2804 4334 ﬁdem
2836 4279 2972 4335 bene
3013 4291 3294 4351 operantes
3315 4323 3333 4349 ,
3364 4297 3457 4351 spe
3481 4298 3611 4356 gau-

2036 4369 2252 4435 dentes,
2285 4369 2544 4424 charitate
2587 4368 2857 4426 ferventes
2885 4370 3057 4442 (Rom.
3087 4388 3191 4438 xtt,
3220 4373 3278 4426 ll
3303 4413 3318 4436 ,
3350 4373 3466 4444 l2).
3503 4373 3614 4430 lloc

2038 4466 2205 4512 totum
2232 4465 2386 4512 sonat
2427 4457 2508 4511 bis
2534 4458 2812 4512 versibus:
2854 4478 2872 4511 ς
2904 4458 3239 4514 Conlitemini
3271 4461 3531 4528 Domino,
3559 4470 3613 4517 et

2037 4551 2279 4607 invocate
2316 4565 2506 4604 nomen
2555 4551 2668 4620 ejus
2692 4592 2707 4616 ,
2751 4552 3060 4606 anmmtiate
3086 4553 3138 4606 in
3177 4553 3424 4622 gentibus
3451 4569 3612 4623 opera

2037 4646 2171 4712 ejus.
2203 4641 2424 4698 Cantate
2455 4642 2501 4696 ci
2521 4683 2534 4704 ,
2567 4653 2621 4696 et
2649 4642 2856 4711 psallite
2884 4643 2931 4698 ei
2955 4683 2970 4708 ,
3002 4653 3212 4697 narrate
3236 4646 3411 4696 omnia
3449 4644 3612 4697 mira-

2037 4735 2161 4791 bilia
2191 4735 2324 4804 ejus.
2359 4734 2671 4790 Laudamini
2700 4736 2752 4790 in
2782 4736 2995 4790 nomine
3017 4745 3202 4790 Sancto
3231 4735 3377 4804 ejus;
3406 4735 3615 4789 [:etetur

2037 4843 2132 4882 cor
2178 4827 2528 4897 quan'entimn
2579 4826 2883 4881 Dominum.
2928 4827 3158 4891 Qua'rite
3204 4824 3517 4890 Dominum,
3559 4834 3614 4880 et

2036 4916 2460 4981 coaﬁrmamini;
2503 4917 2724 4986 qurerite
2748 4917 2935 4971 faciem
2963 4916 3077 4983 ejus
3106 4929 3335 4984 semper.
3372 4932 3391 4967 ι

2107 5007 2196 5062 36.
2249 5007 2444 5062 Deinde
2487 5009 2552 5061 ad
2599 4993 2937 5078 parvulorum
2989 5006 3146 5061 corda
3193 5005 3504 5072 nutrienda,
3555 5017 3614 5061 ut

2035 5099 2355 5154 roborentur
2383 5100 2431 5152 in
2464 5098 2583 5162 ﬁde,
2607 5098 2674 5153 de
2701 5095 3016 5152 Patriarchis
3043 5105 3408 5165 proponuntur
3433 5111 3612 5151 exem-

2037 5193 2120 5263 pla
2149 5201 2201 5246 et
2229 5193 2434 5246 illorum
2466 5191 2584 5245 ﬁdei
2615 5199 2670 5244 et
2699 5188 3065 5259 promissionis
3092 5188 3180 5242 Dei
3205 5187 3244 5254 ¹,
3273 5196 3330 5241 ttt
3355 5188 3612 5244 imitando

2035 5293 2090 5338 et
2112 5283 2381 5354 sperando
2406 5283 2570 5338 simus
2596 5297 2776 5336 semen
2805 5281 3013 5335 illorum
3036 5321 3050 5345 ,
3083 5294 3187 5334 non
3219 5279 3285 5334 de
3316 5280 3426 5334 sola
3456 5289 3614 5350 gente

2035 5375 2375 5430 Hebratorum
2402 5417 2416 5438 ,
2448 5373 2539 5429 sed
2581 5380 2837 5442 quotquot
2879 5372 3032 5426 istam
3063 5372 3282 5442 gratiam
3322 5373 3615 5444 suscipiunt

2036 5469 2088 5523 in
2116 5469 2258 5522 muni
2293 5477 2455 5522 terra.
2501 5465 2650 5532 Quod
2685 5474 2848 5520 totum
2881 5465 2962 5520 his
2991 5465 3233 5520 versibus
3260 5467 3564 5520 continetur
3595 5481 3610 5519 :

2044 5560 2414 5615 «Mementote
2461 5557 2779 5612 mirabilium
2831 5557 2947 5627 ejus
2993 5573 3112 5628 qua:
3162 5556 3316 5621 fecit,
3375 5557 3610 5625 prodigia

2034 5649 2149 5716 ejus
2174 5659 2225 5702 et
2249 5647 2440 5716 judicia
2468 5649 2576 5704 oris
2603 5649 2735 5716 ejus.
2780 5649 2973 5704 Semen
3007 5647 3271 5702 Abraham
3303 5647 3440 5700 servi
3472 5646 3605 5714 ejus,

2065 5867 2072 5875 ι
2099 5810 2112 5836 ¹
2137 5805 2360 5872 Plerique
2385 5812 2473 5854 Mss
2498 5841 2510 5863 ,
2539 5809 2859 5867 proponuntur
2881 5809 2924 5852 et
2947 5801 3136 5852 illorum
3174 5797 3294 5863 [itlcs
3328 5805 3373 5848 rt
3412 5796 3614 5860 promis-

2034 5881 2184 5918 81011σῖ
2220 5876 2319 5916 [τι.
