4188 6446
634 441 654 492 l
675 435 768 490 ι’.ςῦ

631 561 720 615 ﬁlii
750 556 912 614 Jacob
938 553 1092 611 electi
1132 551 1268 621 ejus.
1303 547 1416 618 lpse
1444 543 1699 600 Dominus
1729 541 1866 595 Deus
1899 548 2082 594 noster
2107 577 2122 603 ,
2155 536 2206 590 in

629 652 773 706 omni
799 659 933 703 terra
957 645 1150 715 judicia
1175 642 1308 710 ejus.
1340 639 1539 693 Memor
1563 635 1658 691 fuit
1688 635 1738 688 in
1769 631 2021 686 Steculum
2050 637 2209 684 testa-

633 743 793 798 menti
839 740 916 794 sui
944 781 955 802 ,
991 736 1131 790 verbi
1174 733 1312 800 quod
1345 728 1613 785 mandavit
1643 728 1694 782 in
1739 726 1880 779 mille
1909 723 2210 794 generatio-

630 851 744 890 nes.
791 828 944 898 Quod
989 826 1248 897 disposuit
1291 823 1355 876 ad
1383 820 1647 876 Abraham
1672 859 1687 880 ,
1728 825 1782 872 et
1813 816 2099 886 jurautenti
2128 815 2208 869 sui

632 928 697 980 ad
729 927 892 980 Isaac.
940 923 1008 976 Et
1039 918 1222 974 statuit
1266 914 1392 971 illud
1423 913 1519 982 ipsi
1564 910 1726 965 Jaeob
1764 911 1814 964 in
1846 918 2210 978 pra'ceptutn;

628 1027 683 1073 et
711 1018 808 1085 ipsi
841 1013 998 1069 Israel
1029 1013 1079 1065 in
1107 1015 1484 1064 testamentum
1511 1012 1768 1056 aeternum
1792 1041 1804 1065 ,
1846 999 2031 1055 dicens
2049 1040 2065 1064 ,
2091 997 2209 1053 Tibi

627 1111 767 1165 dabo
792 1119 984 1162 terram
999 1103 1292 1164 Chauaam,
1314 1096 1602 1152 funiculum
1625 1093 1949 1148 hmreditatis
1963 1099 2170 1146 vestra).
2185 1108 2202 1139 ι

630 1205 759 1268 Qua:
790 1198 966 1252 omnia
989 1237 1001 1260 ,
1036 1210 1130 1264 pro
1167 1189 1380 1246 modulo
1411 1201 1530 1241 meo
1551 1228 1566 1252 ,
1593 1181 2038 1256 quemadmodum
2065 1180 2209 1236 acci-

633 1291 822 1363 pienda
855 1297 1030 1343 essent
1049 1330 1063 1353 ,
1091 1281 1330 1354 exposui.

705 1384 792 1438 57.
833 1380 929 1435 ilic
955 1376 1267 1433 occurrebat
1293 1372 1472 1426 animo
1499 1368 1729 1440 parvula:
1772 1366 1890 1422 ﬁdei
1930 1383 1944 1420 :
1990 1365 2044 1420 Si
2085 1379 2214 1436 ergo

633 1476 772 1528 Deus
793 1471 954 1541 gratis
980 1477 1059 1525 est
1085 1465 1336 1520 colendus
1357 1507 1370 1528 ,
1399 1471 1451 1516 et
1492 1462 1791 1515 testamenti
1818 1457 2002 1512 :eterni
2044 1457 2213 1510 luere-

633 1566 772 1619 ditas
824 1564 935 1631 ipse
976 1575 1005 1612 a
1053 1559 1230 1627 scipso
1280 1553 1679 1624 requirendus;
1731 1550 2004 1605 mortalem
2057 1549 2209 1602 istam

542 1678 556 1687 -
634 1657 793 1709 vitam
826 1652 1175 1722 qtuerentium
1205 1662 1323 1700 eum
1347 1686 1366 1710 ,
1403 1653 1454 1696 et
1496 1640 1815 1711 temporales
1843 1639 2212 1703 necessitates,

634 1761 700 1800 an
746 1753 801 1799 et
844 1743 958 1811 ipsa
1001 1755 1110 1794 sua:
1154 1734 1533 1792 misericordiae
1569 1735 1582 1764 ¹
1631 1729 2066 1800 multiplicatione
2107 1743 2217 1781 non

636 1835 882 1892 deserit?
911 1833 1041 1888 Nam
1071 1832 1272 1885 intente
1298 1828 1476 1882 audite
1503 1825 1625 1896 quid
1655 1823 1955 1894 prmstitcrit
1979 1821 2214 1890 patribus

635 1930 868 1991 nostris,
899 1927 982 1980 vel
1028 1925 1077 1978 in
1124 1924 1314 1994 quibus
1354 1920 1474 1974 ﬁdei
1517 1917 1763 1985 exempla
1809 1914 2102 1980 constituit,
2133 1914 2214 1967 vel

636 2023 724 2092 qui
755 2037 817 2074 ex
849 2019 1057 2072 illorum
1103 2030 1264 2069 carne
1310 2010 1577 2082 propagati
1619 2009 1775 2062 etiam
1829 2006 1982 2060 ﬁdem
2027 2004 2215 2059 imitati

638 2122 780 2166 sunt.
814 2109 939 2164 Cum
971 2118 1128 2162 essent
1159 2105 1256 2175 ipsi
1287 2119 1492 2156 numero
1533 2101 1693 2164 ln'evi,
1729 2098 2018 2166 paucissimi
2046 2105 2092 2150 et
2131 2097 2213 2150 in-

636 2205 760 2258 cola:
778 2204 829 2254 in
855 2218 913 2254 ea
938 2216 954 2252 :
981 2199 1029 2252 id
1058 2208 1158 2260 est,
1189 2197 1238 2248 in
1263 2205 1400 2248 terra
1423 2193 1696 2246 Chanaan.
1731 2189 1793 2242 Et
1820 2189 2217 2259 pertransierunt

637 2298 697 2347 tle
722 2303 864 2364 gente
893 2293 944 2345 in
982 2299 1205 2362 gentem,
1237 2296 1283 2340 et
1325 2286 1384 2339 de
1414 2300 1567 2352 regno
1610 2283 1659 2335 in
1700 2281 1941 2352 populum
1980 2280 2212 2332 alterum.

637 2387 756 2441 Non
803 2384 1002 2452 reliquit
1049 2381 1299 2434 hominem
1341 2392 1516 2430 nocere
1558 2375 1662 2436 cis,
1709 2381 1752 2425 et
1795 2372 1964 2441 arguit
2010 2387 2101 2440 pro
2147 2373 2218 2425 eis

635 2495 795 2549 reges.
848 2476 1021 2529 Nolite
1067 2483 1268 2542 tangere
1315 2469 1525 2522 cliristos
1573 2481 1726 2530 meos,
1776 2474 1820 2518 et
1863 2465 1916 2517 in
1965 2464 2218 2534 prOphctis

635 2569 756 2622 meis
788 2566 941 2621 nolite
971 2563 1260 2633 nui/ignari.

705 2660 793 2714 38.
836 2657 888 2712 Si
935 2665 1114 2709 autem
1158 2651 1394 2723 umet-itis
1438 2649 1704 2720 quomodo
1737 2669 1753 2701 ί
1790 2649 2116 2704 transierunt
2151 2645 2218 2703 de

635 2759 793 2818 gente
821 2750 1131 2816 ingentem,
1160 2754 1212 2798 et
1241 2743 1306 2798 de
1334 2757 1496 2811 regno
1536 2742 1584 2794 in
1623 2740 1874 2811 populum
1913 2739 2158 2804 alterum,
2194 2757 2212 2790 ι

636 2842 853 2896 audite:
896 2858 912 2888 ‹
945 2840 1006 2892 Et
1033 2837 1238 2890 voravit.
1273 2834 1464 2888 famem
1493 2850 1650 2901 super
1677 2844 1904 2898 terram,
1930 2847 2088 2886 omne
2126 2831 2217 2885 ﬁr-

639 2941 962 2988 momentum
1009 2930 1156 2998 panis
1202 2926 1469 2981 contrivit.
1520 2926 1657 2979 Misit
1699 2935 1822 2978 ante
1873 2939 1966 2979 eos
2007 2924 2215 2987 virum;

641 3029 691 3081 in
735 3040 944 3079 servum
972 3020 1307 3075 ventmdalus
1350 3029 1430 3073 cst
1468 3017 1686 3086 Joscph.
1719 3015 2137 3069 Ilumiliaverunt
2165 3013 2216 3068 in

638 3113 982 3184 compedibus
1027 3112 1190 3181 pedes
1218 3110 1333 3178 ejus
1360 3125 1372 3173 ;
1420 3108 1616 3162 ferrum
1651 3106 1958 3176 pertransiit
1987 3105 2216 3158 animam

639 3183 791 3276 ejus,
825 3205 995 3259 donec
1024 3183 1224 3256 veniret
1251 3199 1469 3255 verbum
1514 3198 1647 3268 ejus.
1691 3197 1969 3267 Eloquium
2011 3195 2216 3250 Domini

640 3297 827 3367 iguivit
853 3311 972 3350 eum
1007 3311 1017 3346 :
1049 3293 1190 3346 misit
1236 3307 1347 3354 rex,
1373 3299 1424 3344 et
1464 3288 1621 3343 solvit
1653 3303 1809 3352 eum;
1850 3287 2096 3356 princeps
2123 3299 2218 3355 po-

640 3389 918 3457 palorum,
946 3395 998 3439 et
1032 3383 1230 3438 dimisit
1268 3397 1409 3436 eum.
1451 3379 1741 3434 Constituit
1781 3394 1903 3433 eum
1943 3377 2217 3431 dominum

639 3479 830 3532 dotnus
873 3491 1013 3538 suae,
1052 3483 1104 3527 et
1142 3473 1434 3542 principem
1477 3474 1650 3525 omnis
1689 3469 2044 3539 possessionis
2085 3483 2214 3523 suae.

641 3571 711 3626 lIt
731 3569 965 3624 erudiret
992 3569 1260 3636 principes
1283 3565 1396 3634 ejus
1417 3564 1552 3617 sicut
1572 3562 1949 3631 semetipsum,
1973 3569 2027 3614 et
2045 3560 2220 3614 senio-

643 3675 730 3715 res
775 3662 889 3728 ejus
937 3657 1267 3728 prudentiam
1308 3654 1542 3707 doceret.
1593 3652 1662 3706 Et
1703 3651 1918 3705 intravit
1959 3649 2115 3704 Israel
2166 3650 2218 3704 in

641 3755 951 3825 ngyptum,
979 3759 1034 3805 et
1054 3747 1218 3804 Jacob
1238 3746 1416 3802 accola
1456 3745 1551 3799 fuit
1583 3744 1633 3798 in
1658 3752 1796 3799 terra
1819 3743 2003 3798 Cham.
2039 3761 2056 3794 ι
2086 3743 2221 3798 Ecce

642 3845 908 3916 quomodo
941 3864 958 3896 t
994 3842 1418 3913 pertransierunt
1443 3839 1508 3893 de
1534 3846 1692 3909 gente
1720 3836 1771 3891 in
1801 3845 2044 3907 gentem,
2077 3846 2129 3891 e't
2153 3836 2221 3891 dc

642 3956 806 4006 regno
832 3939 882 3993 in
914 3937 1162 4008 populum
1203 3935 1449 3988 alterum.
1480 3952 1498 3984 ι

713 4034 799 4086 59.
844 4031 910 4085 Et
939 4032 1078 4086 auxit
1119 4029 1360 4099 papulunt
1391 4041 1534 4080 suum
1565 4024 1903 4089 vehementer,
1932 4030 1979 4076 et
2003 4021 2220 4090 firmavit

643 4143 753 4179 eum
778 4142 929 4194 super
963 4121 1191 4176 inimicos
1228 4122 1353 4192 ejus.
1399 4117 1454 4172 Si
1499 4127 1673 4172 autem
1715 4116 1854 4171 scire
1895 4116 2054 4168 vultis
2093 4128 2225 4182 quo—

647 4215 807 4268 modo
848 4230 967 4268 eum
1011 4211 1300 4264 ﬁrmaverit
1336 4224 1496 4278 super
1536 4207 1782 4261 inimicos
1825 4206 1972 4273 ejus,
1999 4204 2174 4259 audite
2207 4222 2219 4259 :

654 4327 670 4354 ι
705 4305 983 4357 Convertit
1016 4317 1109 4355 cor
1132 4316 1312 4356 eorum
1333 4342 1347 4366 ,
1375 4310 1436 4353 ut
1473 4298 1683 4353 odirent
1717 4297 1968 4367 populum
2008 4297 2144 4364 ejus,
2171 4305 2224 4350 et

651 4395 828 4450 dolum
861 4395 1094 4447 facerent
1123 4393 1173 4444 iu
1202 4406 1385 4445 servos
1413 4391 1546 4459 ejus.
1580 4390 1720 4444 Misit
1756 4389 1971 4459 Moysen
2011 4403 2221 4442 servum

650 4501 830 4549 suum,
862 4486 1037 4538 Aaron
1060 4498 1216 4552 quem
1240 4481 1396 4551 elegit
1423 4481 1616 4550 ipsum.
1660 4480 1841 4534 Posuit
1877 4481 1926 4532 in
1963 4479 2040 4533 eis
2064 4477 2221 4534 verba

649 4578 921 4646 signorum
963 4590 1177 4629 suorum
1205 4615 1218 4638 ,
1265 4583 1318 4627 et
1361 4571 1718 4643 prodigiorum
1758 4572 1807 4625 itt
1851 4581 1988 4626 terra
2031 4570 2216 4627 Chan‘.

649 4670 787 4724 Misit
815 4667 1089 4731 tenebras,
1118 4673 1172 4718 et
1206 4663 1526 4728 obscuravit,
1553 4671 1607 4718 et
1633 4663 2082 4719 exacerbavcrunt
2106 4680 2216 4720 ser.

652 4777 840 4817 mones
879 4761 1012 4830 ejus.
1062 4758 1336 4813 Convertit
1375 4771 1538 4825 aquas
1578 4771 1762 4810 eorum
1798 4753 1850 4810 in
1891 4756 2220 4826 sanguinem,

653 4867 706 4911 ct
729 4856 918 4910 occidit
957 4856 1126 4924 pisces
1165 4869 1368 4908 eorum.
1394 4852 1551 4907 Dedit
1589 4861 1782 4906 terram
1823 4867 2004 4905 eorum
2045 4867 2219 4919 ranas,

651 4951 700 5001 in
745 4946 1104 5017 penetralibus
1150 4961 1332 5016 regum
1394 4945 1650 5014 ipsorum.
1694 4940 1852 5007 Dixit,
1883 4950 1935 4997 et
1972 4942 2226 5012 venitey-

651 5042 862 5112 nomyia
886 5049 940 5095 et
961 5040 1228 5110 sciniphes
1252 5040 1303 5092 in
1328 5037 1573 5093 omnibus
1603 5036 1794 5091 ﬁnibus
1815 5051 2018 5090 eorum.
2046 5035 2228 5091 Posuit

653 5134 856 5201 pluvias
898 5148 1081 5187 eorum
1119 5130 1464 5201 grandinem,
1509 5129 1684 5199 ignem
1727 5127 2127 5182 comburentem
2171 5127 2221 5180 in

656 5234 794 5275 terra
844 5222 1100 5291 ipsorum.
1151 5221 1216 5274 Et
1258 5219 1520 5292 percussit
1559 5219 1740 5272 vineas
1779 5232 1961 5272 eorum
2001 5227 2054 5272 ct
2082 5216 2228 5272 ﬁcul-

657 5327 785 5366 neas
813 5327 1018 5376 eorum,
1050 5320 1100 5366 ct
1127 5311 1373 5365 contrivit
1400 5325 1558 5364 omne
1585 5309 1782 5379 lignum
1815 5307 1994 5362 finium
2018 5323 2221 5362 eorum.

658 5407 817 5472 Dixit,
859 5413 914 5460 ct
953 5405 1100 5459 venit
1139 5404 1336 5458 locusta
1375 5413 1426 5458 et
1469 5403 1734 5468 bruchus,
1777 5401 1928 5470 cujus
1971 5416 2073 5455 non
2113 5409 2228 5456 erat

657 5511 929 5553 numerus.
977 5495 1042 5550 Et
1079 5493 1307 5548 comedit
1336 5508 1491 5546 omne
1529 5491 1708 5546 fenum
1747 5493 1799 5546 in
1843 5500 1980 5546 terra
2021 5505 2227 5556 eorum,

655 5600 710 5645 et
751 5588 984 5644 comedit
1025 5601 1238 5640 onmem
1280 5583 1504 5638 fructum
1556 5592 1712 5639 te.r:e
1751 5597 1956 5638 eorum.
2003 5581 2070 5636 Et
2106 5597 2230 5650 per-

724 5765 735 5793 ²
767 5764 836 5810 sic
861 5761 1154 5809 vetustiores
1180 5767 1282 5806 uss.
1313 5757 1391 5805 Alii
1411 5771 1529 5805 vero
1553 5771 1660 5806 etttn
1679 5757 1811 5815 Edd.,
1827 5753 2077 5806 mortalem
2093 5755 2233 5805 istam

660 5825 799 5873 t't'trmt
823 5837 908 5871 cur
946 5829 1137 5885 pratstat
1161 5819 1481 5885 qun'rt’ntiltus
1505 5832 1628 5885 cum,
1652 5826 1695 5868 ct
1726 5818 2010 5880 temporales
2033 5815 2233 5868 ιιθεεδῖρὶ·

660 5891 778 5938 tates
797 5885 818 5935 ἱ)
858 5897 901 5933 τη
924 5881 966 5934 ct
993 5885 1116 5948 ipsas
1141 5895 1238 5934 sua'
1257 5881 1613 5939 nttserit'or'rlt'tt',
1644 5888 1737 5930 etc.

1818 418 1873 478 s.
1919 392 2279 478 AUGUSTINt
2317 415 2617 473 EPISCOl’l

3739 422 3856 480 ltiti

2315 535 2476 589 cu<sit
2503 550 2662 589 omne
2689 534 3095 606 primogenitum
3129 533 3176 588 in
3207 542 3344 589 terra
3387 549 3586 600 eorum,
3629 537 3856 605 pritnit'as

2314 625 2489 678 omnis
2537 625 2732 678 laboris
2772 639 2978 679 eorum.
3025 624 3087 678 Et
3132 622 3315 678 eduxit
3355 638 3445 678 eos
3491 624 3541 678 in
3581 636 3780 695 argento
3814 640 3857 683 et

2313 731 2462 778 auro,
2489 726 2665 770 etnon
2689 725 2804 772 erat
2830 717 2881 771 in
2916 716 3156 772 tribubus
3193 731 3378 772 eorum
3406 716 3659 772 inﬁrmus.
3684 718 3857 778 Lmtata

2315 816 2396 863 est
2438 807 2701 877 {Egyptus
2746 808 2797 862 in
2853 807 3179 878 profectione
3227 824 3451 875 eorum,
3493 810 3614 879 quia
3653 810 3859 867 incubuit

2317 901 2474 954 timor
2513 915 2696 954 eorum
2736 916 2899 970 super
2937 916 3051 957 eos.
3098 921 3117 954 ι
3164 901 3301 957 Ecce
3338 901 3602 972 quomodo
3638 905 3858 975 populum

2316 1007 2468 1047 suum
2499 991 2730 1046 ﬁrmavit
2766 1008 2928 1062 super
2971 993 3214 1047 inimicos
3253 992 3386 1062 ejus.

2387 1081 2474 1136 40.
2517 1083 2647 1136 Cum
2685 1090 2862 1137 autem
2906 1083 3133 1138 inimicis
3171 1098 3355 1138 eorum
3403 1084 3507 1139 ista
3533 1084 3860 1156 mal'ajustitia

2315 1172 2432 1238 ejus
2462 1173 2742 1238 inllixerit;
2791 1189 2909 1244 qua:
2961 1175 3091 1244 ipsis
3143 1175 3326 1246 largita
3367 1176 3434 1230 sit
3473 1179 3628 1232 etiam
3678 1187 3855 1248 tempu-

2317 1265 2445 1319 ralia
2469 1265 2830 1320 misericordia
2862 1265 2996 1334 ejus,
3027 1267 3286 1337 accipite:
3327 1284 3345 1319 t
3392 1267 3653 1336 Expandit
3692 1272 3856 1324 nubent

2317 1356 2368 1410 in
2417 1356 2796 1425 protectionem
2829 1372 3033 1423 eorum,
3063 1366 3116 1413 et
3144 1357 3316 1428 ignem
3361 1367 3419 1414 ut
3446 1359 3643 1414 luceret
3669 1361 3740 1416 eis
3778 1377 3856 1431 per

2317 1460 2545 1504 noctem.
2590 1449 2887 1512 Petierunt,
2935 1459 2988 1504 et
3029 1450 3172 1508 venit
3221 1453 3488 1518 coturnix,
3522 1461 3576 1506 et
3619 1467 3742 1522 pane
3765 1455 3862 1510 eteii

2315 1540 2573 1594 saturavit
2603 1555 2715 1594 eos.
2764 1539 3000 1610 Disrupit
3049 1550 3278 1610 petram,
3306 1549 3360 1597 et
3402 1540 3665 1597 fluxerunt
3705 1559 3857 1614 aquae;

2319 1629 2564 1685 abierunt
2599 1631 2649 1684 iu
2677 1631 2820 1685 sicco
2847 1632 3084 1685 ﬁumina.
3113 1632 3373 1698 Quoniam
3397 1648 3604 1687 memor
3632 1633 3721 1687 luit
3744 1635 3862 1690 verbi

2317 1723 2487 1776 sancti
2519 1723 2788 1793 sui,quod
2827 1723 3011 1779 habuit
3055 1724 3119 1779 ad
3164 1724 3431 1778 Abraham
3472 1742 3687 1797 puerum
3714 1743 3862 1782 suum.

2321 1813 2386 1867 Et
2413 1814 2594 1870 eduxit
2637 1816 2888 1886 populum
2932 1834 3085 1871 suum
3119 1818 3168 1871 in
3207 1819 3582 1884 exsultatione,
3621 1821 3864 1877 etelectos

2319 1920 2444 1959 suos
2475 1905 2524 1959 in
2556 1905 2755 1961 Ιεριῑιίίι.
2785 1907 2849 1962 Et
2876 1907 3022 1962 dedit
3053 1908 3156 1962 illis
3183 1910 3428 1979 regiones
3454 1911 3702 1980 gentium,
3731 1923 3776 1966 et
3798 1914 3864 1968 la-

2319 1995 2479 2050 bores
2509 1999 2826 2066 pupulorum
2858 2000 3229 2067 possederunt.
3270 2019 3290 2051 ι
3325 2001 3441 2054 Non
3468 2011 3522 2055 ut
3557 2014 3757 2073 propter
3785 2005 3863 2058 ista

2321 2099 2441 2140 eum
2487 2087 2685 2154 colant,
2719 2088 2814 2142 sed
2864 2095 3009 2143 utea
3041 2105 3251 2158 quoque
3297 2089 3362 2143 ad
3413 2090 3606 2145 bonum
3644 2102 3864 2147 :eternttm

2321 2179 2552 2234 referant
2592 2189 2749 2251 atque
2775 2191 3121 2246 convertant;
3169 2182 3218 2237 id
3250 2191 3350 2249 est,
3388 2181 3460 2238 Ut
3505 2184 3769 2238 custodiant
3787 2187 3863 2256 ju-

2320 2271 2650 2339 stiﬁcationes
2677 2275 2806 2343 ejus,
2836 2285 2883 2328 et
2912 2275 3069 2346 legem
3095 2275 3206 2336 eius
3233 2277 3514 2346 requirant.
3549 2276 3864 2347 Quaecumque

2323 2362 2486 2434 igitur
2507 2365 2608 2418 alia
2638 2365 2775 2420 bona
2807 2365 2896 2421 dat
2937 2365 3096 2430 Deus,
3128 2365 3406 2422 referenda
3437 2378 3562 2422 sunt
3601 2367 3664 2421 ad
3696 2370 3864 2436 gratui-

2324 2465 2432 2510 tum
2460 2457 2659 2510 cultum
2691 2457 2805 2526 ejus
2835 2475 2848 2510 :
2883 2457 2998 2526 ipse
3025 2467 3200 2512 autem
3233 2459 3407 2513 cultus
3434 2459 3552 2529 ejus
3586 2475 3681 2514 non
3705 2471 3772 2516 est
3797 2477 3863 2515 re-

2321 2547 2573 2602 ferendus
2604 2548 2667 2602 ad
2701 2549 2805 2603 alia
2834 2549 2992 2612 bona,
3019 2565 3135 2619 quae
3157 2550 3453 2616 datDetts;
3489 2560 3610 2605 tunc
3637 2552 3762 2607 enim
3785 2552 3866 2606 erit

2321 2640 2601 2710 gratuitus.
2632 2641 2711 2695 Ad
2739 2641 2875 2712 quod
2905 2651 3176 2699 certamen
3209 2659 3508 2712 provocans
3541 2644 3862 2709 hostis,ausus

2321 2739 2402 2784 cst
2429 2730 2608 2785 dicere
2637 2731 2781 2786 Deo:
2817 2732 3080 2802 Numquid
3109 2731 3207 2788 Job
3245 2736 3406 2805 gratis
3449 2738 3564 2790 colit
3595 2735 3742 2790 Deum
3766 2736 3869 2807 (Job,

2322 2837 2363 2886 t,
2388 2820 2488 2891 9)?
2527 2822 2694 2877 Porro
2722 2825 2764 2877 si
2795 2824 2844 2877 in
2875 2840 3084 2880 servum
3116 2827 3454 2883 venundatus
3478 2827 3688 2898 Joseph,
3715 2837 3762 2883 et
3783 2828 3862 2881 hu-

2322 2915 2576 2979 miliatus,
2599 2925 2650 2969 et
2675 2916 2962 2983 exaltatus,
2981 2917 3150 2971 locum
3178 2917 3302 2972 fecit
3331 2919 3396 2972 ad
3427 2919 3727 2990 temporalia
3753 2919 3866 2973 bona

2324 3007 2519 3075 populo
2543 3007 2654 3070 Dei,
2677 3017 2732 3061 ut
2756 3007 3058 3063 ﬁrmaretur
3078 3026 3236 3080 super
3259 3011 3509 3067 inimicos
3531 3012 3672 3082 ejus;
3699 3022 3863 3082 quanto

2323 3099 2490 3167 magis
2517 3098 2671 3154 Jesus
2693 3100 3027 3156 venundatus
3056 3113 3109 3157 et
3141 3103 3454 3159 humiliatus
3477 3120 3503 3158 a
3527 3105 3758 3159 fratribus
3775 3104 3864 3158 suis

2321 3189 2612 3244 secundum
2640 3205 2876 3258 carnem,
2907 3201 2961 3246 et
2994 3193 3254 3248 exaltatus
3283 3195 3332 3248 in
3370 3195 3546 3260 cmlis,
3576 3195 3736 3258 locum
3765 3195 3865 3249 facit

2322 3281 2387 3335 ad
2424 3290 2621 3337 aeterna
2664 3283 2800 3338 bona
2847 3285 3041 3353 p0pulo
3075 3286 3185 3352 Dei,
3228 3287 3580 3356 triumphanti
3602 3288 3666 3343 de
3688 3287 3868 3342 diabolo-

2325 3379 2378 3426 ct
2404 3373 2602 3442 angelis
2633 3375 2789 3440 ejus?
2836 3375 2973 3429 Audi
3003 3391 3151 3446 ergo,
3194 3392 3376 3433 semen
3431 3378 3675 3444 Abrahre,
3699 3376 3864 3432 nonde

2323 3480 2482 3520 carne
2506 3466 2764 3535 glorians,
2791 3467 2883 3521 sed
2919 3467 3130 3522 imitans
3158 3468 3313 3524 ﬁdem
3337 3487 3351 3532 ;
3399 3470 3600 3535 audite,
3624 3470 3746 3524 servi
3770 3468 3867 3529 Dei,

2322 3566 2377 3612 et
2419 3558 2573 3612 electi
2602 3558 2716 3622 Dei,
2751 3559 3158 3627 promissionem
3193 3559 3454 3616 habentes
3479 3563 3596 3615 vitre
3624 3558 3866 3632 pra‘sentis

2323 3658 2377 3704 et
2411 3647 2598 3703 futurae
2627 3648 2677 3718 (l
2707 3648 2841 3702 Tim.
2876 3665 2947 3715 tv,
2976 3650 3050 3720 8).
3085 3649 3139 3705 Si
3172 3651 3495 3728 tentationes
3523 3652 3663 3707 dura:
3696 3658 3801 3704 sunt
3823 3649 3868 3701 in.

2328 3746 2430 3799 hoc
2460 3743 2675 3810 srrculo,
2705 3741 2904 3812 .lOS-cpll
2935 3743 2985 3797 in
3017 3758 3256 3810 carcere,
3278 3743 3462 3799 Jesum
3491 3745 3540 3799 in
3580 3759 3726 3800 cruce
3744 3737 3862 3811 cogi-

2327 3842 2452 3888 tate.
2482 3832 2538 3888 Si
2569 3848 2746 3887 rerum
2780 3834 3149 3902 temporalium
3177 3835 3504 3903 prosperitas
3543 3834 3750 3904 adjacet,
3779 3848 3861 3884 non

2326 3932 2542 3994 propter
2573 3923 2738 3992 ipsam
2773 3922 2902 3987 Deo,
2927 3921 3019 3978 sed
3054 3923 3164 3994 ipsa
3194 3919 3398 3978 utimini
3448 3935 3661 3996 propter
3694 3924 3861 3977 Deum:

2326 4029 2425 4068 nec
2465 4029 2584 4068 cum
2624 4014 2941 4069 existimetis
2990 4024 3206 4083 propter
3234 4015 3351 4069 vita:
3396 4015 3555 4087 hujus
3604 4012 3862 4069 necessaria

2325 4105 2426 4160 coli
2448 4121 2478 4158 a
2505 4104 2795 4160 cultoribus
2832 4105 2995 4172 suis‘,
3029 4121 3146 4174 quze
3183 4104 3346 4160 donat
3379 4115 3434 4161 ct
3464 4105 3863 4178 blasphematori-

2327 4198 2424 4252 b‘tts
2451 4196 2596 4262 suis;
2642 4196 2736 4252 sed
2775 4197 2997 4266 quaerite
3028 4196 3254 4265 primum
3296 4213 3518 4266 regnum
3549 4198 3637 4253 Dei
3665 4209 3713 4252 et
3732 4195 3863 4264 justi-

2328 4290 2452 4344 tiam
2481 4290 2618 4360 ejus,
2647 4299 2700 4344 et
2738 4288 2852 4343 haec
2897 4288 3076 4343 omnia
3121 4300 3460 4358 apponentur
3495 4290 3640 4345 vobis
3683 4287 3865 4360 (Matth.

2328 4397 2400 4447 vt,
2425 4381 2538 4451 '55).

2329 4514 2580 4526 ———_

2582 4513 2917 4525 .—

3627 4516 3679 4530 ..-
3688 4507 3860 4528 ,-——-—u

2781 4587 2861 4648 IN
2905 4586 3283 4650 PSALMUM
3338 4587 3444 4650 CV

2911 4705 3325 4764 ENARRATIO.

2401 4825 2451 4878 l.
2497 4823 2736 4877 Psalmus
2765 4823 3089 4877 centesimus
3112 4823 3325 4892 quintus
3353 4823 3512 4878 etiam
3554 4823 3661 4892 ipse
3687 4831 3860 4889 przeuo-

2331 4923 2490 4980 tatur,
2518 4913 2735 4968 Alleluia
2759 4930 2776 4966 :
2804 4924 2857 4968 et
2896 4913 2996 4968 hoc
3025 4913 3324 4983 dupliciter.
3354 4915 3456 4970 Sed
3483 4915 3686 4985 quidam
3713 4911 3863 4965 dicunt

2331 5023 2492 5062 unum
2527 5007 2748 5062 Alleluia
2779 5007 3046 5076 pertinere
3073 5006 3138 5061 ad
3171 5007 3327 5062 ﬁnem
3371 5008 3554 5077 psalmi
3585 5001 3858 5076 superioris.

2331 5100 2554 5155 alterum
2581 5098 2647 5153 ad
2675 5099 2829 5167 hujus
2872 5098 3208 5168 principium.
3250 5098 3316 5152 Et
3345 5099 3444 5154 hoc
3472 5105 3704 5152 asserunt
3738 5089 3855 5163 quod

2332 5207 2518 5248 omnes
2568 5190 2885 5246 Alleluiatici
2963 5189 3148 5260 psalmi
3224 5189 3449 5245 habeant
3511 5190 3565 5244 in
3637 5187 3731 5241 ﬁne
3781 5181 3859 5237 Al-

2336 5285 2511 5350 leluia,
2541 5300 2645 5338 non
2674 5298 2861 5337 omnes
2888 5282 2938 5336 in
2978 5282 3150 5351 capite
3181 5299 3194 5336 :-
3223 5282 3365 5337 unde
3405 5281 3706 5354 quicumque
3748 5271 3859 5344 psal-

2335 5392 2453 5432 mus
2482 5391 2587 5430 non
2621 5374 2780 5429 habet
2823 5375 2875 5428 in
2908 5374 3010 5428 ﬁne
3047 5374 3292 5437 Alleluia,
3324 5389 3422 5429 nec
3451 5373 3502 5426 in
3531 5371 3688 5440 capite
3712 5366 3860 5419 volunt

2335 5485 2457 5526 eum
2487 5469 2714 5534 habere;
2746 5467 2884 5538 quod
2924 5475 3100 5522 autem
3128 5468 3178 5521 in
3206 5467 3322 5537 ejus
3345 5466 3513 5537 capite
3540 5463 3729 5517 videtur
3745 5470 3859 5519 esse,

2336 5563 2401 5617 ad
2428 5563 2584 5617 ﬁnem
2616 5559 3213 5631 superioris‘pertinere.
3245 5558 3349 5614 Sed
3386 5572 3480 5612 nos
3509 5563 3757 5625 quousque
3779 5559 3859 5597 no-

2338 5654 2417 5710 bis
2444 5653 2704 5724 aliquibus
2742 5653 2901 5708 certis
2944 5649 3277 5706 documentis
3319 5649 3370 5704 id
3415 5660 3587 5702 verum
3628 5654 3732 5695 esse
3758 5647 3857 5705 pcr-

2406 5814 2418 5843 ¹
2449 5811 2823 5874 t‘leriqtie_ttss.,
2840 5813 3046 5874 pmpter
3072 5807 3215 5872 Inuus
3240 5807 3348 5858 rita:
3390 5800 3658 5858 necessaria,
3680 5798 3857 5843 necessa-

2344 5874 2468 5925 rium
2494 5871 2751 5922 vulturibus
2775 5871 2890 5922 suis.
