4188 6502
460 473 485 528 1
496 471 595 527 305

462 594 742 660 suadeant,
794 594 1083 651 nmltorum
1130 592 1568 651 consuetudinem
1616 593 1910 664 sequimur,
1957 592 2048 663 qui

462 689 783 758 ubicumque
815 687 999 758 legunt
1023 687 1268 752 Alleluia,
1291 686 1466 744 eidem
1496 687 1698 758 psalmo
1726 685 2042 750 attribuunt,

458 782 510 832 in
543 778 695 848 cujus
725 777 826 834 hoc
855 777 1028 848 capite
1051 778 1344 833 inveniunt.
1387 776 1695 832 Paucissimi
1730 776 1870 831 enim
1896 774 2046 831 codi-

457 885 549 926 ces
594 879 722 924 sunt
765 868 929 941 (quod
957 867 1169 938 quidem
1220 869 1271 921 in
1319 867 1464 932 nullo
1508 882 1802 938 grtccorum
1845 866 2040 936 reperi,

454 975 591 1031 quos
637 961 903 1029 inspicere
949 960 1153 1030 potui),
1183 959 1272 1028 qui
1311 959 1540 1014 habeant
1577 958 1802 1013 Alleluia
1846 958 1898 1012 in
1941 958 2044 1012 line

453 1052 735 1106 eentesimi
763 1060 814 1106 et
844 1051 1262 1122 quinquagesimi
1295 1051 1552 1120 psalmi‘;
1597 1058 1716 1119 post
1741 1065 1897 1119 quem
1931 1049 2041 1118 jam

455 1140 637 1196 nullus
664 1151 747 1197 est
768 1142 860 1212 qui
889 1141 954 1196 ad
984 1140 1228 1197 eumdem
1257 1155 1516 1196 canonem
1543 1141 1792 1211 pertinet.
1821 1139 1925 1195 Sed
1951 1156 2041 1194 ne-

452 1252 558 1306 que
604 1235 709 1290 hoc
760 1245 940 1306 posset
984 1236 1329 1306 praescribere
1381 1235 1784 1303 consuetudini,
1831 1237 2039 1291 etiamsi

454 1342 643 1382 omnes
687 1327 901 1382 codices
948 1327 1000 1380 id
1048 1327 1324 1383 haberent.
1386 1327 1526 1382 Fieri
1574 1328 1715 1384 enim
1765 1329 1936 1398 potuit
1984 1338 2040 1384 ut

451 1419 629 1488 aliqua
656 1419 869 1474 ratione
898 1419 1215 1474 laudationis
1239 1419 1327 1474 Dei
1355 1429 1494 1475 totus
1518 1419 1846 1474 Psalmorum
1879 1419 2036 1488 liber,

451 1513 539 1581 qui
572 1511 725 1566 libris
753 1509 987 1580 quinque
1010 1521 1258 1566 constare
1283 1511 1595 1582 perhibetur
1624 1512 1775 1584 (nam
1801 1514 1885 1568 ubi
1907 1514 2040 1568 scri-

458 1613 602 1672 ptum
633 1611 736 1668 est,
775 1601 918 1666 Fiat,
951 1603 1062 1670 ﬁat,
1096 1603 1166 1657 ibi
1205 1602 1336 1657 lines
1366 1603 1622 1657 librorum
1655 1619 1774 1658 esse
1802 1603 2030 1675 dicunt),

451 1702 566 1764 post
596 1694 776 1746 omnia
817 1709 934 1762 qum
964 1702 1172 1747 cantata
1215 1701 1365 1759 sunt,
1395 1693 1584 1751 ultimo
1627 1694 1849 1749 Alleluia
1886 1695 2035 1749 clau—

458 1783 671 1839 deretur
699 1801 712 1836 :
751 1799 850 1838 nec
890 1792 1106 1854 propter
1137 1784 1294 1843 ﬁnem
1325 1785 1597 1839 centesimi
1626 1795 1680 1840 et
1706 1788 2033 1856 quinquage-

457 1877 570 1929 simi
597 1876 788 1946 psalmi
821 1891 1042 1933 necesse
1068 1892 1189 1933 esse
1217 1877 1392 1942 video,
1418 1887 1473 1931 ut
1501 1893 1689 1933 omnes
1717 1879 2033 1935 Alleluiatiei

459 1969 634 2036 psalmi
669 1968 720 2022 in
760 1967 864 2022 fine
894 1967 1119 2024 habeant
1147 1968 1392 2023 Alleluia.
1426 1970 1556 2024 Cum
1600 1985 1726 2024 vero
1771 1972 1821 2024 in
1862 1972 2033 2040 capite

460 2058 638 2128 psalmi
676 2059 976 2128 geminatur
1020 2059 1265 2124 Alleluia,
1307 2075 1402 2114 cur
1448 2060 1707 2115 Dominus
1750 2061 2032 2130 aliquando

460 2149 635 2212 semel,
685 2147 968 2219 aliquando
1012 2151 1095 2205 bis
1137 2150 1266 2205 dicit
1309 2152 1487 2215 Amen,
1519 2161 1573 2207 et
1612 2167 1676 2206 eo
1725 2153 1883 2206 modo
1924 2169 2028 2207 non

463 2242 618 2310 possit
653 2241 939 2312 aliquando
969 2245 1157 2308 semel,
1190 2243 1474 2313 aliquando
1514 2245 1595 2300 bis
1642 2245 1860 2299 Alleluia
1898 2246 2023 2309 dici,

462 2333 631 2388 nescio
671 2351 685 2387 :
733 2334 1031 2403 praesertim
1080 2337 1202 2404 quia
1256 2345 1376 2404 post
1427 2338 1632 2392 muneri
1675 2347 1874 2404 notam,
1923 2355 2029 2408 quo

460 2425 680 2492 psalmus
700 2424 1007 2479 inscribitur
1037 2436 1230 2496 quotus
1256 2427 1344 2490 sit,
1376 2427 1534 2481 veluti
1575 2428 1674 2484 iste
1703 2429 2028 2484 centesimus

459 2517 684 2586 quintus,
723 2525 1005 2588 utrumque
1044 2519 1266 2574 Alleluia
1309 2519 1534 2588 positum
1566 2530 1662 2576 est.
1712 2521 1901 2577 Debuit
1929 2537 2030 2575 au-

462 2618 556 2662 tem
585 2625 750 2664 unum
793 2611 912 2678 poni
952 2619 1075 2664 ante
1117 2610 1288 2679 ipsum
1335 2627 1633 2676 numerum,
1679 2614 1722 2668 si
1762 2613 1828 2667 ad
1868 2614 2023 2668 linem

460 2701 677 2766 pertinet
715 2702 1042 2770 Superioris;
1087 2710 1141 2756 et
1173 2711 1291 2769 post
1321 2719 1598 2758 numerum
1640 2703 1830 2757 Psalmi
1863 2705 2022 2759 scribi

457 2790 666 2844 alterum
715 2791 963 2856 Alleluia,
995 2793 1135 2862 quod
1181 2793 1246 2848 ad
1295 2794 1558 2848 Psahnum
1607 2796 1772 2864 ipsius
1817 2797 2022 2851 numeri

456 2883 692 2949 pertinet.
735 2882 840 2938 Sed
885 2882 1111 2939 fortasse
1152 2894 1206 2940 et
1251 2885 1302 2939 in
1335 2885 1436 2940 hoc
1476 2887 1716 2956 imperita
1751 2887 2023 2955 praevaluit

452 2972 806 3041 consuetudo,
855 2985 910 3029 et
953 2975 1148 3046 aliquid
1189 2977 1365 3030 afferri
1413 2986 1625 3047 potest,
1665 2979 1805 3048 quod
1849 2980 2022 3034 adlmc

451 3063 772 3131 ignoramus,
805 3066 946 3120 unde
977 3082 1073 3120 nos
1115 3069 1280 3138 magis
1308 3067 1502 3124 docere
1544 3069 1738 3125 debeat
1759 3070 2018 3139 judicium

448 3154 697 3220 veritatis,
727 3171 883 3224 quam
916 3157 1279 3226 pra-judicium
1307 3161 1725 3216 consuetudinis.
1764 3161 1911 3217 Nunc
1943 3171 2020 3216 ta-

445 3259 559 3300 men
581 3257 864 3316 antequam
894 3248 994 3302 hoc
1024 3249 1408 3318 perdiseamus,
1429 3251 1746 3320 ubicumque
1777 3263 1894 3322 post
1922 3269 1993 3308 nu

443 3351 644 3392 merum
680 3337 890 3406 psalmi,
925 3339 1038 3394 sive
1067 3341 1251 3406 semel,
1282 3342 1394 3395 sive
1423 3341 1503 3396 bis
1533 3344 1889 3412 conscriptum
1934 3344 2008 3399 ἰιι·

440 3429 680 3484 venimus
706 3430 952 3497 Alleluia,
979 3432 1271 3486 secundum
1317 3434 1720 3489 celeberrimam
1766 3437 2018 3492 Ecclesia:

431 3520 897 3588 Consuetudinem,
920 3523 968 3576 ei
1001 3524 1205 3592 psalmo
1233 3524 1533 3590 tribuimus,
1562 3527 1650 3595 qui
1683 3527 1868 3582 eodem
1913 3529 2027 3582 [ιιι-⁵

425 3625 584 3664 mero
618 3621 978 3679 praenotatur;
1031 3613 1346 3668 confitcntes
1396 3631 1494 3670 nos
1538 3631 1732 3670 arcana
1776 3619 2013 3673 omnium

424 3701 711 3754 titulorum
741 3702 829 3770 qui
857 3710 980 3757 sunt
1009 3703 1059 3756 in
1107 3703 1352 3770 Psalmis,
1383 3717 1434 3760 et
1464 3705 1664 3760 ordinis
1705 3694 2027 3763 corumdem

425 3792 792 3857 l‘salmorum,
819 3803 872 3850 et
899 3811 1082 3865 magna
1101 3812 1221 3851 esse
1250 3799 1489 3864 credere,
1525 3800 1845 3867 etnondum,
1879 3804 2015 3858 sicut

415 3885 702 3949 volumus,
733 3895 1014 3953 penetrare
1046 3889 1299 3957 potuisse.
2011 3893 2019 3934 ε

493 3976 555 4030 2.
600 3975 762 4048 (vers.
796 3977 871 4049 1.]
911 3978 1078 4033 Video
1106 3989 1281 4035 autem
1324 3982 1452 4035 istos
1499 3981 1632 4037 duos
1661 3984 2008 4038 centesimum

411 4076 678 4138 quartum
707 4077 760 4123 et
785 4070 1134 4125 centesimum
1166 4073 1407 4141 quintum
1439 4074 1506 4128 ita
1541 4075 1675 4128 inter
1704 4089 1763 4130 se
1790 4076 2012 4145 conjun-

413 4169 568 4226 ctns,
604 4169 660 4214 ut
692 4161 742 4216 in
787 4177 892 4216 uno
921 4178 1128 4230 eorum,
1167 4166 1253 4234 qui
1307 4166 1576 4234 prtecedit,
1605 4169 2011 4224 commendetur

414 4252 658 4321 populus
692 4252 784 4305 Dei
827 4252 877 4306 in
910 4254 1094 4307 electis
1118 4254 1252 4324 ejus,
1283 4254 1351 4311 de
1377 4256 1563 4325 quibus
1608 4257 1750 4310 tmlla
1791 4260 2008 4327 querela

416 4343 502 4405 fit,
535 4357 673 4410 quos
700 4357 798 4412 ego
827 4344 1056 4398 arbitror
1081 4345 1152 4400 ibi
1184 4346 1344 4401 fuisse
1382 4347 1433 4401 in
1475 4348 1663 4416 quibus
1701 4349 2007 4419 bencplaci-

418 4439 540 4486 tum
584 4442 667 4486 est
699 4433 806 4488 Deo
840 4433 888 4501 (I
919 4433 1036 4489 Cor.
1069 4451 1122 4502 x,
1153 4437 1206 4506 5)
1233 4454 1246 4490 :
1280 4437 1331 4490 in
1373 4441 1476 4492 isto
1500 4449 1675 4492 autem
1707 4441 1796 4510 qui
1825 4441 2007 4512 sequi—

418 4534 532 4591 tur,
555 4540 652 4580 eos
677 4538 1122 4584 commemoratos
1145 4530 1234 4600 qui
1267 4531 1316 4585 in
1343 4531 1532 4586 eodem
1574 4533 1767 4602 populo
1805 4534 2004 4588 amari-

417 4629 714 4684 caverunt;
746 4635 845 4675 nec
877 4629 1051 4676 tamen
1101 4623 1260 4677 etiam
1291 4623 1422 4693 ipsis
1462 4623 1554 4678 Dei
1583 4625 2003 4681 misericordiam

419 4709 677 4765 defuisse.
711 4709 968 4766 Dicuntur
1003 4720 1182 4768 autem
1214 4713 1312 4768 ista
1341 4729 1406 4769 ex
1449 4729 1630 4768 eorum
1663 4730 1886 4785 persona
1915 4718 2003 4788 qui

422 4805 638 4859 veniam
667 4807 909 4860 conversi
936 4815 1256 4877 precantur;
1297 4817 1352 4864 et
1387 4809 1629 4878 exempla
1674 4799 2014 4882 commemooi

421 4904 615 4950 rantur
650 4896 859 4951 illorum
892 4898 945 4951 in
974 4913 1110 4967 quos
1135 4899 1295 4954 etiam
1334 4909 1644 4969 peccatores
1669 4901 1815 4958 dives
1843 4891 2016 4975 appa—'

421 4986 528 5040 ruit
563 4985 928 5042 misericordia
973 4987 1086 5044 Dei.
1133 4987 1319 5058 Incipit
1346 5005 1472 5060 ergo
1510 4992 1669 5047 etiam
1715 4993 1814 5048 iste
1852 4995 1999 5064 psal-

420 5093 540 5130 mus
563 5076 700 5132 sicut
726 5077 849 5132 illc:
883 5078 1202 5148 Confitemini
1238 5079 1475 5135 Domino.
1504 5081 1607 5138 Sed
1640 5082 1709 5137 ibi
1739 5083 2006 5154 sequitur,

416 5167 487 5220 Et
508 5169 736 5225 invocate
763 5187 942 5225 nomen
990 5174 1134 5244 ejus;
1180 5173 1267 5230 hic
1309 5186 1506 5241 autem,
1535 5176 1784 5244 Quoniam
1818 5178 1995 5248 bonus,

415 5260 658 5328 quoniam
715 5261 768 5315 in
811 5249 1047 5318 sternit-tm
1094 5265 1433 5320 misericordia
1486 5268 1618 5339 ejus.
1664 5267 1998 5340 Quapropter

415 5361 593 5421 potest
612 5352 698 5409 hic
712 5354 924 5424 quidem
945 5355 1162 5428 intelligi
1179 5357 1337 5413 etiam
1357 5358 1618 5414 confessio
1634 5370 1992 5430 peccatorum;

414 5459 539 5500 nam
571 5454 620 5502 et
653 5455 771 5515 post
798 5462 992 5517 paucos
1021 5463 1206 5505 versus
1243 5451 1502 5521 sequitur,
1527 5450 1854 5508 Peccavimus
1879 5471 1996 5510 cum

413 5536 646 5606 patribus
680 5541 887 5606 nostris,
929 5542 1114 5609 injuste
1151 5545 1364 5614 egimus,
1399 5544 1710 5614 iniquitatem
1752 5548 1957 5616 fecimus
1976 5563 2003 5625 :_

411 5629 505 5683 scd
535 5629 586 5684 in
612 5645 677 5684 eo
702 5631 844 5701 quod
875 5632 1023 5699 dicit,
1059 5633 1311 5698 Quoniam
1341 5636 1522 5702 bonus,
1547 5638 1784 5708 quoniam
1813 5639 1864 5692 in
1893 5653 1991 5693 sa:-

407 5722 584 5774 cm'um
618 5723 960 5778 misericordia
981 5726 1090 5780 eius
1140 5727 1255 5781 laus
1286 5728 1464 5769 ""“Io
1501 5729 1591 5784 Dei
1618 5739 1720 5788 cst.
1749 5739 1908 5785 atoue
1938 5730 1989 5783 ςιι

475 5863 595 5934 ’.ιμὶρ
619 5863 848 5934 meliores
865 5874 970 5917 Mss.
999 5874 1050 5934 at
1071 5867 1204 5928 Edd.,
1231 5873 1406 5932 prater
1431 5867 1673 5921 ccutesimi
1693 5866 1991 5934 etquinqua-

403 5926 579 5990 (πράηιί
605 5927 777 5989 psalmi
801 5928 1159 5980 coniectionem.

1570 471 1963 529 ENARRATIO
2001 470 2066 528 IN
2105 471 2424 534 PSALMUM
2461 478 2568 535 CV.

3603 495 3740 552 “06

2150 594 2267 665 ejus
2291 597 2445 654 laude
2470 599 2753 656 confessio.
2779 603 3088 674 Quanquam
3125 606 3284 660 etiam
3313 620 3433 660 cum
3465 622 3558 663 sua
3589 613 3735 680 quis-

2150 702 2254 757 que
2299 690 2581 746 confitetur
2629 703 2876 764 peccata,
2957 711 3077 751 cum
3146 699 3236 753 Dei
3289 699 3444 756 laude
3491 702 3732 756 eouliteri

2149 776 2340 844 debet;
2393 797 2488 836 nec
2517 783 2670 839 aliter
2698 784 2780 855 pia
2832 795 2910 842 est
2939 787 3200 843 confessio
3246 799 3581 859 peccatorum
3627 794 3730 847 nisi

2150 883 2255 924 non
2284 869 2593 941 desperans,
2626 883 2678 928 et
2708 890 2932 944 poscens
2964 879 3379 934 misericordiam
3408 881 3518 936 Dei.
3552 883 3722 939 llabet

2149 977 2276 1033 ergo
2314 964 2430 1033 ejus
2474 966 2704 1034 laudem,
2747 969 2858 1023 sive
2904 971 3064 1026 etiam
3104 973 3156 1026 in
3201 975 3397 1041 verbis,
3432 991 3551 1029 cum
3598 992 3721 1032 eum

2147 1053 2343 1111 bonum
2371 1066 2423 1112 et
2451 1058 2848 1115 misericordem
2878 1062 3042 1128 dicit;
3095 1066 3206 1120 sive
3250 1066 3301 1120 in
3347 1067 3466 1122 solo
3511 1069 3723 1136 affectu,

2150 1161 2270 1201 cum
2305 1147 2406 1203 hoc
2432 1148 2620 1202 credit.
2664 1150 2794 1205 Nam
2823 1162 2877 1206 et
2920 1153 3007 1208 ille
3047 1154 3354 1223 publicanus
3377 1198 3392 1220 ,
3421 1157 3574 1227 cujus
3615 1161 3724 1214 sola

2147 1237 2233 1292 illa
2261 1240 2415 1294 verba
2451 1253 2863 1298 commemorata
2904 1255 3048 1308 sunt,
3081 1245 3312 1311 Domine,
3344 1251 3589 1318 pmpitius
3620 1265 3724 1305 esto

2146 1329 2270 1382 mihi
2314 1333 2566 1399 peccaturi
2608 1332 2758 1402 (an.
2800 1351 2910 1399 xvn,
2941 1352 3087 1404 xvnl,
3126 1338 3237 1409 15),
3280 1341 3376 1392 etsi
3425 1355 3527 1394 non
3571 1341 3722 1406 dixit,

2144 1420 2402 1486 Quoniam
2449 1421 2619 1476 bonus
2646 1433 2698 1480 et
2740 1425 3045 1480 miseriCors
3085 1443 3163 1492 es,
3199 1429 3281 1482 vel
3309 1430 3505 1500 aliquid
3538 1431 3722 1501 hujus-

2143 1510 2320 1578 modi;
2370 1528 2476 1566 non
2521 1526 2692 1568 latuen
2739 1516 2864 1569 illud
2904 1517 3123 1582 diceret,
3155 1520 3255 1573 nisi
3305 1519 3405 1576 hoc
3446 1523 3720 1588 crederet;

2143 1605 2389 1672 quoniam
2423 1621 2542 1659 cum
2573 1622 2669 1674 spe
2699 1609 2889 1674 oravit,
2915 1625 3033 1678 qua:
3063 1611 3176 1664 sine
3205 1611 3291 1664 illa
3323 1612 3426 1666 lide
3458 1629 3576 1668 esse
3614 1631 3719 1668 non

2141 1707 2339 1765 poSset.
2373 1697 2549 1751 Potest
2576 1714 2701 1767 ergo
2726 1714 2844 1753 esse
2871 1701 2984 1754 laus
3018 1701 3107 1755 Dei
3137 1718 3258 1757 vera
3289 1711 3342 1758 et
3372 1706 3476 1772 pia,
3497 1705 3581 1758 ubi
3615 1722 3718 1760 non

2140 1787 2497 1841 sitconlessio
2530 1797 2900 1857 peccatorum;
2946 1807 3065 1860 quae
3112 1793 3227 1846 laus
3275 1794 3440 1847 multo
3478 1795 3718 1850 crebrius

2140 1877 2191 1932 in
2225 1878 2512 1946 Scripturis
2538 1879 2803 1933 confessio
2830 1890 3080 1936 vocatur:
3113 1883 3256 1937 nulla
3287 1893 3369 1939 est
3397 1897 3573 1938 autem
3596 1902 3718 1954 pec‘

2137 1977 2376 2021 calorum
2421 1968 2687 2022 confessio
2729 1970 2809 2038 pia
2854 1980 2905 2024 et
2951 1971 3125 2034 utilis,
3173 1972 3259 2027 ubi
3314 1989 3418 2027 non
3470 1973 3718 2028 laudatur

2138 2058 2298 2124 Deus,
2320 2060 2430 2113 sive
2450 2059 2629 2121 corde,
2651 2061 2761 2113 sive
2787 2061 2945 2116 etiam
2968 2077 3062 2116 ore
3089 2070 3247 2131 atque
3275 2080 3539 2118 sermone.
3560 2064 3711 2130 Quod

2136 2160 2309 2204 autem
2327 2151 2618 2205 habentalii
2642 2152 2871 2215 codices,
2896 2153 3145 2219 Quoniam
3166 2153 3362 2218 bonus;
3383 2157 3468 2210 alii
3494 2156 3711 2222 habent,

2138 2241 2384 2308 Quoniam
2406 2243 2568 2296 suavis
2592 2259 2610 2296 :
2638 2245 2706 2297 ita
2738 2260 2897 2296 unum
2923 2245 3137 2298 verbum
3177 2261 3431 2315 graecum,
3459 2247 3598 2316 quod
3631 2248 3714 2300 tli-

2134 2334 2270 2386 citur
2298 2340 2511 2402 χρηστὸς,
2564 2332 2771 2387 diversa
2819 2336 3182 2404 interpretatio
3227 2346 3407 2391 secuta
3436 2346 3536 2391 cst.
3582 2338 3712 2392 Item

2133 2423 2271 2492 quod
2311 2422 2510 2477 dictum
2551 2432 2651 2484 cst,
2689 2424 2941 2490 Quoniam
2989 2427 3040 2479 in
3083 2425 3322 2480 sarculum
3372 2429 3712 2482 misericordia

2133 2515 2276 2585 ejus;
2317 2531 2520 2585 grtecus
2550 2516 2707 2570 habet
2737 2527 2801 2577 et,-
2829 2525 2908 2570 τὸν
2936 2527 3115 2583 αὶῶνα,
3149 2518 3288 2588 quod
3334 2529 3507 2588 potest
3549 2522 3710 2574 etiam

2132 2606 2182 2659 in
2207 2615 2445 2659 a’ternum
2479 2607 2835 2675 interpretari.
2870 2608 3097 2662 Proinde
3127 2610 3171 2662 si
3219 2610 3304 2663 illa
3347 2611 3710 2665 misericordia

2130 2695 2218 2750 hic
2246 2696 2573 2765 intelligitur,
2595 2713 2696 2766 qua
2727 2713 2884 2750 nemo
2903 2699 3017 2751 sine
3038 2697 3144 2753 Deo
3166 2699 3348 2752 beatus
3365 2715 3481 2754 esse
3504 2710 3706 2769 potest;

2129 2787 2318 2842 melius
2347 2789 2634 2856 accipimus
2673 2789 2726 2841 in
2759 2798 3037 2842 wternum:
3067 2790 3111 2842 si
3153 2798 3331 2843 autem
3377 2790 3463 2843 illa
3494 2803 3574 2844 est
3605 2792 3709 2844 mi-

2127 2881 2417 2935 sericordia
2449 2896 2566 2950 qua:
2596 2880 2806 2934 miseris
2829 2879 3130 2946 exhibetur,
3161 2889 3220 2933 ut
3246 2880 3326 2934 vel
3364 2883 3708 2936 consolentur

2127 2975 2178 3028 in
2225 2973 2457 3037 miseria,
2492 2973 2576 3027 vel
2607 2972 2673 3028 ab
2715 2972 2804 3026 illa
2849 2972 3009 3027 etiam
3055 2972 3380 3036 liberentur;
3434 2974 3624 3027 melius
3653 2975 3707 3026 in

2127 3065 2390 3129 siccatum,
2422 3064 2524 3118 hoc
2550 3075 2652 3131 est,
2686 3079 2850 3132 USqne
2879 3065 2931 3116 in
2959 3063 3116 3117 linem
3150 3064 3352 3128 s:eculi,
3385 3064 3435 3116 in
3464 3080 3568 3134 quo
3600 3080 3705 3119 non

2123 3158 2350 3212 deerunt
2380 3157 2558 3211 miseri
2591 3156 2785 3226 quibus
2813 3154 3178 3210 misericordia
3229 3155 3544 3224 praebeatur.
3591 3155 3704 3210 Nisi

2124 3246 2258 3302 forte
2283 3247 2402 3317 quis
2451 3249 2642 3301 audeat
2680 3246 2876 3310 dicere,
2919 3245 3079 3300 etiam
3126 3244 3208 3298 his
3239 3245 3326 3313 qui
3371 3245 3704 3299 damnabun-

2125 3348 2209 3393 tur
2234 3354 2353 3393 cum
2388 3338 2597 3392 diabolo
2626 3346 2681 3392 et
2720 3337 2921 3407 angelis
2965 3335 3101 3407 ejus,
3133 3337 3362 3406 aliquam
3397 3338 3702 3391 misericor-

2122 3428 2261 3483 diam
2299 3428 2387 3481 Dei
2421 3427 2638 3482 minime
2668 3427 2964 3483 defuturam
2992 3444 3006 3493 ;
3059 3443 3162 3481 non
3191 3442 3292 3496 qua
3320 3442 3383 3481 ex
3430 3426 3516 3480 illa
3547 3427 3703 3480 dam-

2121 3520 2334 3573 natione
2365 3519 2673 3584 liberentur,
2704 3518 2797 3573 sed
2826 3526 2886 3572 ut
2914 3518 2991 3572 eis
3017 3517 3350 3587 aliquatenus
3392 3518 3696 3588 mitigetur:

2119 3623 2277 3684 atque
2305 3614 2374 3667 ita
2405 3623 2657 3667 arternam
2694 3627 2851 3682 posse
2879 3612 3099 3682 intelligi
3148 3612 3239 3666 Dei
3278 3613 3696 3668 misericordiam

2120 3721 2280 3775 super
2305 3705 2514 3758 illorum
2545 3715 2796 3760 :cternam
2826 3702 3115 3758 miseriam.
3148 3702 3251 3758 Sed
3284 3702 3697 3758 tolerabiliorem

2119 3796 2375 3868 quosdam
2433 3803 2751 3862 excepturos
2797 3792 3191 3847 damnationem
3241 3793 3290 3845 in
3344 3793 3694 3861 quorumdam

2117 3888 2513 3960 comparatione
2553 3887 2816 3956 legimus;
2861 3885 3084 3954 alicujus
3132 3899 3257 3938 vero
3305 3884 3530 3952 mitigari
3579 3900 3696 3938 eam

2116 3984 2198 4036 eoi
2242 3990 2325 4036 est
2373 3980 2596 4033 traditus
2645 3993 2878 4047 pmnam,
2910 3977 2994 4030 vel
3041 3975 3355 4046 quibusdam
3408 3977 3696 4031 intervallis

2117 4071 2312 4125 habere
2341 4071 2569 4138 aliquam
2604 4082 2842 4138 pausam,
2870 4067 2989 4135 quis
3016 4065 3265 4119 audacter
3289 4063 3501 4128 dixerit,
3527 4081 3694 4134 quan‘

2111 4161 2396 4231 doquidem
2437 4174 2592 4212 uuam
2641 4157 2833 4212 stillam
2875 4156 3022 4211 dives
3060 4155 3147 4210 ille
3188 4171 3292 4210 non
3345 4156 3538 4210 meruit
3578 4155 3692 4228 (Id.

2116 4271 2226 4319 xvi,
2273 4251 2519 4324 2-5-26)?
2570 4250 2674 4306 Sed
2725 4249 2792 4304 de
2837 4249 2936 4304 hac
2980 4258 3120 4303 tanta
3169 4264 3228 4304 re
3281 4248 3581 4318 diligentius
3626 4266 3692 4305 ex

2113 4349 2224 4402 otio
2270 4343 2637 4401 disserendum
2685 4353 2802 4404 θείς
2850 4356 2991 4396 nunc
3034 4339 3174 4411 quod
3217 4340 3280 4393 ad
3331 4340 3486 4394 istum
3543 4343 3686 4410 psal-

2113 4453 2255 4493 mum
2287 4437 2499 4500 attinet,
2526 4433 2782 4488 hactenus
2803 4431 2870 4487 de
2891 4432 2979 4486 illa
2998 4431 3194 4486 dictum
3220 4445 3338 4486 esse
3366 4431 3652 4488 suffecerit.

2182 4533 2234 4587 ὅ.
2277 4528 2433 4602 [vrrs.
2464 4525 2544 4600 2.]
2588 4526 2713 4594 Quis
2740 4523 2964 4594 loquetur
3002 4524 3245 4596 potentias
3290 4521 3540 4578 Domini?
3583 4525 3690 4579 lm-

2111 4625 2286 4696 pletus
2315 4619 2740 4677 consideratione
2766 4617 3076 4686 jdiviuorum
3121 4630 3360 4685 operum,
3388 4615 3478 4683 qui
3527 4615 3689 4670 mise-

2107 4716 2389 4772 ricordiam
2420 4713 2532 4783 ejus
2562 4710 2820 4780 exposcit,
2853 4709 2999 4777 Quis,
3038 4709 3226 4778 inquit,
3255 4708 3484 4776 loquetur
3513 4717 3689 4774 poten-

2107 4812 2201 4864 tias
2233 4807 2453 4870 Domini,
2483 4804 2681 4857 auditas
2717 4803 2867 4872 faciet
2893 4818 3063 4856 omnes
3090 4800 3263 4854 laudes
3293 4799 3440 4867 eius?
3478 4797 3685 4853 Subauv

2109 4901 2360 4959 diendum
2406 4907 2489 4954 est
2532 4895 2672 4968 quod
2719 4911 2878 4966 supra
2926 4894 3124 4948 dictum
3155 4900 3254 4955 est,
3290 4899 3347 4943 ut
3388 4887 3543 4943 etiam
3587 4890 3684 4944 ista

2107 4993 2370 5050 sententia
2400 4991 2470 5046 ita
2497 4988 2565 5044 sit
2599 4989 2775 5060 plena,
2813 4987 2942 5056 Quis
2971 4984 3173 5037 auditas
3201 4982 3352 5051 faciet
3381 4996 3550 5033 omnes
3576 4981 3685 5035 lan-

2105 5085 2192 5140 des
2238 5082 2387 5155 ejus?
2434 5081 2484 5134 id
2536 5089 2636 5144 est,
2693 5076 2935 5147 quisnam
2985 5072 3208 5127 sufliciat
3255 5069 3462 5124 auditas
3508 5068 3683 5125 facere

2099 5164 2289 5233 'omnes
2311 5173 2492 5228 laudes
2512 5170 2663 5240 ejus?
2681 5170 2892 5222 Auditus
2915 5165 3082 5236 faciet,
3100 5163 3250 5227 dixit,
3274 5161 3324 5216 id
3341 5169 3422 5215 est
3440 5159 3613 5224 faciet,
3628 5172 3684 5217 ut

2097 5240 2418 5333 audiantur;
2466 5260 2755 5318 ostendens
2799 5259 2868 5312 ita
2917 5254 3208 5326 loquendas
3255 5253 3522 5322 potentias
3574 5252 3682 5306 Do-

2101 5361 2231 5416 mini
2257 5368 2311 5414 et
2335 5356 2517 5412 laudes
2542 5353 2676 5423 ejus,
2708 5359 2765 5405 ut
2802 5347 3159 5420 prmdicentur
3186 5343 3542 5399 audientibus.
3573 5342 3680 5398 Sed

2102 5453 2220 5525 quis
2249 5457 2423 5521 potest
2450 5443 2672 5502 omnes?
2703 5443 2782 5496 An
2815 5439 2950 5494 forte
2988 5438 3108 5508 quia
3136 5435 3398 5506 sequitur,
3429 5433 3570 5487 Beati
3597 5433 3682 5501 qui

2101 5543 2384 5598 custodiunt
2408 5537 2679 5611 judicium,
2703 5542 2751 5587 et
2788 5531 2981 5603 faciunt
3011 5529 3266 5600 justitiam
3294 5528 3346 5580 in
3383 5525 3520 5579 omni
3548 5532 3675 5576 tem-

2101 5652 2240 5707 pore,
2269 5647 2360 5688 eas
2389 5629 2520 5684 dixit
2560 5625 2742 5681 laudes
2784 5623 2921 5694 ejus,
2946 5636 3064 5692 qua:
3109 5619 3474 5686 intelliguntur
3517 5628 3676 5707 opera

2099 5705 2214 5799 ejus
2240 5727 2290 5780 in
2332 5720 2608 5794 praeceptis
2637 5717 2790 5788 cjuS?
2821 5715 2957 5770 Deus
2981 5721 3052 5767 est
3087 5711 3236 5775 enim,
3266 5710 3338 5762 ait
3368 5705 3674 5776 Apostolus,

2099 5825 2184 5896 qui
2209 5828 2444 5890 operatur
2473 5817 2524 5870 in
2563 5813 2716 5869 vobis.
2751 5811 2819 5866 Et
2847 5809 3044 5865 dictum
3072 5815 3152 5896 est
3193 5801 3378 5896 semini
3425 5799 3674 5896 Abraha‘,

2102 5891 2309 5974 tltnitatc
2335 5912 2400 5982 ci,
2425 5920 2466 5965 ct
2494 5906 2694 5980 psallite
2721 5905 2764 5959 ei
2783 5897 2954 5973 :quod
2983 5894 3338 5954 intelleximus
3364 5893 3430 5947 ita
3456 5891 3674 5955 dictum,
