4188 6452
609 456 744 512 ιιοι
1845 458 1900 514 ε.
1944 453 2263 510 aucusru

2193 451 2306 506 |‘lNl
2348 453 2652 516 EPISL‘OPI
3729 493 3847 552 “08

609 585 671 622 ac
698 571 742 624 si
786 569 1069 638 diceretur,
1104 574 1243 628 Bona
1275 577 1325 630 in
1356 576 1472 646 ejus
1510 575 1718 630 laudem
1746 587 1796 633 et
1825 577 2005 644 dicite,
2033 584 2086 631 et
2117 577 2191 631 la-

609 661 734 714 eite.
765 662 968 729 Quibus
1007 665 1214 720 duobus
1242 667 1438 732 verbis,
1470 669 1524 723 id
1558 679 1660 734 cst,
1689 673 1933 727 cantandi
1967 682 2020 728 et
2047 675 2190 744 psal-

611 752 772 814 lendi.
802 758 1091 812 convenire
1130 757 1264 815 duos
1291 774 1681 832 consequentes
1721 783 1924 835 versus,
1965 780 2022 824 ut
2049 771 2189 841 quod

605 844 801 898 dictum
851 857 952 914 est,
995 848 1219 906 Narrate
1265 856 1434 909 omnia
1477 858 1726 914 mirabilia
1768 862 1913 929 eius;
1957 865 2058 921 hoc
2101 867 2188 931 sit,

607 937 818 990 Cantate
841 941 928 993 ei:
962 943 1107 1011 quod
1131 960 1256 998 vero
1286 946 1484 1002 dictum
1515 960 1617 1017 est,
1655 951 1964 1010 Laudamini
2004 958 2056 1011 in
2095 975 2191 1012 no-

605 1028 738 1082 mine
763 1040 939 1085 sancto
965 1036 1076 1103 ejus
1111 1035 1276 1106 (Psal.
1303 1054 1403 1104 CIV,
1432 1041 1486 1106 ‘2,
1517 1043 1571 1114 5)
1593 1061 1605 1106 ;
1641 1045 1742 1100 hoc
1767 1048 1854 1114 sit,
1891 1048 2106 1104 Psallite
2123 1053 2188 1105 ei.

610 1121 742 1177 lluic
767 1124 961 1194 quippe
1007 1129 1196 1182 semini
1225 1131 1383 1186 etiam
1429 1134 1540 1202 ipse
1571 1136 1829 1193 Dominus
1873 1139 1994 1196 dicit
2026 1160 2039 1195 :
2080 1142 2189 1196 Lu-

605 1223 748 1266 ccant
778 1231 932 1285 opera
966 1227 1127 1271 vestra
1170 1236 1339 1274 coram
1381 1224 1684 1294 hominibus,
1726 1239 1780 1283 ut
1819 1230 2014 1285 videant
2059 1233 2191 1288 bona

605 1309 740 1374 facta
770 1316 953 1376 vestra,
978 1320 1030 1363 et
1061 1312 1345 1382 gloriﬁcent
1381 1315 1588 1372 Patrem
1614 1331 1827 1376 vestrum
1852 1325 1942 1393 qui
1977 1326 2029 1380 in
2054 1328 2190 1382 oculis

603 1407 675 1450 est
707 1396 931 1469 (Matt/r.
960 1417 1013 1466 ν,
1047 1403 1155 1468 16).
1192 1405 1286 1460 llic
1315 1424 1441 1478 ergo
1481 1411 1592 1480 ipsa
1627 1413 1719 1467 Dei
1752 1427 2014 1486 prtceepla
2056 1435 2188 1475 con—

607 1488 871 1553 siderans,
910 1509 1132 1561 quorum
1189 1512 1574 1570 prmceptonun
1625 1521 1786 1574 opera
1835 1508 2020 1564 [audes
2066 1523 2190 1566 sunt

603 1579 719 1646 ejus
747 1580 844 1650 qui
866 1594 1115 1652 operatur
1147 1587 1196 1640 in
1225 1589 1355 1650 suis,
1386 1592 1478 1654 ait,
1515 1593 1642 1660 Quis
1684 1597 1913 1666 loquetur
1943 1603 2187 1668 potentias

611 1668 866 1726 Domini?
899 1677 1146 1741 quoniam
1197 1677 1311 1734 lucc
1353 1681 1692 1740 incilitbilitcr
1737 1701 2009 1757 operatur.
2058 1693 2188 1760 Quis

607 1761 808 1817 auditas
823 1765 972 1834 faciet
993 1784 1164 1821 omnes
1183 1769 1356 1825 laudes
1386 1775 1535 1843 ejus?
1559 1776 1608 1830 id
1627 1787 1706 1832 est
1724 1781 1839 1849 quis
1860 1797 1980 1837 cum
2005 1785 2187 1840 audie-

609 1853 694 1918 rit,
727 1853 853 1910 facit
880 1871 1065 1912 omnes
1096 1859 1278 1915 laudes
1319 1864 1472 1932 ejus?
1499 1884 1616 1937 qua:
1645 1881 1768 1925 sunt
1798 1889 1955 1940 opera
1990 1891 2186 1944 praece-

605 1953 814 2011 ptorum
845 1946 978 2015 ejus.
1013 1949 1142 2017 Quia
1177 1953 1226 2007 in
1260 1965 1514 2024 quantum
1550 1960 1699 2028 ﬁunt,
1732 1965 1830 2019 etsi
1875 1983 1981 2021 non
2009 1971 2184 2024 omnia

601 2049 722 2101 qua:
760 2036 934 2090 audita
966 2049 1088 2092 sunt
1121 2042 1269 2105 liunt.
1307 2045 1393 2101 ille
1425 2048 1716 2106 laudandus
1745 2065 1844 2120 est,
1876 2058 1959 2127 qui
2001 2076 2185 2130 apera-

602 2133 684 2176 lur
703 2125 755 2178 in
781 2129 921 2181 nobis
949 2141 995 2183 et
1021 2131 1146 2185 velle
1169 2143 1216 2187 et
1238 2140 1457 2206 aperari,
1487 2158 1580 2211 pro
1606 2144 1736 2198 bona
1765 2125 2187 2221 voluntatell’hi-

602 2213 730 2284 lipp.
759 2231 819 2284 tt,
859 2218 969 2291 15).
1021 2221 1143 2278 Ideo
1182 2241 1301 2280 cum
1349 2240 1527 2298 posset
1557 2233 1754 2302 dicere,
1799 2237 1988 2295 Omnia
2029 2213 2182 2298 nian-

606 2305 726 2360 data
755 2309 890 2378 ejus,
919 2313 1024 2379 vel,
1057 2319 1233 2372 omnia
1265 2335 1425 2390 Opera
1471 2325 1840 2385 mandatorum
1872 2332 2018 2403 ejus;
2069 2351 2185 2390 ma-

604 2400 702 2454 luit
729 2401 928 2472 dicere,
955 2407 1129 2464 laudes
1155 2413 1262 2482 ejus
1287 2429 1306 2467 :
1333 2416 1477 2484 quia,
1509 2428 1565 2472 ut
1589 2421 1787 2476 dictum
1818 2400 1918 2488 est,
1941 2426 1992 2480 in
2011 2445 2182 2497 quan-

603 2503 713 2547 tum
760 2494 912 2561 ﬁunt,
944 2499 1055 2568 ipse
1087 2503 1381 2563 laudandus
1420 2520 1521 2565 εει.
1567 2513 1708 2581 Quas
1757 2525 1932 2574 tamen
1978 2494 2180 2590 laudes,

599 2585 843 2654 quisnam
876 2592 1079 2648 sul'licit
1121 2596 1328 2652 auditas
1355 2599 1571 2660 facere?
1619 2606 1670 2661 id
1699 2619 1800 2674 est,
1831 2629 1952 2668 cum
1989 2615 2184 2674 audita:

600 2674 816 2745 fuerint,
849 2679 1026 2742 facere
1050 2700 1235 2743 omnes
1261 2692 1379 2761 quis
1405 2705 1490 2749 est
1518 2696 1786 2757 idoneus?

669 2770 724 2824 4.
767 2770 935 2843 [vers.
968 2777 1064 2850 5.]
1102 2779 1247 2836 Beati
1273 2786 1360 2855 qui
1391 2791 1679 2847 custodiunt
1705 2797 1994 2866 judicium,
2025 2812 2071 2855 et
2097 2807 2180 2872 {a-

597 2860 734 2914 ciunt
754 2863 1007 2932 justitiam
1035 2870 1086 2922 in
1111 2875 1245 2927 omni
1274 2885 1496 2948 tempore
1521 2898 1539 2935 :
1571 2885 1749 2954 utique
1773 2904 1836 2943 ex
1866 2906 1971 2960 quo
1999 2893 2182 2963 incipi-

602 2959 697 3005 unt
729 2961 783 3007 et
820 2954 1002 3012 vivunt
1043 2960 1095 3014 in
1136 2971 1394 3034 tempore.
1439 2971 1539 3039 Qui
1581 2976 1721 3030 enim
1765 2987 2183 3048 perseveraverit

598 3060 768 3114 usque
799 3048 849 3102 in
882 3049 1037 3106 linem
1063 3096 1077 3118 ,
1112 3055 1196 3111 hic
1223 3059 1400 3116 salvus
1429 3064 1530 3118 erit
1563 3065 1785 3136 (Matth.
1814 3089 1842 3125 ιι
1875 3115 1890 3139 ,
1919 3075 2046 3144 22).
2076 3077 2179 3132 Po-

604 3146 709 3192 test
753 3149 928 3196 aulcm
976 3145 1142 3201 videri
1183 3149 1418 3218 ejusdem
1461 3161 1741 3216 sententia:
1789 3167 2071 3233 repetitio,
2125 3181 2179 3224 ut

583 3227 703 3304 hoc
733 3232 801 3286 sit
831 3234 1002 3292 facere
1023 3239 1318 3315 justitiam,
1337 3250 1474 3318 quod
1495 3263 1576 3307 est
1597 3258 2136 3330 eustodirejudicium
2164 3285 2175 3318 :

602 3323 846 3379 utetiam
895 3328 944 3381 in
988 3334 1262 3401 superiore
1306 3354 1466 3396 versu
1510 3345 1890 3417 subaudiatur,
1943 3356 1995 3408 in
2043 3361 2178 3411 omni

599 3421 856 3480 tempore;
906 3419 1042 3475 sicut
1086 3423 1139 3477 in
1183 3433 1480 3495 posteriore
1520 3437 1872 3508 subauditur,
1916 3445 2087 3511 beati;
2126 3459 2178 3504 et

602 3505 822 3562 redditis
873 3526 993 3580 qtae
1034 3515 1460 3589 subaudiuntur,
1502 3526 1572 3580 ita
1608 3529 1812 3585 dicatur
1835 3505 1865 3597 ,v
1901 3535 2044 3590 Beati
2092 3542 2178 3603 qui

592 3596 880 3651 custodiunt
901 3601 1150 3668 judicium
1182 3607 1233 3660 in
1275 3613 1418 3664 ontni
1465 3623 1701 3685 tempore
1725 3662 1740 3685 ,
1782 3596 1923 3678 beati
1962 3628 2048 3695 qui
2090 3635 2174 3699 [a-

591 3686 729 3740 ciunt
745 3689 995 3759 justitiam
1025 3694 1076 3748 in
1106 3699 1242 3752 omni
1268 3711 1505 3771 tempore.
1526 3706 1628 3763 Sed
1659 3712 1754 3766 nisi
1785 3714 1979 3784 aliquid
2008 3718 2173 3774 inter-

590 3788 733 3833 t'ssct
779 3781 920 3837 inter
950 3784 1204 3854 judicium
1235 3802 1285 3846 et
1311 3792 1567 3859 jUslitiam
1593 3842 1606 3864 ,
1633 3818 1736 3856 non
1764 3807 1815 3858 ιιι
1845 3807 1948 3861 alio
1970 3812 2173 3878 psalmo

591 3862 893 3939 diceretur,
937 3876 1206 3950 Quousque
1234 3885 1436 3950 justitia
1475 3904 1788 3949 convertatur
1832 3899 1884 3953 in
1917 3903 2171 3972 judicium

590 3967 606 4030 (
639 3963 784 4030 Psal.
814 3983 936 4022 xcnt
964 4010 978 4035 ,
1010 3971 1076 4026 l5
1103 3971 1142 4042 ).
1175 3978 1331 4030 Amat
1358 3981 1567 4048 quidem
1597 3984 1864 4058 Scriptura
1891 3963 2034 4057 ,vista
2064 3996 2170 4052 duo

589 4056 746 4109 simul
778 4075 975 4126 ponere
1009 4079 1022 4116 :
1055 4063 1205 4118 siculi
1234 4077 1315 4122 cst
1343 4111 1356 4134 ,
1385 4069 1594 4128 Iustitia
1612 4085 1660 4130 et
1673 4078 1926 4146 judicium
1963 4084 2168 4140 directio

585 4149 719 4202 sedis
759 4152 868 4220 ejus
913 4153 1099 4224 (Psal.
1153 4175 1274 4214 xcvi
1299 4201 1313 4226 ,
1344 4163 1378 4214 ‘2.
1405 4165 1461 4233 );
1509 4177 1562 4221 et
1607 4169 1734 4224 illud
1759 4213 1772 4236 ,
1815 4193 1833 4225 ι
1871 4175 1937 4231 Ει
1976 4178 2168 4234 educet

587 4242 719 4294 sicut
751 4243 928 4300 lumen
960 4248 1214 4312 justitiam
1249 4263 1389 4308 tuam
1416 4297 1428 4314 .
1457 4267 1514 4312 et
1552 4260 1806 4327 judicium
1849 4276 1993 4322 tuum
2031 4271 2166 4325 sicut

587 4333 860 4388 meridiem
889 4356 904 4386 ι
940 4338 1128 4408 (Psal.
1160 4359 1318 4398 xxxvi
1344 4387 1358 4411 ,
1404 4349 1435 4402 ϐ
1458 4349 1476 4418 )
1502 4366 1516 4411 ;
1562 4367 1680 4406 cum
1708 4365 1761 4408 ct
1792 4356 1899 4412 illic
1926 4359 2162 4427 ejusdem

587 4426 866 4478 sententia:
892 4432 1136 4496 repetitio
1159 4434 1416 4491 videatur.
1449 4439 1511 4494 Et
1538 4441 1766 4500 fortasse
1793 4458 2007 4517 propter
2036 4455 2165 4508 vici-

588 4517 807 4573 nitatem
835 4521 1235 4592 signiﬁcationis
1263 4530 1421 4584 etiam
1449 4532 1674 4589 alterum
1714 4553 1807 4605 pro
1847 4539 2014 4594 altero
2040 4547 2162 4612 poui

586 4623 755 4676 potest
785 4655 799 4678 ,
858 4616 935 4668 vel
981 4617 1236 4684 judicium
1280 4639 1376 4692 pro
1409 4624 1611 4693 jttstitia
1637 4670 1651 4692 ,
1697 4631 1781 4684 vel
1818 4631 2019 4701 justitia
2069 4653 2163 4706 pro

575 4703 777 4772 judicio
806 4724 817 4759 :
853 4715 1026 4764 tamen
1056 4716 1096 4764 si
1135 4715 1343 4782 proprie
1372 4715 1616 4772 dicantur
1637 4760 1653 4786 ,
1681 4722 1876 4792 aliquid
1905 4703 2162 4784 interesse

581 4812 685 4850 non
715 4798 898 4854 dubito
921 4842 936 4865 ,
969 4811 1025 4856 ut
1047 4803 1305 4871 judicium
1337 4809 1604 4864 custodire
1634 4812 1840 4868 dicatur
1885 4818 1974 4888 qui
2017 4831 2161 4876 recte

575 4887 814 4956 judieat,
859 4893 1117 4960 juStitiatn
1163 4912 1288 4950 vero
1329 4898 1501 4954 facere
1547 4904 1634 4971 qui
1685 4917 1829 4962 recte
1876 4909 2002 4979 agit.
2051 4912 2159 4969 Nec

576 4981 807 5039 absurde
836 4986 1086 5042 existimo
1137 4989 1355 5061 intelligi
1400 4994 1693 5049 secundum
1736 4997 1861 5052 illud
1898 5002 2038 5070 quod
2074 5004 2155 5057 di-

577 5082 720 5127 ctum
752 5086 835 5130 est
857 5117 872 5142 ,
907 5077 1172 5150 Quousque
1191 5083 1393 5152 justitia
1427 5096 1740 5140 convertatur
1782 5090 1832 5143 in
1860 5092 2153 5160 judicium,

575 5167 734 5220 etiam
762 5167 847 5224 hic
870 5187 962 5226 eos
1001 5172 1171 5229 dictos
1209 5177 1392 5232 beatos
1431 5179 1518 5248 qui
1549 5180 1806 5250 judicium
1851 5186 2159 5243 custodiunt

580 5258 629 5310 in
661 5258 761 5312 lide
787 5299 800 5323 ,
824 5260 1079 5329 justitiam
1110 5267 1306 5322 iaciunt
1333 5272 1384 5323 in
1412 5286 1592 5340 opere.
1627 5272 1811 5329 Veniet
1847 5278 1988 5332 enim
2021 5287 2156 5334 tem-

578 5372 675 5414 pus
703 5366 757 5406 ut
780 5357 1034 5420 judicium
1059 5361 1199 5430 quod
1235 5365 1392 5419 modo
1415 5368 1710 5423 custoditur
1741 5370 1792 5424 in
1823 5372 1925 5427 lide
1951 5415 1965 5439 ,
1990 5375 2150 5429 etiam

572 5454 884 5502 exerceatur
915 5448 965 5501 in
995 5466 1154 5518 opere
1177 5493 1192 5517 ,
1224 5470 1343 5508 eum
1369 5457 1570 5524 justitia
1609 5476 1864 5517 conversa
1896 5465 2053 5520 fuerit
2095 5467 2147 5521 in

567 5536 860 5607 judicium,
906 5538 956 5593 id
1001 5549 1121 5604 est,
1162 5557 1281 5597 cum
1324 5550 1625 5614 acceperint
1657 5551 1783 5620 justi
1832 5565 2146 5624 potestatem

565 5627 834 5695 judicaudi
865 5644 956 5684 eos
984 5640 1127 5685 recte
1150 5672 1163 5697 ,
1194 5647 1220 5685 a
1251 5634 1443 5704 quibus
1474 5638 1629 5693 modo
1679 5658 1780 5696 non
1819 5654 1963 5699 recte
2003 5645 2143 5712 judi-

567 5730 771 5774 cantur.
804 5720 956 5778 Unde
989 5724 1114 5778 alibi
1152 5725 1321 5794 ipsum
1365 5742 1558 5799 corpus
1599 5732 1796 5788 Christi
1834 5736 2142 5806 intelligitur

566 5838 575 5862 ι
605 5817 741 5870 icere
769 5859 780 5880 ,
818 5817 939 5869 Cum
969 5836 1205 5890 accepero
1247 5832 1439 5890 tempus
1467 5866 1479 5887 ,
1519 5841 1610 5893 ego
1645 5828 1872 5895 justitia:
1899 5829 2143 5897 jutliealw

560 5910 580 5979 (
612 5909 749 5963 l'sat.
789 5926 966 5980 Utle,
1003 5915 1034 5968 5
1062 5916 1097 5984 ).
1134 5915 1211 5982 Qu
1240 5919 1282 5970 'd
1318 5916 1531 5973 rubum
1563 5933 1590 5975 c
1616 5919 1774 5976 verbo
1809 5923 1974 5992 magis
2000 5921 2142 5979 dice-

2298 579 2444 626 retur
2466 615 2482 641 ,
2512 575 2810 648 eliquitates
2841 584 3110 652 judicabo.
3162 591 3281 646 Non
3316 607 3489 652 autem
3537 601 3702 672 dixit,
3731 609 3844 664 Cum

2296 677 2554 734 accepero
2579 678 2806 741 tempus,
2815 674 3282 743 justitiamiaciam
3300 699 3316 749 ;
3338 688 3608 756 quia'omui
3633 702 3847 764 tempore

2300 753 2539 812 iacienda
2569 771 2651 815 est
2674 804 2689 828 ,
2717 764 2855 820 sicut
2882 767 3042 824 etiam
3073 770 3159 827 hic
3189 773 3315 830 dicit
3342 753 3368 844 ,ν
3389 778 3484 844 Qui
3507 753 3848 858 faciunt-iusti-

2299 847 2421 901 tiam
2443 850 2496 904 in
2518 854 2654 907 οηιηὶ
2679 864 2918 929 tempore.

2369 939 2422 995 5.
2465 939 2636 1014 [vers.
2661 947 2699 1001 4
2718 989 2733 1012 ,
2767 948 2820 1003 5.
2850 948 2879 1024 ]’
2911 951 3112 1010 Deinde
3135 998 3151 1022 ,
3192 958 3312 1029 quia
3340 960 3478 1019 Deus
3500 965 3775 1041 jnstilieat,
3805 977 3855 1030 id"

2297 1038 2381 1084 est
2404 1072 2419 1098 ,
2443 1031 2623 1100 justus-
2649 1035 2813 1107 l'acit,
2843 1045 3080 1100 sanando
3103 1061 3198 1102 eos
3232 1050 3299 1106 ab
3339 1031 3693 1124 iniquitatibus
3715 1031 3811 1118 stiis
3830 1107 3844 1131 ,

2297 1125 2539 1192 sequitur
2567 1129 2737 1184 oratio
2760 1172 2775 1196 ,
2808 1131 3059 1191 Memento
3092 1141 3290 1206 nostri,
3333 1142 3586 1214 Domine,
3628 1151 3678 1205 in
3718 1154 3843 1210 bene-

2298 1214 2485 1283 placito
2509 1219 2684 1289 poruli
2706 1222 2824 1276 tui':
2856 1224 2905 1278 id
2931 1235 3051 1293 est,
3088 1241 3144 1284 ut
3174 1233 3224 1285 in
3265 1234 3344 1288 eis
3385 1236 3550 1292 simus
3592 1241 3643 1294 in
3681 1246 3846 1311 quibus

2295 1306 2686 1379 beneplacitum
2714 1326 2795 1371 est
2823 1318 2913 1372 tibi
2941 1338 2954 1384 ;
2983 1323 3103 1392 quia
3133 1341 3237 1380 non
3271 1327 3321 1382 in
3347 1332 3594 1388 omnibus
3633 1306 3728 1391 illis
3766 1339 3843 1395 be-

2295 1402 2618 1471 neplaeitum
2646 1415 2728 1460 est
2751 1407 2880 1464 Deo.
2921 1410 3080 1467 Visita
3108 1432 3198 1469 nos
3220 1418 3270 1472 in
3291 1420 3502 1475 salutari
3524 1432 3626 1478 tuo.
3657 1425 3761 1497 Ipse
3780 1443 3848 1486 est

2294 1494 2436 1548 enim
2469 1495 2714 1552 Salvator
2737 1539 2750 1564 ,
2784 1502 2835 1555 in
2859 1518 2966 1571 quo
2993 1515 3205 1572 peccata
3236 1509 3574 1569 dimittuntur
3594 1556 3608 1580 ,
3656 1494 3705 1572 ει
3746 1525 3844 1574 ani-

2293 1601 2396 1638 mae
2424 1599 2678 1644 sanantur
2706 1632 2718 1654 ,
2748 1601 2806 1646 ut
2837 1595 3041 1662 possint
3075 1600 3344 1656 custodire
3373 1601 3629 1671 judicium
3655 1648 3667 1670 .
3705 1619 3754 1664 et
3787 1611 3842 1664 la-

2291 1691 2418 1731 cere
2452 1679 2754 1750 justitiam;
2793 1701 2927 1754 quos
2965 1702 3084 1741 cum
3125 1690 3309 1747 beatos
3359 1709 3480 1750 esse
3527 1697 3847 1769 intelligerent

2290 1768 2379 1837 qui
2428 1768 2541 1824 lucc
2580 1771 2905 1842 loquuntur,
2954 1777 3054 1832 hoc
3101 1780 3200 1835 sibi
3243 1796 3632 1854 consequenter
3671 1793 3847 1845 orando

2291 1868 2498 1928 petunt.
2529 1861 2608 1917 De
2639 1862 2741 1917 isto
2768 1866 3358 1928 salutarialibi-dicitur
3382 1917 3396 1942 ,
3426 1875 3494 1931 Ut
3518 1894 3846 1950 cognoscamus

2289 1949 2343 2002 in
2395 1960 2527 2005 terra
2576 1954 2705 2007 viam
2747 1965 2882 2010 tuam
2907 1974 2926 2013 :
2967 1970 3021 2015 et
3068 1965 3216 2032 quasi
3264 1982 3636 2036 quaereremus-
3673 1973 3718 2027 in
3759 1991 3844 2044 qua

2295 2049 2437 2095 terra
2462 2086 2476 2110 ,
2523 2056 2734 2102 secutus
2779 2059 2860 2104 est
2884 2092 2899 2117 ,
2941 2050 3007 2106 In
3041 2056 3279 2113 onmibus-
3309 2061 3581 2130 gentibus;
3624 2081 3842 2134 rursum,

2299 2134 2450 2203 quasi
2481 2153 2840 2204 quaareremus
2861 2159 3016 2211 quam
3040 2146 3177 2200 viam
3204 2189 3217 2212 ,
3249 2161 3466 2206 secutus
3493 2162 3575 2207 est
3597 2197 3612 2220 ,
3635 2155 3846 2212 Salutius

2291 2232 2431 2277 tuum
2464 2226 2481 2297 (
2511 2225 2653 2282 I’sal.
2688 2246 2844 2299 m1,
2877 2235 2911 2286 5
2937 2237 2973 2302 ).
3007 2237 3078 2291 De
3114 2239 3204 2292 illo
3248 2243 3440 2312 quippe
3488 2245 3618 2299 dixit
3657 2247 3842 2304 Sitnenu

2289 2329 2453 2370 senex
2477 2359 2490 2379 ,
2553 2318 2804 2384 Quoniam
2862 2325 3087 2379 viderunt
3135 2331 3266 2383 oculi
3321 2334 3416 2386 mei
3464 2337 3683 2390 salutare
3726 2348 3845 2392 tuum

2291 2404 2460 2477 (Luc.
2511 2425 2584 2474 ιι,
2614 2411 2682 2466 '50
2711 2413 2748 2481 );
2803 2415 2892 2483 qui
2938 2415 3006 2472 de
3049 2419 3226 2488 scipso
3269 2421 3440 2491 dixit,
3494 2424 3604 2495 Ego
3643 2445 3744 2482 sum
3781 2431 3844 2483 via

2289 2496 2487 2567 (Joan.
2519 2516 2625 2564 xiv,
2661 2504 2693 2556 6
2714 2502 2758 2574 ).
2799 2503 2957 2559 Visita
2989 2523 3115 2577 etgo
3157 2528 3246 2564 nos
3275 2513 3326 2566 in
3364 2515 3582 2569 salutari
3621 2527 3735 2583 tuo,
3761 2520 3844 2575 hoc

2289 2598 2371 2642 est
2395 2630 2407 2652 ,
2443 2590 2494 2644 in
2522 2591 2735 2647 Christo
2767 2604 2878 2650 tuo.
2901 2598 2980 2650 Ad
3001 2599 3266 2656 videndum
3289 2605 3338 2656 in
3365 2604 3589 2661 bonitate
3607 2609 3842 2664 electorum

2289 2690 2489 2734 tuorum
2516 2725 2530 2746 ,
2564 2685 2632 2736 ad
2656 2687 2932 2742 (celandum
2959 2691 3009 2744 in
3034 2691 3206 2746 la'titia
3229 2698 3391 2766 gentis
3411 2707 3519 2753 tua
3539 2717 3559 2754 :
3587 2701 3636 2756 id
3659 2711 3761 2766 est,
3787 2705 3840 2758 ad

2289 2769 2390 2826 hoc
2421 2789 2517 2827 nos
2546 2775 2695 2830 visita
2731 2777 2780 2830 in
2812 2780 3028 2836 salutari
3058 2792 3146 2837 tuo
3170 2825 3184 2850 ,
3217 2795 3283 2840 ιιισ
3304 2788 3586 2847 videamus
3626 2793 3674 2847 in
3715 2795 3842 2849 boui-

2290 2871 2394 2918 tate
2421 2866 2711 2922 electorum
2739 2878 2986 2938 tuorum,
3019 2881 3071 2927 et
3096 2874 3337 2932 la-temur
3374 2880 3426 2934 in
3485 2881 3668 2938 laetitia
3693 2887 3842 2959 gentis

2289 2964 2410 3008 tute.
2443 2956 2595 3024 Quod
2623 2969 2800 3014 autent
2831 2960 2916 3016 hic
2959 2965 3184 3033 positum
3225 2977 3346 3036 est,
3386 2971 3439 3024 in
3489 2956 3734 3046 bonitate;
3770 2977 3839 3030 alii

2286 3047 2496 3104 codices
2524 3049 2758 3119 habent,
2803 3053 2855 3106 in
2889 3059 3176 3114 suavitate:
3221 3061 3359 3117 sicut
3402 3064 3577 3132 illud,
3625 3068 3841 3134 Quoniam

2285 3137 2484 3201 bonus;
2510 3139 2601 3194 alii
2630 3141 2860 3210 habent,
2897 3146 3146 3212 Quantam
3183 3158 3368 3208 suavis.
3418 3153 3654 3227 ldipsum
3689 3169 3840 3214 autem

2286 3230 2505 3284 verbum
2535 3232 2585 3286 in
2613 3250 2787 3308 grtL-eo
2811 3245 2893 3290 εει
2914 3278 2930 3304 ,
2959 3239 3097 3308 quod
3125 3252 3178 3295 et
3205 3243 3329 3297 alibi
3360 3243 3561 3316 legitur
3581 3289 3596 3316 ,
3627 3247 3840 3302 Dominus

2284 3322 2418 3375 dabit
2441 3325 2730 3379 suavitatem
2759 3326 2777 3396 (
2802 3326 2949 3382 Psal.
2986 3346 3202 3398 Lxxxn',
3225 3334 3334 3405 l5)
3365 3352 3378 3387 :
3409 3352 3573 3407 quam
3613 3348 3662 3396 et
3698 3340 3834 3408 aliqui

2282 3418 2612 3485 interpretali
2642 3429 2768 3473 sunt
2792 3419 3084 3477 bonitatem
3104 3466 3119 3490 ,
3147 3424 3305 3495 aliqui
3330 3427 3723 3502 benignitatem.
3745 3432 3832 3487 Sed

2281 3506 2405 3576 quid
2438 3518 2519 3561 est
2543 3550 2558 3575 ,
2598 3508 2757 3563 Visita
2785 3527 2878 3565 nos
2897 3553 2911 3577 ,
2935 3523 2988 3566 ut
3009 3515 3270 3572 videamus
3283 3519 3335 3572 in
3357 3520 3584 3578 bonitate
3596 3525 3830 3578 electorum

2280 3608 2519 3666 tuorum,
2549 3602 2599 3656 id
2623 3609 2706 3656 est
2728 3645 2742 3669 ,
2775 3604 2836 3657 in-
2855 3619 2916 3658 ea
2947 3603 3181 3662 bonitate
3223 3625 3383 3680 quam
3419 3624 3638 3683 praestas
3675 3615 3830 3670 electis

2280 3689 2422 3756 tuis;
2455 3692 2556 3746 nisi
2589 3701 2649 3746 ut:
2673 3708 2776 3749 non
2812 3711 3183 3752 remaneamus
3211 3703 3334 3754 caeci
3359 3742 3374 3768 ,
3407 3704 3547 3759 sicut
3569 3705 3640 3760 illi
3664 3706 3828 3776 quibus

2276 3782 2476 3838 dictmn
2501 3793 2583 3840 est
2613 3805 2626 3841 :
2656 3784 2807 3841 Nunc
2832 3799 3000 3842 autent
3024 3790 3218 3857 dicitis,
3246 3792 3380 3859 Quia
3399 3796 3658 3862 videmus;
3679 3813 3828 3868 pecca-

2275 3883 2380 3928 tum
2427 3885 2642 3930 vestrum
2681 3888 2844 3932 manet
2882 3878 3083 3952 (Joan.
3118 3897 3174 3936 ιχ
3203 3923 3219 3950 ,
3249 3883 3310 3938 ll
3338 3881 3385 3956 j?
3425 3883 3673 3942 Dominus
3706 3887 3826 3941 enim

2274 3965 2527 4019 illuntinat
2551 3984 2707 4022 ca'cos
2736 3970 2755 4041 (
2779 3969 2922 4024 Psat.
2947 3985 3109 4039 chv,
3137 3972 3237 4043 8),
3267 3991 3371 4028 non
3393 3979 3600 4033 meritis
3628 3994 3790 4035 eorum
3811 4018 3824 4042 ,

2273 4059 2367 4113 sed
2397 4060 2448 4112 in
2476 4061 2692 4114 bonitate
2709 4062 2977 4117 electorum
3005 4081 3211 4118 suorum
3236 4107 3251 4134 ,
3286 4066 3344 4122 id
3365 4077 3450 4123 est
3474 4109 3490 4136 ,
3520 4086 3670 4140 quam
3694 4069 3824 4124 exhi-

2277 4151 2365 4205 bet
2393 4151 2473 4206 γει
2503 4152 2665 4206 donat
2689 4153 2876 4209 electis
2921 4157 3076 4210 suis:
3123 4161 3261 4212 sicut
3308 4159 3469 4214 Salus
3512 4160 3668 4215 vultus
3709 4161 3822 4223 mei,

2274 4259 2377 4298 non
2404 4261 2432 4298 a
2461 4246 2664 4313 meipso
2688 4288 2704 4312 ,
2750 4247 2842 4301 sed
2887 4247 3024 4304 Deus
3059 4267 3197 4305 meus
3235 4251 3254 4324 (
3281 4250 3428 4305 Psat.
3476 4269 3581 4315 χιιι
3606 4294 3620 4320 ,
3655 4252 3739 4324 5);
3781 4262 3825 4305 ει

2271 4356 2450 4408 panem
2476 4350 2698 4394 nostrum
2721 4340 2946 4396 dicimus
2971 4344 3320 4412 quotidianum
3343 4387 3358 4412 ,
3384 4347 3480 4402 sed
3505 4357 3673 4402 tamen
3696 4345 3824 4400 addi-

2271 4450 2389 4487 mus
2412 4475 2425 4497 ,
2458 4435 2525 4487 da
2547 4434 2688 4488 nobis
2715 4433 2735 4505 (
2761 4433 2946 4488 Matth.
2979 4451 3071 4501 vt,
3103 4437 3167 4491 ll
3198 4436 3236 4505 )-.
3297 4436 3458 4492 Visita
3498 4454 3626 4509 ergo
3663 4454 3745 4493 nos
3779 4440 3822 4490 in

2267 4529 2481 4582 salutari
2509 4541 2594 4581 tuo
2618 4570 2633 4592 ,
2664 4529 2732 4581 ad
2773 4527 3037 4581 videndum
3061 4570 3076 4592 ,
3119 4528 3169 4582 id
3213 4537 3296 4584 est
3337 4538 3396 4584 ιιι
3440 4531 3736 4594 videamus,
3776 4529 3820 4580 in

2268 4619 2486 4674 bonitate
2513 4619 2778 4674 electorum
2823 4631 3056 4685 tuorum;
3097 4619 3166 4673 ad
3209 4619 3488 4675 latendum
3510 4664 3525 4687 ,
3569 4621 3621 4676 id
3660 4629 3736 4675 est
3775 4627 3821 4671 ιιι

2268 4713 2512 4768 lzctcmur
2531 4753 2547 4780 ,
2578 4714 2630 4767 in
2657 4712 2828 4767 lwtitia
2855 4713 3016 4783 gentis
3042 4723 3159 4766 tuaz.
3197 4711 3366 4768 Unam
3395 4724 3606 4784 gentem
3643 4712 3725 4768 Dei
3749 4711 3816 4764 iu-

2267 4805 2509 4874 telligere
2547 4801 2805 4859 debemus
2852 4805 3160 4858 universum
3201 4819 3384 4860 semen
3434 4805 3696 4868 Abrahae;
3738 4801 3815 4856 sed

2267 4899 2402 4953 lilius
2432 4897 2838 4968 promissionis,
2882 4913 2986 4952 non
3035 4898 3232 4952 carnis.
3297 4899 3358 4952 lli
3404 4915 3569 4969 ergo,
3617 4909 3814 4996 quorum

2266 5006 2370 5044 vox
2397 5001 2478 5045 est
2503 5031 2517 5055 ,
2549 4997 2736 5058 aptant
2762 4987 3003 5059 ejusdem
3043 4989 3216 5059 gentis
3258 4988 3454 5045 habere
3496 4989 3733 5044 la-titiain.
3761 4984 3810 5037 Et

2263 5099 2381 5154 qua:
2410 5083 2567 5154 hujus
2590 5083 2765 5153 gentis
2790 5084 2970 5138 Iustitia
2996 5126 3011 5149 ,
3036 5083 3135 5138 nisi
3165 5084 3306 5138 Deus
3331 5083 3488 5154 ejus?
3509 5083 3600 5138 Cui
3623 5081 3809 5136 dicitur.

2268 5196 2286 5229 ι
2325 5176 2622 5232 Exsultatio
2652 5191 2768 5230 mea
2790 5217 2804 5240 ,
2837 5175 3041 5231 redime
3065 5189 3151 5232 me
3182 5194 3200 5228 ι
3232 5175 3251 5247 (
3277 5173 3422 5230 Psal.
3449 5191 3574 5230 xxxi
3599 5215 3612 5239 ,
3641 5174 3669 5226 7
3691 5172 3709 5241 )
3733 5190 3742 5222 :
3765 5177 3811 5220 et

2261 5270 2345 5323 cui
2373 5267 2567 5322 dicitur
2591 5309 2606 5330 ,
2643 5285 2662 5318 ι
2695 5266 2971 5336 Signatum
2999 5274 3081 5321 est
3105 5281 3267 5337 super
3300 5281 3399 5322 nos
3441 5267 3618 5321 lumen
3658 5262 3807 5317 vultus

2262 5360 2334 5414 tui
2365 5401 2378 5424 ,
2409 5359 2630 5413 Domine
2655 5374 2668 5422 ;
2699 5357 2890 5413 dedisti
2919 5357 3155 5413 laetitiam
3178 5357 3231 5413 in
3270 5373 3364 5414 cor
3409 5372 3583 5412 meum
3615 5351 3659 5425 ι(
3685 5350 3803 5405 Psal.

2259 5467 2330 5515 iv,
2359 5451 2388 5504 7
2416 5455 2456 5520 );
2483 5465 2692 5504 summu
2723 5449 2964 5514 scilicet,
2991 5464 3122 5504 vero
3142 5491 3156 5516 ,
3188 5447 3599 5506 incommutabili
3627 5454 3677 5501 et
3698 5445 3805 5498 bea-

2258 5545 2400 5598 tiﬁco
2432 5543 2570 5598 bono
2593 5583 2607 5608 ,
2641 5542 2780 5613 quod
2807 5544 2919 5612 ipse
2948 5542 3090 5597 Deus
3117 5551 3218 5598 est.
3251 5543 3318 5598 Ut
3343 5541 3560 5598 lauderis
3583 5553 3686 5593 cum

2257 5633 2465 5688 tcditate
2491 5641 2597 5686 tua.
2626 5632 2788 5686 Miror
2817 5633 2974 5686 istum
3001 5647 3216 5687 versura
3248 5633 3325 5689 sic
3353 5635 3734 5723 interpretatum
3751 5637 3798 5723 ut

2255 5726 2436 5783 multis
2463 5741 2582 5781 esse
2607 5725 2881 5781 codicibus
2906 5765 2920 5790 ,
2951 5741 3071 5781 cum
3101 5728 3168 5781 sit
3215 5743 3316 5781 una
3353 5736 3508 5795 atque
3543 5719 3712 5777 eadem
3750 5729 3793 5766 III

2257 5821 2422 5874 tribus
2454 5818 2534 5874 his
2573 5818 2814 5870 versibus
2858 5833 3027 5883 grtcea
3071 5818 3265 5870 locutio
3294 5860 3308 5880 ,
3351 5826 3404 5870 ιιι
3445 5815 3486 5867 si
3533 5813 3627 5866 hoc
3666 5815 3790 5906 Γοςξθ

2253 5919 2449 5971 dictum
2480 5921 2554 5966 est
2586 5910 2721 5979 ινιτ-(Ι
2757 5909 2979 5979 legitur,
3021 5927 3035 5958 t
3070 5907 3130 5964 Ut
3162 5908 3387 5963 lauderis
3428 5922 3540 5960 cum
3591 5900 3760 5954 lt‘t‘t‘edl

4075 2499 4082 2682 ἑ
