4188 6454
411 321 547 379 N09

411 445 517 492 tate
545 444 630 490 tua
657 453 671 502 ;
713 454 731 488 ι
767 443 946 506 posset
974 443 1119 492 recte
1149 435 1251 490 dici
1281 477 1294 502 ,
1328 453 1344 486 ι
1376 435 1444 491 Ut
1472 434 1654 490 videas
1691 435 1742 488 in
1771 433 2007 487 bonitate

409 526 704 582 electorum
733 536 944 582 tuorum
967 569 984 594 ,
1013 537 1067 582 et
1087 527 1281 582 laeteris
1312 527 1363 582 in
1393 527 1575 582 lattitia
1601 527 1775 597 gentis
1803 534 1907 580 ιιιίε
1936 543 1948 577 :
1984 543 2001 576 ι

411 627 526 672 toto
553 620 672 688 ipso
702 633 868 675 sensu
896 619 965 674 ita
995 628 1246 675 contexto
1273 660 1287 683 ,
1333 637 1353 672 ι
1390 619 1555 674 Visita
1583 633 1679 674 nos
1709 618 1761 672 in
1789 617 2006 672 salutari

411 719 504 762 luo
528 751 543 772 ,
573 717 632 763 ut
661 709 845 765 videas
871 711 924 765 itt
957 710 1191 766 bonitate
1221 710 1512 766 electorum
1545 718 1754 765 tuorttm
1781 751 1794 774 ,
1827 718 1883 763 ut
1911 708 2008 763 lac-

411 803 540 856 tcris
567 802 620 856 in
649 803 833 857 laetitia
859 805 1032 874 gentis
1055 813 1156 858 tua:
1180 847 1194 869 ,
1223 813 1270 858 et
1297 803 1528 859 lauderis
1553 820 1672 860 cum
1699 803 2009 858 ltzrredilale

411 905 521 949 tua.
559 912 578 945 ι
611 895 918 951 Secundum
959 896 1058 951 hoc
1095 905 1270 951 autem
1309 897 1450 968 quod
1489 897 1722 952 diximus
1746 939 1759 961 ,
1791 915 1810 948 ι
1843 895 2007 951 Visita

407 1003 508 1044 nos
534 1031 550 1053 ,
583 997 640 1042 ut
671 988 943 1044 videamus
970 990 1022 1042 in
1054 988 1287 1044 bonitate
1329 989 1625 1044 electorum
1667 998 1881 1043 tuorum
1908 1030 1923 1053 ,
1954 997 2009 1043 ει

407 1078 656 1134 hetemur
677 1081 731 1134 in
759 1080 938 1135 laetitia
964 1081 1137 1150 gentis
1166 1090 1305 1144 tute;
1339 1099 1355 1131 ι
1397 1090 1787 1151 consequenter
1827 1091 1882 1134 et
1921 1080 2008 1134 hic

408 1171 513 1225 dici
556 1172 739 1227 debuit
766 1215 778 1234 ,
828 1191 846 1224 ι
877 1172 946 1228 Ut
988 1172 1264 1227 laudemur
1305 1189 1424 1228 cum
1470 1173 1779 1228 hzcreditate
1823 1183 1947 1226 tua:
1984 1193 2002 1226 ι

409 1265 492 1318 cui
545 1265 843 1320 barreditati
892 1266 1091 1320 dictum
1121 1275 1241 1327 est.
1291 1285 1308 1316 ι
1340 1266 1650 1320 Landamini
1699 1266 1748 1320 in
1792 1266 2007 1320 nomine

407 1366 600 1412 sancto
643 1356 779 1426 ejus.
818 1376 837 1408 ι
883 1357 1046 1412 Porro
1084 1366 1260 1410 autem
1306 1359 1558 1426 quoniam
1607 1357 1720 1412 luce
1759 1357 2005 1426 ambigua

409 1447 624 1501 videtur
655 1448 890 1513 locutio;
923 1449 967 1502 si
1002 1463 1156 1502 verus
1186 1457 1269 1502 est
1300 1449 1400 1503 iste
1431 1463 1622 1502 sensus
1658 1465 1762 1518 quo
1806 1449 2007 1501 malue-

410 1547 536 1592 runt
567 1539 888 1608 interpretes
913 1538 1092 1593 d'cere
1121 1580 1134 1602 ,
1182 1557 1198 1589 ι
1237 1538 1303 1594 Ut
1337 1538 1605 1603 lauderis;
1638 1557 1656 1590 ι
1701 1539 1857 1594 etiam
1901 1537 2006 1592 duo

411 1645 608 1684 versus
637 1630 946 1701 superiores
968 1631 1035 1684 ita
1061 1629 1388 1700 intelligendi
1414 1640 1570 1695 sunt,
1594 1630 1712 1700 quia
1739 1670 1754 1694 ,
1779 1639 1835 1683 ιιι
1857 1629 1964 1684 dixi
1987 1669 2002 1689 .

409 1735 520 1775 una
552 1731 634 1778 est
664 1723 714 1776 in
747 1723 829 1776 his
860 1723 1027 1776 tribus
1056 1722 1298 1775 versibus
1327 1736 1499 1791 graeca
1530 1721 1727 1774 locutio
1758 1738 1770 1773 :
1806 1729 1862 1774 ut
1906 1720 2005 1776 hoc

421 1825 588 1870 totum
616 1817 690 1870 ita
716 1816 914 1870 dictum
942 1814 1233 1883 accipiatur
1257 1856 1270 1878 ,
1325 1833 1344 1865 ‹
1379 1813 1544 1867 Visita
1577 1829 1673 1866 nos
1702 1813 1753 1866 in
1786 1813 2002 1867 salutari

419 1919 506 1961 tuo
530 1949 547 1973 ,
575 1915 632 1961 ut
673 1905 856 1962 videas
897 1905 948 1959 in
991 1904 1229 1959 bonitate
1273 1904 1565 1958 electorum
1613 1913 1822 1958 tuorum
1849 1945 1864 1966 ,
1897 1922 1915 1954 ι
1953 1903 2002 1956 id

419 2007 533 2063 εει,
562 1996 627 2052 ad
659 1997 760 2051 hoc
791 2011 890 2051 nos
915 1996 1068 2050 visita
1094 2038 1109 2061 ,
1157 2005 1212 2048 ut
1257 1995 1364 2049 illic
1410 2008 1509 2049 nos
1551 2007 1671 2049 esse
1718 1992 1882 2048 facias
1906 2035 1921 2059 ,
1951 2002 2006 2048 et

423 2088 524 2141 illic
550 2101 649 2141 nos
678 2085 899 2151 videas;
937 2104 956 2138 ι
989 2095 1044 2139 ιιι
1076 2083 1273 2139 laeteris
1301 2084 1354 2138 in
1387 2084 1568 2138 hetitia
1599 2083 1770 2154 gentis
1801 2093 1903 2138 tua:
1925 2125 1940 2146 ,
1978 2103 1996 2135 ι

427 2180 476 2234 id
504 2189 624 2245 est,
659 2188 711 2234 tu
758 2179 953 2234 dicaris
995 2178 1203 2242 laetari,
1244 2191 1364 2232 eum
1407 2177 1478 2231 illi
1521 2177 1768 2232 lzetantur
1807 2192 1870 2232 ex
1910 2186 1999 2241 te;

433 2291 451 2324 ι
482 2279 538 2326 ut
563 2269 794 2326 lauderis
822 2284 944 2324 cum
975 2268 1285 2323 hzereditate
1315 2278 1402 2322 tua
1427 2309 1440 2331 ,
1477 2287 1496 2320 ι
1544 2267 1595 2323 id
1640 2276 1759 2350 esto,
1789 2282 1908 2323 cum
1940 2283 2000 2323 ea

425 2361 645 2418 lauderis
668 2403 684 2426 ,
713 2362 960 2432 quoniam
991 2376 1095 2414 non
1128 2359 1374 2414 laudatur
1398 2359 1498 2414 nisi
1531 2368 1746 2430 propter
1775 2368 1846 2416 le.
1873 2360 2000 2416 Sive

426 2469 545 2524 ergo
595 2453 722 2518 illo,
772 2453 890 2508 sive
933 2452 1038 2507 isto
1082 2451 1242 2506 modo
1292 2450 1696 2521 intelligendum
1743 2453 1813 2507 sit
1858 2451 2000 2520 quod

425 2547 610 2601 dictum
639 2554 760 2611 εει,
789 2564 808 2596 ι
837 2545 902 2599 ad
944 2543 1226 2599 videndum
1252 2586 1268 2608 ,
1312 2543 1376 2598 ad
1415 2543 1699 2599 lzetandum
1726 2587 1740 2609 ,
1773 2545 1839 2598 ad
1882 2545 1999 2598 lau-

425 2637 680 2702 dandum;
716 2655 735 2688 s
768 2635 889 2690 ideo
918 2651 976 2691 se
1010 2643 1196 2704 optant
1224 2635 1424 2689 visitari
1453 2635 1502 2689 in
1532 2635 1749 2690 salutari
1779 2635 1870 2690 Dei
1898 2678 1912 2702 ,
1947 2637 1998 2691 id

426 2739 498 2784 est
519 2729 568 2783 in
598 2727 813 2786 Christo
833 2727 950 2797 ejus
973 2769 989 2793 ,
1021 2738 1076 2781 ut
1105 2742 1210 2780 non
1232 2725 1532 2780 alienentur
1558 2740 1586 2779 τι
1615 2725 1811 2796 populo
1839 2726 1954 2795 ejus
1981 2767 1996 2791 ,

423 2832 470 2875 et
495 2821 559 2877 ab
578 2821 660 2877 eis
686 2821 738 2874 in
767 2820 961 2890 quibus
989 2818 1374 2888 beneplacitum
1407 2827 1490 2873 est
1520 2818 1651 2872 Deo.

481 2913 533 2970 6.
558 2912 733 2986 [εει-ε.
762 2913 794 2968 6
822 2954 834 2976 ,
859 2913 912 2966 7.
935 2909 955 2985 ]
980 2911 1112 2979 Quid
1136 2920 1310 2966 autem
1333 2911 1584 2979 deinceps
1606 2912 1961 2966 confiteantur
1979 2955 1993 2979 ,

419 3006 720 3061 audiamus:
753 3022 774 3056 ι
804 3003 1147 3060 Peccavimus
1186 3017 1307 3057 cum
1352 3002 1590 3071 patribus
1633 3001 1832 3055 nostris
1857 3044 1870 3064 ,
1911 3003 1994 3056 in-

415 3099 545 3167 juste
613 3096 858 3168 egimus,
927 3095 1259 3165 iniquitatem
1326 3094 1616 3148 fecimus.»
1668 3093 1802 3162 Quid
1876 3103 1995 3160 est,

427 3208 532 3245 rum
558 3190 786 3261 patribus
817 3189 1000 3243 nostris
1022 3188 1048 3242 ?
1073 3189 1153 3242 An
1182 3188 1315 3242 sicut
1346 3189 1356 3238 l
1381 3187 1496 3241 abet
1533 3187 1762 3256 Epistula
1791 3187 1855 3240 ad
1889 3187 1996 3241 lle-

413 3284 579 3337 brzcos
604 3325 619 3346 ,
648 3281 770 3352 quia
798 3289 852 3335 et
890 3279 1016 3334 Levi
1065 3293 1184 3334 cum
1226 3277 1492 3332 Abraham
1533 3277 1828 3332 decimatas
1873 3287 1954 3332 e--t
1978 3319 1992 3342 ,

413 3375 659 3443 quoniam
691 3373 744 3427 in
779 3372 974 3426 lumbis
1003 3370 1119 3440 ejus
1159 3369 1258 3423 fuit
1283 3410 1300 3432 ,
1329 3367 1542 3438 quando
1583 3367 1818 3422 decimas
1851 3367 1998 3422 dedit

403 3465 667 3520 sacerdoti
698 3462 1052 3518 Melchisedec
1083 3461 1101 3533 (
1129 3459 1284 3514 Hebr.
1313 3475 1384 3514 vn
1408 3500 1422 3523 ,
1450 3457 1581 3513 l-lO
1605 3459 1647 3528 );
1691 3459 1767 3513 sic
1813 3469 1865 3513 et
1909 3456 1996 3512 isti

399 3566 760 3628 peccaverunt
800 3570 919 3611 cum
957 3555 1194 3624 patribus
1235 3552 1384 3616 suis,
1437 3553 1488 3606 in
1533 3567 1760 3620 quormn
1801 3552 1996 3607 lumbis

392 3656 556 3704 erant
577 3633 797 3717 quando
819 3645 890 3699 illi
924 3645 976 3698 in
1011 3644 1240 3715 ZEgypto
1280 3642 1534 3698 fuerit-tt?
1571 3641 1700 3696 Nam
1743 3643 1831 3713 qui
1883 3642 1998 3697 fue-

390 3748 528 3793 runt
555 3752 625 3792 eo
658 3746 896 3804 tempore
923 3774 938 3797 ,
968 3749 1088 3788 cum
1120 3733 1351 3800 psalnms
1383 3732 1480 3785 iste
1507 3732 1844 3800 conscriptus
1871 3742 1991 3798 est,

386 3827 747 3896 maximeque
773 3825 969 3895 posteri
1000 3839 1186 3878 eorum
1220 3824 1381 3894 (quia
1407 3822 1487 3876 vel
1514 3823 1581 3878 ab
1617 3823 1694 3876 eis
1735 3823 1824 3892 qui
1871 3834 1995 3878 nunc

382 3916 722 3981 erantdici,
770 3917 849 3968 vel
894 3915 960 3970 de
1005 3923 1128 3984 post
1175 3913 1366 3968 futuris
1409 3914 1578 3983 potuit
1623 3913 1923 3983 prophetari
1951 3913 1990 3983 ),

381 4013 564 4079 longe
589 4008 812 4063 aberant
834 4006 900 4060 ab
929 4015 1083 4060 :etate
1109 4006 1320 4060 illorum
1349 4006 1434 4073 qui
1464 4005 1514 4058 in
1549 4005 1780 4077 [Egypte
1807 4021 1994 4075 pecca-

384 4107 636 4163 verunt,
686 4111 790 4152 non
827 4095 1184 4166 intelligentcs
1220 4095 1475 4148 mirabilia
1527 4095 1641 4149 Dei.
1700 4095 1810 4149 lloc
1848 4096 1990 4151 enim

383 4190 648 4260 sequitur
671 4230 685 4253 ,
715 4187 1030 4258 exponendo
1061 4186 1326 4255 quomodo
1371 4195 1723 4254 peccaverunt
1753 4202 1872 4240 cum
1901 4203 1993 4256 pa-

387 4283 578 4338 tribus
618 4281 728 4335 suis
769 4298 782 4334 :
830 4279 1007 4334 Patres
1055 4279 1248 4340 nostri,
1283 4278 1489 4348 inquit,
1529 4279 1580 4332 in
1619 4277 1850 4350 ZEgypto
1891 4296 1991 4333 non

387 4374 757 4428 intellexerunt
781 4370 1032 4425 mirabilia
1053 4380 1136 4424 tua
1160 4387 1176 4435 ;
1203 4379 1257 4424 et
1285 4381 1474 4426 caetera
1503 4412 1517 4436 ,
1558 4386 1675 4440 qua:
1709 4372 1776 4425 de
1809 4387 1994 4441 pecea-

389 4467 467 4521 tis
505 4479 698 4521 eorum
745 4463 909 4518 multa
948 4471 1352 4518 commemorat.
1398 4463 1476 4516 An
1511 4462 1587 4516 sic
1637 4463 1808 4532 potius
1852 4466 1995 4519 aet-'-

393 4554 656 4626 piendum
683 4561 765 4608 est
793 4551 933 4624 quod
971 4553 1084 4619 ait,
1117 4551 1451 4606 Peccavimus
1482 4570 1596 4606 cum
1633 4553 1859 4622 patribus
1901 4571 1992 4607 no-

395 4651 558 4714 stris,
591 4659 836 4717 tanquam
864 4647 1105 4712 diceret,
1139 4645 1479 4700 Peccavimus
1520 4646 1655 4698 sicut
1688 4658 1864 4716 patres
1896 4662 1988 4699 no-

397 4742 497 4796 stri
524 4781 539 4806 ,
571 4756 754 4796 eorum
782 4739 1030 4794 videlicet
1063 4736 1317 4792 imitando
1345 4737 1600 4806 peccata?
1641 4737 1790 4804 Quod
1837 4737 1880 4791 si
1919 4739 1986 4791 ita

397 4843 522 4902 εει,
575 4832 920 4888 astruendum
967 4840 1050 4886 est
1106 4831 1282 4900 aliquo
1342 4829 1639 4898 httjusmodi
1707 4829 1990 4883 locutionis

399 4925 688 4996 exemplo:
738 4923 878 4996 quod
922 4939 1042 4978 cum
1087 4921 1139 4976 in
1185 4921 1464 4990 przesentia
1509 4936 1801 4990 quaererem
1827 4961 1843 4987 ,
1883 4937 1986 4975 non

397 5017 674 5082 occurrit,
728 5024 787 5070 ut
828 5029 948 5069 cum
995 5014 1088 5068 illo
1135 5028 1193 5068 se
1241 5012 1518 5082 quisquam
1568 5025 1854 5081 peccasse,
1903 5011 1986 5065 vel

397 5125 522 5164 cum
575 5108 668 5162 illo
711 5122 770 5162 se
814 5103 1012 5175 aliquid
1057 5101 1247 5159 fecisse
1293 5101 1471 5158 dicat.
1521 5116 1677 5170 quem
1727 5101 1778 5154 in
1825 5101 1986 5156 simili

398 5203 541 5258 facto
571 5201 727 5255 etiam
757 5207 880 5270 post
908 5197 1129 5252 multum
1157 5194 1410 5264 temporis
1442 5193 1600 5248 fuerit
1629 5193 1880 5246 imitatus.

469 5296 523 5348 7.
565 5292 701 5359 Quid
729 5301 810 5346 est
848 5305 1014 5360 ergo,
1059 5287 1241 5343 Patres
1285 5287 1442 5342 nostri
1491 5301 1591 5339 non
1631 5284 1988 5338 intellexerunt

396 5383 653 5439 mirabilia
694 5391 824 5448 tua;
861 5381 960 5436 nisi
986 5422 1000 5446 ,
1043 5395 1148 5434 non
1189 5387 1551 5449 cognoverunt
1587 5375 1712 5446 quid
1755 5391 1847 5445 per
1895 5374 1984 5430 illa

395 5474 661 5533 mirabilia
706 5475 787 5529 eis
831 5483 1084 5544 prtesmre
1133 5469 1404 5525 volueris?
1455 5467 1591 5534 Quid
1646 5467 1826 5537 utique
1881 5465 1982 5521 nisi

395 5571 559 5624 vitam
582 5576 837 5622 :eternam
864 5608 880 5633 ,
905 5573 959 5622 et
985 5579 1086 5620 non
1111 5563 1404 5633 temporale
1426 5561 1518 5617 sed
1547 5560 1981 5616 incommutabile

391 5663 593 5718 bonum
618 5704 635 5729 ,
664 5660 804 5732 quod
835 5676 928 5730 per
955 5659 1262 5730 patientiam
1298 5655 1680 5728 exspectatun?
1718 5655 1842 5710 hleo
1879 5653 1980 5709 im-

393 5754 662 5825 patienter
689 5759 1144 5808 murmuravernnt
1173 5790 1186 5815 ,
1215 5758 1268 5802 et
1295 5747 1715 5801 amarieaverunt
1740 5787 1754 5809 ,
1795 5757 1845 5800 et
1889 5745 1982 5799 bo:-

1561 300 1952 377 ensnitsrto
1993 317 2054 370 IN
2098 319 2416 381 PSALMUM
2452 326 2560 384 cv.

3567 345 3704 400 Nil)

2119 435 2200 488 nis
2233 441 2580 506 pnesentibus
2606 441 2888 500 fallacibus
2924 455 3082 518 atque
3121 448 3394 522 fugacibus
3434 455 3615 514 beatos
3648 474 3708 514 se

2115 527 2230 584 fieri
2278 533 2620 600 quzesierunt.
2669 535 2788 591 Non
2831 540 3039 609 fuerunt
3081 559 3324 599 memores
3371 547 3706 604 multitudinis

2115 619 2474 676 misericordim
2497 633 2615 679 tute.
2641 626 2705 680 Et
2737 627 3060 686 intellectum
3084 632 3354 706 redarguit
3378 678 3393 699 ,
3421 646 3473 692 et
3501 655 3705 694 memo-

2113 708 2269 762 riam.
2313 711 2583 768 lntclleetn
2614 717 2807 786 quippe
2846 734 2980 788 opus
3015 731 3170 788 erat,
3214 734 3271 780 ιιι
3311 728 3605 798 cogitarent
3641 731 3708 784 ad

2113 814 2339 868 quorum
2388 803 2646 859 honorum
2696 811 3046 866 mternilaletn
3103 831 3198 884 per
3252 816 3340 872 illa
3394 821 3706 888 temporalia

2114 901 2328 946 Vuearet
2359 894 2495 948 Deus
2522 914 2534 949 :
2569 901 2822 953 memoria
2860 918 2988 956 vero
3014 945 3027 968 ,
3058 916 3114 960 ιιι
3142 908 3330 962 saltem
3356 925 3475 980 qtne
3499 921 3706 984 tempo-

2114 984 2296 1038 raliter
2349 987 2608 1044 mirabilia
2665 990 2800 1046 facta
2851 1005 3012 1060 sunt,
3069 1013 3174 1052 non
3219 1001 3700 1070 obliviscerentur,

2115 1075 2445 1146 fideliterque
2474 1095 2857 1148 praesumerent
2879 1087 3018 1154 quod
3043 1088 3230 1143 eadem
3255 1102 3517 1160 potestate
3542 1112 3702 1165 quam

2114 1166 2321 1222 fuerant
2346 1170 2456 1238 jam
2486 1176 2691 1242 experti
2718 1217 2732 1239 ,
2765 1178 2901 1230 Dens
2934 1179 3050 1234 illos
3077 1181 3144 1236 ab
3167 1183 3498 1240 inimicorum
3522 1203 3701 1256 perse-

2111 1260 2325 1314 cutione
2371 1261 2659 1329 liberaret;
2725 1268 2870 1322 obliti
2920 1280 3044 1325 sunt
3104 1282 3282 1327 autem
3343 1278 3466 1346 quid
3511 1280 3588 1343 eis
3650 1281 3703 1335 in

2113 1349 2342 1421 {Egyptu
2394 1354 2458 1407 ad
2509 1355 2748 1409 inimicus
2793 1375 2978 1414 eorum
3019 1365 3374 1420 conterendos
3419 1385 3512 1438 per
3560 1381 3702 1426 tanta

2113 1446 2349 1515 prodigia
2388 1450 2740 1516 prarstitisset.
2785 1452 2847 1504 Et
2888 1454 3238 1518 irritaverant,
3280 1462 3605 1517 ascendentes
3647 1466 3700 1518 iu

2110 1539 2240 1589 mari
2263 1539 2301 1601 ¹,
2329 1556 2468 1594 mare
2493 1539 2739 1594 Rubrum.
2772 1544 2948 1599 Codex
2982 1563 3136 1615 quem
3166 1550 3410 1604 intuebar
3431 1593 3446 1617 ,
3491 1555 3568 1608 sic
3603 1554 3700 1608 ha-

2113 1629 2306 1682 bebat:
2354 1639 2406 1684 et
2446 1630 2528 1685 his
2569 1634 2782 1702 quidem
2823 1635 3030 1691 duobus
3067 1639 3244 1694 verbis
3281 1641 3479 1696 ultimis
3503 1686 3518 1709 ,
3555 1646 3698 1711 quod

2109 1718 2308 1772 dictum
2336 1731 2415 1774 est
2441 1761 2455 1785 ,
2485 1738 2623 1774 nmrc
2651 1722 2875 1778 Rubrum
2902 1767 2915 1787 ,
2963 1727 3111 1781 stella
3151 1727 3324 1783 fuerat
3366 1743 3656 1800 przenotata
3681 1753 3694 1799 ;

2111 1824 2212 1877 qua
2242 1809 2756 1880 signiticanturquas
2788 1815 2838 1867 in
2880 1815 3093 1869 hehrzeu
3140 1829 3297 1881 sunt,
3342 1831 3397 1874 et
3437 1822 3487 1874 in
3531 1823 3696 1877 inter-

2108 1901 2414 1968 pretatione
2438 1900 2780 1973 Septuaginta
2812 1920 2914 1959 non
2943 1917 3084 1959 sunt.
3130 1908 3314 1963 Plures
3341 1921 3517 1966 autem
3549 1915 3696 1967 eodi-

2106 2005 2199 2045 ccs
2219 2029 2233 2054 ,
2266 2007 2399 2060 quos
2429 1993 2691 2062 inspicere
2723 1995 2865 2064 potui
2895 2037 2908 2059 ,
2940 2006 2994 2050 et
3022 1998 3177 2066 δι’ωεί
3210 2009 3262 2052 et
3310 1999 3454 2054 latini
3491 2002 3568 2056 sic
3600 2003 3695 2056 Ita-

2108 2081 2235 2138 bent
2261 2101 2274 2136 :
2309 2083 2374 2137 Et
2398 2085 2722 2139 irritaeerunt
2746 2129 2759 2148 ,
2789 2087 2868 2141 vel
2891 2129 2905 2151 ,
2935 2089 3075 2157 quod
3103 2092 3406 2158 expressius
3431 2091 3497 2146 de
3521 2109 3696 2162 gr:eco

2106 2181 2189 2228 est
2215 2215 2229 2239 ,
2263 2173 2327 2226 Et
2348 2176 2747 2230 amaricaverunt
2773 2217 2786 2241 ,
2810 2180 3130 2232 ascendentes
3151 2179 3202 2232 in
3225 2180 3401 2234 Rubro
3425 2183 3570 2235 mari.
3595 2185 3694 2251 Qui

2106 2265 2252 2319 illam
2283 2265 2409 2336 legit
2437 2266 2754 2332 historiam,
2793 2268 3006 2338 quando
3046 2271 3292 2325 exierunt
3329 2272 3394 2326 de
3427 2272 3690 2344 IEgypto,

2105 2365 2160 2411 et
2186 2371 2284 2426 per
2309 2373 2457 2412 mare
2485 2357 2719 2413 Rubrum
2746 2361 3065 2414 transierunt
3090 2403 3102 2424 ,
3129 2360 3278 2416 dolet
3305 2379 3489 2417 eorum
3516 2365 3694 2419 inlide-

2105 2448 2303 2505 litatem
2328 2491 2344 2517 ,
2379 2450 2431 2504 in
2461 2459 2654 2520 quanta
2687 2452 3038 2522 trepidatione
3079 2464 3132 2508 ct
3169 2454 3541 2524 desperatione
3582 2459 3692 2512 fue-

2103 2541 2248 2606 rint,
2282 2552 2402 2612 post
2430 2545 2663 2598 recentia
2685 2554 2770 2602 ,tot
2799 2553 2854 2598 et
2884 2555 3026 2598 tanta
3060 2545 3311 2599 miracula
3341 2548 3390 2600 in
3419 2546 3648 2620 ZEgyptu
3674 2568 3688 2614 ;

2103 2635 2255 2705 cujus
2299 2635 2648 2691 multitudinis
2688 2638 3063 2692 misericordiae
3104 2639 3196 2693 Dei
3239 2654 3344 2693 non
3392 2657 3486 2696 eos
3526 2642 3693 2698 fuisse

2104 2741 2367 2781 memores
2394 2726 2542 2781 dicit.
2569 2727 2912 2782 Ascenderunt
2934 2737 3110 2783 autem
3137 2770 3152 2795 ,
3186 2740 3460 2801 propterea
3488 2733 3688 2790 dictum

2101 2832 2184 2876 est
2209 2864 2224 2885 ,
2257 2821 2377 2891 quia
2403 2822 2473 2876 ita
2500 2831 2582 2876 est
2613 2831 2766 2876 terra:
2798 2822 2989 2892 positio
3013 2863 3028 2886 ,
3071 2832 3128 2876 ut
3169 2823 3449 2878 descensio
3482 2825 3691 2882 dicatur

2102 2913 2155 2967 in
2207 2913 2497 2984 {Egyptum
2543 2913 2608 2967 de
2654 2923 2794 2968 terra
2842 2913 3130 2979 Chanaan,
3181 2923 3234 2968 et
3277 2913 3328 2967 in
3374 2929 3490 2969 eam
3545 2917 3691 2972 illinc

2099 3005 2364 3058 ascensio.
2390 3003 2692 3058 Notandum
2723 3012 2806 3058 est
2829 3018 2957 3060 sane
2977 3004 3424 3073 quemadmodum
3451 3005 3690 3078 Scriptu-

2101 3111 2156 3150 ra
2187 3096 2405 3164 culparc
2435 3097 2660 3150 voluerit
2687 3137 2702 3162 ,
2732 3109 2838 3150 non
2869 3095 3164 3166 intelligere
3203 3096 3343 3165 quod
3387 3097 3689 3167 intelligen-

2099 3185 2225 3241 dum
2258 3196 2338 3240 est
2367 3228 2380 3249 ,
2410 3194 2463 3240 et
2493 3202 2596 3239 non
2629 3185 2934 3240 meminisse
2979 3185 3118 3255 quod
3160 3187 3414 3240 memoria
3457 3189 3691 3244 retinen-

2101 3278 2231 3332 dum
2263 3287 2346 3333 est
2376 3296 2388 3332 :
2418 3277 2558 3347 quod
2590 3277 2832 3331 homines
2857 3293 2967 3331 sure
2991 3277 3161 3346 culpae
3189 3277 3433 3348 deputari
3464 3280 3688 3346 nolunt,

2099 3369 2164 3423 ad
2193 3368 2324 3423 nihil
2369 3369 2510 3422 aliud
2559 3367 2659 3422 nisi
2705 3376 2761 3422 ut
2805 3368 2978 3421 minus
3022 3368 3362 3437 supplicent,
3409 3370 3692 3442 minusque

2099 3460 2206 3514 sint
2251 3459 2479 3514 humiles
2516 3459 2660 3521 Deo,
2711 3459 2764 3513 in
2806 3459 2961 3528 cujus
3001 3469 3289 3528 conspectu
3334 3462 3693 3518 conﬁteantur

2103 3550 2241 3620 quod
2271 3560 2432 3614 sunt,
2485 3560 2645 3619 atque
2693 3551 2975 3619 impetrato
3013 3549 3278 3619 adjutorio
3325 3552 3530 3620 possint
3569 3567 3690 3608 esse

2099 3641 2238 3712 quod
2269 3657 2372 3696 non
2415 3650 2558 3694 sunt.
2605 3641 2736 3696 Nam
2784 3642 2942 3694 ctiatn
2984 3652 3199 3710 pet-eata
3249 3642 3558 3712 ignorantia:
3607 3647 3689 3702 Vt‘l

2100 3735 2434 3804 negligentia:
2463 3732 2652 3786 melius
2680 3743 2999 3786 accusantur
3029 3743 3080 3786 ut
3117 3744 3335 3802 pereant
3361 3775 3376 3799 ,
3403 3749 3561 3803 quam
3589 3751 3690 3789 cx-

2097 3835 2350 3881 cusantur
2380 3835 2435 3880 ut
2465 3835 2751 3887 maneant;
2782 3826 3076 3894 meliusque
3116 3835 3405 3894 purgantur
3441 3825 3688 3884 invocato

2099 3919 2210 3974 Deo
2233 3961 2246 3983 ,
2279 3934 2436 3988 quam
2467 3921 2745 3970 lirmantur
2777 3917 2982 3970 irritato
3008 3917 3052 3967 ².

2169 4011 2220 4065 8.
2255 4009 2404 4082 [vers
2437 4007 2512 4080 8.]
2545 4009 2795 4077 Adjuagit
2821 4016 2997 4060 tamen
3026 4020 3128 4059 non
3173 4005 3464 4060 secundum
3495 4022 3681 4062 eorum

2098 4101 2461 4156 infidelitatem
2484 4101 2647 4154 Deum
2669 4098 2878 4152 fecisse.
2903 4097 2968 4150 Et
2993 4099 3323 4161 salt'avitcos,
3355 4099 3542 4168 inquit,
3568 4118 3687 4169 pro-

2098 4203 2208 4262 pter
2233 4208 2410 4246 nomen
2447 4208 2627 4256 suum,
2656 4201 2713 4242 ut
2748 4199 2918 4242 notam
2962 4191 3147 4258 facere!
3189 4191 3461 4259 potentiam
3495 4207 3637 4245 suam
3666 4209 3683 4247 :

2098 4301 2202 4338 non
2231 4293 2448 4352 propter
2479 4283 2581 4335 ulla
2614 4281 2746 4334 bona
2780 4281 2965 4335 merita
2992 4295 3202 4334 eorum.

2168 4375 2218 4430 9.
2253 4374 2402 4448 [vers.
2427 4373 2506 4446 9.]
2537 4372 2600 4426 Et
2625 4373 2900 4442 increpavit
2934 4387 3070 4424 mare
3114 4371 3364 4433 Rubrum,
3390 4381 3436 4424 et
3457 4374 3683 4427 exsiccao

2096 4478 2201 4522 tum
2223 4477 2313 4522 est.
2342 4465 2456 4521 Non
2487 4467 2709 4535 legimus
2741 4465 2932 4524 ullam.
2965 4481 3064 4532 qua
3096 4463 3463 4533 increparetur
3493 4481 3640 4521 mare
3665 4509 3678 4528 ,

2095 4561 2345 4616 emissam
2375 4559 2586 4612 caelitus
2613 4563 2831 4620 vocem;
2866 4557 2957 4610 sed
3003 4557 3290 4624 potentiam
3318 4556 3550 4610 divinam
3579 4575 3680 4628 qua

2096 4652 2148 4706 id
2201 4652 2393 4704 factum
2441 4659 2552 4714 est,
2593 4649 3010 4718 inerepationem
3057 4649 3342 4718 appellavit
3374 4666 3385 4700 :
3412 4649 3508 4703 nisi
3547 4650 3682 4704 forte

2093 4742 2214 4812 quis
2257 4742 2398 4796 dicat
2438 4741 2664 4795 latenter
2707 4741 3068 4808 increpatum,
3102 4741 3178 4792 sic
3217 4749 3273 4792 ut
3310 4755 3444 4808 aqua
3499 4751 3682 4808 posset

2093 4834 2313 4898 audire,
2343 4841 2394 4888 et
2439 4833 2684 4886 homines
2729 4848 2832 4885 non
2881 4841 3116 4901 possent.
3164 4829 3334 4884 Valde
3376 4833 3581 4883 occulta
3626 4843 3680 4885 et

2093 4925 2336 4980 abstrusa
2379 4925 2458 4978 vis
2493 4933 2574 4978 est
2625 4939 2726 4993 qua
2786 4925 2922 4978 lleus
2965 4923 3089 4991 agit,
3125 4930 3182 4974 ut
3223 4921 3382 4974 etiam
3429 4919 3518 4972 illa
3559 4936 3678 4989 quc

2092 5031 2255 5072 sensu
2285 5027 2489 5080 carent,
2521 5015 2801 5070 confestim
2847 5015 2962 5084 ejus
3005 5011 3674 5079 obtemperentvoluntati.

2092 5108 2161 5163 Et
2186 5112 2358 5165 eduxit
2379 5128 2464 5165 eos
2488 5112 2538 5164 in
2560 5109 2774 5178 abyssis,
2805 5109 2932 5160 sicut
2955 5105 3007 5156 in
3040 5104 3255 5156 deserto.
3282 5103 3520 5173 Ahyssos
3547 5103 3678 5156 dix3t

2091 5206 2481 5265 multitudinem
2511 5215 2785 5272 aquarum.
2831 5197 2959 5250 Nam
2989 5194 3203 5264 quidant
3242 5193 3486 5247 volentes
3516 5193 3676 5247 istum

2093 5299 2413 5355 versiculum
2443 5303 2608 5347 totum
2633 5287 2994 5358 interpretari,
3027 5283 3373 5349 dixerunl,Et
3399 5285 3569 5339 eduxit
3596 5304 3679 5340 eos

2089 5392 2144 5445 in
2171 5389 2314 5457 aquis
2343 5385 2534 5440 multis.
2564 5379 2699 5448 Quid
2732 5388 2815 5433 est
2841 5392 2970 5447 ergo
2990 5417 3004 5442 ,
3029 5378 3081 5430 in
3111 5377 3306 5448 abyssis
3325 5419 3340 5442 ,
3362 5378 3491 5432 sicut
3518 5378 3569 5430 in
3591 5378 3679 5429 tle-

2089 5492 2245 5540 scrto.
2277 5478 2375 5534 nisi
2403 5475 2523 5546 quia
2551 5472 2747 5527 factum
2775 5479 2888 5526 erat
2923 5468 3164 5524 siccitate
3186 5468 3329 5522 velut
3366 5467 3638 5524 desertum
3659 5508 3674 5532 ,

2093 5572 2182 5626 ubi
2206 5572 2411 5623 fuerant
2441 5563 2618 5636 abyssi
2645 5561 2948 5632 aquarum?

2153 5687 2168 5718 ¹
2197 5685 2269 5734 sic
2295 5689 2396 5754 uss.
2426 5687 2479 5729 Αι
2497 5678 2628 5736 ιλιι,
2654 5675 2704 5726 in
2721 5689 2870 5726 mare.

2153 5751 2173 5779 ¹
2200 5755 2328 5801 Mss,
2346 5751 2483 5794 irato.
