4188 6478
601 304 731 357 NH

673 417 758 471 10.
791 414 941 491 [vers.
975 413 1088 486 10]
1123 411 1183 466 ΕΙ
1229 410 1435 465 suleavit
1467 426 1548 463 eos
1589 408 1650 462 de
1689 424 1843 460 manu
1881 405 2176 460 odi'entium.

604 508 754 563 llunc
782 521 992 561 versum
1023 521 1115 574 per
1139 503 1417 557 circuitum
1441 500 1653 571 quidam
1682 499 2009 569 interpretati
2036 507 2179 562 sunt,

603 602 764 656 verba
806 600 979 654 minus
1021 597 1178 651 latina
1221 596 1448 649 vitantes
1485 611 1496 646 :
1536 592 1601 646 Et
1637 594 1802 647 salvos
1837 592 1954 662 fecit
1998 607 2081 644 eos
2121 590 2182 643 de

600 711 754 748 manu
793 707 962 745 eorum
987 690 1072 760 qui
1097 689 1309 742 oderant
1345 703 1447 740 eos.
1478 686 1541 738 Et
1579 685 1786 740 redeunt
1819 701 1901 739 eos
1927 684 1990 738 de
2029 699 2183 736 manu

600 787 811 841 inimici.
843 783 980 851 Quid
1027 782 1178 851 pretii
1223 781 1404 835 datum
1433 788 1516 833 est
1560 779 1610 832 in
1641 778 1740 833 hac
1778 775 2182 846 redemptione?

595 885 676 937 An
706 879 978 950 prophetia
1008 887 1105 941 est,
1141 875 1281 947 quod
1312 876 1364 929 in
1390 873 1554 942 figura
1583 872 1836 942 Baptismi
1862 871 1964 925 hoc
1983 869 2181 924 factum

595 982 696 1038 est,
729 972 813 1025 ubi
843 969 1154 1024 redimimur
1195 967 1262 1020 de
1306 982 1464 1020 manu
1506 963 1701 1019 diaboli
1746 977 1938 1031 magno
1968 962 2177 1030 pretio,

597 1064 740 1134 quod
771 1064 986 1132 sanguis
1014 1071 1094 1116 est
1121 1059 1364 1116 Christi?
1393 1057 1544 1114 Unde
1575 1073 1680 1111 non
1703 1069 2037 1126 quocumque
2067 1069 2180 1108 ma-

597 1158 664 1223 ri,
693 1157 786 1212 sed
832 1157 961 1210 mari
996 1155 1176 1209 Rubro
1205 1154 1254 1208 id
1295 1152 1702 1208 cenvettienlius
1743 1151 2023 1220 ﬁguratum
2051 1156 2135 1203 est
2163 1163 2176 1199 :

594 1250 811 1318 sanguis
836 1248 977 1302 enim
1009 1248 1228 1300 rubrum
1253 1245 1486 1298 colorem
1518 1242 1693 1296 habet.

670 1341 754 1394 11.
787 1337 936 1410 [vers.
980 1339 1001 1391 il
1023 1335 1091 1408 l.]
1124 1335 1188 1389 Et
1219 1336 1412 1404 operuit
1435 1349 1566 1402 aqua
1591 1332 1885 1386 tribulantcs
1905 1347 2023 1395 eos;
2050 1346 2180 1383 unus

599 1448 663 1485 ex
690 1433 760 1484 eis
788 1447 887 1483 non
933 1427 1212 1482 remansit:
1256 1442 1360 1480 non
1405 1441 1468 1480 ex
1498 1424 1744 1478 omnibus
1767 1422 2054 1493 ngyptiis,
2084 1419 2180 1476 sed

601 1538 666 1576 ex
703 1523 781 1576 eis
809 1521 897 1590 qui
948 1518 1408 1590 persequebantur
1449 1514 1713 1586 proiectos
1733 1554 1749 1582 ,
1777 1511 2181 1584 apprehendere

595 1614 675 1667 vel
707 1613 1012 1665 interimere
1033 1609 1328 1676 cupientes.

671 1708 758 1762 12.
800 1703 950 1777 [vers.
995 1702 1107 1776 12]
1139 1702 1200 1756 Et
1224 1702 1545 1755 crediderunt
1579 1702 1633 1754 in
1661 1699 1818 1753 verbis
1845 1699 1976 1769 ejus.
2007 1696 2179 1751 Minus

598 1797 759 1852 latina
791 1797 998 1850 videtur
1024 1793 1238 1854 locutio,
1262 1792 1384 1862 quia
1414 1807 1517 1844 non
1549 1791 1643 1854 ait,
1670 1790 1860 1844 Verbis
1883 1789 1999 1858 ejus
2021 1830 2036 1854 ,
2063 1787 2176 1850 vel,

599 1890 652 1943 in
683 1888 842 1943 verba
889 1886 1004 1955 ejus
1029 1926 1042 1947 ,
1071 1885 1164 1939 sed
1191 1926 1204 1946 ,
1230 1885 1280 1936 in
1305 1882 1463 1936 verbis
1501 1883 1649 1953 ejus;
1681 1891 1856 1936 tamen
1885 1877 2179 1948 Seripturis

595 1980 956 2034 usitatissima.
983 1977 1045 2030 Et
1059 1976 1388 2030 laudarerunt
1417 1973 1617 2028 laudem
1643 1974 1770 2043 ejus.
1796 1972 1955 2026 Tales
1975 1970 2181 2024 sunllo-

594 2073 855 2136 cutiones,
887 2084 1008 2124 cum
1031 2068 1277 2129 dicimus,
1312 2067 1457 2120 lianc
1481 2065 1789 2119 servitutem
1815 2061 2034 2117 servivit
2057 2103 2070 2127 ,
2102 2069 2179 2115 ta-

595 2163 698 2216 lem
725 2161 884 2214 vitam
916 2160 1061 2213 vixit.
1107 2158 1340 2212 Laudem
1371 2171 1530 2227 porro
1559 2156 1648 2210 Dei
1679 2155 2008 2210 notissimam
2034 2152 2177 2207 illam

593 2260 1008 2316 commemorat,
1043 2250 1130 2304 ubi
1169 2249 1360 2303 dicitur
1408 2267 1420 2301 :
1463 2245 1732 2301 Cantemus
1769 2244 2024 2308 Domino;
2066 2243 2180 2315 glo-

595 2344 727 2396 riose
754 2343 882 2395 enint
930 2341 1282 2411 magniﬁcatus
1309 2348 1380 2393 est
1411 2353 1631 2410 :equum
1655 2347 1701 2392 et
1738 2337 1947 2407 equitem
1968 2335 2177 2406 projecit

591 2435 643 2488 in
675 2450 812 2486 mare
843 2431 1032 2503 (Exod.
1058 2448 1148 2496 xv,
1180 2432 1254 2501 1).

665 2529 751 2582 15.
797 2525 955 2599 [vers.
1006 2523 1126 2596 13.]
1167 2523 1277 2578 Cito
1320 2528 1575 2594 fecerunt,
1617 2521 1759 2577 obliti
1798 2528 1915 2574 sunt
1961 2535 2176 2591 operum

601 2621 733 2691 ejus.
759 2618 858 2672 Alii
881 2617 1092 2671 codices
1118 2615 1499 2686 intelligibilius
1522 2613 1737 2678 habent,
1764 2611 2169 2674 Festinaverunt,

592 2711 734 2766 obliti
780 2717 894 2762 sunt
933 2724 1142 2776 cperunt
1185 2708 1295 2778 ejus
1344 2721 1363 2759 :
1399 2704 1865 2758 nonsustinuerunt
1910 2702 2175 2756 consilium

595 2803 725 2872 ejus.
766 2800 1074 2854 Debuerant
1118 2798 1259 2854 enim
1297 2797 1532 2866 cegitare
1571 2803 1714 2848 tanta
1745 2809 1868 2863 erga
1909 2808 1967 2848 se
2011 2807 2173 2863 opera

594 2894 688 2948 Dei
712 2910 814 2946 non
847 2907 964 2947 esse
991 2890 1164 2944 inania
1185 2933 1198 2956 ,
1229 2889 1322 2944 sed
1350 2903 1538 2942 vocare
1569 2887 1634 2942 ad
1655 2887 1884 2957 aliquam
1924 2886 2041 2940 sine
2069 2885 2173 2938 line

595 2985 904 3040 felicitatem
927 3025 942 3048 ,
973 2999 1092 3053 qua:
1124 2998 1216 3052 per
1259 2981 1563 3050 patientiam
1593 2977 1900 3033 sustinenda
1929 2985 2047 3042 est;
2077 2975 2172 3030 sed

589 3077 974 3132 festinaverunt
1022 3075 1162 3129 beati
1217 3072 1332 3127 lieri
1384 3071 1765 3141 temporalibus
1816 3070 1998 3133 rebus,
2050 3084 2170 3139 qua:

588 3169 710 3225 ideo
760 3168 956 3223 nemini
994 3165 1276 3222 conferunt
1315 3181 1493 3219 veram
1526 3163 1862 3228 felicitatem,
1895 3163 2016 3233 quia
2063 3177 2168 3216 non

585 3260 930 3328 exstinguunt
957 3256 1307 3312 ineatiabilem
1333 3254 1676 3323 cupiditatem
1703 3272 1716 3308 :
1743 3254 1843 3322 Qui
1871 3253 2012 3309 enim
2037 3252 2169 3307 bibe-

586 3351 673 3414 rit,
707 3351 893 3419 inquit,
926 3365 988 3402 ea:
1017 3349 1110 3401 hac
1133 3364 1286 3417 aqua,
1308 3347 1436 3400 sitiet
1463 3347 1640 3400 iterum
1668 3343 1844 3418 (Joan.
1876 3360 1950 3411 tv,
1984 3344 2093 3414 15).

664 3441 752 3494 14.
797 3437 944 3510 [vers.
975 3436 1087 3508 14.]
1128 3438 1384 3507 Denique,
1422 3436 1484 3490 Et
1524 3437 1882 3507 concupierunt
1920 3436 2164 3504 concupi-

587 3532 826 3587 scentiam
859 3532 910 3584 in
939 3531 1133 3584 deserto
1162 3571 1174 3595 ,
1199 3541 1245 3584 et
1275 3540 1588 3583 tentaverunt
1617 3529 1777 3582 Deum
1801 3529 1854 3582 in
1895 3529 2159 3596 inaquoso.

590 3623 743 3690 Quod
774 3631 878 3688 est,
910 3623 963 3676 in
990 3624 1220 3685 deserto;
1249 3621 1351 3675 huc
1381 3621 1663 3690 repetitum
1689 3630 1788 3686 est,
1815 3621 1869 3674 in
1897 3622 2160 3691 inaquoso,

583 3715 637 3770 id
682 3723 796 3779 est,
822 3714 873 3768 in
915 3713 1032 3767 loco
1071 3713 1186 3767 sine
1230 3727 1365 3782 aqua
1396 3731 1410 3764 :
1447 3711 1587 3781 quod
1616 3726 1776 3777 vero,
1804 3712 2164 3781 concupierunt

583 3807 1076 3878 concupiscentiam;
1122 3805 1242 3870 hoc,
1273 3810 1581 3857 tentaverunt
1623 3802 1809 3856 Deum.
1854 3802 1997 3856 Talis
2033 3817 2164 3857 sane

581 3899 777 3954 locutio
801 3906 884 3952 cst
906 3937 921 3959 ,
953 3894 1326 3964 Concupierunt
1356 3894 1846 3963 concupiscentiam;
1874 3893 2046 3962 qualis
2068 3907 2160 3947 su-

579 3992 779 4063 perior,
808 3989 1164 4043 Laudaverunt
1189 3987 1410 4040 laudent.

652 4084 740 4138 15.
782 4081 946 4154 [vers.
989 4079 1110 4154 15.]
1150 4078 1215 4132 Et
1245 4079 1381 4132 dedit
1405 4079 1475 4132 eis
1509 4078 1797 4148 petitionem
1816 4079 2040 4148 ipsorum
2063 4093 2081 4132 :
2110 4076 2160 4131 id

578 4181 682 4237 est,
711 4174 851 4242 quod
888 4171 1142 4240 petitione
1182 4171 1468 4237 petierunt.
1501 4167 1564 4222 Et
1594 4169 1727 4222 misit
1765 4169 2078 4223 saturitatem
2104 4168 2158 4221 in

577 4265 800 4317 animum
825 4279 1014 4315 eorum.
1061 4261 1170 4315 Nec
1197 4260 1315 4316 ideo
1350 4261 1534 4315 beatos
1561 4260 1719 4324 fecit;
1763 4261 1884 4328 quia
1912 4275 2016 4314 non
2044 4268 2160 4314 erat

579 4357 666 4409 illa
693 4354 942 4408 Saturitas
964 4352 1030 4407 de
1051 4351 1385 4422 quatlicitur:
1410 4350 1553 4404 Beati
1579 4351 1664 4419 qui
1685 4351 1906 4404 esuriant
1922 4361 1967 4403 et
1987 4351 2160 4404 sitiunt

579 4445 845 4512 justitiam,
860 4446 1095 4513 quoniam
1110 4444 1209 4514 ipsi
1222 4442 1578 4497 saturabuntur
1596 4440 1804 4512 (Matth.
1821 4458 1872 4508 ν,
1889 4443 1964 4507 6).
1980 4442 2160 4511 Itaque

576 4539 682 4594 hoc
707 4539 823 4592 loco
866 4537 1099 4591 animam
1137 4550 1240 4588 non
1286 4535 1576 4590 secundum
1618 4534 1668 4588 id
1715 4533 1853 4603 quod
1885 4534 2158 4589 rationalis

575 4641 678 4698 est,
730 4630 901 4696 dixit,
935 4628 1028 4684 sed
1073 4626 1366 4682 secundum
1412 4627 1460 4681 id
1507 4625 1646 4697 quod
1691 4627 1931 4681 animans
1965 4641 2158 4696 corpus

574 4724 770 4778 animal
793 4722 935 4776 facit.
981 4720 1060 4776 Ad
1089 4719 1241 4789 cujus
1275 4718 1522 4774 animalis
1565 4718 2004 4773 sustentationem
2032 4734 2157 4789 per-

575 4818 705 4872 tinet
724 4816 874 4872 cibus
894 4824 949 4869 et
974 4820 1129 4884 potus
1149 4853 1164 4878 ,
1189 4811 1480 4868 secundum
1507 4811 1608 4866 hoe
1629 4810 1769 4882 quod
1795 4811 1846 4866 in
1870 4811 2158 4882 Evangelia

572 4909 800 4972 dieitur,
836 4905 1024 4959 Nonne
1069 4905 1239 4957 anima
1288 4905 1401 4972 plus
1443 4913 1512 4957 est
1541 4919 1690 4973 quam
1737 4919 1869 4968 esca,
1898 4913 1943 4956 et
1972 4920 2154 4972 corpus

571 5001 687 5070 plus
715 5014 866 5062 quam
908 4998 1251 5050 vestimentum
1281 4993 1390 5065 (Id.
1419 5010 1489 5059 vt,
1514 4994 1643 5064 25)?
1672 5004 1919 5064 tanquam
1946 4993 2010 5048 ad
2034 4995 2151 5047 ani-

572 5106 711 5143 mam
756 5090 1014 5159 pertineat
1057 5087 1241 5152 vesci,
1273 5085 1338 5141 ad
1383 5100 1576 5155 corpus
1612 5086 1812 5140 vestiri.
1842 5085 2151 5140 Secundum

575 5180 678 5233 hoc
707 5179 898 5234 dicitur
926 5178 1064 5248 apud
1093 5177 1278 5232 Isaiam
1315 5192 1327 5227 :
1362 5176 1498 5243 Quid
1523 5187 1596 5230 est
1616 5177 1752 5245 quod
1779 5177 2146 5246 jejuuavimus,

573 5281 618 5323 et
647 5285 748 5322 non
773 5269 976 5333 vidisti;
1006 5269 1417 5338 defraudavimus
1445 5268 1640 5322 animas
1665 5279 1864 5321 nostras
1883 5309 1896 5334 ,
1921 5277 1969 5321 et
1995 5269 2155 5322 nesci-

571 5364 637 5415 sti
659 5355 792 5430 (Isai
819 5376 961 5424 Lvnt,
991 5361 1086 5430 5)?

647 5454 733 5505 16.
780 5449 925 5522 [vers.
975 5449 1087 5522 16.]
1121 5449 1184 5504 Et
1224 5452 1544 5504 irritaverant
1588 5449 1802 5521 Moysen
1847 5453 1899 5504 in
1949 5453 2149 5518 castris,

575 5545 744 5598 Aaron
767 5553 993 5594 sanctum
1025 5540 1250 5593 Domini.
1283 5544 1450 5606 Quam
1474 5541 1613 5596 dicat
1645 5543 2013 5606 irritationem,
2045 5545 2147 5603 vel,

571 5636 710 5691 sicut
736 5633 1036 5703 expressius
1061 5632 1144 5686 alii
1171 5632 1496 5700 interpretati
1519 5643 1660 5699 sunt,
1696 5633 2148 5704 amaricationem,

571 5728 944 5798 consequentia
968 5726 1094 5781 satis
1125 5725 1376 5780 indicant.

1851 292 1908 346 S.
1951 285 2314 346 AUGL'STINI
2356 290 2680 351 EPlSCOPl‘

3721 321 3836 378 NH

2369 405 2453 498 1:7.
2485 405 2634 498 (vers.
2673 410 2781 486 17.]
2811 411 2994 481 Aperta
3024 424 3125 479 est,
3163 416 3350 488 inquit,
3380 429 3508 476 terra
3532 466 3544 486 ,
3576 435 3621 479 et
3648 428 3837 498 degltui-

2293 494 2360 548 vit
2384 493 2610 565 Duthau,
2635 509 2683 554 et
2709 506 3058 570 superoperuit
3088 524 3242 578 super
3282 493 3838 584 congregationem—.1bi-

2290 601 2401 676 ron.
2432 586 2585 655 Quod
2612 601 2712 658 est,
2743 593 3000 664 deglutivit
3025 613 3043 660 ;
3071 598 3170 654 boc
3201 610 3281 655 est
3300 643 3315 666 ,
3347 611 3700 676 superoperuit.
3727 613 3838 667 Ant-

2291 675 2476 731 borutn
2520 690 2695 736 autem
2722 725 2736 746 ,
2762 684 2812 737 id
2861 696 2981 750 est,
3014 688 3218 743 Datban
3260 675 3572 763 etAbiron,
3606 714 3702 754 ttna
3742 719 3842 761 erat

2289 782 2445 823 causa
2469 773 2833 839 superbissimi
2855 786 2910 832 et
2939 781 3183 852 sacrilegi
3210 783 3529 841 schismatis.

2364 860 2447 915 18.
2484 860 2635 934 [υενε.
2674 865 2785 938 18.]
2821 867 2883 922 Et
2923 873 3110 926 exarsit
3141 874 3272 945 ignis
3301 877 3353 930 in
3383 895 3634 952 synagoga
3658 898 3810 940 eorum
3825 903 3842 942 .‘

2286 949 2495 1018 ﬂantum
2529 957 2796 1011 combussit
2835 972 3138 1029 peccatores.
3172 965 3284 1021 Non
3331 979 3412 1022 est
3442 949 3540 1025 hoe
3576 949 3760 1029 nomen
3799 980 3840 1032 in

2289 1039 2572 1112 Scripturis
2597 1048 2848 1103 nsitatutn
2878 1067 3082 1118 eorum,
3108 1056 3196 1125 qtti
3224 1057 3348 1112 licet
3371 1059 3514 1128 jttste
3541 1077 3602 1116 ac
3632 1065 3840 1122 laudabi-

2288 1131 2406 1186 liter
2435 1135 2648 1204 vivant,
2682 1154 2785 1193 non
2815 1151 2934 1196 sunt
2967 1143 3082 1197 sine
3111 1156 3347 1215 peccato.
3377 1149 3540 1220 Magis
3568 1155 3702 1208 enim
3727 1158 3840 1214 sicut

2287 1223 2511 1280 interest
2545 1229 2682 1284 inter
2731 1231 3014 1290 irridentes
3060 1248 3114 1291 ct
3154 1239 3435 1307 irrisores,
3460 1243 3602 1300 inter
3630 1263 3840 1304 mut-ntu-

2286 1326 2463 1373 rantes
2497 1329 2550 1374 et
2587 1334 3010 1381 nntrmnratores
3038 1369 3053 1394 ,
3087 1331 3224 1385 inter
3247 1335 3545 1390 scribentes
3569 1347 3621 1392 et
3641 1341 3839 1412 scripto-

2287 1425 2393 1473 rcs,
2427 1420 2481 1466 et
2512 1422 2704 1469 caetera
2749 1417 2940 1471 similia
2968 1435 2984 1484 ;
3015 1421 3084 1474 ita
3132 1421 3404 1493 Scriptura
3450 1438 3839 1502 peceatoresap;

2287 1504 2486 1573 pellare
2511 1511 2786 1564 consuevit
2814 1513 2964 1568 valde
2993 1516 3200 1586 iniquos
3229 1528 3284 1572 et
3325 1521 3651 1590 grandibns‘
3680 1511 3838 1596 pecca-

2288 1606 2458 1652 torum
2488 1602 2710 1658 sarcinis
2741 1617 3016 1670 oneratos.

2363 1690 2442 1745 l9.
2477 1690 2626 1764 [rers.
2662 1695 2750 1762 19,
2771 1697 2886 1770 ‘20.]
2922 1719 2939 1751 ι
2980 1700 3043 1754 Et
3068 1699 3309 1758 fecerunt
3338 1704 3560 1760 vitulum
3589 1707 3639 1762 in
3672 1708 3839 1777 llorcb;

2285 1792 2335 1838 et
2399 1784 2763 1842 adaravernnt
2824 1790 3091 1860 sculptile.
3140 1791 3206 1847 Et
3259 1803 3601 1851 mutaverunt
3648 1799 3841 1868 gloriam

2283 1889 2432 1929 suam
2461 1878 2510 1930 itt
2542 1879 2888 1935 similitudine
2927 1881 3074 1935 vituli
3106 1884 3434 1940 comedentis
3465 1888 3660 1943 fenum.
3703 1911 3720 1943 ι
3745 1892 3839 1948 Non

2283 1966 2391 2030 ait,
2425 1967 2476 2021 in
2508 1969 2940 2038 similitudinem,
2976 1972 3092 2036 sed,
3126 1975 3177 2028 in
3213 1976 3569 2032 similitudine.
3619 1980 3749 2035 Talis
3776 1995 3838 2038 est

2285 2057 2499 2125 locutio,
2524 2061 2697 2129 qualis
2721 2061 2808 2115 illa
2832 2063 2917 2116 ubi
2940 2063 3031 2126 ait,
3055 2063 3118 2118 Et
3141 2067 3465 2122 crediderunt
3488 2069 3538 2123 in
3564 2072 3714 2125 verbis
3733 2075 3839 2146 ejus.

2283 2145 2566 2218 Eleganter
2595 2165 2721 2205 sane
2767 2168 2872 2207 non
2901 2153 3006 2219 ait,
3039 2155 3101 2208 Et
3129 2166 3476 2213 mutaverunt
3505 2161 3718 2230 gloriam
3745 2145 3838 2228 Dei,

2282 2254 2402 2294 cum
2430 2239 2529 2296 hoc
2559 2240 2814 2306 fecerint;
2841 2245 2978 2300 sicut
3003 2247 3163 2301 etiam
3191 2251 3484 2318 Apostolus
3507 2247 3764 2324 loquitur,
3791 2247 3839 2310 Et

2281 2329 2668 2385 imntutaverunt
2697 2334 2912 2403 gloriam
2958 2337 3351 2408 iucorruptibilis
3382 2340 3489 2395 Dei
3532 2343 3582 2397 in
3623 2346 3838 2400 simulitu-

2281 2423 2448 2476 dinem
2493 2425 2727 2496 imaginis
2771 2429 3111 2496 corruptibilis
3154 2431 3370 2487 hominis
3413 2433 3599 2505 (Rom.
3645 2453 3692 2504 t,
3721 2437 3837 2510 23):

2281 2514 2374 2569 sed
2403 2515 2616 2585 gloriam
2643 2533 2788 2571 suam
2813 2518 2963 2573 dixit.
2998 2521 3136 2576 Dens
3156 2524 3296 2578 enim
3321 2537 3432 2581 erat
3467 2527 3632 2598 gloria
3656 2545 3836 2596 eorum,

2281 2609 2323 2661 si
2356 2607 2470 2676 ejus
2496 2610 2821 2665 sustinerent
2848 2614 3151 2676 consilium,
3182 2628 3233 2670 et
3263 2633 3367 2672 non
3397 2620 3743 2688 festinarent;
3767 2626 3838 2678 cui

2279 2701 2492 2765 dicitur,
2520 2702 2693 2758 Gloria
2720 2723 2849 2772 mea,
2877 2717 2923 2760 et
2945 2708 3173 2763 exultans
3215 2722 3367 2781 caput
3398 2731 3569 2768 meum
3590 2716 3747 2787 (Psal.
3773 2734 3836 2780 ιιι.

2279 2795 2357 2863 4).
2387 2795 2544 2850 Istam
2585 2797 2801 2878 gloriam
2834 2816 2980 2871 suam
3001 2842 3014 2864 ,
3046 2801 3094 2855 id
3127 2811 3210 2856 est
3242 2803 3439 2870 Deum,
3474 2817 3767 2863 mutaverunt
3796 2812 3836 2862 in

2277 2885 2605 2941 similitudine
2630 2889 2774 2951 vituli
2796 2889 3099 2945 comedenti:
3125 2895 3315 2962 fenum,
3348 2903 3402 2947 ut
3425 2896 3502 2950 ab
3526 2912 3589 2952 eo
3615 2898 3834 2954 eoatede-

2277 2984 2499 3042 rentur,
2553 2993 2580 3030 a
2631 2993 2736 3048 quo
2781 2980 3137 3036 comeduntur
3188 2987 3276 3052 qui
3319 2985 3539 3054 sapiunt
3577 2988 3833 3043 secundum

2275 3080 2491 3121 carnem
2519 3086 2530 3121 :
2567 3067 2744 3124 Omnis
2764 3071 2903 3124 enim
2925 3089 3043 3125 caro
3068 3073 3242 3142 fenum
3271 3073 3425 3145 (Isai.
3451 3093 3542 3141 XL,
3576 3078 3649 3150 6).

2345 3157 2435 3212 20.
2462 3158 2608 3230 [vers
2637 3160 2726 3221 21,
2751 3160 2866 3235 22.]
2897 3161 3051 3216 Obliti
3079 3175 3196 3218 sunt
3225 3165 3388 3220 Deum
3414 3171 3507 3238 qui
3533 3172 3732 3225 suleavit
3748 3189 3834 3226 eos.

2273 3249 2551 3317 Quomodo
2583 3253 2802 3335 Salvavit
2826 3259 2958 3310 eos?
2983 3256 3080 3324 Qui
3109 3259 3227 3326 fecit
3256 3263 3520 3331 magnalia
3540 3264 3592 3317 in
3611 3263 3833 3336 Aigypta,

2273 3342 2524 3396 mirabilia
2552 3344 2603 3396 in
2629 3355 2762 3398 terra
2786 3345 2964 3411 Cltam,
2995 3349 3236 3402 terribilia
3262 3351 3314 3403 in
3342 3357 3480 3407 mari
3515 3355 3702 3409 Rubro.
3726 3356 3833 3422 Qua:

2272 3441 2396 3487 sunt
2427 3434 2684 3488 mirabilia
2708 3475 2721 3499 ,
2748 3435 2858 3506 ipsa
2887 3446 3010 3491 sunt
3034 3439 3286 3493 terribilia
3314 3456 3328 3504 ;
3362 3443 3513 3496 nulla
3553 3446 3734 3514 quippe
3759 3445 3834 3500 ad-

2273 3526 2482 3581 miratio
2529 3535 2609 3580 est
2647 3528 2763 3582 sine
2817 3528 3042 3597 quadam
3090 3529 3371 3594 formidine
3409 3552 3421 3586 :
3475 3538 3708 3606 quamvis
3753 3537 3833 3590 ista

2269 3617 2427 3671 etiam
2465 3617 2586 3671 hinc
2611 3618 2861 3672 terribilia
2892 3619 2994 3673 dici
3025 3621 3312 3689 potuerint,
3345 3626 3494 3693 quod
3526 3627 3833 3682 adversarios

2269 3705 2573 3762 afﬂixerunt
2601 3749 2615 3773 ,
2661 3717 2714 3762 et
2744 3708 2859 3763 istis
2899 3709 3022 3779 qttid
3051 3709 3308 3766 deberent
3342 3714 3562 3783 timere,
3593 3727 3831 3770 monstra-

2267 3806 2410 3852 I‘Ulll.

2337 3887 2427 3942 21.
2454 3885 2603 3960 [vers.
2627 3887 2743 3962 25.]
2786 3886 2850 3942 Et
2882 3890 3010 3944 dixit
3037 3901 3089 3944 ut
3119 3891 3426 3960 disperderet
3462 3913 3566 3950 eos.
3599 3897 3723 3965 Quia
3746 3897 3830 3952 ob-

2267 3982 2342 4036 liti
2367 3992 2488 4036 sunt
2515 3998 2634 4036 eum
2657 3984 2744 4051 qui
2771 3985 2945 4038 salvos
2972 3984 3096 4039 fecit
3122 4000 3234 4051 eos,
3263 3986 3467 4043 faciens
3498 3990 3764 4061 magnalia,
3787 4000 3831 4046 et

2267 4075 2504 4128 fecerunt
2531 4082 2583 4126 et
2605 4073 2960 4128 aduravernnt
2979 4075 3246 4145 sculptile,
3277 4079 3376 4131 hoc
3402 4081 3590 4151 utique
3619 4091 3717 4135 tant
3744 4083 3828 4135 int-

2267 4166 2406 4219 mani
2445 4165 2648 4220 scelere
2689 4175 2743 4219 et
2773 4166 3068 4221 incredibili
3115 4168 3416 4236 impietate,
3449 4172 3595 4243 digni
3645 4173 3829 4227 fuerant

2264 4257 2352 4325 qui
2397 4257 2652 4326 perirent.
2709 4256 2852 4310 Dixit
2895 4274 3024 4328 ergo
3069 4270 3123 4312 ut
3167 4262 3480 4330 disperderet
3526 4267 3708 4331 eos;si
3745 4281 3827 4328 non

2268 4347 2468 4419 Moyses
2489 4350 2673 4403 electus
2702 4351 2812 4418 ejus
2833 4352 3044 4404 stetisset
3066 4353 3116 4406 in
3141 4355 3488 4424 confrartione
3515 4359 3567 4411 in
3590 4367 3828 4430 conspectu

2265 4440 2394 4510 ejus.
2427 4441 2541 4496 Non
2587 4444 2654 4494 ita
2700 4441 2827 4494 dixit
2861 4443 3074 4498 stetisse
3118 4445 3168 4498 in
3202 4450 3578 4517 confractione,
3605 4450 3745 4520 quasi
3781 4459 3828 4502 ttt

2264 4531 2530 4602 frangeret
2555 4533 2682 4586 iram
2708 4533 2802 4588 Dei
2825 4550 2837 4597 ;
2863 4535 2955 4589 sed
2983 4537 3034 4588 in
3059 4536 3416 4605 conp-actione,
3446 4539 3500 4594 id
3523 4552 3624 4608 est,
3652 4543 3698 4595 in
3731 4541 3826 4611 pla-

2262 4639 2327 4693 ga
2357 4639 2456 4693 qua
2488 4633 2640 4679 erant
2669 4625 2746 4678 illi
2780 4626 2998 4680 feriendi
3034 4646 3045 4680 :
3078 4627 3127 4681 id
3158 4638 3239 4682 est.
3263 4670 3276 4692 ,
3317 4632 3415 4686 nisi
3447 4633 3723 4702 obiecisset
3747 4649 3822 4688 sc-

2265 4717 2433 4784 ipsum
2460 4732 2553 4785 pro
2578 4716 2676 4783 eis,
2704 4717 2908 4781 dicens,
2939 4719 2997 4773 Si
3019 4719 3229 4774 dimittis
3252 4721 3351 4775 illis
3373 4735 3653 4792 peccatum,
3675 4725 3824 4778 dimit-

2263 4817 2344 4872 te;
2374 4807 2450 4862 sin
2479 4820 2676 4872 autem,
2705 4810 2814 4863 dele
2841 4827 2917 4863 me
2946 4810 3008 4864 de
3035 4811 3162 4865 libro
3191 4822 3275 4867 tuo
3301 4812 3494 4885 (Exod.
3526 4834 3687 4878 χχχιι.
3727 4818 3778 4872 51
3808 4857 3819 4875 .

2262 4898 2386 4968 52).
2441 4899 2540 4954 Ubi
2594 4899 3011 4954 demonstratum
3063 4911 3144 4955 est
3188 4903 3496 4958 intercessio
3539 4917 3820 4960 sanctorum

2261 4999 2516 5058 quantum
2563 5005 2656 5058 pro
2696 4989 2815 5043 aliis
2845 4991 3017 5045 valeat
3047 4991 3185 5060 apud
3219 4993 3406 5046 Deum.
3440 4993 3668 5049 Securus
3695 4995 3819 5049 enim

2260 5081 2467 5153 Moyses
2497 5082 2562 5136 de
2597 5082 2802 5150 justitia
2834 5083 2923 5136 Dei
2951 5125 2964 5148 ,
3003 5098 3104 5153 qua
3134 5098 3253 5137 eum
3284 5084 3460 5139 delere
3490 5101 3595 5146 non
3622 5093 3816 5155 posset,

2262 5173 2566 5242 impetravit
2590 5173 3036 5239 miscricordiam,
3066 5189 3131 5228 ne
3163 5175 3277 5228 illos
3307 5189 3438 5244 quos
3456 5176 3603 5244 juste
3631 5186 3817 5245 posset.

2259 5264 2481 5320 deleret.
2515 5263 2585 5318 Ita
2615 5265 2761 5320 stetit.
2790 5265 2840 5318 in
2866 5267 3208 5334 confractione
3238 5266 3286 5318 in
3323 5276 3588 5334 conspectu
3615 5269 3747 5338 ejus,
3775 5274 3818 5314 ut

2259 5365 2496 5411 averteret
2521 5356 2649 5408 iram
2679 5357 2806 5426 ejus,
2837 5372 2899 5408 ne
2927 5357 3232 5424 disperderet
3257 5373 3358 5411 eos.

2329 5447 2419 5502 22.
2462 5444 2610 5519 [vers.
2639 5445 2754 5520 21]
2797 5446 2859 5498 Et
2889 5463 2979 5516 pro
3009 5447 3164 5499 nihilo
3193 5447 3466 5500 habuerunt
3497 5457 3677 5500 terram
3702 5444 3814 5497 desi-

2259 5539 2550 5593 derabilem.
2575 5537 2678 5592 Sed
2703 5536 2952 5606 numquid
2976 5537 3214 5591 viderant
3241 5553 3356 5590 eam
3373 5538 3394 5590 ?
3413 5537 3682 5602 Quomodo
3702 5548 3812 5602 ergo

2262 5645 2354 5701 pro
2383 5629 2568 5694 nihilo,
2599 5645 2755 5699 quam
2790 5643 2893 5682 non
2922 5628 3181 5694 viderant,
3217 5627 3532 5696 habuerunt,
3569 5629 3662 5681 nisi
3689 5640 3809 5696 quo-

2323 5745 2338 5774 ¹
2365 5751 2543 5792 Omnes
2567 5755 2714 5805 prope
2734 5748 2858 5799 Mss,
2883 5739 3122 5804 gravibus.
