4188 6442
445 306 582 371 ιᾶίό

429 427 602 482 modo
632 429 875 497 sequitur
907 444 919 479 :
954 423 1061 481 Nec
1092 424 1412 479 crediderunt
1452 423 1502 478 in
1533 422 1688 476 verbis
1720 421 1871 491 ejus?
1895 419 2029 476 Pro-

422 520 576 573 fecto
608 519 714 572 nisi
747 527 888 573 terra
919 517 1008 571 illa
1039 515 1359 587 signiﬁcaret
1387 514 1584 585 aliquid
1613 528 1884 583 magnum,
1912 525 2032 581 qum

417 618 578 664 terra
603 609 887 665 dicebatur
903 609 1072 664 ﬁucns
1095 608 1171 662 lac
1185 618 1236 661 et
1255 607 1357 662 mel
1372 605 1564 676 (Exod.
1585 620 1662 670 ιιι,
1678 605 1758 675 8),
1776 618 1870 673 per
1889 601 2032 672 quod

412 700 652 754 visibilc
679 708 1070 754 sacramentum
1099 697 1165 752 ad
1190 696 1505 751 invisibilem
1531 695 1754 765 gratiam
1781 706 2032 763 regnum-

401 808 527 862 que
563 795 838 850 cutlorum
865 793 1084 848 duceret
1113 807 1206 847 eos
1231 792 1319 862 qui
1352 790 1612 846 mirabilia
1634 789 1748 858 ejus
1771 786 2030 856 intellige-

397 884 600 950 bant;
648 885 795 940 nullo
835 884 995 939 modo
1034 883 1119 938 isti
1157 883 1526 953 culparentur,
1569 880 1690 951 quia
1716 893 1809 949 pro
1861 877 2029 932 nihilo

393 975 750 1033 habuewut
768 976 909 1030 illam
930 985 1146 1038 terram,
1162 974 1310 1043 cujus
1329 972 1619 1043 temporale
1635 985 1854 1039 regnum
1872 968 2030 1022 etiam

387 1085 515 1124 nos
560 1085 672 1140 pro
701 1069 868 1125 nihilo
895 1068 1090 1124 habere
1119 1066 1394 1130 debemus,
1424 1074 1479 1119 ut
1499 1063 1791 1120 Jerusalem
1809 1062 2030 1115 liberam

389 1174 669 1216 matrem
691 1172 951 1226 nostram,
975 1175 1093 1229 quae
1117 1159 1166 1214 in
1190 1159 1342 1213 cmlis
1361 1165 1442 1211 est
1461 1155 1656 1226 (Galat.
1679 1171 1747 1219 IV,
1766 1151 1882 1224 26),
1908 1167 2032 1207 vere

385 1255 856 1312 desiderabilem
875 1255 1177 1324 diligamus.
1199 1251 1302 1306 Sed
1325 1251 1500 1320 potius
1517 1249 1604 1303 hic
1620 1247 1904 1302 inﬁdelitas
1922 1259 2032 1299 mc-

390 1348 522 1403 rito
554 1365 574 1402 ι
592 1347 928 1418 edarguitur,
952 1346 1070 1415 quia
1095 1345 1146 1399 in
1169 1359 1234 1398 eo
1255 1341 1391 1412 quod
1414 1352 1608 1396 terram
1626 1338 2029 1394 desiderabilem

389 1454 511 1508 pro
543 1437 734 1493 nihilo
758 1437 1075 1502 habuerunt,
1106 1434 1282 1489 verbis
1305 1433 1396 1487 Dei
1422 1447 1526 1486 non
1549 1429 1910 1496 crediderunt,
1936 1443 2032 1497 per

389 1529 690 1598 qumdam
720 1543 877 1598 parva
900 1525 1141 1582 ducentis
1162 1524 1227 1579 ad
1251 1539 1458 1594 magna,
1481 1532 1534 1576 et
1555 1523 1863 1578 festinantes
1886 1521 2028 1577 beari

391 1629 525 1675 tem
538 1620 827 1689 poralibus
846 1617 1024 1680 rebus,
1043 1632 1174 1687 quas
1191 1615 1480 1672 secundum
1500 1629 1713 1668 carnem
1732 1613 2024 1683 sapiebant,

389 1729 514 1765 non
539 1713 923 1774 sustinuerunt,
942 1711 1077 1764 sicut
1098 1723 1255 1778 supra
1273 1707 1471 1761 dictum
1495 1715 1596 1772 est,
1618 1705 1880 1759 consilium
1900 1705 2026 1774 ejus.

476 1804 594 1858 2'5.
636 1801 793 1874 [ιἐη.
812 1799 927 1874 25.]
957 1801 1023 1854 Et
1053 1809 1430 1854 murnmrarunt
1450 1800 1502 1852 in
1520 1798 1856 1852 tabernaculis
1881 1798 1986 1851 suis
2011 1814 2024 1862 ;

391 1910 515 1947 non
585 1894 928 1948 exaudierunt
976 1908 1142 1946 vocem
1199 1890 1451 1944 Domini:
1482 1889 1823 1944 vehementer
1859 1904 1952 1944 eos
1998 1904 2028 1943 a

393 1984 862 2038 murmuratione
893 1981 1245 2052 prohibentis.

477 2074 594 2130 24.
623 2073 701 2128 Et
727 2073 930 2128 elevavit
959 2089 1161 2126 manum
1186 2089 1327 2126 suam
1367 2089 1518 2142 super
1563 2089 1668 2138 eos,
1699 2080 1754 2124 ut
1804 2080 2026 2141 proster-

392 2177 565 2222 neret
597 2183 688 2221 eos
717 2168 767 2219 in
795 2165 987 2219 deserto
1013 2179 1030 2218 :
1059 2175 1104 2218 et
1131 2173 1182 2217 ut
1202 2163 1434 2234 dejiceret
1457 2178 1623 2216 semen
1650 2179 1820 2216 eorum
1849 2163 1897 2215 in
1929 2178 2026 2215 na-

393 2258 673 2321 tionibus,
711 2266 756 2310 et
776 2256 1081 2327 dispergeret
1102 2271 1183 2308 eos
1209 2255 1261 2308 in
1292 2254 1601 2324 regionibus.

478 2351 596 2406 25.
657 2347 812 2420 [vers.
860 2347 951 2413 Q8,
1002 2345 1119 2418 29.]
1166 2346 1260 2400 llic
1305 2356 1587 2416 antequam
1634 2345 1835 2401 diceret
1885 2344 2027 2416 quod

398 2452 594 2496 tanta:
625 2438 972 2511 indignationi
1008 2438 1101 2493 Dei
1137 2438 1414 2509 quisquam
1448 2439 1826 2504 intercesserit,
1873 2454 2029 2493 eum-

399 2551 522 2605 que
554 2533 746 2604 aliquo
767 2531 924 2586 modo
955 2530 1257 2601 placaverit,
1288 2541 1502 2586 secutus
1525 2530 1785 2600 adjunx‘it.
1836 2530 1900 2585 Et
1927 2533 2024 2586 ini-

401 2625 533 2679 tiati
568 2632 692 2678 sunt
721 2620 1067 2692 Beelpltegor;
1117 2620 1168 2675 id
1199 2629 1299 2686 est,
1358 2621 1500 2674 idolo
1545 2620 1792 2676 Gentium
1834 2636 2026 2677 conse-

403 2717 566 2773 crati
605 2734 618 2770 :
653 2713 719 2768 Et
763 2714 1192 2768 manducaverunt
1237 2713 1491 2780 sacriﬁcia
1528 2713 1906 2767 ‘mortuorum.
1960 2711 2028 2766 Et

406 2810 761 2866 irritaverant
788 2821 899 2860 eum
945 2805 999 2858 in
1043 2803 1477 2858 adinventionibus
1514 2804 1637 2864 suis,
1692 2813 1737 2858 et
1778 2803 2026 2874 multipli-

410 2914 544 2958 cata
578 2912 653 2957 est
683 2903 736 2956 in
766 2903 834 2957 eis
854 2905 1024 2959 ruina.
1053 2905 1327 2976 Tanquam
1350 2904 1414 2958 ad
1444 2903 1544 2958 hoc
1570 2903 1854 2966 distulerit,
1884 2901 2026 2974 quod

412 2995 707 3050 levaverat
723 3009 936 3049 manum
964 3010 1124 3066 super
1153 3010 1246 3049 eos
1272 2993 1688 3064 prosternendos
1717 2994 1768 3048 in
1790 2993 2026 3060 deserto,

416 3099 476 3146 el.
501 3088 872 3159 dejiciendum
901 3104 1080 3145 semen
1100 3105 1285 3144 eorum
1315 3090 1365 3143 in
1388 3089 1711 3153 nationibus,
1734 3098 1787 3142 et
1814 3088 2026 3158 disper-

420 3183 640 3256 gendos
665 3184 830 3238 eosin
869 3184 1195 3254 regionibus,
1237 3193 1294 3238 ut
1332 3184 1439 3238 dati
1472 3184 1522 3238 in
1567 3184 1855 3254 reprobum
1902 3198 2025 3238 seu-

423 3290 577 3338 sum,
602 3274 766 3330 etiam
807 3274 932 3329 illud
966 3274 1328 3341 admitterent,
1373 3275 1424 3329 in
1447 3291 1551 3345 quo
1582 3274 1896 3328 immaniore
1925 3276 2028 3329 cri-

426 3370 582 3425 mine
638 3368 874 3424 evidenti
926 3368 1128 3437 justitia
1170 3368 1519 3438 punirentur;
1573 3367 2025 3437 quemadmodum

430 3461 567 3516 dicit
595 3460 888 3530 Apostolus
922 3478 936 3515 :
969 3460 1033 3514 Et
1065 3461 1193 3514 sicut
1222 3477 1322 3514 non
1352 3460 1684 3528 probaverunt
1728 3458 1894 3513 Deum
1926 3461 2023 3513 lia-

433 3551 551 3606 bere
579 3552 632 3605 in
661 3551 912 3618 notitiam,
965 3551 1175 3605 tradidit
1210 3550 1324 3605 illos
1353 3549 1490 3604 Deus
1518 3551 1570 3602 in
1599 3550 1862 3620 reprobam
1887 3567 2027 3604 men-

436 3653 559 3707 tem,
589 3651 645 3694 ut
672 3642 864 3712 faciant
893 3657 1004 3712 qntr
1024 3657 1123 3695 non
1149 3641 1447 3695 conveniunt
1475 3640 1650 3710 (Rom.
1684 3656 1720 3706 ι,
1751 3639 1866 3711 ‘28).

508 3732 602 3787 26.
635 3732 786 3805 [vers.
817 3730 930 3804 50.]
965 3731 1200 3801 Denique
1234 3740 1436 3786 tantum
1479 3732 1572 3786 fuit
1602 3732 1777 3787 scelus
1817 3747 2025 3797 cormn,

439 3825 586 3896 quod
610 3825 912 3880 consecrati
943 3834 1069 3879 sunt
1095 3824 1256 3887 idolo,
1300 3833 1348 3878 et
1377 3824 1732 3878 comederunt
1773 3823 2030 3878 sacriﬁcia

441 3929 781 3971 mortuorum
814 3913 887 3987 (id
919 3924 1022 3980 est,
1043 3916 1165 3986 quia
1196 3915 1417 3969 mortuis
1449 3914 1753 3968 hominibus
1780 3921 2029 3984 tanquam

443 4009 548 4063 diis
582 4008 958 4064 sacriﬁcabant
987 4007 1185 4064 Gentes
1207 4008 1274 4077 ¹),
1323 4017 1378 4061 ιιι
1396 4007 1549 4060 aliter
1576 4021 1634 4061 se
1665 4006 1858 4075 placari
1894 4006 2031 4060 Deus

444 4101 635 4164 nollet,
687 4098 788 4154 nisi
814 4098 1227 4168 quomodo-eum
1256 4096 1482 4167 placavit
1506 4094 1733 4150 l’ltiuecs
1757 4095 2028 4159 sacerdos,

447 4195 534 4264 qui
581 4191 878 4247 masculum
927 4199 980 4246 et
1023 4189 1274 4245 feminam
1329 4190 1378 4242 in
1411 4187 1693 4259 complexu
1735 4186 2033 4240 adulterino

447 4283 816 4354 deprehensos
845 4282 1044 4352 pariter
1074 4281 1341 4335 interemit
1383 4278 1567 4351 (Num.
1600 4295 1723 4344 xxv,
1753 4277 1832 4348 8).
1879 4277 2030 4344 Quod

447 4378 489 4432 si
514 4377 642 4431 odio
664 4389 873 4440 eorum,
903 4389 1006 4429 non
1029 4373 1310 4429 dilectione
1340 4371 1570 4438 fecisset,
1600 4372 1724 4426 dum
1747 4387 1866 4426 eum
1893 4386 2038 4426 com-

447 4468 635 4524 ederet
687 4467 831 4521 zelus
859 4465 1048 4520 domus
1076 4463 1191 4529 Dei,
1243 4479 1346 4518 non
1400 4464 1447 4518 ei
1505 4472 1841 4532 reputaretur
1866 4462 1928 4516 ad
1956 4462 2039 4530 ju-

449 4559 674 4615 stitiam.
709 4557 824 4613 Hoc
848 4558 990 4612 enim
1020 4555 1179 4621 facto,
1212 4555 1356 4609 illum
1373 4556 1624 4623 pepulum
1655 4555 1805 4622 cujus
1834 4552 2039 4606 futurus

451 4659 568 4706 erat
593 4648 767 4719 major
793 4647 1066 4710 interitus,
1121 4654 1368 4714 tanquam
1401 4660 1562 4698 unum
1593 4643 1862 4697 hominem
1890 4643 2038 4712 quasi

453 4743 599 4812 virga
638 4741 922 4811 percussit,
974 4745 1030 4792 ut
1057 4736 1288 4792 animam
1335 4737 1450 4806 ejus
1495 4737 1724 4790 salvaret
1768 4750 1797 4788 a
1845 4745 2038 4790 morte.

456 4833 742 4887 Leniorem
774 4829 989 4900 quidem
1033 4828 1263 4884 revelato
1294 4827 1636 4882 Testamento
1683 4826 1832 4882 Novo
1863 4827 2039 4881 Domi-

456 4939 555 4980 nus
581 4922 828 4978 Christus
849 4935 970 4977 esse
992 4919 1159 4975 voluit
1186 4918 1518 4986 disciplinam
1541 4933 1554 4982 ;
1587 4917 1680 4972 sed
1708 4917 1937 4970 atrocior
1959 4925 2042 4970 est

455 5013 806 5070 comminatio
841 5011 1120 5082 gehennae,
1161 5024 1319 5079 quam
1363 5016 1485 5062 tunc
1519 5009 1569 5062 in
1617 5008 1720 5061 illis
1750 5007 2043 5060 commina-

458 5106 698 5161 tionibus
727 5103 822 5159 Dei
866 5118 960 5172 pro
989 5111 1287 5172 temporum
1327 5098 1721 5167 tliSpcnsationc
1766 5113 1870 5150 non
1918 5096 2044 5166 legi-

457 5213 600 5254 mus.
635 5195 984 5266 Multiplicata
1008 5203 1080 5248 est
1110 5209 1236 5263 ergo
1266 5191 1319 5245 in
1346 5191 1414 5244 eis
1441 5190 1611 5254 ruina,
1660 5203 1778 5241 cum
1811 5204 1905 5258 pro
1934 5190 2045 5242 suis

457 5289 712 5362 gravibus
738 5286 972 5358 peccatis
999 5286 1231 5356 graviter
1261 5285 1614 5336 vastarentur.
1667 5277 1734 5332 Et
1764 5282 1894 5334 stetit
1920 5279 2046 5333 ΡΙιὶ-

461 5397 601 5447 nees,
640 5388 687 5433 et
717 5376 954 5449 placavit,
985 5385 1033 5432 et
1063 5374 1270 5429 cessavit
1297 5367 1574 5442 quassatio.
1612 5367 1849 5426 Breviter
1879 5379 2044 5425 totum

460 5472 620 5538 dixit,
671 5469 796 5541 quia
839 5484 944 5524 non
991 5467 1076 5521 hic
1107 5465 1404 5521 nescientes
1439 5463 1622 5534 docet,
1674 5462 1765 5520 sed
1809 5477 2045 5519 commc-

535 5688 549 5718 ⁸
583 5684 886 5747 Antiquiores
929 5690 1032 5747 tuss.
1055 5717 1068 5742 ,
1107 5680 1400 5747 sacriﬁcium
1437 5695 1454 5732 :

1495 5683 1632 5745 juxta
1669 5695 1813 5745 gra‘c.
1842 5688 1968 5728 LXX.

535 5749 558 5779 ⁸
588 5743 900 5808 \‘ox,'gentes,
923 5746 1062 5793 abest
1084 5756 1109 5791 a
1129 5743 1370 5793 nout'mllis
1386 5751 1490 5793 Mss.

1595 272 1990 363 tau-manto
2029 303 2094 358 IN
2136 300 2457 358 rsxtuuu
2488 301 2596 358 cv.

3592 309 3729 365 ιιιι

2139 424 2310 469 morat
2338 415 2586 470 scientes.
2617 412 2747 481 Quae
2777 422 2957 470 autem
2989 415 3074 470 bic
3107 416 3275 486 posita
3315 427 3396 473 est
3437 422 3721 488 quassatio.

2141 507 2254 562 [nec
2281 508 2524 576 superius
2549 506 2840 563 contractio
2867 526 2879 562 :
2906 523 3026 562 nam
3051 509 3102 563 in
3129 525 3302 580 grtcco
3318 527 3479 566 unum
3503 515 3723 570 verbum

2139 610 2242 653 CSI.

2206 687 2297 743 27.
2328 687 2475 762 [t'ers.
2518 688 2633 764 5L]
2677 689 2739 743 Et
2759 699 3046 760 reputatum
3076 701 3148 746 est
3170 693 3215 745 ei
3257 694 3308 746 in
3345 696 3621 764 justitiam,
3669 699 3720 752 in

2136 781 2508 850 generationem
2543 791 2588 834 et
2615 783 2987 852 generationem
3038 799 3191 852 usque
3235 785 3286 837 in
3335 789 3715 858 sempiternum.

2140 868 2278 924 Deus
2305 869 2405 924 hoc
2433 872 2696 940 reputavit
2735 872 2998 926 sacerdoti
3027 889 3122 926 suo
3152 875 3167 904 ²
3193 875 3241 928 in
3279 875 3557 944 justitiam,
3614 896 3717 935 non

2136 960 2308 1013 solum
2338 959 2588 1029 quamdiu
2623 963 2897 1031 generatio
2922 970 3022 1028 est,
3073 964 3166 1018 sed
3195 982 3345 1035 usque
3367 969 3417 1021 in
3452 973 3714 1040 sempiter-

2137 1064 2295 1116 num;
2326 1050 2416 1120 qui
2451 1065 2544 1105 cor
2573 1060 2857 1117 scrutatur,
2899 1061 2953 1106 et
2996 1053 3141 1108 norit
3181 1057 3482 1124 appendere
3521 1075 3711 1132 quanta

2137 1138 2187 1192 id
2223 1138 2414 1194 factum
2436 1142 2504 1194 sit
2536 1142 2709 1210 populi
2738 1141 3016 1198 charitatc.

2205 1231 2293 1288 28.
2333 1231 2481 1306 [vers.
2502 1234 2590 1300 52,
2625 1234 2739 1306 55.]
2777 1254 2795 1288 t
2827 1237 2893 1290 Et
2922 1237 3260 1294 irritaverunt
3290 1255 3410 1296 eum
3439 1243 3503 1298 ad
3531 1259 3714 1315 aquam

2135 1325 2592 1391 contradictionis,
2627 1334 2678 1380 et
2710 1337 2928 1381 vexatus
2958 1336 3039 1382 est
3082 1330 3292 1400 Moyses
3323 1343 3538 1402 propter
3587 1352 3719 1400 cos;

2135 1415 2254 1484 quia
2291 1416 2748 1472 evaccrhavcruut
2799 1418 3043 1487 Spiritum
3094 1421 3230 1488 ejus.
3276 1424 3338 1476 Et
3384 1424 3627 1484 distinxit
3666 1430 3719 1484 in

2136 1504 2290 1560 labiis
2317 1508 2444 1560 suis.
2472 1526 2490 1558 ι
2517 1506 2654 1573 Quid
2681 1516 2783 1572 est,
2816 1510 3045 1564 distinxit
3068 1511 3093 1564 ?
3120 1513 3278 1578 Quasi
3312 1513 3442 1569 illud
3465 1533 3569 1572 non
3599 1535 3724 1589 pos-

2136 1603 2217 1650 set
2248 1595 2385 1651 Deus
2418 1595 2612 1664 facere,
2656 1598 2744 1668 qui
2778 1609 2919 1654 tanta
2961 1601 3070 1670 jam
3106 1601 3323 1669 fecerat,
3371 1615 3429 1659 ιιι
3472 1622 3605 1677 aqua
3653 1612 3721 1667 de

2137 1698 2283 1758 petra
2316 1690 2620 1760 proﬁueret.
2655 1692 2966 1747 Dubitanter
2989 1695 3130 1748 enim
3180 1706 3380 1764 petram
3411 1700 3553 1771 virga
3592 1719 3718 1772 per-

2133 1784 2319 1848 cussit,
2353 1793 2406 1838 et
2428 1784 2549 1839 ideo
2577 1784 2678 1838 hoc
2717 1785 3032 1840 miracelum
3062 1787 3307 1842 distinxit
3333 1805 3362 1843 a
3384 1793 3590 1848 ueteris
3619 1797 3719 1851 mio-

2135 1875 2348 1942 raeulis,
2394 1875 2446 1929 in
2496 1875 2691 1946 quibus
2726 1891 2829 1930 non
2879 1877 3234 1933 dubitaverat.
3297 1880 3429 1936 llinc
3475 1885 3715 1952 olleudit,

2135 1964 2259 2019 hinc
2286 1964 2469 2020 audire
2495 1969 2688 2020 meruit
2716 1976 2771 2021 ut
2801 1977 3118 2034 moreretur,
3169 1985 3234 2024 ne
3266 1971 3488 2028 intraret
3527 1975 3580 2030 in
3608 1987 3715 2032 ter-

2133 2069 2245 2110 ram
2295 2056 2666 2125 promissionis
2698 2056 2871 2128 (Deut.
2919 2074 3095 2126 xxxn,
3127 2059 3341 2132 49-52).
3376 2063 3720 2122 Perturbatus

2132 2147 2272 2201 enim
2305 2162 2577 2202 murmure
2608 2149 2786 2218 populi
2819 2148 3047 2203 inﬁdelis
3071 2193 3085 2215 ,
3142 2166 3244 2204 non
3273 2154 3442 2208 tenuit
3473 2156 3717 2212 ﬁduciam

2132 2239 2339 2308 qualem
2369 2238 2572 2293 debuit.
2607 2239 2702 2294 Cui
2738 2249 2912 2294 tamen
2944 2241 3083 2296 Deus
3112 2250 3360 2312 tanquam
3389 2245 3560 2301 electo
3591 2262 3708 2314 suo,

2132 2331 2290 2385 etiam
2321 2340 2442 2402 post
2488 2341 2712 2386 mortem
2755 2332 2873 2403 ejus
2927 2333 3122 2388 bonum
3185 2337 3428 2405 perbibet
3477 2341 3721 2397 testimo-

2137 2421 2304 2488 nium,
2336 2430 2394 2476 ut
2421 2422 2778 2493 intelligamus
2827 2424 2969 2478 illam
3019 2425 3140 2479 ﬁdei
3184 2428 3300 2495 ejus
3347 2429 3718 2489 titubationem

2134 2510 2232 2565 hac
2256 2511 2368 2567 sola
2395 2527 2552 2582 prena
2585 2512 2752 2569 fuisse
2774 2524 3100 2585 correptam,
3127 2517 3339 2586 quodin
3365 2534 3480 2574 eam
3499 2530 3716 2592 terram,

2132 2618 2237 2673 quo
2281 2605 2534 2674 pepulum
2588 2603 2703 2673 ipse
2749 2604 2996 2669 ducebat,
3033 2621 3136 2661 non
3183 2617 3265 2663 est
3306 2611 3597 2678 permissus
3639 2614 3720 2669 itt-

2135 2703 2291 2750 trare.
2316 2696 2467 2750 Absit
2493 2705 2670 2751 autem
2689 2707 2743 2751 ut
2761 2712 2882 2753 eum
2906 2698 3185 2754 credamus
3201 2701 3486 2758 alienatum
3511 2721 3538 2758 a
3555 2722 3720 2777 regno

2130 2786 2314 2857 gratia:
2346 2787 2462 2852 Dei,
2505 2787 2647 2857 quod
2679 2788 3013 2858 signiﬁcabat
3043 2791 3128 2846 illa
3157 2800 3296 2846 terra
3329 2797 3716 2864 promissionis,

2130 2877 2272 2932 unde
2293 2878 2376 2934 lac
2402 2886 2456 2932 et
2500 2878 2604 2932 mel
2653 2877 2889 2934 detinere
2941 2880 3237 2936 dicebatur.
3290 2883 3402 2938 lloc
3449 2896 3531 2941 est
3573 2888 3731 2944 enim

2132 2969 2307 3040 potius
2381 2977 2764 3025 testamentum
2837 2980 3094 3026 :eternum
3145 2974 3286 3044 quod
3342 2976 3602 3048 disposuit
3649 2982 3715 3036 ad

2131 3063 2420 3127 Abraham,
2470 3078 2573 3118 non
2605 3063 2900 3119 secundum
2931 3079 3148 3120 carnem
3194 3077 3397 3138 patrem
3453 3081 3716 3139 nostrum,

2131 3154 2225 3208 sed
2256 3153 2546 3209 secundum
2577 3153 2758 3208 ﬁdem.

2199 3243 2291 3300 29.
2325 3243 2474 3316 [vers.
2504 3245 2592 3310 5-1,
2625 3243 2740 3318 56.]
2765 3244 2844 3300 1111
2894 3255 3069 3302 autem
3098 3247 3163 3304 de
3192 3264 3418 3319 quorum
3463 3252 3716 3324 iniquita-

2132 3333 2272 3388 tibus
2296 3335 2394 3389 iste
2421 3335 2655 3405 loquitur
2677 3336 2935 3405 psalmus,
2965 3352 3083 3392 cum
3110 3339 3160 3392 in
3191 3339 3335 3395 illam
3364 3345 3714 3414 temporalem

2134 3434 2328 3480 terram
2358 3427 2728 3495 promissionis
2755 3426 3065 3494 intrassent,
3097 3448 3116 3481 ι
3151 3430 3267 3486 Non
3293 3433 3721 3504 disperdiderunt

2133 3516 2349 3582 Gentes,
2383 3532 2516 3587 quas
2542 3516 2677 3572 dixit
2722 3519 2978 3574 Dominus
3009 3520 3133 3576 illis.
3169 3522 3233 3576 Et
3271 3525 3545 3582 commixti
3591 3540 3716 3583 sunt

2134 3607 2271 3663 inter
2299 3607 2520 3676 Gentes,
2569 3619 2621 3664 et
2650 3608 2949 3665 didicerunt
2983 3627 3142 3682 opera
3173 3629 3384 3681 eorum,
3425 3625 3473 3671 et
3516 3619 3719 3674 serv-ie.

2133 3706 2258 3752 runt
2284 3699 2620 3769 sculptilibus
2650 3715 2868 3766 eorum;
2922 3711 2974 3756 et
3005 3702 3199 3758 factum
3240 3715 3322 3760 est
3351 3707 3452 3760 illis
3481 3708 3529 3762 in
3562 3724 3719 3763 scan-

2133 3789 2331 3843 dalum.
2373 3809 2391 3842 ι
2422 3789 2553 3844 lllud
2584 3789 2725 3861 quod
2753 3805 2843 3846 cas
2876 3808 2979 3846 non
3019 3793 3471 3863 disperdiderunt,
3523 3798 3614 3853 sed
3642 3802 3722 3854 eis

2134 3882 2409 3936 commixti
2437 3891 2580 3945 sunt,
2614 3882 2812 3937 factum
2843 3894 2928 3938 est
2957 3884 3061 3938 illis
3091 3885 3141 3939 in
3173 3887 3501 3943 scandalum.

2206 3973 2291 4028 50.
2322 3971 2470 4045 [vers.
2502 3972 2594 4038 57,
2626 3972 2738 4045 40.]
2768 3993 2784 4025 ι
2815 3975 2878 4028 Ει
2907 3976 3315 4030 iunnolaveruut
3343 3979 3479 4033 ﬁlios
3511 3995 3637 4034 suos
3663 3995 3718 4036 et

2138 4064 2270 4118 ﬁlias
2297 4079 2420 4118 suas
2448 4063 2730 4118 dmmoniis
2763 4083 2775 4118 :
2805 4073 2858 4119 et
2887 4065 3190 4120 effuderunt
3219 4070 3529 4140 sanguinem
3561 4072 3719 4126 iuno-

2137 4163 2366 4220 ccntem,
2413 4155 2722 4224 sanguinem
2753 4154 2980 4210 ﬁliorum
3013 4171 3228 4212 suorum
3261 4168 3312 4213 et
3340 4160 3562 4216 ﬁliarum
3599 4180 3720 4218 sua-

2138 4263 2278 4314 rum,
2331 4263 2462 4317 quas
2514 4247 2952 4304 sacriﬁcaverunt
3009 4251 3339 4321 sculptilibus
3387 4251 3656 4310 Chanaan.
3700 4277 3717 4308 ι

2141 4337 2452 4392 lmmolasse
2477 4338 2614 4392 ﬁlios
2643 4353 2769 4394 suos
2785 4349 2836 4394 ct
2865 4340 2996 4394 tilias
3023 4357 3149 4396 suas
3171 4342 3448 4400 daemoniis
3469 4355 3523 4401 et
3548 4347 3720 4410 ἰιΙυιίς,

2143 4445 2247 4482 ιιοιι
2280 4442 2373 4483 eos
2396 4427 2481 4482 illa
2510 4440 2688 4483 narrat
2731 4428 2986 4496 historia;
3031 4431 3122 4486 sed
3156 4449 3327 4503 neque
3367 4435 3467 4490 iste
3491 4439 3726 4507 psalmus

2143 4520 2351 4574 mentiri
2375 4527 2574 4590 potest,
2605 4535 2778 4590 neque
2806 4520 3106 4590 Prophetze,
3131 4523 3219 4591 qui
3249 4525 3348 4579 ltec
3374 4527 3553 4581 dicunt
3581 4531 3720 4583 mul-

2144 4611 2210 4667 tis
2238 4612 2653 4680 increpationum
2685 4627 2899 4668 suarum
2941 4613 3091 4670 locis.
3125 4613 3381 4672 llabuisse
3412 4634 3537 4673 vero
3569 4621 3723 4675 istun

2143 4705 2587 4761 consuetudinem
2607 4704 2827 4772 Gentes,
2863 4721 2960 4761 nec
2987 4721 3168 4759 carum
3208 4708 3399 4762 lillCl'iB
3422 4719 3719 4763 tacuerunt.

2216 4797 2304 4850 51.
2338 4795 2443 4851 Sed
2475 4795 2604 4866 quid
2634 4805 2716 4850 est
2753 4796 2893 4866 quod
2933 4797 3218 4866 sequitur?
3252 4796 3316 4851 Et
3357 4799 3616 4867 interfecta
3652 4813 3724 4854 est

2147 4898 2279 4941 terra
2306 4887 2356 4939 in
2383 4887 2729 4958 sanguinibns.
2764 4887 3079 4941 Putaremus
3107 4887 3248 4942 enim
3277 4888 3550 4956 scriptoris
3578 4901 3728 4944 erro-

2147 4994 2282 5045 rem,
2315 4993 2543 5049 eumque
2568 4977 2868 5032 diceremus
2903 4993 3000 5048 pro
3030 4993 3096 5033 eo
3126 4978 3264 5047 quod
3291 4988 3372 5034 est
3402 4980 3606 5052 infecta,
3655 4983 3728 5037 fc-

2147 5071 2282 5127 cisse
2307 5070 2578 5140 interfecta
2608 5111 2623 5132 ,
2666 5069 2765 5125 nisi
2801 5069 3121 5124 haberemus
3143 5069 3456 5125 beneﬁcium
3496 5072 3607 5139 Dei,
3637 5076 3725 5144 qui

2147 5162 2451 5232 Scripturas
2491 5176 2615 5216 suas
2653 5161 2704 5214 in
2733 5160 2914 5214 multis
2954 5159 3144 5230 linguis
3180 5177 3297 5216 esse
3325 5163 3522 5229 voluit;
3573 5175 3731 5236 atque

2151 5251 2220 5306 ita
2245 5267 2364 5306 esse
2389 5253 2665 5322 scriptum,
2708 5249 2984 5320 Interfecta
3009 5262 3080 5304 est
3104 5261 3236 5305 terra
3290 5255 3343 5308 in
3383 5257 3728 5327 sanguinibus,

2151 5345 2403 5415 inspectis
2443 5348 2631 5415 graccis
2679 5343 2950 5398 codicibus
2991 5345 3294 5401 videremus
3332 5348 3427 5421 (ιι).
3473 5351 3608 5418 Quid
3654 5363 3736 5408 cst

2152 5454 2294 5509 ergo,
2328 5438 2599 5510 Interfecta
2627 5447 2699 5490 est
2724 5447 2877 5504 terra,
2911 5439 3011 5493 nisi
3041 5439 3140 5494 ltoc
3173 5440 3429 5498 referatur
3454 5445 3519 5497 ad
3560 5446 3731 5499 homi-

2152 5544 2247 5584 nes
2273 5529 2359 5600 qui
2404 5528 2712 5583 habitabant
2760 5529 3004 5595 interra,
3057 5533 3257 5602 tropica
3297 5535 3585 5599 locutione,
3632 5552 3734 5606 qua

2219 5683 2234 5713 ι
2261 5681 2334 5730 sic
2347 5687 2458 5729 Mss.
2482 5686 2536 5731 At
2558 5681 2691 5739 Fxld.,
2716 5682 2988 5733 sacerdotio
3017 5697 3119 5734 suo.

2217 5743 2288 5803 ((ι)
2319 5749 2485 5804 Graec.,
2511 5742 2916 5806 ephonoctont‘tlie.
