4188 6436
491 317 631 372 1315

492 426 818 497 significatur
843 423 935 494 per
965 421 1014 476 id
1046 419 1184 490 quod
1200 417 1463 480 continet,
1497 414 1546 467 id
1576 417 1715 482 quod
1747 413 2072 473 continetur.

493 522 630 574 sicut
658 518 883 573 dicimus
907 514 1099 568 malam
1129 513 1368 574 domum,
1420 509 1471 562 in
1511 523 1613 578 qua
1648 506 1771 560 mali
1817 506 2078 567 habitant,

491 623 547 668 et
571 614 763 666 bonam
807 609 857 663 in
897 621 998 676 qua
1043 604 1214 658 boni?
1259 601 1361 672 lpsi
1413 616 1643 670 namque
1692 599 2084 654 interﬁciebant

494 705 697 758 animas
723 716 843 756 suas
870 696 1194 752 immolando
1213 697 1349 751 lilios
1375 711 1520 760 suos,
1541 703 1594 748 et
1619 692 1938 750 effundenda
1963 707 2079 747 sau-

494 796 705 864 gninem
735 790 1073 861 parvulorum
1096 804 1125 842 a
1152 787 1506 842 consensione
1532 786 1674 839 illius
1703 785 1922 839 sceleris
1956 783 2084 838 alic-

495 901 682 942 nornm
712 904 723 938 :
755 883 893 938 unde
921 882 1118 936 dictum
1146 891 1249 945 est,
1278 877 1581 945 E/faderunt
1606 877 1904 948 sanguinem
1932 876 2083 929 inno-

495 986 705 1031 centem.
757 974 917 1044 Ergo,
960 970 1237 1042 Interfecto
1263 979 1334 1023 est
1361 979 1494 1023 terra
1537 968 1591 1022 in
1637 967 1986 1038 sanguinilms,
2037 978 2085 1019 et

481 1049 841 1121 'rontaminata
867 1073 936 1117 est
959 1064 1012 1117 in
1039 1061 1272 1134 Operibus
1299 1076 1494 1122 eorum,
1533 1073 1653 1113 cum
1691 1058 1788 1126 ipsi
1823 1055 2082 1112 interiecti

497 1157 700 1212 suntin
730 1156 928 1219 anima,
954 1164 1008 1208 et
1042 1149 1386 1206 contaminati
1435 1149 1489 1202 in
1527 1146 1782 1218 operibus
1829 1146 1960 1201 suis.
2020 1144 2083 1199 Et

499 1249 734 1322 fornicati
763 1257 878 1301 sunt
906 1247 958 1299 in
985 1242 1422 1298 adinvcntionibus
1449 1241 1574 1294 suis.
1622 1239 1730 1294 Has
1764 1238 1894 1293 dicit
1933 1237 2085 1292 adin-

500 1342 797 1403 ventiones,
840 1352 974 1408 quas
1000 1335 1172 1392 Graeci
1213 1337 1572 1401 ιπιτηδιὺματα
1615 1330 1927 1401 appellant:
1959 1344 2081 1384 nam

501 1435 603 1488 hoe
628 1432 845 1485 verbum
870 1429 1034 1482 estin
1082 1425 1356 1482 codicibus
1390 1423 1581 1494 grzecis
1622 1430 1676 1478 et
1703 1422 1803 1478 hoc
1847 1421 1986 1479 loco.
2030 1429 2084 1474 et

499 1522 763 1592 superius,
795 1519 884 1575 ubi
915 1519 1113 1574 dictum
1139 1525 1242 1578 est,
1273 1514 1607 1569 Irritarcrunt
1628 1529 1741 1568 eum
1766 1513 1817 1566 in
1845 1512 2086 1565 adiuven-

499 1616 714 1670 tionibus
735 1613 838 1668 suis
862 1630 880 1676 ;
909 1627 1028 1666 cum
1058 1620 1112 1666 et
1140 1610 1250 1665 illic
1274 1617 1328 1663 et
1357 1608 1444 1662 hic
1467 1621 1560 1662 eas
1585 1606 1728 1660 dicat
1752 1604 2085 1660 adinventio-

501 1721 615 1768 nes,
647 1705 698 1759 in
721 1704 911 1774 quibus
933 1702 1067 1755 alios
1093 1699 1283 1754 imitati
1310 1706 1453 1754 sunt.
1477 1697 1591 1752 Non
1615 1697 1792 1765 itaque
1812 1695 1888 1749 sic
1913 1693 2084 1748 dictas

500 1797 820 1850 arbitremur
845 1791 1270 1855 adinventioncs,
1316 1788 1466 1858 quasi
1503 1787 1570 1841 ab
1616 1787 1746 1856 ipsis
1794 1786 2081 1848 institutas,

498 1889 649 1942 nullo
674 1887 726 1940 in
762 1886 882 1939 aliis
908 1883 1247 1954 prmcedeute
1270 1881 1409 1951 quod
1439 1881 1777 1936 imitarentur
1815 1883 2080 1948 exempto.

501 1979 656 2035 Unde
676 1978 765 2031 alii
792 1977 1109 2044 interpretes
1138 1974 1324 2038 nostri,
1378 1988 1483 2026 non
1513 1972 1939 2035 adinventiones,
1988 1969 2078 2024 sed

501 2070 673 2124 studia
697 2086 712 2134 ;
740 2068 826 2123 alii
854 2081 979 2121 vero
1000 2065 1332 2129 affectiones,
1360 2064 1446 2119 vel
1471 2063 1861 2127 allectationes,
1881 2062 1966 2115 alii
1992 2077 2084 2114 vo-
2124 2126 2129 2130 _

503 2163 728 2230 Inptates
755 2159 930 2214 dicere
959 2158 1259 2211 maluerunt
1287 2174 1299 2208 :
1329 2164 1384 2209 et
1408 2155 1564 2209 iidem
1597 2154 1694 2224 ipsi
1718 2154 1806 2223 qui
1835 2153 2085 2207 dixerunt

500 2253 923 2312 adinvcntioncs,
955 2251 1060 2304 alio
1083 2250 1202 2304 loco
1231 2248 1402 2302 studia
1453 2257 1763 2318 posuerunt.
1811 2247 1920 2301 lloc
1939 2261 2085 2299 com-

503 2360 800 2401 memorare
823 2344 986 2405 volui,
1024 2358 1092 2397 ne
1115 2341 1462 2411 qumstionem
1490 2339 1689 2395 faceret
1717 2356 1911 2394 nomen
1934 2339 2086 2393 adin-

501 2438 767 2493 ventionis
811 2440 862 2490 in
904 2452 964 2490 ea
1009 2451 1086 2498 re,
1136 2449 1292 2505 quam
1321 2449 1427 2487 non
1471 2448 1499 2487 a
1529 2433 1719 2503 seipsis
1747 2432 2082 2504 excogitave—

499 2543 642 2594 runt,
673 2529 764 2585 sed
783 2530 914 2584 alios
937 2529 1122 2582 imitati
1157 2536 1301 2581 sunt.

571 2626 659 2680 '59..
685 2622 836 2696 [vers.
864 2623 953 2684 40,
985 2619 1100 2691 45.]
1132 2618 1202 2673 Et
1226 2621 1386 2672 iratus
1419 2629 1489 2672 est
1518 2622 1690 2690 furore
1734 2616 1982 2672 Dominus
2031 2616 2082 2670 in

504 2707 745 2790 populum
774 2731 943 2770 suum.
981 2712 1278 2767 Noluerunt
1306 2711 1517 2781 quidam
1550 2711 1868 2779 interpretes
1917 2709 2081 2762 nostri

502 2813 634 2864 iram
680 2821 896 2877 ponere,
941 2805 993 2858 in
1031 2818 1097 2858 eo
1137 2803 1278 2872 quod
1329 2817 1535 2872 graecus
1581 2800 1740 2854 habet
1778 2809 1957 2867 τυμὸςξ
1989 2800 2081 2852 sed

473 2889 712 2968 'quidam
744 2904 1035 2968 posuerunt
1060 2903 1320 2955 mentem;
1351 2894 1563 2964 quidam
1604 2909 1729 2946 vero
1769 2892 2084 2962 indignatio-

503 3009 650 3058 nem,
685 2990 896 3060 quidam
955 2987 1191 3042 animum
1244 2986 1572 3055 interpretati
1616 2996 1761 3040 sunt.
1792 2985 2078 3052 Quodlibet

502 3097 678 3140 autem
707 3084 894 3138 horum
923 3081 1147 3142 dicatur,
1168 3077 1494 3148 perturbatio
1523 3092 1626 3130 non
1649 3076 1784 3131 cadit
1815 3077 1864 3130 in
1882 3077 2080 3141 Deum;

503 3176 598 3231 sed
643 3174 712 3228 de
757 3169 1138 3227 consuetudine
1167 3168 1498 3232 translatum,
1535 3169 1765 3238 potentia
1784 3167 2080 3222 vindicandi

499 3269 600 3321 hoc
627 3279 820 3319 nomen
849 3261 1074 3331 accepit.

571 3358 661 3412 '55.
719 3373 737 3406 ‹
769 3355 838 3409 Et
876 3352 1212 3407 abominatus
1257 3359 1338 3405 est
1381 3349 1748 3404 hmrcditatem
1789 3363 1961 3404 suam.
2018 3349 2084 3404 Et

500 3449 715 3506 tradidit
741 3463 833 3502 eos
859 3449 911 3499 in
942 3461 1131 3500 manus
1161 3443 1436 3506 Gentium,
1484 3451 1536 3498 et
1567 3442 1824 3498 dominati
1846 3453 1965 3497 sunt
1988 3458 2082 3496 eo-

499 3557 618 3596 rum
650 3540 735 3610 qui
769 3539 995 3592 oderant
1049 3551 1142 3590 eos
1178 3553 1190 3588 :
1243 3544 1296 3588 et
1328 3534 1713 3588 tribulaveruut
1757 3548 1853 3590 eos
1883 3533 2080 3589 inimici

498 3647 708 3694 eormn,
728 3639 782 3684 et
806 3627 1066 3682 bumiliati
1097 3636 1219 3679 sunt
1240 3625 1338 3678 sub
1364 3625 1606 3678 manibus
1625 3640 1830 3678 eorum.
1862 3644 1879 3675 ι
1901 3625 2081 3692 Quan-

499 3725 570 3780 do
591 3738 684 3778 eos
706 3720 1068 3776 luereditatem
1094 3719 1182 3772 Dei
1215 3717 1439 3779 vocavit,
1466 3715 1798 3769 manifestum
1828 3724 1910 3769 est
1939 3715 2080 3784 quod

499 3832 607 3871 non
635 3814 700 3869 ad
731 3813 1109 3885 perditionem,
1162 3809 1255 3864 sed
1280 3808 1343 3862 ad
1377 3809 1711 3877 disciplinam
1743 3825 1836 3863 eos
1871 3809 2080 3862 abomi-

498 3919 655 3966 natus
685 3916 788 3970 est,
822 3915 874 3960 et
903 3904 1113 3959 tradidit
1145 3903 1195 3956 in
1229 3917 1417 3955 manus
1448 3900 1809 3958 inimicorum.
1843 3901 2080 3973 Denique

497 3999 735 4068 sequitur
767 4015 778 4049 :
815 3994 966 4065 Strpe
993 3993 1215 4047 liberavit
1238 4007 1341 4044 eos.

567 4091 655 4146 ⁸54.
689 4087 714 4140 1
724 4089 800 4159 psi
839 4096 1003 4140 autent
1035 4084 1449 4138 exacerbaverunt
1493 4101 1607 4137 eum
1633 4084 1682 4136 in
1727 4083 1936 4138 coasilio
1965 4100 2077 4139 suo.

498 4183 612 4237 "oe
641 4189 724 4236 est
769 4178 906 4248 quod
941 4178 1184 4246 superius
1224 4177 1314 4240 ait,
1368 4176 1488 4230 Non
1539 4177 1880 4230 sustinuerunt
1916 4177 2081 4230 cousi-

498 4275 622 4328 lium
654 4273 782 4340 ejus.
814 4270 1172 4324 Pcrniriosom
1203 4279 1377 4321 autem
1410 4275 1492 4321 est
1537 4268 1814 4322 consilium
1850 4269 2079 4322 hominis

499 4363 597 4432 ipsi
639 4360 862 4420 homini,
909 4375 1012 4427 quo
1043 4373 1102 4411 ea
1133 4359 1321 4427 quzrrit
1351 4374 1468 4426 qua:
1499 4372 1592 4411 sua
1639 4367 1782 4418 sunt.
1808 4374 1914 4412 non
1958 4375 2078 4429 qua:

501 4455 593 4508 Dei
617 4461 739 4506 sunt
761 4449 1017 4519 (Philipp.
1051 4464 1106 4511 tt,
1136 4447 1250 4514 9|).
1291 4447 1345 4500 lu
1373 4448 1523 4513 cujus
1556 4447 1884 4514 hzeredilate,
1935 4451 2075 4519 quod

499 4544 612 4612 ipse
641 4539 795 4595 nobis
825 4546 928 4602 est,
973 4553 1090 4590 cum
1117 4536 1181 4590 ad
1207 4536 1482 4590 fruendum
1529 4553 1588 4590 se
1631 4538 1867 4605 prmbere
1894 4538 2078 4610 digna-

495 4645 602 4696 tur,
631 4632 806 4686 nullas
837 4630 1099 4700 patiemur
1119 4645 1238 4684 cum
1269 4630 1466 4682 sanctis
1493 4630 1762 4684 societatis
1784 4635 2072 4701 angustias,

494 4725 781 4781 dilectione
826 4723 903 4778 rei
947 4733 1144 4776 nostra:
1191 4721 1340 4792 quasi
1383 4722 1619 4790 privatae.
1679 4722 2074 4782 Gloriosissima

493 4818 688 4888 quippe
719 4816 805 4870 illa
836 4815 1023 4869 civitas
1044 4812 1232 4882 adepta
1268 4812 1580 4881 promissam
1605 4813 1992 4880 luereditatem,
2021 4818 2072 4871 in

493 4925 595 4983 qua
619 4909 796 4964 nullus
819 4907 1096 4971 morietur,
1127 4906 1302 4959 nullus
1330 4905 1553 4968 orietur,
1605 4921 1710 4960 non
1750 4907 1963 4964 habebit
1992 4911 2074 4965 ci—

492 5017 584 5056 ves
607 5001 696 5071 qui
718 4998 910 5070 singuli
950 4997 1213 5067 gaudeant
1253 4997 1364 5050 suis
1402 4996 1580 5055 rebus,
1635 4999 1755 5066 quia
1798 4999 1936 5053 Dens
1973 5001 2075 5056 erit

491 5092 668 5145 omnia
695 5090 746 5144 in
773 5089 1017 5144 omnibus
1049 5087 1091 5158 (l
1117 5088 1235 5140 (.‘or.
1264 5102 1353 5148 xv,
1397 5085 1513 5154 28).
1555 5087 1716 5156 Cujus
1763 5089 2071 5146 societatem

492 5184 733 5253 quisquis
758 5183 809 5236 in
838 5183 938 5236 hac
975 5180 1400 5250 peregrinatione
1447 5179 1674 5234 lidelitcr
1701 5190 1748 5235 et
1789 5181 2074 5252 ﬂagrantcr

492 5275 892 5340 desideraverit,
917 5274 1175 5328 assuescit
1215 5273 1434 5342 privatis
1468 5272 1717 5342 pr:cl'erre
1739 5278 2066 5343 communia,

493 5383 598 5422 non
648 5379 740 5418 sua
785 5365 1091 5433 qumrendo,
1120 5364 1213 5419 sed
1259 5380 1378 5434 qua:
1423 5363 1547 5419 Jesu
1591 5364 1785 5430 Christi
1819 5385 1830 5420 :
1861 5383 1928 5421 ne
1970 5370 2070 5425 sibi

492 5458 706 5528 sapiens
735 5463 789 5510 et
822 5453 922 5509 sibi
950 5455 1254 5516 consulens,
1301 5455 1584 5509 exaeerbet
1632 5455 1796 5510 Deum
1847 5461 2070 5515 consilio

491 5565 622 5613 suo;
653 5545 746 5602 sed
779 5559 1001 5616 sperans
1029 5544 1168 5614 quod
1201 5561 1304 5598 non
1335 5545 1495 5611 videt,
1521 5563 1624 5600 nou
1658 5546 1871 5604 festinet
1891 5551 1956 5604 de
1989 5551 2070 5607 his

491 5655 610 5709 qua:
635 5637 882 5692 videntur
911 5636 1022 5691 lieri
1048 5635 1253 5698 beatus,
1282 5645 1440 5706 atque
1471 5638 1594 5692 illud
1643 5650 1899 5696 mternum
1928 5645 2067 5713 quod

495 5745 597 5782 non
629 5729 836 5783 videtur
865 5728 1124 5799 patienter
1151 5734 1486 5795 exspectans,
1530 5729 1646 5798 ejus
1671 5730 1721 5783 in
1749 5734 2059 5800 promissio-

1723 303 1778 356 S.
1825 299 2183 356 AUCllSTlNl
2228 301 2532 358 l'IPLSCOPl

3643 306 3781 362 “16

2191 413 2346 467 nibus
2371 423 2625 482 sequatur
2649 415 2954 482 consilium,
2983 416 3134 485 cujus
3158 419 3206 471 in
3239 420 3628 474 teutationibus
3658 436 3778 490 prc—

2189 513 2338 557 catur
2363 505 2639 560 auxilium.
2687 506 2758 561 Ita
2787 509 2888 562 erit
2916 519 2969 562 et
2999 507 3214 563 humilis
3255 510 3305 564 in
3341 510 3779 567 eonl‘essionihus

2190 596 2322 658 suis,
2367 611 2434 651 ne
2465 600 2553 650 liat
2580 598 2801 653 istorqu
2843 598 3054 664 similis,
3103 600 3173 655 de
3202 601 3393 670 quibus
3439 601 3678 657 dicitur:
3716 603 3781 657 Et

2190 685 2440 740 ltumiliali
2465 697 2581 741 sunt
2607 689 2658 742 iu
2687 690 3030 758 iniquitatibus
3057 692 3180 746 suis.

2260 777 2348 831 55.
2379 775 2529 849 [rem
2556 779 2644 845 44,
2671 777 2786 853 65]
2817 781 2958 837 Deus
2977 791 3150 836 tamen
3172 784 3356 852 plenus
3375 785 3773 849 misericordia,

2190 881 2295 921 non
2324 869 2554 938 neglexit
2581 885 2676 926 eos
2706 887 2721 936 ;
2756 890 2774 922 ι
2813 871 2876 926 Et
2907 871 3035 926 vidit
3064 888 3184 928 cum
3215 875 3619 941 tribulareutur,
3653 892 3777 930 cum

2189 959 2398 1014 audiret
2422 962 2717 1018 orationem
2741 977 2948 1020 eorum.
3000 965 3068 1020 Et
3097 981 3305 1022 memor
3329 966 3427 1022 fuit
3467 971 3779 1023 testmteuti

2189 1051 2291 1114 sui,
2318 1060 2373 1107 et
2403 1055 2649 1122 pmnituit
2675 1069 2798 1110 eum
2825 1055 3116 1111 secundum
3160 1057 3557 1113 multitudinem
3610 1060 3780 1115 mise-

2191 1143 2433 1199 ricordia;
2481 1160 2614 1200 sum.
2653 1165 2671 1198 ι
2715 1145 2961 1202 Paenituit
2999 1149 3199 1229 dicﬂun
3233 1158 3336 1214 est,
3385 1152 3506 1220 quia
3555 1159 3780 1207 mutavit
3804 1190 3813 1229 ε

2189 1237 2326 1306 quod
2353 1252 2448 1292 eos
2465 1238 2771 1306 perditurus
2791 1215 3184 1337 videbaturEEt
3208 1243 3345 1313 apud
3370 1215 3533 1298 Deum
3558 1246 3780 1315 quidem

2187 1329 2444 1399 disposita
2469 1341 2524 1386 et
2569 1331 2670 1386 lixa
2703 1341 2830 1388 sunt
2867 1335 3043 1388 omnia
3064 1329 3229 1399 ;‘nec
3270 1335 3411 1390 aliud
3454 1336 3580 1392 facit
3619 1340 3779 1408 quasi

2188 1421 2413 1475 consilio
2443 1424 2748 1492 repentino,
2778 1427 2919 1495 quod
2959 1442 3064 1480 non
3094 1441 3159 1481 ex
3191 1429 3486 1484 aeternitate
3512 1443 3572 1485 se
3603 1430 3778 1485 factu—

2189 1531 2305 1569 rnm
2349 1530 2469 1570 esse
2512 1518 2782 1586 prazscivit
2813 1537 2826 1573 :
2856 1519 2950 1575 sed
3004 1521 3054 1574 in
3084 1531 3345 1577 creaturae
3386 1524 3781 1594 temporalibus

2187 1607 2440 1672 motibus,
2475 1624 2635 1678 quam
2664 1610 2926 1680 gubernat
2963 1613 3302 1680 mirabiliter,
3346 1615 3460 1686 ipse
3491 1632 3596 1671 non
3641 1617 3784 1672 tem-

2192 1698 2442 1763 poralitcr
2491 1708 2697 1764 motus,
2740 1703 2890 1770 quasi
2951 1704 3226 1774 repentina
3271 1706 3546 1761 voluntate
3602 1709 3782 1762 facere

2185 1787 2381 1843 dicitur
2408 1790 2546 1856 quod
2571 1791 2831 1847 ordinatis
2877 1809 3054 1848 rerum
3094 1796 3270 1851 causis
3299 1799 3505 1851 consilii
3558 1799 3640 1853 sui
3691 1815 3782 1855 se-

2188 1881 2470 1935 cretissimi
2505 1881 2934 1939 immutabilium
2957 1883 3241 1950 disposuit,
3272 1900 3374 1954 qua
3413 1888 3527 1942 suis
3550 1904 3783 1959 qua-que

2191 1974 2516 2037 temporibus
2537 1974 2732 2042 agnita,
2756 1984 2809 2029 et
2837 1977 3114 2043 prmsentia
3151 1976 3278 2031 facit
3308 1978 3347 2044 ί,
3377 1987 3430 2033 et
3465 1978 3639 2033 futura
3664 1981 3781 2048 jam

2189 2062 2330 2116 fecit.
2366 2062 2434 2116 Et
2459 2063 2521 2117 ad
2547 2064 2660 2118 hzec
2685 2065 2802 2134 quis
2829 2065 3075 2121 idoneus?
3107 2067 3398 2146 Audiamus
3425 2069 3600 2138 itaque
3627 2071 3779 2125 Scri-

2189 2164 2419 2222 pturam,
2452 2155 2725 2210 humiliter
2748 2157 2956 2212 exetelsa
2987 2158 3277 2224 dicentem,
3307 2175 3430 2216 cum
3461 2171 3514 2216 et
3542 2162 3781 2232 parvulis

2190 2246 2487 2301 nutriendis
2507 2250 2762 2304 sumenda
2793 2251 3035 2319 porrigit,
3061 2262 3114 2306 et
3136 2252 3425 2322 majoribus
3453 2256 3781 2310 exercendis

2191 2339 2572 2405 perscrutanda
2593 2341 2860 2410 proponit.
2893 2341 2962 2395 Et
2987 2343 3108 2397 vidit
3125 2360 3239 2397 cum
3265 2345 3645 2410 tribularcntur,
3662 2365 3782 2400 runt

2187 2431 2384 2484 audiret
2407 2434 2683 2486 orationem
2709 2449 2881 2487 eorum
2903 2451 2922 2499 ;
2945 2445 2990 2488 et
3020 2453 3208 2490 memor
3228 2438 3324 2506 fuit
3348 2440 3627 2492 testamenti
3659 2442 3745 2493 sui
3763 2458 3781 2493 :

2190 2521 2372 2590 utique
2401 2524 2700 2577 testamenti
2728 2525 2911 2580 a'terni
2942 2526 3077 2594 quod
3105 2527 3352 2598 disposuit
3399 2528 3467 2582 ad
3498 2529 3779 2593 Abraham,

2189 2629 2292 2665 non
2319 2614 2512 2668 veteris
2542 2615 2680 2684 quod
2722 2614 2984 2682 aboletur,
3038 2617 3132 2672 sed
3180 2619 3298 2673 novi
3332 2619 3472 2688 quod
3511 2623 3672 2676 etiam
3721 2623 3780 2677 in

2189 2714 2368 2759 vetere
2398 2705 2762 2760 absmnditur.
2795 2705 2862 2760 Et
2885 2708 3116 2777 paenituit
3145 2725 3260 2763 eum
3291 2711 3564 2765 secundum
3603 2714 3778 2766 multi-

2188 2796 2412 2849 tudinem
2433 2796 2790 2851 misericordia:
2814 2815 2941 2852 sum.
2967 2799 3077 2853 Hoc
3099 2798 3225 2854 fecit
3252 2801 3392 2871 quod
3412 2801 3779 2871 diSposuerat‘,

2187 2886 2280 2940 sed
2309 2888 2676 2942 contrilmlatis
2703 2897 2755 2942 et
2782 2891 3058 2943 orantibus
3083 2905 3141 2946 se
3173 2891 3222 2946 id
3246 2907 3622 2948 concessurum
3652 2912 3778 2950 esse

2190 2981 2564 3049 prtesciverat;
2605 2981 2725 3050 quia
2755 2993 2808 3036 et
2836 2983 2945 3051 ipsa
2977 2985 3149 3037 oratio
3176 3000 3386 3049 eorum,
3441 3001 3560 3041 cum
3596 2989 3778 3044 adhuc

2189 3087 2293 3134 non
2325 3081 2486 3139 esset,
2520 3071 2614 3127 sed
2646 3072 2820 3127 futura
2847 3084 3010 3142 esset,
3063 3074 3227 3130 Deum
3275 3076 3641 3145 proculdubio
3663 3093 3777 3133 non

2188 3158 2461 3249 latebat._]

2256 3257 2347 3312 36.
2388 3255 2536 3330 [vcrs.
2565 3257 2678 3332 46.]
2721 3259 2784 3313 Et
2815 3260 2950 3314 dedit
2979 3277 3062 3315 eos
3090 3262 3142 3315 in
3173 3263 3557 3318 misericordias.
3584 3265 3651 3321 Ut
3677 3281 3775 3322 es-

2185 3357 2304 3400 sent
2332 3361 2434 3400 no.i
2463 3363 2587 3402 vasa
2616 3349 2707 3403 ir:e
2728 3391 2742 3415 ,
2771 3349 2863 3404 sed
2891 3366 3012 3404 vasa
3045 3352 3419 3409 misericordiae
3455 3363 3472 3426 (
3499 3355 3646 3410 Itoni.
3677 3374 3726 3412 ιι
3755 3401 3772 3421 ,

2184 3439 2274 3498 2‘2.
2306 3439 2420 3510 23).
2453 3441 2578 3496 Ideo
2607 3451 2784 3496 autem
2813 3451 2941 3511 puto
2970 3444 3243 3513 pluraliter
3273 3448 3662 3505 misericordias
3686 3451 3773 3506 di-

2185 3542 2297 3585 ctas
2323 3574 2338 3597 ,
2386 3532 2435 3585 in
2467 3547 2599 3602 quas
2622 3548 2716 3588 eos
2742 3533 2924 3599 dedit,
2957 3535 3077 3604 quia
3109 3538 3471 3608 unusquisque
3498 3543 3773 3610 proprium

2185 3623 2381 3679 donum
2412 3625 2573 3680 habet
2599 3640 2628 3678 a
2655 3625 2782 3692 Deo,
2816 3626 2951 3680 alius
2979 3627 3076 3692 sic,
3109 3629 3243 3682 alius
3271 3637 3446 3685 autem
3475 3633 3552 3686 sic
3577 3632 3615 3702 (Ι
3643 3633 3769 3688 Cor.

2187 3725 2254 3769 vti
2278 3756 2293 3778 ,
2325 3716 2414 3787 7).
2451 3716 2597 3770 Dedit
2620 3733 2750 3786 ergo
2774 3735 2858 3772 eos
2897 3718 2949 3772 in
2993 3719 3390 3789 misericordias,
3417 3724 3469 3776 in
3498 3739 3772 3793 conspectu

2185 3809 2406 3863 omnium
2432 3807 2515 3877 qui
2545 3819 2778 3878 ceperant
2803 3826 2906 3864 eos.
2938 3811 3049 3881 Age
3079 3827 3219 3866 nunc
3237 3851 3251 3874 ,
3280 3813 3516 3884 quisquis
3544 3815 3658 3870 hzec
3685 3817 3771 3871 le-

2185 3899 2284 3968 gis,
2318 3908 2371 3956 et
2399 3899 2621 3970 gratiam
2653 3901 2766 3966 Dei,
2798 3917 2900 3970 qua
2929 3902 2979 3955 in
3011 3911 3263 3957 aeternam
3287 3905 3446 3960 vitam
3471 3921 3562 3975 per
3591 3907 3774 3961 Domi-

2186 4007 2310 4045 num
2345 4005 2413 4045 no
2446 4000 2582 4044 trum
2610 3990 2790 4045 Jesum
2813 3991 3081 4047 Christum
3104 3994 3436 4061 redimimur,
3467 3997 3688 4069 legendo
3714 4000 3769 4053 in

2183 4083 2490 4150 apostol'eis
2529 4082 2741 4138 Litteris
2764 4124 2778 4148 ,
2826 4083 2877 4137 in
2924 4084 3247 4153 prOpheticis
3275 4097 3448 4143 autem
3481 4092 3773 4147 scrutando

2183 4174 2483 4240 cognoscis,
2511 4182 2565 4228 et
2591 4173 2753 4228 Vetus
2777 4174 3172 4231 Testamentum
3201 4177 3251 4232 in
3278 4178 3426 4235 Novo
3451 4183 3767 4247 revelatum,

2185 4265 2235 4318 in
2268 4263 2461 4319 Vetere
2487 4263 2688 4318 Novum
2717 4265 2948 4319 velatum
2975 4265 3156 4333 vides;
3188 4270 3365 4326 recole
3391 4287 3547 4342 quem
3570 4273 3771 4331 dixerit

2183 4355 2456 4426 apostolus
2487 4356 2682 4410 Paulus
2713 4358 3005 4428 principem
3039 4363 3313 4428 potestatis
3341 4365 3500 4432 aeris,
3529 4368 3615 4434 qui
3639 4385 3769 4436 ope-

2181 4457 2325 4500 ratur
2349 4448 2400 4500 in
2424 4448 2546 4517 ﬁliis
2567 4447 2878 4514 inﬁdelitatis
2907 4447 3121 4520 (Ep/tes.
3153 4468 3208 4511 ll,
3237 4452 3316 4522 2),
3344 4465 3396 4508 et
3426 4455 3553 4511 illud
3583 4459 3668 4512 ubi
3692 4460 3768 4514 ait

2181 4538 2249 4592 de
2275 4538 2586 4608 quibusdam
2608 4581 2622 4605 ,
2655 4550 2709 4593 ut
2734 4541 3027 4610 resipiscaut
3053 4543 3116 4596 de
3149 4545 3338 4600 diaboli
3361 4547 3569 4613 laqueis,
3597 4553 3764 4620 captio

2181 4633 2283 4685 vati
2311 4632 2372 4686 ab
2402 4634 2512 4704 ipso
2540 4636 2810 4688 secundum
2839 4637 2997 4706 ipsius
3027 4639 3333 4695 voluntatem
3383 4643 3401 4715 (
3427 4644 3467 4699 ll
3509 4645 3639 4701 Tim.
3689 4665 3758 4713 tt,

2179 4721 2271 4786 26)
2300 4739 2313 4775 :
2339 4732 2393 4776 et
2418 4723 2576 4778 verba
2604 4724 2812 4778 Domini
2838 4725 2966 4780 .lesn
2988 4727 3203 4793 Christi,
3231 4731 3316 4786 ubi
3345 4748 3465 4788 eum
3491 4739 3762 4807 expellens

2179 4811 2248 4867 de
2280 4812 2512 4867 ﬁdelium
2542 4814 2790 4869 cordibus
2818 4819 2910 4878 ait,
2946 4817 3096 4872 Nunc
3125 4822 3356 4891 princeps
3399 4827 3550 4896 Imjus
3586 4833 3764 4884 mundi

2180 4907 2359 4960 missus
2389 4917 2462 4960 est
2491 4909 2626 4976 foras
2649 4906 2825 4977 (Joan.
2851 4925 2946 4976 xu,
2979 4910 3091 4980 51);
3121 4922 3176 4967 et
3203 4915 3366 4982 ipsius
3393 4917 3570 4973 itidem
3619 4922 3765 4991 Apo-

2180 4999 2302 5052 stoli
2329 4999 2574 5061 dicentis,
2598 4999 2694 5066 Qui
2725 5000 2851 5053 eruit
2878 5018 2968 5055 nos
2989 5005 3052 5057 de
3077 5014 3320 5074 potestate
3349 5009 3680 5074 tenebrarum,
3716 5026 3764 5068 rt

2179 5091 2435 5144 transtulit
2459 5092 2509 5144 in
2537 5107 2745 5162 regnum
2773 5091 2896 5145 Filii
2925 5095 3187 5150 clatritatis
3205 5115 3311 5152 sure
3335 5099 3549 5171 (Coloss.
3583 5119 3620 5169 ι,
3646 5106 3760 5177 13).

2181 5182 2306 5236 lla-c
2331 5192 2488 5251 atque
2518 5182 2820 5249 hujusmodi
2863 5185 3238 5252 ratiocinatus,
3273 5190 3486 5247 intende
3525 5196 3762 5252 animum

2179 5283 2233 5327 et
2263 5273 2313 5327 in
2347 5274 2546 5328 litteras
2576 5274 2782 5330 Veteris
2811 5275 3158 5344 Testamenti,
3192 5291 3245 5335 et
3272 5281 3392 5338 vide
3421 5286 3545 5355 quid
3575 5298 3763 5344 cante-

2179 5373 2265 5418 tur
2291 5365 2341 5417 in
2367 5381 2431 5418 eo
2459 5364 2662 5434 psalmo
2687 5367 2836 5435 cujus
2862 5376 2942 5421 est
2967 5369 3169 5435 titulus,
3197 5371 3411 5438 Quando
3438 5375 3615 5432 donms
3638 5381 3766 5432 trdi-

2179 5457 2426 5527 ﬁrabatur
2457 5467 2566 5529 post
2596 5460 2931 5529 captivitate»:
2962 5478 2981 5515 :
3012 5461 3081 5516 ibi
3125 5464 3264 5518 enim
3297 5465 3509 5536 dicitur,
3552 5467 3765 5526 Cantate

2181 5549 2396 5602 Domino
2423 5549 2672 5603 canticum
2703 5567 2903 5604 novum.
2953 5553 3016 5606 Et
3055 5569 3122 5606 ne
3161 5555 3432 5611 existimes
3475 5559 3539 5613 ad
3578 5559 3765 5614 .luda-r-

2179 5657 2330 5698 orum
2360 5643 2608 5712 pepulum
2650 5643 3015 5699 tantummodo
3055 5646 3318 5714 pertinere
3349 5666 3362 5701 :
3403 5649 3644 5717 Caritate,
3677 5653 3765 5708 in-

2245 5746 2259 5775 ¹
2288 5746 2359 5793 sic
2384 5753 2486 5792 uss.
2512 5751 2562 5793 At
2587 5745 2718 5803 Fdd.,
2746 5743 2908 5807 agnita
2929 5743 3046 5807 agit,
3075 5743 3144 5794 ita
3164 5752 3208 5794 et
3231 5747 3485 5808 prazsentia
3503 5749 3616 5797 nisi!
