4188 6428
452 403 587 461 1117

446 520 585 593 quit,
619 519 862 589 Domino,
892 522 1052 577 omnis
1078 530 1247 588 terra;
1272 529 1471 577 cantate
1498 520 1738 589 Domino,
1767 520 2039 577 benedicite

447 631 635 671 nomen
660 615 794 687 ejus,
826 614 1140 682 annuntiate,
1172 616 1255 671 vel
1284 614 1481 687 potius,
1509 615 1630 670 bene
1654 615 1903 683 nuntiate,
1932 614 2041 671 imo

448 719 509 767 ut
536 708 714 781 ipsum
742 709 967 767 verbum
996 708 1138 782 quod
1166 710 1222 765 in
1248 724 1426 781 graneo
1454 710 1685 781 positum
1714 718 1799 766 est
1816 751 1830 775 ,
1863 718 2040 765 trans-

449 802 621 860 feram
643 845 661 870 ,
691 804 1032 877 evangelisate
1058 804 1193 861 diem
1231 821 1295 860 ex
1321 803 1404 860 die
1428 846 1443 870 ,
1473 804 1697 860 salutare
1732 805 1860 875 ejus.
1906 803 2041 860 Hinc

446 896 595 954 enim
621 896 973 970 Evangelium
1013 906 1373 970 nuncupatum
1399 905 1518 966 est,
1547 899 1601 953 in
1628 912 1735 970 quo
1758 897 2042 953 annuntia-

446 998 539 1046 tur
563 989 683 1047 dies
706 1006 773 1047 ex
798 989 904 1057 die,
937 990 1193 1048 Dominus
1217 990 1479 1059 Christus,
1508 990 1691 1047 lumen
1719 1006 1787 1047 ex
1816 989 2038 1057 lumine,

444 1081 622 1140 Filius
651 1098 720 1141 ex
748 1083 924 1143 Patre.
970 1084 1084 1141 Hoc
1120 1085 1264 1142 enim
1294 1093 1378 1142 est
1402 1093 1458 1142 et
1495 1085 1718 1141 salutare
1749 1086 1894 1156 ejus;
1917 1083 2041 1155 quia

445 1174 687 1232 salutare
726 1175 824 1233 Dei
867 1175 1109 1234 Christus
1150 1185 1268 1243 est,
1297 1176 1436 1233 sicut
1463 1185 1519 1234 et
1544 1177 1789 1249 superius
1810 1176 1919 1247 jam
1946 1174 2041 1231 de-

445 1267 868 1324 monstravimus
895 1268 995 1341 (a).
1032 1285 1054 1322 ι
1086 1268 1410 1326 Annuntiate
1436 1270 1490 1325 in
1524 1267 1773 1340 gentibus
1812 1267 2039 1339 gloriam

446 1356 590 1428 ejus,
618 1357 673 1413 in
698 1358 948 1415 omnibus
972 1360 1181 1432 populis
1203 1360 1466 1416 mirabilia
1487 1360 1621 1431 ejus.
1644 1358 1904 1427 Quoniam
1929 1373 2043 1415 ma-

444 1465 588 1521 gnus
612 1450 873 1507 Dominus
899 1459 953 1507 et
980 1451 1261 1508 laudabilis
1286 1452 1461 1519 valde,
1492 1451 1745 1508 terribilis
1770 1460 1855 1508 est
1878 1465 2041 1521 super

444 1560 640 1602 omnes
664 1545 795 1603 deos
824 1563 838 1601 :
870 1546 1117 1616 quoniam
1143 1560 1333 1602 omnes
1354 1544 1427 1601 dii
1449 1543 1700 1602 Gentium
1721 1544 1983 1600 daemonia
2014 1562 2034 1597 ι

446 1636 626 1709 (Psat.
657 1652 787 1705 xcv,
818 1638 956 1710 1-5).
997 1637 1088 1694 Isti
1120 1653 1247 1710 ergo
1270 1637 1468 1693 inimici
1497 1652 1619 1693 cum
1648 1651 1776 1709 rege
1799 1651 1897 1692 suo
1921 1634 2039 1691 dia-

445 1730 576 1786 bolo
599 1733 867 1804 captivum
906 1730 1160 1787 tenebant
1197 1731 1449 1803 populum
1475 1731 1591 1788 Dei.
1637 1730 1712 1786 De
1738 1744 1841 1801 qua
1869 1728 2038 1800 capti-

446 1823 614 1879 vitate
634 1838 757 1879 cum
790 1823 1126 1892 redimimur,
1162 1832 1218 1879 et
1246 1823 1489 1894 princeps
1517 1821 1676 1892 hujus
1704 1821 1887 1877 mundi
1910 1821 2038 1877 mit-

444 1914 580 1971 titur
600 1914 767 1981 foras,
792 1914 1090 1972 tedificatur
1110 1914 1300 1971 domus
1320 1924 1441 1986 post
1457 1915 1819 1985 captivitatem
1848 1931 1863 1969 :
1885 1913 2040 1985 cujus

444 2007 585 2079 lapis
611 2008 880 2079 angularis
909 2016 993 2063 est
1015 2007 1280 2075 Christus,
1310 2008 1401 2079 qui
1427 2007 1562 2063 duos
1591 2006 1831 2063 condidit
1857 2005 1911 2062 in
1942 2021 2002 2062 se
2020 2049 2036 2075 ,

442 2098 498 2154 in
528 2114 697 2154 unum
724 2114 922 2153 novum
948 2097 1238 2163 hominem,
1263 2099 1464 2153 faciens
1485 2112 1668 2169 pacem
1693 2140 1707 2165 ,
1738 2113 1897 2169 quam
1922 2097 2039 2154 dies

440 2205 510 2246 ex
536 2190 631 2246 die
645 2191 869 2247 veniens
896 2190 1280 2262 evangelizavit
1301 2188 1379 2247 eis
1403 2192 1494 2262 qui
1514 2199 1666 2246 erant
1682 2206 1868 2262 prope,
1883 2198 1939 2246 et
1960 2190 2040 2247 eis

440 2284 533 2353 qui
565 2292 724 2339 erant
754 2284 931 2355 longe,
957 2282 1158 2340 faciens
1183 2293 1405 2355 utraque
1430 2299 1592 2340 unum
1619 2282 1833 2356 (Ephes.
1862 2299 1921 2352 ιι,
1946 2285 2041 2340 15-

436 2375 571 2447 22);
620 2383 678 2433 et
718 2376 989 2433 adducens
1032 2376 1165 2433 alias
1191 2391 1321 2434 oves
1349 2391 1471 2448 quas
1513 2391 1620 2432 non
1669 2386 1794 2432 sunt
1836 2376 1903 2433 de
1938 2375 2039 2433 hoc

436 2470 603 2533 oviii,
636 2478 699 2525 ut
726 2470 795 2525 sit
822 2486 959 2525 unus
988 2485 1115 2541 grex
1141 2478 1197 2527 et
1236 2484 1375 2526 unus
1400 2478 1584 2541 pastor
1610 2468 1789 2539 (Joan.
1820 2485 1857 2525 x
1876 2512 1891 2537 ,
1924 2466 2036 2542 16).

434 2561 508 2619 Et
534 2563 609 2618 ita
640 2563 784 2619 Deus
812 2563 951 2619 dedit
975 2564 1027 2618 in
1058 2563 1428 2619 misericordias
1454 2564 1860 2635 praedestinatos
1880 2579 2036 2632 suos;

1548 403 1940 461 ENARRATIO
1982 403 2043 459 ΙΝ
2083 402 2403 466 ΡεΑωιυιι
2440 411 2548 466 CV.

3600 424 3734 483 i418

2152 523 2402 593 perfectis
2431 528 2745 584 sanitatihus
2768 571 2783 598 ,
2833 546 3001 602 usque
3030 533 3096 588 ad
3126 534 3292 604 ipsius
3338 539 3579 607 corporis
3622 544 3732 597 im~

2146 616 2542 685 mortalitatem,
2571 634 2793 693 regnum
2824 621 3207 694 sempiternum
3236 628 3477 699 perfecte
3513 630 3737 695 laudan-

2132 706 2301 778 tium,
2330 711 2452 782 quia
2474 713 2708 784 perfecte
2727 717 3015 773 amantium
3037 736 3050 771 :
3092 720 3325 791 perfecte
3345 734 3525 782 autem
3546 742 3734 785 aman-

2146 801 2301 870 tium,
2319 804 2441 875 quia
2462 805 2596 863 facie
2616 807 2682 863 ad
2703 808 2889 866 faciem
2907 814 3399 885 contemplantium.
3420 818 3570 875 Tunc
3588 822 3735 877 enim

2150 892 2455 963 perﬁcietur
2496 896 2640 967 quod
2683 897 2737 954 in
2776 900 3067 970 primordio
3090 904 3286 975 psalmi
3316 907 3474 979 hujus
3517 920 3734 968 oratum
3819 966 3825 985 ι

2151 994 2275 1041 est:
2313 1003 2331 1039 ι
2355 986 2624 1046 Memento
2653 991 2857 1058 nostri,
2903 992 3163 1063 Domine,
3195 996 3250 1053 in
3287 998 3619 1071 beneplacito
3639 1018 3736 1075 po~
3815 986 3829 1006 ι

2144 1078 2259 1148 puli
2305 1079 2421 1147 tui;
2450 1081 2605 1137 visita
2635 1098 2736 1140 nos
2765 1084 2817 1140 in
2855 1087 3073 1143 salutari
3095 1097 3185 1145 tuo
3205 1130 3220 1155 ,
3252 1092 3319 1147 ad
3348 1092 3633 1151 videndum
3678 1097 3735 1153 in

2144 1167 2384 1227 bonitate
2409 1172 2705 1230 electorum
2745 1184 2957 1233 tuorum
2979 1221 2995 1247 ,
3024 1178 3090 1236 ad
3130 1180 3417 1239 laetandum
3455 1186 3511 1241 in
3552 1186 3736 1245 lattitia

2148 1263 2320 1333 gentis
2365 1272 2469 1321 tua:
2491 1306 2508 1333 ,
2530 1275 2591 1322 ut
2633 1267 2866 1325 lauderis
2907 1285 3027 1327 cum
3076 1271 3391 1333 haereditate
3428 1287 3536 1333 tua.
3564 1298 3582 1332 ι
3616 1279 3735 1337 Non

2144 1355 2287 1411 enim
2314 1356 2382 1413 de
2406 1356 2670 1415 Gentibus
2698 1362 2717 1393 ⁸
2748 1362 2892 1417 solas
2929 1376 3221 1438 congregat
3246 1383 3375 1425 oves
3401 1385 3520 1441 quae
3551 1372 3730 1442 perie-

2142 1455 2271 1503 runt
2307 1448 2500 1506 domus
2545 1450 2708 1508 lsrael
2738 1451 2964 1525 (Matth.
2997 1472 3100 1525 xv,
3125 1456 3197 1513 24
3220 1458 3267 1530 ),
3302 1460 3397 1516 sed
3436 1462 3596 1518 etiam
3640 1478 3733 1520 cas

2143 1558 2262 1614 qua:
2287 1559 2394 1598 non
2425 1553 2551 1600 sunt
2576 1545 2645 1601 de
2689 1546 2781 1602 illo
2806 1549 2971 1615 ovili;
3003 1558 3062 1604 ut
3088 1550 3159 1606 sit
3205 1566 3333 1622 grex
3367 1569 3533 1623 unus,
3561 1565 3621 1612 ut
3648 1556 3737 1613 di-

2143 1644 2289 1691 ctum
2318 1628 2451 1702 est,“
2463 1645 2516 1693 et
2543 1652 2680 1694 unus
2706 1648 2908 1710 pastor.
2935 1640 3107 1698 Judaei
3135 1658 3264 1699 vero
3306 1660 3426 1700 cum
3454 1657 3641 1717 putant
3666 1648 3737 1705 ad

2142 1744 2299 1784 suum
2342 1745 2566 1802 regnum
2596 1732 2810 1789 visibile
2839 1733 2996 1789 istam
3044 1736 3314 1806 pertinere
3358 1738 3693 1810 prophetiam
3715 1783 3733 1809 ,

2143 1821 2268 1892 quia
2299 1837 2395 1893 spe
2424 1822 2771 1881 invisibilium
2807 1824 3070 1883 bonorum
3096 1829 3331 1900 gaudere
3370 1847 3478 1888 non
3504 1846 3733 1903 norunt;

2144 1915 2197 1971 in
2225 1916 2445 1987 laqueos
2471 1918 2612 1975 illius
2655 1921 2845 1977 ruituri
2873 1932 3030 1991 sunt,
3063 1921 3132 1980 de
3174 1940 3281 1996 quo
3310 1926 3570 1985 Dominus
3614 1930 3732 1987 ait:

2150 2027 2169 2061 ι
2199 2010 2314 2082 Ego
2342 2012 2459 2068 veni
2486 2013 2541 2069 in
2566 2015 2783 2071 nomine
2812 2016 2983 2072 Patris
3015 2017 3162 2087 mei,
3190 2027 3253 2075 et
3272 2036 3380 2077 non
3422 2024 3736 2095 suscepistis

2145 2118 2261 2169 me;
2294 2104 2433 2161 alius
2456 2107 2637 2163 veniet
2682 2108 2737 2164 in
2786 2109 3003 2166 nomine
3045 2124 3145 2166 suo
3168 2152 3182 2177 ,
3214 2111 3357 2168 hunc
3375 2115 3678 2187 suscipietis
3710 2136 3731 2171 ι

2148 2195 2323 2265 (Joan.
2363 2212 2414 2263 ν,
2447 2198 2518 2254 45
2539 2201 2580 2270 ).
2609 2199 2684 2256 De
2704 2215 2812 2272 quo
2841 2203 3116 2271 apostolus
3138 2204 3336 2260 Paulus
3364 2206 3515 2275 dicit,
3555 2228 3576 2262 ι
3599 2210 3732 2278 Quia

2142 2289 2467 2347 revelabitur
2494 2292 2656 2348 homo
2686 2296 2921 2365 peccati,
2954 2296 3095 2354 illius
3121 2297 3392 2369 interitus,
3422 2302 3511 2373 qui
3537 2302 3734 2360 adver-

2144 2390 2292 2437 satur
2344 2393 2397 2439 et
2445 2388 2883 2456 superextollitur
2931 2406 3093 2461 supra
3144 2407 3305 2449 omne
3352 2394 3495 2465 quod
3537 2396 3736 2454 dicitur

2149 2474 2323 2543 Deus,
2354 2486 2446 2532 aut
2469 2480 2611 2550 quod
2640 2482 2853 2546 colitur,
2888 2484 2959 2538 ita
2987 2492 3044 2539 ut
3083 2486 3135 2540 in
3164 2487 3365 2557 templo
3393 2488 3487 2543 Dei
3513 2490 3731 2561 sedeat,

2148 2568 2443 2626 ostendens
2459 2586 2517 2627 se
2532 2581 2780 2644 tanquam
2806 2576 2875 2630 sit
2899 2576 3058 2631 Deus.
3074 2596 3093 2630 ι
3115 2578 3185 2633 Ει
3201 2581 3361 2650 paulo
3372 2590 3513 2651 post,
3547 2601 3568 2635 ι
3586 2582 3737 2639 Tunc

430 2655 563 2727 quia
587 2672 697 2710 non
721 2655 931 2711 uolentis
956 2672 1115 2726 neque
1137 2656 1407 2723 currentis,
1434 2655 1523 2711 sed
1548 2656 1827 2711 miserentis
1852 2664 1923 2712 est
1943 2655 2041 2711 Dei

428 2747 628 2817 (Rom.
658 2764 709 2803 ix
729 2788 745 2811 ,
779 2746 870 2820 16)
897 2764 911 2802 :
942 2748 995 2802 in
1020 2757 1289 2819 conspectu
1314 2749 1539 2804 omnium
1563 2751 1649 2822 qui
1668 2757 1903 2819 ceperant
1930 2764 2037 2804 eos.

424 2838 498 2896 Ri
532 2854 671 2912 ergo
698 2839 918 2904 inimici,
953 2838 1198 2896 diabolus
1221 2848 1276 2896 et
1303 2839 1475 2911 angeli
1505 2839 1621 2911 ejus
1644 2840 2043 2911 captivaverant

422 2934 859 3007 pradestinatos
896 2934 949 2989 in
991 2933 1089 2990 Dei
1118 2949 1339 3006 regnum
1370 2944 1424 2990 et
1449 2933 1672 3005 gloriam
1702 2951 1717 2988 :
1749 2948 1781 2989 a
1806 2933 2041 2991 Redem-

421 3036 602 3099 ptore
628 3035 810 3084 autem
840 3036 1024 3083 nostro
1050 3026 1193 3082 foras
1219 3026 1370 3083 missi
1393 3026 1485 3096 qui
1510 3024 1774 3082 dominari
1805 3024 2039 3081 infideli-

415 3120 538 3177 bus
562 3119 813 3178 solebant
838 3119 1156 3177 intrinsecus
1172 3158 1189 3186 ,
1222 3118 1408 3175 ﬁdeles
1434 3127 1742 3190 oppugnant
1768 3119 2037 3175 extrinse-

413 3229 555 3273 cus.
584 3212 695 3271 Sed
726 3221 1017 3285 oppugant,
1050 3227 1158 3268 non
1186 3220 1492 3284 expugnant
1515 3226 1611 3267 eos
1630 3212 1720 3282 qui
1746 3211 2042 3283 apprehen-

410 3307 573 3365 dunt
601 3315 808 3364 turrem
833 3304 1161 3362 fortitudinis
1179 3320 1209 3360 a
1235 3303 1372 3361 facie
1399 3303 1598 3359 inimici
1628 3301 1800 3377 (Psat.
1834 3319 1922 3370 ιχ,
1957 3304 2038 3376 4).

416 3400 505 3459 Ut
532 3409 722 3458 autem
750 3407 1093 3471 oppugnent,
1125 3398 1363 3454 sentiunt
1401 3397 1453 3451 in
1482 3396 1637 3452 nobis
1666 3410 1787 3451 esse
1813 3395 2041 3450 infirmi-

414 3495 566 3552 tatis
609 3494 895 3566 reliquias,
925 3501 1146 3564 prOpter
1174 3505 1306 3563 quas
1334 3489 1595 3556 dicimus,
1647 3488 1860 3544 Dimitte
1897 3488 2041 3544 nobis

414 3585 610 3643 debita
632 3596 843 3652 nostra;
872 3595 1090 3656 pr0pter
1113 3598 1246 3656 quas
1272 3582 1519 3648 dicimus,
1551 3579 1633 3637 Ne
1655 3597 1748 3637 nos
1772 3581 1963 3653 inferas
1986 3582 2042 3636 in

2144 2662 2489 2731 revelabitur,
2521 2685 2540 2717 ι
2574 2665 2762 2737 inquit,
2798 2686 2815 2719 ι
2842 2668 3075 2740 iniquus,
3104 2687 3263 2742 quem
3296 2673 3553 2732 Dominus
3581 2678 3736 2735 Jesus

2143 2754 2426 2814 interﬁciet
2455 2760 2643 2829 spiritu
2674 2762 2783 2818 oris
2808 2763 2924 2831 sui,
2959 2774 3015 2820 et
3038 2768 3319 2823 evacuabit
3346 2769 3735 2829 illuminatione

2144 2851 2442 2918 praesentiae
2472 2868 2583 2909 sua:
2618 2870 2772 2923 eum,
2817 2857 2969 2927 cujus
3000 2868 3081 2915 est
3127 2862 3410 2930 praesentia
3439 2865 3735 2922 secundum

2142 2942 2510 3012 operationem
2538 2955 2761 3013 satante,
2793 2946 2846 3002 in
2872 2949 3017 3004 omni
3046 2950 3241 3007 virtute
3269 2961 3325 3008 et
3349 2952 3515 3025 signis
3539 2966 3592 3011 et
3615 2972 3737 3027 proo

2143 3032 2300 3107 digiis
2326 3037 2623 3105 mendacii,
2652 3048 2706 3095 et
2733 3038 2786 3094 in
2817 3041 2961 3097 omni
2991 3042 3303 3101 seductione
3330 3046 3623 3117 iniquitatis
3651 3050 3738 3109 his

2144 3127 2235 3199 qui
2266 3141 2529 3200 pereunt,
2570 3147 2670 3202 pro
2705 3148 2772 3189 eo
2817 3134 2961 3204 quod
2987 3135 3331 3194 dilectionem
3359 3140 3597 3198 veritatis
3628 3159 3737 3201 non

2146 3230 2495 3291 receperunt,
2521 3230 2580 3277 ut
2604 3224 2739 3279 salvi
2769 3225 2995 3294 tierent;
3029 3236 3084 3284 et
3115 3230 3236 3286 ideo
3265 3232 3440 3289 mittet
3462 3234 3566 3291 illis
3590 3235 3736 3292 Deus

2145 3312 2512 3382 operationem
2542 3317 2779 3385 erroris,
2813 3326 2873 3374 ut
2900 3320 3123 3377 credant
3166 3323 3476 3393 mendacio,
3512 3336 3566 3383 et
3588 3327 3737 3399 judi-

2145 3413 2333 3461 centur
2355 3422 2545 3463 omnes
2574 3408 2665 3480 qui
2694 3425 2799 3465 non
2830 3413 3178 3469 crediderunt
3204 3418 3449 3484 veritati,
3481 3420 3574 3476 sed
3600 3438 3739 3478 con-

2146 3506 2431 3554 senserunt
2473 3500 2735 3573 iniquitati
2765 3521 2785 3556 s
2820 3501 2889 3577 (ll
2919 3502 3097 3561 Thess.
3121 3523 3179 3574 ιι,
3211 3507 3393 3581 5-11).
3426 3511 3529 3568 Per
3570 3513 3734 3572 istum

418 3679 767 3736 testationem
786 3721 801 3745 ,
835 3677 925 3734 sed
949 3677 1105 3733 libera
1124 3693 1214 3731 nos
1240 3693 1273 3731 a
1297 3676 1431 3730 malo
1458 3673 1670 3746 (Matth.
1694 3690 1767 3741 v1,
1798 3674 1889 3741 12,
1920 3675 2037 3746 15).

420 3772 535 3829 His
558 3771 745 3843 itaque
770 3770 1002 3827 inimicis
1031 3769 1238 3840 ejectis,
1272 3767 1497 3839 perfecit
1517 3767 1774 3823 Dominus
1795 3766 2039 3824 Christus

419 3866 698 3924 sanitates
727 3865 783 3921 in
811 3879 1064 3936 corpore,
1094 3863 1182 3920 cui
1209 3870 1371 3933 caput
1394 3869 1478 3918 est
1504 3861 1618 3932 ipse
1637 3860 1884 3917 Salvator
1913 3875 2038 3916 cor-

422 3959 588 4032 poris
617 3956 836 4032 (Ephes.
865 3974 920 4027 v,
944 3956 1064 4030 23),
1096 3966 1153 4013 ut
1183 3956 1239 4012 in
1271 3970 1337 4012 eo
1364 3955 1479 4024 ipso
1505 3969 1729 4024 corpore
1757 3969 1855 4010 suo
1882 3955 2037 4011 tertia

425 4060 865 4113 eonsummetur.
885 4050 974 4108 Sic
1000 4050 1145 4107 enim
1171 4048 1324 4116 dixit,
1348 4046 1481 4102 Ecce
1497 4047 1643 4118 ejicio
1673 4046 1955 4111 dwmonia,
1988 4055 2039 4103 et

424 4146 681 4203 sanitates
724 4144 931 4216 perﬁcio
978 4143 1127 4199 hodie
1173 4152 1219 4198 et
1258 4158 1400 4208 cras,
1450 4152 1497 4196 et
1526 4141 1674 4197 tertia
1715 4157 2036 4197 consummor

426 4238 592 4311 (Luc.
613 4253 729 4307 xm,
746 4234 838 4309 32)
859 4253 874 4303 ;
896 4236 949 4292 id
962 4245 1065 4302 est,
1088 4235 1356 4307 perficior,
1371 4233 1773 4291 occurrentibus
1788 4234 2035 4291 omnibus

428 4331 596 4389 nobis
622 4331 676 4387 in
701 4330 874 4387 virum
906 4328 1221 4403 perfectum,
1250 4329 1303 4385 in
1334 4344 1640 4385 mensuram
1670 4328 1842 4384 aetatis
1862 4327 2035 4398 pleni-

428 4423 641 4482 tudinis
662 4422 859 4479 Christi
886 4420 1121 4495 (Ephes.
1148 4438 1198 4476 IV
1224 4464 1238 4487 ,
1270 4420 1389 4493 15).

502 4518 599 4575 57.
623 4514 798 4590 [ναῖε.
824 4516 893 4572 4'7
914 4557 931 4584 ,
948 4513 1055 4589 48]
1084 4514 1266 4587 itaque
1293 4514 1480 4585 ejectis
1506 4514 1786 4571 daemoniis
1806 4556 1821 4583 ,
1851 4530 1881 4569 a
1910 4513 2030 4585 qui-

428 4611 533 4671 bus
587 4609 785 4683 captivi
829 4608 1180 4676 tenebamur,
1225 4608 1437 4679 periicit
1477 4608 1753 4664 sanitates.
1805 4606 1929 4663 ldeo
1974 4614 2031 4663 et

428 4704 521 4762 hic
548 4719 676 4761 cum
700 4702 955 4769 dixisset,
978 4700 1046 4757 Et
1065 4701 1201 4756 dedit
1222 4717 1305 4757 eos
1324 4702 1379 4756 in
1403 4702 1801 4768 misericordias,
1832 4701 1886 4755 in
1906 4717 2029 4756 con-

428 4806 615 4870 spectu
636 4796 863 4851 omnium
889 4795 977 4868 qui
1004 4802 1238 4865 ceperant
1267 4810 1387 4860 eos;
1419 4804 1669 4866 tanquam
1696 4794 1883 4865 ejectis
1912 4792 2024 4850 dte-

427 4892 631 4951 iuoniis
655 4892 746 4963 qui
774 4898 1069 4962 ceperant,
1101 4889 1161 4944 iit
1184 4890 1356 4945 oratio
1381 4898 1437 4944 ut
1477 4888 1720 4960 perticiat
1743 4888 2021 4945 sanitates.

427 4985 623 5043 Salvos
652 5000 746 5039 nos
770 4986 854 5055 {ac
878 5024 892 5049 ,
921 4980 1139 5037 Domine
1161 4979 1301 5037 Deus
1330 4990 1531 5048 noster,
1564 4991 1612 5036 et
1653 4998 1903 5054 congrega
1932 4997 2025 5038 nos

424 5078 491 5135 de
515 5076 813 5133 nationibus
834 5115 850 5143 ,
878 5075 995 5141 vel,
1020 5074 1156 5130 sicut
1180 5074 1271 5129 alii
1297 5074 1510 5129 codices
1538 5072 1772 5142 habent,
1797 5075 1860 5127 de
1886 5070 2021 5128 Gen-

423 5173 562 5228 tibus
584 5188 604 5237 ;
630 5179 689 5226 ut
715 5168 1046 5240 conﬁteamur
1083 5167 1275 5223 nomini
1301 5175 1478 5222 sancto
1510 5176 1595 5222 tuo
1619 5208 1634 5233 ,
1665 5175 1713 5220 et
1739 5167 2017 5238 gloriemur

423 5265 480 5319 in
505 5262 665 5319 laude
689 5272 796 5317 tua.
828 5260 1030 5318 Deinde
1054 5260 1289 5317 breviter
1314 5258 1542 5330 subjecit
1571 5259 1742 5331 ipsam
1774 5260 1981 5316 laudem
2000 5300 2019 5329 ,
2113 5274 2120 5280 ’

424 5356 738 5415 Benedictus
775 5353 1024 5410 Dominus
1046 5352 1182 5410 Deus
1210 5352 1380 5409 Israel
1396 5394 1411 5421 ,
1436 5368 1469 5406 α
1496 5352 1680 5407 saeculo
1704 5360 1753 5406 et
1776 5368 1934 5425 usque
1968 5353 2021 5407 in

423 5450 674 5508 siccatum
710 5464 730 5504 :
765 5446 909 5520 quod
957 5447 1338 5519 intelligimus,
1386 5446 1455 5501 ab
1496 5454 1700 5502 aeterno
1746 5461 1918 5516 usque
1964 5446 2019 5501 in

423 5552 730 5607 aeternum;
772 5540 897 5613 quia
925 5540 1041 5595 sine
1069 5540 1174 5596 line
1200 5538 1504 5595 laudabitur
1531 5538 1599 5594 ab
1627 5538 1706 5595 eis
1734 5538 1803 5595 de
1826 5539 2020 5611 quibus

422 5635 649 5702 dicitur,
680 5632 829 5689 Beati
848 5633 935 5703 qui
961 5631 1190 5687 habitant
1206 5634 1261 5688 in
1280 5631 1433 5688 domo
1469 5642 1557 5688 tua
1574 5673 1590 5698 ,
1616 5633 1672 5688 in
1698 5636 1885 5689 saecula
1922 5649 2019 5689 sar-

426 5743 666 5783 cinerum
696 5723 976 5780 laudabunt
1005 5733 1053 5780 te
1075 5723 1258 5797 (Prol.
1278 5740 1475 5782 uxxm
1495 5766 1510 5791 ,
1536 5724 1628 5798 5).
1658 5724 1776 5796 ipsa
1804 5735 1889 5781 est
1913 5735 2019 5781 ter-

429 5822 501 5877 tia
531 5819 928 5876 consummatio
942 5820 1184 5890 corporis
1203 5817 1422 5885 Christi,
1455 5818 1640 5889 ejectis
1660 5818 1942 5877 daemoniis
1966 5831 2020 5876 et

488 5934 563 5997 ((ι)
588 5939 760 5996 supra,
784 5944 835 5982 ιι.
858 5931 908 5982 3.

711 6017 937 6079 Sacr.
990 6016 1245 6079 Auuusr
1314 6016 1417 6077 ιν.
1822 6031 1834 6094 ι

2147 3590 2385 3663 refugam
2407 3634 2422 3660 ,
2452 3608 2549 3664 per
2573 3594 2732 3650 istum
2756 3596 2847 3667 qui
2876 3610 2936 3654 se
2962 3599 3168 3655 extollit
3216 3615 3374 3673 supra
3410 3620 3570 3663 omne
3593 3610 3738 3679 quod

2147 3684 2343 3742 dicitur
2365 3687 2523 3755 Deus,
2558 3697 2653 3745 aut
2674 3690 2817 3763 quod
2847 3693 3062 3761 colitur,
3096 3694 3303 3752 videtur
3325 3698 3453 3754 mihi
3483 3704 3737 3773 populum

2146 3778 2504 3838 lsraelitarum
2532 3784 2829 3841 carnalium
2857 3797 3161 3857 putaturum
3185 3790 3394 3860 impleri
3421 3794 3574 3850 istam
3603 3813 3736 3869 pro-

2146 3872 2383 3942 phetiam
2410 3891 2512 3947 qua
2539 3876 2740 3932 dictum
2767 3888 2850 3935 est
2869 3920 2884 3945 ,
2910 3880 3092 3935 Salvos
3113 3898 3204 3935 nos
3227 3885 3330 3953 fac,
3360 3882 3579 3942 Domine
3598 3887 3737 3948 Deus

2147 3978 2337 4037 noster,
2367 3979 2415 4024 et
2440 3986 2692 4042 congrega
2730 3991 2822 4028 nos
2860 3974 2923 4029 de
2950 3974 3231 4042 Gentibus;
3266 3979 3408 4048 quod
3437 3980 3527 4035 illo
3554 3981 3692 4039 duce
3711 4029 3728 4054 ,

2143 4067 2290 4124 velut
2335 4070 2388 4125 in
2432 4081 2724 4142 conspectu
2763 4072 3101 4129 inimicorum
3125 4089 3353 4132 .suorum
3398 4076 3687 4135 visibilium
3715 4124 3729 4147 ,

2143 4161 2237 4232 qui
2264 4174 2358 4217 eos
2412 4162 2695 4219 visibiliter
2739 4164 3168 4235 captivaverant,
3196 4165 3429 4225 habituri
3472 4170 3579 4225 sint
3603 4172 3731 4228 visi-

2140 4252 2303 4310 bilem
2332 4256 2579 4328 gloriam.
2626 4257 2713 4313 Sic
2742 4258 2965 4315 crcdent
2988 4259 3268 4317 mendacio
3290 4302 3305 4331 ,
3334 4263 3455 4334 quia
3481 4262 3731 4321 dilectio-

2141 4364 2265 4406 nem
2291 4350 2528 4407 veritatis
2553 4366 2661 4408 non
2692 4361 3043 4423 receperunt,
3073 4362 3135 4409 ut
3163 4369 3269 4410 non
3299 4354 3439 4410 bona
3469 4359 3728 4426 carnalia,

2138 4442 2233 4500 sed
2258 4444 2554 4514 spiritualia
2578 4446 3039 4517 concupiscerent.
3070 4447 3159 4503 Sic
3183 4446 3326 4502 enim
3351 4462 3381 4502 a
3408 4448 3621 4506 diabolo
3643 4450 3732 4509 dc-

2137 4539 2277 4610 cepti
2303 4548 2460 4605 sunt,
2492 4549 2548 4595 ut
2568 4540 2874 4596 occiderent
2891 4538 3161 4597 Christum
3183 4584 3197 4608 ,
3222 4542 3435 4613 quando
3457 4543 3726 4612 dixerunt,

2143 4649 2163 4685 ι
2192 4630 2251 4688 Si
2279 4631 2596 4688 dimittimus
2620 4648 2740 4689 eum
2767 4633 2882 4699 sic,
2911 4649 3100 4690 omnes
3128 4634 3352 4690 credent
3377 4635 3429 4690 in
3472 4651 3593 4691 eum
3621 4676 3637 4701 ,
3672 4648 3730 4693 et

2135 4725 2349 4780 venient
2370 4724 2629 4794 Romani,
2662 4736 2716 4782 et
2743 4727 2931 4782 tollent
2959 4737 3201 4783 nostrum
3227 4736 3282 4783 et
3310 4728 3488 4783 locum
3513 4738 3567 4784 et
3590 4744 3721 4800 gen-

2135 4825 2276 4872 tem:
2300 4835 2320 4870 ι
2354 4818 2566 4889 quando
2594 4835 2613 4869 ι
2631 4816 2861 4888 Caiphas
2884 4834 3020 4874 unus
3034 4834 3100 4874 ex
3114 4819 3261 4888 ipsis,
3281 4833 3400 4873 cum
3418 4828 3559 4873 esset
3589 4834 3726 4888 pou-

2134 4910 2259 4965 tifex
2285 4910 2410 4965 anni
2439 4910 2579 4967 illius
2597 4952 2615 4977 ,
2660 4909 2798 4967 dixit
2819 4912 2898 4967 eis
2921 4952 2937 4979 ,
2982 4911 3091 4967 Vos
3120 4911 3336 4966 nescitis
3385 4912 3675 4983 quidquam
3703 4957 3718 4980 ,

2132 5019 2235 5059 nec
2276 5004 2524 5075 cogitatis
2550 5003 2671 5075 quia
2702 5003 2919 5075 expedit
2957 5003 3113 5059 nobis
3138 5005 3159 5034 '
3191 5011 3246 5057 ut
3284 5002 3543 5059 moriatur
3587 5021 3725 5062 unus

2133 5084 2296 5153 homo
2316 5114 2412 5169 pro
2430 5099 2645 5169 populo,
2663 5106 2717 5153 et
2730 5114 2833 5152 non
2851 5104 2959 5151 tota
2981 5110 3112 5168 gens
3127 5104 3329 5167 pereat.
3348 5096 3461 5151 l-loc
3480 5106 3683 5165 autem,
3698 5120 3717 5152 ι

2130 5191 2269 5247 sicut
2293 5191 2631 5263 Evangelista
2656 5189 2952 5256 intellexit,
2983 5208 3002 5241 ι
3023 5202 3129 5244 non
3154 5203 3183 5241 a
3214 5186 3394 5258 seipso
3419 5188 3593 5258 dixit,
3626 5194 3722 5249 sed

2130 5300 2253 5339 cum
2283 5293 2426 5340 esset
2450 5282 2687 5354 pontifex
2714 5281 2839 5337 anni
2871 5280 3034 5348 illius,
3056 5279 3394 5351 prophetavit
3414 5283 3539 5354 quia
3564 5282 3721 5340 Jesus
3788 5280 3793 5285 ⁷

2130 5377 2424 5433 moriturus
2449 5383 2567 5431 erat
2594 5389 2691 5445 pro
2716 5383 2904 5445 gente;
2931 5382 2985 5428 et
3013 5386 3120 5429 non
3142 5380 3347 5429 tantum
3371 5391 3468 5445 pro
3496 5385 3714 5447 gente,»

2129 5468 2185 5525 id
2205 5478 2310 5533 est,
2324 5482 2421 5539 pro
2440 5466 2628 5523 ovibus
2648 5481 2767 5537 qua:
2790 5465 3057 5537 perierant
3074 5464 3267 5522 domus
3283 5465 3468 5533 Israel,
3503 5485 3521 5518 ι
3542 5466 3634 5522 sed
3658 5478 3721 5522 ut

2129 5560 2269 5616 ﬁlios
2308 5558 2405 5615 Dei
2439 5557 2530 5630 qui
2575 5567 2731 5613 erant
2758 5556 3010 5629 dispersi,
3042 5565 3393 5629 congregaret
3417 5557 3470 5612 in
3505 5571 3669 5612 unum
3694 5576 3714 5611 ι

2130 5653 2326 5724 (Joan.
2383 5667 2469 5716 xi,
2522 5650 2745 5721 48-52).
2773 5649 3016 5729 liabebat
3061 5649 3205 5705 enim
3244 5648 3378 5704 alias
3419 5661 3549 5704 oves
3600 5663 3723 5718 qua:

2196 5805 2339 5855 "Am.
2364 5810 2417 5855 et
2436 5808 2570 5863 Lov.,
2593 5799 2655 5851 de
2676 5795 2880 5851 ludatis.
2919 5796 3090 5848 Helius
3110 5802 3186 5847 Er.
3211 5802 3264 5847 et
3299 5800 3429 5857 uss,
3475 5794 3537 5847 de
3561 5796 3720 5850 Genti-

2132 5866 2369 5991 bug.l:‘dd.,
2397 5928 2535 5982 vobis.
2566 5934 2617 5978 At
2636 5934 2738 5979 Mss.
2770 5926 2907 5987 juxta
2930 5920 3266 5983 Gi':ec.,n0bt's.

2855 6009 3463 6089 {Quamnte-cinq.)
