4188 6436
552 371 690 431 1119

555 517 664 558 non
694 509 847 556 erant
873 501 939 556 de
968 498 1061 556 illo
1102 497 1268 554 ovili:
1317 495 1444 553 istas
1472 497 1749 553 universas
1788 512 1947 565 oves,
1984 506 2040 555 et
2064 497 2135 553 de

472 592 477 603 ““
550 595 838 661 lsraelitis,
864 603 919 650 et
962 592 1030 649 de
1065 588 1357 655 Gentibus,
1406 591 1649 647 diabolus
1692 598 1748 647 et
1793 591 1910 662 ejus
1958 594 2133 664 angeli

548 690 967 761 captivaverant.
999 686 1235 756 Expulso
1267 686 1442 755 itaque
1471 685 1537 740 ab
1561 686 1638 741 eis
1663 685 1860 742 diaboli
1886 685 2129 743 domina-

550 790 606 837 tu
632 823 644 845 ,
680 781 731 835 in
773 787 1063 848 conspectu
1117 778 1468 847 malignorum
1496 778 1773 847 spirituum
1800 779 1890 848 qui
1918 794 2010 835 eas
2036 792 2129 835 ca-

548 874 900 943 ptivaverant,
926 880 983 928 ut
1012 872 1286 929 salventur
1311 882 1364 928 et
1392 872 1735 942 perﬁciantur
1762 873 1813 926 in
1845 881 2125 941 reternum,

546 982 648 1020 vox
677 980 862 1021 earum
892 974 973 1021 est
1002 966 1054 1020 in
1086 964 1401 1035 prophetia:
1434 965 1614 1019 Salvos
1644 969 1727 1037 fac
1752 982 1844 1020 nos
1866 1006 1879 1030 ,
1916 964 2131 1020 Domine

543 1057 680 1113 Deus
701 1067 888 1125 noster,
914 1068 959 1111 et
987 1074 1237 1128 congrege
1257 1074 1349 1112 nos
1365 1058 1425 1111 de
1447 1057 1707 1113 Gentibus.
1736 1059 1852 1113 Non
1880 1058 2015 1113 sicut
2037 1075 2130 1129 per

536 1150 909 1207 antichristum
927 1153 1180 1221 compleri
1211 1154 1516 1208 existimant
1542 1154 1731 1218 Judaei,
1749 1154 1843 1209 sed
1864 1169 1958 1223 per
1973 1154 2130 1209 Chri-

540 1253 682 1301 stum
716 1245 996 1300 Dominum
1038 1254 1276 1300 nostrum
1307 1247 1606 1302 venientem
1634 1248 1687 1302 in
1717 1250 1932 1304 nomine
1956 1250 2129 1305 Patris

460 1376 463 1381 -
538 1341 643 1407 sui,
671 1340 805 1395 diem
820 1356 883 1394 ea:
901 1340 1001 1407 die,
1019 1341 1239 1394 salutare
1251 1344 1392 1411 ejus;
1418 1342 1485 1396 de
1504 1357 1611 1413 quo
1628 1350 1681 1397 et
1706 1342 1794 1397 hic
1806 1342 2007 1398 dictum
2024 1352 2125 1409 est,

549 1428 709 1485 Visita
736 1447 827 1485 nos
855 1432 906 1483 in
932 1432 1144 1485 salutari
1174 1440 1275 1485 tuo.
1302 1429 1369 1485 Et
1391 1431 1519 1486 dicet
1546 1434 1705 1487 omnis
1734 1436 1950 1505 populus
1983 1448 2002 1489 :
2028 1435 2129 1489 iste

536 1525 766 1595 populus
795 1524 1294 1595 praedestinatorum
1320 1525 1385 1580 de
1421 1527 1824 1583 circumcisione
1846 1536 1900 1583 et
1922 1542 2131 1598 praepu-

535 1622 639 1683 tio,
685 1634 816 1690 gens
844 1630 1025 1675 sancta
1046 1662 1059 1685 ,
1089 1622 1318 1691 populus
1350 1622 1401 1675 in
1430 1623 1804 1693 adoptionem:
1838 1622 1981 1689 Fiat,
2013 1624 2124 1691 ﬁat.

1012 1834 1093 1896 IN
1136 1835 1517 1901 PSALMUM
1572 1835 1705 1898 CVI

1135 1958 1269 2023 ENA
1282 1958 1553 2013 “RATIO.

605 2077 659 2131 1.
690 2075 932 2131 Psalmus
952 2074 1051 2131 iste
1078 2073 1447 2133 miserationes
1473 2074 1563 2131 Dei
1587 2073 1928 2131 commendat
1949 2074 2121 2141 nobis,

534 2166 788 2237 probatas
814 2166 866 2220 in
900 2164 1070 2231 nobis,
1093 2173 1147 2218 et
1171 2164 1289 2220 ideo
1314 2168 1553 2234 expertis
1578 2174 1661 2221 est
1687 2165 1911 2222 dulcior.
1942 2165 2013 2223 Et
2036 2167 2126 2220 mi-

532 2274 650 2312 rum
694 2258 739 2311 si
782 2257 1014 2327 potuerit
1052 2256 1228 2311 suavis
1265 2271 1385 2311 esse
1423 2256 1669 2323 cuilibet,
1702 2257 1801 2311 nisi
1844 2256 1917 2311 illi
1950 2259 2038 2327 qui
2073 2258 2125 2312 id

531 2350 673 2420 quod
706 2350 755 2403 in
800 2349 902 2403 isto
944 2349 1145 2417 psalmo
1174 2348 1351 2413 audit,
1385 2350 1438 2403 in
1474 2364 1532 2404 se
1560 2349 1761 2404 didicit.
1800 2348 1914 2405 Non
1948 2358 2123 2405 tamen

532 2443 624 2497 uni
651 2442 804 2496 alicui
832 2441 911 2496 vel
939 2440 1167 2503 duobus,
1198 2440 1292 2495 sed
1325 2442 1521 2511 pepulo
1552 2442 1640 2495 Dei
1664 2443 1997 2511 conscriptus
2019 2451 2120 2508 est,

529 2543 585 2589 et
610 2534 677 2587 ad
702 2549 759 2588 se
780 2533 1172 2602 agnoscendum
1199 2543 1447 2602 tanquam
1474 2535 1524 2587 in
1554 2534 1771 2603 speculo
1800 2534 2120 2603 propositus.

530 2626 693 2696 Cujus
724 2626 906 2681 titulus
936 2642 1039 2679 non
1070 2642 1210 2681 nunc
1239 2628 1543 2682 tractandus
1567 2637 1647 2682 est
1679 2644 1690 2680 :
1719 2636 1801 2682 est
1826 2627 1998 2693 enim,
2030 2626 2123 2680 Al-

530 2720 714 2785 leluia,
746 2727 802 2774 et
828 2719 907 2775 bis
937 2718 1175 2787 Alleluia.
1206 2719 1357 2786 Quod
1387 2720 1539 2775 nobis
1566 2729 1783 2774 cantare
1811 2726 1960 2775 certo
1991 2727 2124 2774 tem-

527 2829 661 2884 pore
690 2814 999 2869 solemniter
1029 2814 1192 2869 moris
1222 2821 1331 2880 est,
1371 2814 1663 2873 secundum
1701 2814 1957 2869 Ecclesia:
1988 2814 2126 2869 anti-

528 2922 688 2977 quam
734 2905 1069 2969 traditionem
1105 2923 1117 2958 :
1150 2922 1323 2975 neque
1366 2908 1505 2961 enim
1552 2916 1607 2961 et
1644 2906 1746 2961 hoc
1783 2908 1898 2962 sine
1938 2922 2121 2971 sacra-

526 3005 711 3053 mento
736 2998 898 3051 certis
926 2996 1114 3053 diebus
1140 3006 1436 3053 cantamus.
1467 2998 1689 3053 Alleluia
1716 2998 1878 3053 certis
1903 2998 2121 3069 quidem

527 3088 717 3149 diebus
754 3098 1063 3155 cantamus,
1101 3089 1195 3143 sed
1235 3091 1377 3155 omni
1418 3090 1503 3157 die
1543 3090 1854 3161 cogitamus.
1890 3091 1945 3145 Si
1976 3090 2121 3147 enim

528 3181 632 3236 hoc
656 3182 823 3237 verbo
849 3180 1177 3251 signiﬁcatur
1202 3182 1316 3236 laus
1338 3182 1451 3247 Dei,
1473 3185 1569 3237 etsi
1598 3199 1700 3237 non
1729 3184 1781 3238 in
1805 3199 1899 3241 ore
1918 3185 2116 3252 carnis,

525 3282 673 3331 certe
701 3274 752 3328 in
778 3289 868 3329 ore
896 3274 1092 3339 cordis,
1127 3275 1340 3345 Semper
1364 3276 1475 3329 laus
1502 3277 1608 3346 ejus
1633 3276 1683 3329 in
1707 3293 1792 3330 ore
1814 3293 1921 3332 meo
1942 3277 2115 3348 (Psal.

526 3385 719 3435 χχχιιι,
753 3368 830 3439 2).
860 3368 1013 3436 Quod
1041 3379 1216 3433 autem
1246 3386 1347 3425 non
1382 3372 1579 3435 semel,
1609 3371 1703 3426 sed
1734 3372 1814 3429 bis
1841 3372 1999 3427 habet
2028 3371 2119 3425 Al-

529 3460 682 3513 leluia
710 3460 891 3515 titulus
923 3461 1039 3523 iste,
1073 3475 1173 3513 non
1206 3460 1359 3530 hujus
1385 3463 1571 3531 psalmi
1601 3463 1870 3531 proprium
1896 3471 1997 3529 est,
2023 3464 2117 3519 sed

526 3560 580 3608 et
621 3551 757 3605 alius
795 3552 1038 3621 superior
1074 3552 1154 3606 sic
1192 3553 1369 3619 habet.
1406 3555 1469 3621 ljlt
1500 3563 1755 3623 quantum
1794 3566 2015 3625 apparet
2050 3571 2117 3613 ex

525 3646 641 3716 ejus
666 3653 832 3703 textu.
855 3653 1097 3700 cantatus
1118 3654 1197 3699 est
1223 3646 1307 3700 ille
1332 3646 1398 3707 de
1428 3647 1627 3716 populo
1650 3648 1844 3713 Israel;
1874 3658 2117 3705 conlatur

525 3748 702 3793 autem
733 3738 831 3791 iste
858 3738 923 3792 de
954 3739 1196 3794 universa
1230 3739 1467 3795 Ecclesia
1510 3741 1599 3805 Dei
1632 3741 1819 3797 dill'usa
1848 3752 1959 3798 toto
1986 3745 2116 3803 orbe

524 3842 808 3887 terrarum.
852 3831 1013 3885 Forte
1054 3846 1157 3885 non
1204 3832 1469 3888 immerito
1512 3833 1595 3888 bis
1642 3832 1801 3890 habet
1841 3836 2057 3892 Alleluia
2094 3853 2115 3891 .'

522 3933 742 3994 propter
779 3923 919 3994 quod
960 3924 1250 3979 clamamus
1294 3934 1347 3980 et
1386 3925 1555 3991 Abba,
1587 3926 1763 3982 Pater.
1800 3927 1934 3984 Cum
1970 3929 2114 3985 aliud

523 4017 656 4072 nihil
686 4018 753 4070 sit
780 4016 919 4070 Abba
940 4059 952 4080 ,
981 4032 1139 4087 quam
1169 4015 1327 4070 Pater
1358 4034 1375 4070 :
1406 4032 1509 4071 non
1548 4027 1720 4074 tamen
1760 4019 1953 4091 frustra
1983 4021 2115 4076 dixit

522 4112 830 4181 Apostolus,
858 4108 925 4163 In
954 4127 1049 4183 quo
1079 4110 1377 4175 clamamus,
1413 4111 1571 4177 Abba,
1600 4111 1757 4167 Pater
1786 4113 1962 4184 (Hom.
1993 4132 2108 4181 VIII,

522 4202 613 4271 15)
649 4219 660 4252 :
696 4201 795 4255 nisi
826 4201 944 4270 quia
976 4216 1114 4255 unus
1153 4201 1364 4271 quidem
1408 4203 1577 4270 paries
1616 4206 1832 4260 veniens
1872 4206 1939 4260 ad
1981 4207 2113 4277 lapi-

522 4293 645 4348 dem
685 4294 1021 4359 angularem,
1054 4293 1279 4358 clamat,
1312 4295 1483 4359 Abba;
1519 4296 1651 4350 alius
1692 4314 1755 4352 ex
1800 4299 1904 4354 alio
1944 4300 2109 4355 latere

523 4384 748 4449 clamat,
780 4383 970 4451 Pater;
998 4386 1046 4438 in
1078 4385 1167 4438 illo
1196 4386 1375 4455 utique
1406 4387 1579 4457 lapide
1603 4390 1841 4463 angulari
1862 4432 1877 4457 ,
1909 4393 1999 4463 qui
2029 4403 2110 4448 cst

520 4490 622 4548 pax
646 4484 849 4549 nostra,
872 4477 957 4545 qui
984 4475 1105 4530 fecit
1126 4484 1346 4546 utraque
1373 4495 1529 4532 unum
1556 4478 1767 4551 (Ep/trs.
1795 4497 1850 4548 ll,
1880 4483 1964 4548 H,
1990 4484 2103 4554 ‘30).

524 4568 807 4625 Videamus
834 4584 958 4639 ergo
985 4569 1069 4623 hic
1097 4570 1220 4641 quid
1248 4570 1643 4637 admoneamur,
1670 4583 1724 4627 et
1752 4574 1892 4629 unde
1921 4588 2105 4646 gratu-

518 4659 720 4725 lemur,
750 4671 802 4715 et
830 4659 968 4715 unde
996 4676 1297 4730 gemamus,
1327 4670 1380 4716 et
1418 4662 1555 4717 unde
1583 4665 1837 4719 auxilium
1865 4668 2102 4736 postule-

517 4769 670 4817 mus;
703 4752 843 4807 unde
868 4752 1195 4817 deserantur,
1226 4752 1367 4808 unde
1395 4754 1546 4809 nobis
1576 4754 1947 4823 subveniatur;
1976 4758 2103 4830 quid

516 4846 683 4900 simus
709 4860 805 4914 per
829 4859 947 4910 nos,
974 4844 1096 4915 quid
1124 4860 1220 4917 per
1245 4846 1658 4902 misericordiam
1690 4849 1811 4914 Dei;
1834 4853 2103 4919 quomodo

440 4944 443 4949 '
516 4944 699 4992 nostra
743 4936 991 5005 superbia
1027 4946 1361 5005 conteratur,
1394 4948 1449 4992 ut
1479 4939 1619 5007 illius
1643 4943 1809 5012 gratia
1838 4944 2104 5013 glorilicc-

514 5041 620 5085 tur.
654 5030 947 5101 Unicuique
979 5031 1251 5086 hominum
1281 5033 1421 5107 quod
1456 5033 1691 5089 dicturus
1731 5052 1875 5102 sum,
1910 5039 1953 5091 si
1989 5040 2100 5094 lieri

514 5131 722 5196 potest,
753 5133 1000 5179 occurrat
1030 5124 1079 5178 in
1115 5140 1194 5179 se.
1231 5124 1445 5195 Loquor
1472 5134 1645 5181 autem
1678 5126 1980 5185 hominibus
2012 5131 2101 5201 qui

512 5217 785 5274 ambulant
805 5218 942 5272 viam
972 5217 1085 5283 Dei,
1112 5230 1165 5274 et
1186 5220 1455 5274 constituti
1479 5230 1601 5275 sunt
1627 5222 1678 5275 in
1706 5223 1885 5295 aliquo
1912 5240 2099 5296 prove-

460 5340 467 5347 ι
509 5320 600 5366 ctu
622 5310 880 5379 spirituali
910 5330 919 5362 :
948 5310 1086 5365 unde
1110 5313 1149 5365 si
1180 5314 1267 5378 qui
1294 5312 1427 5377 forte
1448 5327 1667 5385 propter
1690 5316 1790 5371 hoc
1816 5318 1990 5372 minus
2014 5336 2096 5374 me

454 5386 461 5399 ’
508 5402 832 5474 intelligunt,
861 5403 1133 5457 inveniant
1157 5404 1243 5458 ubi
1273 5404 1400 5473 sint,
1429 5414 1482 5461 et
1506 5409 1829 5478 proliciendo
1850 5411 1914 5464 ad
1941 5390 2097 5466 intel-

509 5493 703 5553 lectum
758 5496 1027 5553 festinent.
1083 5497 1197 5553 Non
1250 5511 1424 5555 autem
1478 5502 1707 5556 arbitror
1759 5504 2095 5577 deserturum

508 5586 678 5645 Deum
705 5596 954 5655 conatum
982 5598 1241 5655 nostrum,
1270 5600 1323 5643 ut
1349 5591 1414 5645 ad
1443 5607 1629 5649 omnes
1660 5597 1931 5665 perveniat
1954 5599 2092 5668 quod

507 5679 807 5750 loquimur,
840 5681 951 5735 sive
978 5691 1255 5751 expertos,
1289 5683 1399 5737 sive
1435 5684 1766 5754 inexpertos,
1800 5697 1855 5743 ut
1891 5692 2095 5762 experti

508 5772 824 5842 approbent,
849 5773 1110 5842 inexperti
1133 5773 1459 5839 desiderent,
1482 5785 1536 5832 et
1554 5780 1802 5836 omnibus
1825 5783 2002 5839 suavis
2027 5784 2097 5838 sit

506 5860 793 5933 disputatio
821 5879 937 5921 mea
970 5882 981 5918 :
1014 5881 1132 5935 quae
1172 5866 1399 5936 primum
1428 5868 1657 5927 Domino
1682 5874 1857 5930 suavis
1883 5877 2013 5946 erit,
2044 5880 2088 5935 si

1787 386 1842 438 S.
1883 378 2254 441 AUGUSTINI
2291 380 2593 439 EPISCOPI

3696 392 3832 446 H90

2241 496 2473 557 veridica
2498 497 2630 563 erit;
2663 498 2893 555 veridica
2920 508 3097 555 autem
3124 500 3224 567 erit
3244 542 3260 567 ,
3288 502 3333 556 si
3362 515 3466 561 non
3492 501 3622 565 mihi
3649 514 3685 577 ει
3708 519 3827 575 me,

2237 588 2333 651 sed
2361 590 2429 645 ab
2456 590 2549 647 illo
2573 592 2697 651 erit.
2726 590 2814 647 Sic
2842 592 3004 662 erepit
3034 592 3293 661 Psahnus.

2310 682 2365 737 2.
2393 682 2541 755 [rem
2567 682 2645 757 1.]
2672 682 2992 754 Conﬁteutini
3016 683 3255 755 Domino,
3284 687 3518 759 quoniam
3546 687 3720 745 suavis
3742 700 3832 754 est,

2236 774 2478 843 quoniam
2516 776 2571 829 in
2614 774 2857 830 sarculum
2898 776 3240 847 misericordia
3282 778 3411 849 ejus.
3458 778 3569 853 Hoc
3611 780 3837 843 conlite:
3896 792 3904 805 ‘

2236 865 2411 933 mini,
2438 868 2687 936 quoniam
2728 868 2905 923 suavis
2928 876 3012 925 est
3042 885 3054 921 :
3088 868 3133 933 si
3170 870 3443 945 gustastis,
3476 870 3833 947 conﬁtemini.

2236 956 2353 1013 Non
2387 967 2562 1029 potest
2590 969 2769 1029 autem
2803 960 3046 1017 contiteri
3074 961 3161 1031 qui
3190 969 3405 1031 gustare
3444 962 3614 1027 noluit
3644 981 3656 1017 :
3692 963 3835 1019 unde

2236 1051 2378 1107 enim
2406 1050 2643 1107 dicturus
2672 1059 2755 1107 est
2785 1066 2947 1107 suave
2972 1067 3091 1109 esse
3119 1052 3260 1121 quod
3288 1053 3491 1119 nescit?
3518 1054 3626 1117 Vos
3651 1066 3833 1129 autem

2236 1142 2281 1196 si
2309 1145 2561 1212 gustastis
2590 1159 2747 1214 quam
2776 1145 2953 1201 suavis
2982 1154 3067 1201 est
3098 1145 3353 1202 Dominus
3384 1146 3441 1219 (Ι
3464 1145 3609 1221 Petr.
3640 1165 3710 1217 ιι,
3742 1150 3829 1222 3),

2234 1232 2555 1304 Conﬁtemini
2592 1235 2845 1305 Domino,
2874 1238 3113 1307 quoniam
3150 1239 3316 1311 suavis
3355 1248 3427 1293 est
3457 1257 3475 1294 :
3505 1241 3551 1296 si
3577 1244 3835 1317 gustastis

2236 1327 2487 1382 aviditate
2508 1369 2521 1393 ,
2549 1328 2887 1384 confessione
2916 1336 3174 1391 eructate.
3205 1327 3273 1384 In
3299 1330 3538 1391 secutum
3566 1333 3711 1388 enim
3740 1334 3837 1387 mi-

2235 1418 2511 1473 sericordia
2539 1420 2681 1491 ejus,
2711 1419 2760 1472 id
2794 1428 2909 1484 est,
2940 1419 2993 1473 in
3024 1429 3304 1495 (sternam.
3338 1420 3436 1476 llic
3462 1422 3606 1489 enim
3635 1424 3705 1478 ita
3735 1439 3835 1494 po-

2235 1510 2394 1565 situm
2422 1518 2523 1575 est,
2553 1511 2605 1565 in
2635 1511 2898 1581 saeculum,
2927 1513 3049 1582 quia
3076 1520 3130 1569 et
3156 1513 3207 1567 in
3240 1513 3511 1587 nonnullis
3539 1514 3837 1586 Scriptura:

2236 1603 2386 1670 locis,
2414 1605 2466 1656 in
2488 1605 2749 1669 siccatum,
2774 1604 2826 1659 id
2847 1613 2951 1672 est,
2973 1604 3118 1675 quod
3137 1604 3325 1685 Grece
3349 1616 3417 1681 sig
3438 1618 3591 1685 αφνᾳ
3612 1607 3836 1676 dicitur,

2238 1693 2292 1749 in
2312 1704 2572 1761 aeternum
2597 1696 2927 1766 intelligitur.
2952 1696 3136 1768 Neque
3159 1682 3305 1767 enim
3327 1682 3695 1757 misericordia
3718 1701 3839 1772 ejus

2235 1788 2302 1855 ad
2330 1798 2539 1859 tempus
2563 1798 2679 1854 est,
2708 1798 2764 1847 et
2792 1804 2897 1849 non
2928 1791 2982 1863 in
3011 1803 3305 1867 aeternum;
3336 1807 3457 1867 eum
3487 1793 3609 1853 ideo
3638 1794 3712 1851 sit
3739 1810 3837 1851 su-

2234 1894 2332 1950 per
2371 1879 2612 1935 bontines
2652 1880 2769 1935 hazc
2812 1881 2929 1952 eius
2972 1868 3379 1961 misericordia,
3402 1892 3462 1941 ut
3499 1885 3685 1953 vivant
3710 1900 3838 1942 cum

2234 1971 2451 2042 Angelis
2480 1972 2530 2026 in
2558 1981 2839 2037 aeternum.

2305 2067 2359 2121 5.
2392 2064 2542 2138 [rem
2581 2065 2724 2138 2-9.]
2762 2066 2945 2127 Dicant
2980 2069 3069 2137 qui
3104 2069 3352 2143 redempti
3379 2078 3553 2145 sttttta1
3583 2071 3833 2130 Domino.

2233 2158 2562 2229 Redemptus
2590 2160 2807 2231 quidem
2835 2161 3046 2218 videtur
3071 2171 3125 2229 et
3153 2164 3377 2235 populus
3407 2163 3567 2237 Israel
3590 2166 3663 2223 ‘de
3691 2177 3835 2226 tetra

2233 2250 2475 2324 Egypti,
2507 2253 2574 2309 de
2606 2270 2764 2310 manu
2797 2255 3094 2323 servitutis,
3122 2272 3192 2327 ex
3234 2258 3504 2333 laboribus
3535 2261 3835 2333 infructuo-

2233 2348 2309 2401 sis
2329 2390 2343 2411 ,
2374 2363 2438 2401 ex
2469 2349 2719 2416 operibus
2759 2349 2916 2406 luteis
2947 2368 2961 2403 :
2989 2349 3265 2406 videamus
3292 2359 3469 2423 tamen
3511 2361 3685 2409 utrum
3730 2357 3835 2427 ipsi

2231 2438 2340 2493 sint
2369 2439 2457 2507 qui
2489 2439 2602 2495 haec
2630 2440 2848 2503 dicunt,
2877 2441 2969 2512 qui
3011 2441 3078 2509 ab
3116 2441 3350 2515 Egypto
3389 2443 3599 2520 liberati
3640 2457 3765 2502 sunt
3801 2463 3835 2504 a

2234 2527 2483 2585 Domino.
2513 2530 2627 2584 Non
2656 2532 2727 2587 ita
2756 2541 2858 2589 est.
2888 2532 2997 2597 Sed
3028 2533 3119 2607 qui
3146 2544 3267 2590 sunt
3295 2535 3424 2589 isti?
3452 2534 3591 2602 Quos
3618 2538 3835 2597 redemit

2233 2622 2296 2677 de
2332 2640 2488 2687 manu
2526 2624 2868 2681 inimicorum.
2912 2626 3101 2695 Adhuc
3142 2636 3316 2698 potest
3352 2630 3575 2703 quisque
3614 2641 3669 2688 et
3708 2633 3834 2689 illos

2232 2716 2477 2786 accipere
2515 2718 2822 2787 redemptos
2859 2718 2929 2777 de
2968 2734 3129 2775 manu
3166 2721 3535 2786 inimicorum,
3571 2722 3673 2780 hoe
3711 2737 3829 2793 est,

2232 2807 2630 2881 Egyptiorum.
2675 2811 2897 2881 Proprie
2936 2813 3303 2883 exprimantur
3336 2814 3424 2884 qui
3465 2815 3570 2875 sint
3612 2828 3833 2887 propter

2230 2915 2367 2971 quos
2394 2901 2508 2961 haec
2534 2904 2644 2969 vult
2668 2904 2904 2974 psalmus
2932 2905 3031 2975 iste
3056 2907 3278 2962 cantari.
3307 2906 3381 2965 De
3406 2909 3689 2985 regionibus
3715 2928 3830 2966 con-

2230 2997 2451 3066 gregavit
2490 3015 2593 3051 eos.
2637 2997 2873 3053 Possunt
2910 3013 3029 3054 esse
3070 2999 3243 3057 adhuc
3288 3001 3533 3073 regiones
3574 3002 3829 3075 Egypti,

2230 3087 2412 3142 multa:
2457 3088 2601 3143 enim
2643 3089 2803 3145 etiam
2850 3090 3007 3145 unius
3050 3090 3337 3160 provincia:
3384 3093 3631 3162 regiones
3678 3106 3827 3150 sunt.

2229 3180 2429 3250 Aperte
2450 3180 2594 3236 dicat
2621 3199 2633 3237 :
2658 3183 2732 3236 Ab
2754 3182 2943 3236 oriente
2963 3192 3009 3237 et
3036 3200 3234 3248 occasu,
3259 3184 3319 3237 ab
3347 3186 3582 3257 aquilone
3603 3197 3650 3245 et
3670 3190 3827 3251 mari.

2230 3271 2366 3337 Istos
2408 3289 2537 3343 ergo
2574 3274 2683 3343 jam
2733 3274 3045 3344 redemptos
3082 3276 3423 3347 intelligimus
3462 3276 3513 3331 in
3554 3260 3663 3333 toto
3692 3281 3830 3341 orbe

2228 3372 2510 3421 terrarum.
2542 3367 2778 3437 Populus
2810 3368 2895 3431 hic
2924 3368 3018 3422 Dei
3045 3368 3112 3427 de
3142 3384 3328 3439 magna
3359 3379 3411 3423 et
3453 3370 3557 3424 lata
3589 3371 3829 3451 Aigypto

2228 3455 2485 3513 liberatus
2506 3500 2521 3526 ,
2554 3468 2802 3528 tanquam
2836 3476 2927 3529 per
2958 3476 3106 3527 mare
3132 3459 3374 3531 Rubrum
3403 3460 3613 3519 ducitur
3633 3506 3647 3530 ,
3680 3474 3738 3519 ut
3764 3466 3827 3521 in

2227 3550 2501 3620 Baptismo
2529 3552 2679 3617 finiat
2718 3552 2981 3608 inimicos.
3017 3548 3367 3609 Sacramento
3394 3555 3535 3609 enim
3568 3564 3829 3628 tanquam

2226 3645 2373 3705 rubri
2412 3646 2578 3700 maris
2597 3687 2612 3711 ,
2642 3645 2915 3714 Baptismo
2946 3646 3150 3715 scilicet
3176 3642 3371 3719 Christi
3403 3647 3656 3718 sanguine
3685 3664 3827 3705 con-

2225 3748 2456 3802 secrato,
2487 3738 2827 3806 insequentes
2856 3737 3113 3809 Egyptii,
3144 3749 3359 3809 peccata
3385 3739 3659 3808 delentur;
3685 3753 3741 3798 et
3768 3751 3828 3800 te

2223 3829 2507 3891 evadente,
2539 3830 2720 3885 nullus
2746 3830 2835 3903 qui
2867 3839 2917 3885 te
2946 3830 3239 3901 premebat,
3270 3841 3509 3901 remanet
3548 3830 3823 3889 inimicus.

2224 3920 2319 3977 Isti
2346 3937 2470 3991 ergo
2498 3921 2680 3975 dicant
2705 3920 2853 3985 hrec;
2876 3931 2929 3977 et
2955 3908 3233 3993 audiamus
3253 3922 3383 3999 jam,
3416 3906 3626 3988 fratres,
3658 3925 3824 3997 (quo-

2223 4012 2366 4067 niam
2397 4014 2608 4068 ducitur
2631 4013 2646 4043 ¹
2683 4014 2781 4067 iste
2821 4013 3046 4082 populus
3088 4012 3219 4083 Dei)
3251 4013 3375 4089 quid
3418 4013 3502 4068 hic
3541 4026 3727 4085 agatur
3762 4018 3823 4074 in

2223 4107 2633 4175 congregatione
2660 4104 2898 4157 omnium
2940 4104 3176 4175 gentium
3219 4104 3491 4174 redempta
3529 4122 3625 4181 per
3653 4106 3821 4163 Chri-

2221 4209 2363 4257 stum
2396 4220 2409 4257 :
2441 4218 2547 4256 non
2579 4201 2727 4272 quasi
2769 4200 2925 4255 simul
2966 4200 3279 4269 contingant
3306 4200 3419 4256 haec
3444 4216 3561 4271 quae
3587 4212 3821 4259 cantan-

2221 4302 2328 4363 tur,
2364 4294 2415 4348 in
2445 4294 2723 4359 omnibus,
2754 4292 2847 4348 sed
2878 4294 2928 4345 in
2961 4292 3182 4363 singulis
3212 4292 3509 4363 quibusque
3539 4293 3817 4369 credenti-

2218 4387 2351 4450 bus;
2382 4386 2433 4439 in
2465 4386 2657 4454 populo
2685 4394 2864 4439 autem
2891 4385 2979 4441 illo
3005 4384 3177 4438 aliter.
3203 4383 3369 4439 Totus
3394 4386 3534 4455 enim
3560 4388 3805 4455 populus,

2221 4485 2329 4539 tota
2359 4476 2445 4530 illa
2474 4491 2603 4546 gens
2629 4492 2695 4531 ex
2725 4476 2929 4531 semine
2967 4474 3197 4529 Abralne
3234 4474 3524 4529 secundum
3553 4490 3770 4532 carnem
3790 4520 3809 4542 ,

2220 4577 2331 4624 tota
2355 4568 2639 4622 multitudo
2659 4566 2849 4623 domus
2872 4564 3030 4621 Israel
3054 4563 3220 4620 semel
3246 4565 3433 4620 educta
3459 4574 3626 4621 estex
3649 4558 3811 4640 Egy-

2215 4671 2329 4734 pto,
2358 4663 2527 4717 semel
2556 4678 2649 4732 per
2678 4662 2915 4718 Rubrum
2943 4676 3087 4717 mare
3113 4662 3291 4725 ducta,
3322 4661 3491 4731 semel
3514 4658 3576 4713 ad
3609 4644 3807 4733 terram

2215 4754 2591 4826 promissionis
2636 4754 2917 4824 perducta;
2962 4755 3119 4809 simul
3160 4754 3302 4808 enim
3342 4769 3528 4809 omnes
3563 4762 3719 4807 erant
3750 4755 3802 4809 in

2215 4847 2403 4923 quibus
2431 4846 2546 4902 hmc
2571 4847 2948 4915 contingebant
2977 4863 2987 4898 :
3024 4845 3147 4901 Haec
3170 4857 3335 4899 autem
3363 4846 3531 4899 omnia
3560 4847 3611 4898 in
3636 4847 3803 4917 ﬁgura

2214 4939 2563 5011 contingebant
2602 4940 2657 4993 in
2698 4939 2836 5005 illis;
2871 4940 3057 5007 scripta
3092 4948 3207 4992 sunt
3234 4949 3399 5001 autem
3425 4939 3494 4992 ad
3521 4939 3804 5009 correptio.

2213 5048 2326 5103 nem
2355 5043 2611 5095 nostrant,
2654 5032 2706 5087 in
2738 5049 2861 5102 quos
2896 5032 3013 5099 linis
3042 5030 3341 5086 swculorum
3371 5031 3562 5085 obvenit
3588 5029 3645 5100 (I
3676 5028 3799 5085 Cor.

2210 5142 2265 5189 ι.
2298 5124 2407 5197 11).
2436 5122 2542 5183 Nos
2570 5141 2697 5180 vero
2727 5140 2832 5178 non
2860 5124 3014 5177 simul
3046 5138 3253 5189 omnes,
3287 5121 3381 5177 sed
3408 5122 3659 5193 paulatim
3690 5123 3803 5177 sin-

2209 5217 2534 5289 gillatimque
2554 5218 2831 5271 credentes
2855 5230 3239 5286 congregantur
3262 5215 3310 5287 in
3335 5229 3489 5287 unam
3513 5212 3799 5291 quamdam

2210 5311 2510 5375 civitatem,
2542 5320 2597 5364 et.
2625 5310 2674 5363 in
2710 5325 2872 5363 unutn
2904 5308 3157 5381 populum
3188 5306 3311 5371 Dei;
3342 5305 3436 5365 sed
3469 5305 3518 5359 in
3551 5321 3798 5385 unoquo-

2208 5419 2312 5476 que
2343 5413 2581 5459 nostrum
2612 5402 2770 5456 etiam
2800 5390 3006 5471 singulo
3033 5400 3345 5470 contingunt
3375 5397 3487 5473 lucc
3515 5388 3633 5471 qua;
3656 5392 3799 5453 scri-

2208 5507 2299 5570 pta
2334 5506 2489 5563 sunt,
2521 5497 2836 5568 contingunt
2871 5492 2923 5571 in
2968 5494 3181 5573 populo.
3221 5490 3432 5547 Etenim
3475 5489 3701 5573 populus
3730 5490 3800 5548 de

2205 5593 2450 5665 singulis,
2482 5607 2586 5647 non
2619 5589 2807 5661 singuli
2836 5588 2902 5644 de
2934 5586 3128 5667 populo
3157 5604 3170 5642 :
3202 5584 3459 5657 numquid
3484 5572 3627 5663 enim
3656 5572 3800 5640 unus

2206 5687 2369 5746 homo
2393 5704 2458 5743 ex
2485 5684 2725 5758 populis?
2751 5683 2856 5751 Sed
2888 5682 3113 5757 populus
3138 5697 3203 5737 ex
3224 5674 3454 5757 Singulis
3489 5676 3799 5736 hominibus

2269 5825 2287 5856 ι
2311 5824 2386 5873 Sic
2415 5828 2492 5870 η.
2530 5826 2583 5870 et
2604 5819 2756 5871 nostri
2778 5825 2888 5869 uss.
2922 5822 2979 5868 At.
3015 5826 3135 5877 Am.,
3172 5812 3394 5879 quonam
3424 5808 3619 5869 dicitur.
3658 5818 3802 5879 Lota,

2205 5898 2410 5949 quonam
2431 5881 2643 5935 ducitur.
