4188 6432
456 351 481 407 1
494 350 589 409 42!

454 475 693 535 constat.
729 468 995 542 Quidquid
1028 484 1173 543 ergo,
1203 486 1323 527 cum
1351 470 1558 542 loquor,
1591 472 1873 542 agnoveris
1900 473 1953 527 in
1984 480 2055 541 te,

454 560 703 632 quisquis
736 572 987 631 expertus
1015 578 1104 625 es,
1140 563 1250 618 noli
1279 562 1560 634 cogitando
1586 565 1738 634 quasi
1777 580 2056 621 remanere

455 652 509 708 in
542 663 595 709 te
619 696 634 719 ,
668 663 725 710 et
753 664 937 723 putare
965 656 1107 727 quod
1144 656 1195 711 in
1226 657 1342 711 solo
1373 668 1424 713 te
1451 658 1744 729 contingit;
1774 658 1869 715 sed
1896 658 2056 715 crede

454 743 555 798 ista
578 746 895 818 contingere
920 757 1009 801 aut
1037 748 1087 802 in
1115 748 1385 813 omnibus,
1414 758 1505 803 aut
1530 764 1695 820 prope
1722 750 1776 805 in
1801 750 2052 813 omnibus

452 835 540 905 qui
569 837 792 893 veniunt
819 839 887 893 ad
918 839 1058 894 hunc
1100 841 1350 913 populum
1374 882 1387 905 ,
1418 849 1471 895 et
1505 840 1572 897 de
1602 857 1763 897 manu
1802 841 2050 909 inimico-

448 943 572 985 rqu
608 931 845 1003 pretioso
870 932 1127 1007 sanguine
1158 932 1507 989 redimuntur.

520 1020 577 1074 4.
624 1021 968 1091 Repetiturus
998 1034 1078 1078 cst
1117 1026 1260 1079 enim
1302 1025 1516 1079 assidue
1545 1025 1688 1097 quod
1719 1027 2049 1081 cantavimus

445 1116 614 1171 modo
648 1135 663 1171 :
692 1115 1039 1185 Con/itewuur
1074 1116 1293 1177 Domino
1330 1120 1672 1176 miserationes
1703 1122 1813 1191 ejus
1834 1163 1846 1187 ,
1876 1130 1920 1174 et
1949 1121 2047 1173 mi—

453 1209 639 1275 rabilia
667 1210 776 1279 ejus
807 1210 925 1279 ﬁliis
953 1211 1232 1269 hominum.
1269 1212 1402 1268 Istos
1428 1229 1642 1279 versus,
1672 1221 1926 1283 quantmn
1955 1214 2050 1316 ad—

443 1309 661 1361 vertere
699 1302 880 1371 potui,
916 1302 1058 1373 quod
1098 1304 1319 1373 potestis
1348 1312 1403 1359 et
1433 1320 1554 1371 vos,
1588 1314 1775 1377 quater
1816 1305 2042 1409 repetiti

443 1392 496 1447 in
528 1408 635 1461 quo
667 1409 920 1459 numero,
952 1404 1205 1465 quantum
1241 1396 1469 1449 Domino
1500 1397 1791 1465 adiuvante
1818 1398 2044 1499 scrutari

441 1483 714 1538 valuimus
734 1527 747 1547 ,
778 1483 1043 1557 signiﬁcat
1074 1486 1227 1540 nobis
1255 1498 1482 1557 quatuor
1508 1489 1763 1558 quasdam
1794 1489 2045 1545 tentatio—

439 1593 568 1641 nes,
603 1592 671 1631 ex
700 1578 892 1648 quibus
920 1593 1017 1641 nos
1050 1579 1237 1634 liberat
1265 1581 1349 1635 cui
1380 1580 1704 1639 conﬁtentur
1733 1595 1843 1636 suae
1874 1584 2039 1640 mise-

438 1668 696 1723 rationes.
726 1650 833 1725 Fac
858 1669 999 1726 enim
1032 1668 1301 1731 hominem
1328 1671 1497 1741 primo
1527 1671 1657 1731 nihil
1685 1683 2037 1743 quaerentem,

437 1756 734 1825 secundum
782 1754 939 1819 vitam
996 1771 1227 1827 veterem
1279 1762 1581 1819 seductoria
1630 1765 1916 1825 securitate
1963 1767 2040 1823 vi-

436 1865 683 1919 ventem,
714 1855 848 1910 nihil
892 1864 1162 1925 putantem
1205 1856 1349 1913 aliud
1388 1873 1507 1913 esse
1549 1867 1669 1927 post
1707 1858 1845 1916 hanc
1875 1862 2036 1916 vitam

434 1946 757 2019 quandoque
799 1946 1118 2013 ﬁniendam;
1162 1949 1513 2021 negligentem
1545 1950 1828 2020 quemdam
1857 1959 1914 2008 et
1949 1967 2037 2010 so-

433 2024 695 2109 cordem,
720 2041 967 2111 obrutum
997 2056 1090 2103 cor
1125 2041 1407 2105 habentem
1439 2042 1708 2099 illecebris
1737 2044 1951 2110 mundi,
1981 2053 2036 2102 et

429 2102 729 2201 mortiferis
768 2102 1211 2199 delectationibus
1254 2134 1590 2203 consopitum
1628 2151 1640 2188 :
1679 2143 1740 2189 ut
1774 2136 2035 2191 excitetur

429 2222 534 2278 iste
564 2202 641 2278 ad
662 2223 1003 2294 quaerendam
1033 2225 1259 2296 gratiam
1298 2202 1433 2291 Dei,
1457 2233 1516 2281 ut
1542 2226 1631 2281 ﬁat
1659 2227 1948 2294 sollicitus,
1980 2238 2034 2285 et

429 2300 695 2389 tauquam
721 2318 787 2375 de
819 2334 1008 2377 somno
1034 2318 1265 2391 evigilat,
1296 2335 1475 2383 nonne
1499 2334 1689 2377 manus
1719 2321 1813 2377 Dei
1838 2323 2033 2379 excitat

425 2394 595 2467 cum?
627 2408 735 2467 Sed
767 2419 942 2469 tamen
972 2426 1001 2465 a
1029 2426 1136 2481 quo
1164 2411 1233 2477 sit
1259 2412 1549 2479 excitatus,
1582 2413 1808 2485 ignorat.
1843 2414 2031 2486 Incipit

426 2510 617 2569 autem
641 2516 761 2567 esse
785 2500 895 2571 jam
924 2502 1015 2557 Dei
1042 2502 1081 2566 ί,
1108 2518 1227 2565 eum
1249 2503 1558 2573 cognoverit
1580 2504 1820 2561 veritatis
1845 2506 2025 2563 ﬁdem.

418 2574 535 2649 Sed
563 2604 853 2663 antequam
882 2602 1191 2666 cognoscat,
1225 2594 1374 2650 dolet
1399 2610 1637 2652 errorem
1667 2612 1843 2653 suum.
1874 2598 2026 2657 Inve-

416 2689 497 2751 nit
527 2690 679 2744 enim
706 2702 766 2744 se
790 2688 843 2743 in
867 2702 1071 2754 errore,
1096 2688 1207 2742 vult
1235 2702 1559 2760 cognoscere
1584 2693 1884 2760 veritatem,
1912 2694 2028 2762 pul-

412 2789 504 2845 sat
533 2779 630 2841 ubi
671 2788 878 2850 potest,
911 2766 1078 2837 tentat
1106 2779 1247 2849 quod
1282 2788 1489 2848 potest,
1528 2791 1746 2851 vagatur
1783 2799 1885 2854 qua
1927 2800 2022 2856 p0-

409 2880 550 2938 test,
577 2870 777 2928 famem
802 2871 959 2939 etiam
991 2872 1184 2942 patitur
1212 2872 1375 2941 ipsius
1400 2873 1662 2933 veritatis.
1692 2874 1869 2930 Prima
1896 2892 2024 2948 ergo

405 2964 653 3027 tentatio
677 2974 759 3023 est
787 2964 986 3031 erroris
1014 2974 1063 3020 et
1092 2963 1265 3025 famis.
1296 2964 1392 3021 Ubi
1423 2965 1472 3019 in
1503 2965 1601 3027 hac
1628 2968 1920 3025 tentatione
1946 2969 2022 3023 fa-

401 3059 622 3131 tigatus
657 3057 1037 3127 exclamaverit
1077 3057 1141 3113 ad
1186 3059 1391 3124 Deum,
1432 3059 1741 3128 perducitur
1776 3062 1843 3124 ad
1882 3065 2023 3121 viam

397 3150 567 3215 fidei,
597 3148 744 3209 unde
773 3149 989 3225 incipiat
1018 3165 1236 3225 pergere
1260 3148 1326 3204 ad
1352 3150 1623 3206 civitatem
1652 3154 1863 3223 quietis.
1894 3155 2021 3213 Per-

394 3222 637 3311 ducitur
674 3223 804 3315 ergo
845 3222 921 3297 ad,
961 3222 1263 3309 Christum,
1301 3244 1390 3317 qui
1431 3244 1563 3299 dixit
1595 3244 1750 3318 :Ego
1791 3264 1902 3302 sum
1939 3250 2021 3303 υεα

398 3340 605 3415 (Joun.
638 3354 747 3404 xw,
776 3337 855 3407 6).

480 3434 542 3489 5.
578 3430 721 3495 Cum
744 3444 870 3500 ergo
901 3428 973 3484 ibi
999 3427 1194 3494 fuerit,
1228 3427 1336 3497 jam
1368 3430 1545 3485 sciens
1577 3430 1703 3503 quid
1733 3430 2019 3490 observare
2046 3436 2053 3443 '

393 3523 637 3591 debeat,
668 3534 1047 3591 nonnunquam
1077 3519 1300 3574 multum
1328 3522 1427 3576 sibi
1458 3521 1761 3590 tribuendo,
1791 3533 1843 3580 et
1864 3528 2016 3595 quasi

394 3582 477 3675 de
678 3582 877 3669 viribus
917 3613 1322 3683 prmsumendo,
1357 3614 1538 3685 incipit
1566 3616 1854 3686 conﬂigere
1882 3622 2019 3678 velle

396 3717 604 3777 contra
636 3714 883 3777 peccata,
912 3714 967 3773 et
1000 3714 1214 3776 propter
1241 3708 1549 3776 superbiam
1572 3712 1827 3782 superari.
1859 3712 2013 3769 Inve-

394 3803 492 3859 nit
518 3816 650 3873 ergo
678 3815 737 3857 se
762 3799 983 3872 ligatum,
1003 3797 1406 3855 difﬁcultatibus
1432 3802 1799 3871 cupiditatum,
1828 3814 1879 3861 et
1906 3820 2019 3867 non

397 3908 575 3966 posse
602 3893 743 3948 viam
774 3901 989 3963 prOpter
1017 3891 1301 3963 compedes
1326 3894 1596 3951 ambulare
1620 3912 1635 3949 :
1662 3896 1924 3961 inclusum
1955 3914 2015 3958 se

396 3988 581 4047 sentit
608 3985 921 4051 difﬁcultate
949 3984 1239 4051 vitiorum;
1268 3994 1321 4042 et
1349 3994 1599 4056 tanquam
1632 4004 1783 4045 muro
1811 3990 2012 4060 impos-

399 4079 687 4141 sibilitatis
714 4086 914 4145 erecto,
947 4078 1217 4149 portisque
1246 4077 1456 4143 clausis,
1489 4094 1589 4148 qua
1620 4080 1809 4136 evadat
1838 4092 1893 4137 ut
1923 4099 2012 4140 re-

400 4142 496 4229 cte
525 4170 705 4234 vivat,
737 4183 845 4237 non
877 4142 1101 4223 invenit.
1132 4168 1246 4223 Jam
1276 4168 1375 4222 scit
1404 4168 1670 4238 quomodo
1704 4171 1883 4228 vivere
1913 4175 2011 4229 de-

401 4262 581 4325 beat:
614 4260 759 4331 prius
786 4259 926 4317 enim
963 4260 1016 4314 in
1043 4274 1228 4317 errore
1269 4268 1408 4324 erat,
1443 4266 1499 4315 et
1537 4260 1727 4316 famem
1771 4264 2012 4320 veritatis

402 4328 746 4425 patiebatur;
777 4353 979 4422 accepit
1004 4363 1181 4407 autem
1205 4351 1314 4420 jam
1343 4352 1518 4407 cibum
1548 4353 1803 4417 veritatis,
1839 4364 1891 4412 et
1918 4372 2011 4428 po-

404 4445 546 4509 situs
585 4456 668 4507 est
708 4430 759 4499 in
794 4444 879 4501 via
914 4462 927 4498 :
959 4444 1133 4511 audit,
1169 4443 1299 4499 Vive
1336 4444 1505 4510 bene,
1547 4447 1845 4509 secundum,
1869 4450 2011 4519 quod

406 4537 590 4607 nosti;
623 4544 777 4597 antea
805 4535 945 4591 enim
978 4550 1082 4590 non
1124 4550 1349 4591 noveras
1384 4537 1827 4606 quemadmodum
1860 4540 2008 4596 vive-

405 4647 519 4701 res,
551 4629 715 4697 modo
741 4630 990 4701 accepisti
1019 4638 1070 4685 et
1099 4630 1257 4693 nosti.
1290 4629 1543 4698 Conatur,
1574 4648 1679 4685 non
1709 4641 1913 4702 potest;
1945 4634 2009 4688 li-

408 4738 595 4807 gatum
618 4740 677 4782 se
699 4708 1167 4791 sentit,exelamat
1193 4723 1257 4778 ad
1291 4724 1590 4778 Dominum.
1619 4725 1857 4783 Secunda
1884 4744 2010 4800 ergo

407 4794 640 4883 tentatio
669 4827 751 4881 est
786 4817 1113 4873 difﬁcultatis
1153 4818 1204 4871 in
1247 4818 1379 4873 bene
1415 4818 1715 4887 operando,
1751 4820 1887 4876 sicut
1920 4822 2010 4878 illa

408 4913 591 4985 prima
616 4911 817 4967 erroris
845 4918 898 4966 et
928 4910 1098 4967 famis.
1132 4909 1407 4963 Exclamat
1435 4918 1487 4964 et
1527 4911 1576 4963 in
1610 4910 1707 4966 hac
1736 4912 1801 4965 ad
1834 4914 2009 4969 Domi-

409 5021 542 5064 num
580 5022 594 5060 :
625 5004 814 5060 liberat
846 5003 1097 5065 Dominus
1124 5001 1190 5056 dc
1218 5001 1641 5066 necessitatibus,
1669 5004 1863 5073 rumpit
1892 5006 2007 5060 vitt-

408 5099 535 5156 eula
561 5095 909 5161 difﬁcultatis,
934 5094 1205 5153 constituit
1228 5095 1277 5148 in
1302 5094 1608 5159 Operationc
1630 5095 1908 5165 :equitatis.
1933 5095 2008 5151 in-

409 5188 547 5259 cipit
573 5188 620 5241 ei
646 5186 754 5257 jam
787 5172 937 5245 facile
964 5199 1083 5241 esse
1113 5183 1255 5255 quod
1282 5182 1495 5237 difﬁcile
1524 5182 1711 5251 fuerat,
1741 5185 2008 5243 absﬁnere

408 5298 440 5340 a
472 5280 655 5345 malis,
696 5294 803 5347 non
830 5277 1149 5346 adulterare,
1178 5293 1283 5334 non
1313 5276 1510 5333 furtum
1542 5277 1737 5344 facere,
1771 5295 1875 5334 non
1907 5281 2005 5336 ho-

409 5374 725 5442 micidium,
767 5388 879 5445 non,
914 5372 1277 5451 sacrilegium,
1326 5386 1439 5435 non
1477 5372 1707 5428 alienum
1751 5375 2004 5446 concupi-

408 5482 613 5531 scere:
642 5450 785 5535 facta
819 5464 1150 5543 estfacultas
1175 5480 1293 5534 quia
1322 5464 1492 5527 fuerat
1518 5475 1672 5522 antea
1700 5464 2001 5522 difﬁcultas.

408 5561 599 5627 Potuit
624 5538 1151 5639 bocDominussine
1184 5559 1805 5663 difficultate.przestaIre';
1835 5561 1928 5663 sed
1959 5563 2005 5663 si

406 5653 520 5715 hoc
543 5652 663 5710 sine
681 5650 992 5717 difﬁcultate
1015 5650 1352 5725 haberemus,
1377 5651 1678 5722 largitorem
1705 5652 1860 5724 hujus
1881 5652 2001 5708 boni

480 5766 497 5795 ι
525 5764 601 5815 sic
623 5769 732 5817 Mss.
753 5770 805 5813 At
830 5770 929 5813 Am.
954 5775 968 5811 :
999 5759 1171 5827 Incipit
1194 5766 1349 5835 mrtem
1379 5762 1763 5835 IZCi;‘Silf1';‘l:l(lleiIi
1781 5771 2004 5835 gustare;

404 5839 528 5886 tum
549 5823 839 5899 omnem,
868 5831 962 5899 etc.
986 5830 1060 5899 Er.
1164 5830 1293 5883 Lov.,
1320 5823 1487 5889 Incipit
1516 5826 1671 5879 mtrem
1691 5823 1800 5876 esse
1818 5824 1906 5878 Dei
1918 5840 1936 5890 ,'
1959 5823 2004 5879 et

405 5890 519 5963 gms
539 5886 819 5939 smiritamn
838 5888 1048 5953 gustare,
1076 5894 1166 5936 etc.

1586 353 1973 413 ENABRA'l'lt)
2012 353 2079 411 ΙΝ
2118 355 2439 419 ΡδΑωιωι
2476 363 2603 422 (ενι

3612 397 3752 454 “2:3

2167 494 2270 539 non
2297 497 2724 553 agnosceremus.
2754 492 2809 548 Si
2831 497 2971 551 enim
2994 498 3256 570 primitus,
3281 521 3399 564 cum
3421 513 3599 583 vellet,
3630 535 3752 589 pos-

2164 580 2264 639 set,
2291 582 2344 629 et
2369 590 2471 635 non
2501 585 2723 639 sentiret
2741 585 2993 645 adversus
3012 607 3071 648 se
3091 595 3391 657 obnitentes
3410 580 3747 681 cupiditates,

2162 680 2263 727 nec
2295 669 2517 729 vinculis
2542 676 2651 733 suis
2684 691 2899 748 gravata
2928 687 3102 747 anima
3132 691 3498 765 collideretur;
3528 705 3639 759 suis
3664 708 3747 762 vi-
3786 738 3797 752 κ

2160 759 2307 815 ribus
2334 763 2588 821 tribueret
2612 773 2751 839 quod
2776 789 2833 828 se
2863 791 3016 844 posse
3044 785 3282 853 sentiret,
3311 799 3366 845 et
3392 807 3499 848 non
3525 798 3747 857 eonﬁte«

2158 860 2343 906 rentur
2372 854 2595 917 Domino
2623 862 2990 927 miserationes
3016 871 3149 942 ejus.

2230 944 2281 1000 6.
2310 946 2439 1004 Post
2466 949 2561 1009 bas
2584 952 2713 1013 duas
2742 961 3077 1031 tentationes,
3109 969 3333 1036 primam
3360 980 3560 1037 erroris
3583 993 3743 1055 atque

2157 1037 2349 1107 inopia:
2370 1040 2624 1112 veritatis,
2645 1050 2931 1107 secundam
2956 1055 3282 1118 difﬁcultatis
3306 1065 3443 1124 bene
3461 1037 3739 1145 operaridi,

2157 1132 2310 1191 tertia
2354 1138 2573 1197 tentatio
2611 1142 2807 1210 excipit
2844 1144 3114 1206 hominem
3149 1172 3163 1208 :
3195 1156 3244 1210 ei
3283 1158 3470 1230 loquor
3500 1132 3594 1236 qui
3629 1132 3741 1240 jam

2156 1224 2364 1279 transiit
2390 1224 2486 1289 bas
2509 1226 2660 1287 duas.
2690 1232 2821 1291 Nam
2850 1236 2963 1297 ista)
2986 1240 3125 1310 duas,
3154 1245 3322 1304 fateor
3335 1224 3560 1316 ,-multi.s
3602 1224 3741 1319 ηόιω

2151 1324 2295 1371 sunt.
2327 1317 2457 1384 Quis
2494 1322 2636 1381 enim
2682 1330 2853 1386 nescit
2894 1346 2955 1389 se
2990 1335 3058 1391 ab
3098 1336 3397 1409 ignorantia
3430 1351 3640 1408 venisse
3675 1356 3740 1412 ad

2149 1411 2425 1469 veritatem
2450 1456 2466 1484 ,
2493 1416 2561 1475 ab
2589 1433 2771 1479 errore
2802 1424 2870 1479 ad
2909 1427 3080 1498 viam,
3111 1447 3141 1487 a
3182 1433 3324 1493 fame
3360 1442 3635 1512 sapientia:
3674 1448 3739 1506 ad

2148 1503 2374 1561 verbum
2402 1507 2561 1569 ﬁdei?
2589 1511 2789 1573 Deinde
2817 1518 2966 1575 multi
3001 1520 3269 1583 luctantur
3296 1503 3736 1596 eum.difﬁculta:

2150 1593 2289 1653 tibus
2318 1597 2571 1663 vitiorum
2607 1618 2860 1676 suorum,
2892 1621 2947 1667 et
2974 1613 3148 1672 adhuc
3174 1626 3557 1685 consuetudine
3585 1633 3729 1689 colli-

2146 1688 2251 1756 gati
2298 1702 2519 1759 gemunt
2567 1705 2819 1769 tanquam
2868 1703 2921 1757 in
2975 1707 3219 1766 clausura
3266 1724 3323 1771 et
3366 1722 3735 1791 compedibus.

2146 1779 2460 1851 Agnoscunt
2482 1798 2539 1845 et
2560 1788 2721 1847 istam
2750 1798 3117 1871 tentationem,
3141 1811 3383 1876 quamvis
3400 1779 3511 1882 jam
3533 1816 3731 1889 dicant,

2144 1874 2189 1928 si
2216 1874 2353 1935 forte
2381 1878 2564 1937 dicunt
2593 1900 2604 1937 :
2634 1883 2829 1958 Infelix
2855 1904 2948 1961 ego
2974 1874 3290 1970 Immo,_quis
3318 1874 3736 1970 mc'liberabild;

2142 1983 2351 2040 corpore
2378 1976 2553 2031 mortis
2578 1978 2735 2049 hujus
2758 1981 2933 2053 (Rom.
2960 2002 3050 2052 vn,
3078 1988 3215 2063 34)?
3236 1994 3370 2052 Nam
3398 2000 3518 2058 vide
3543 2008 3733 2064 arctis»

2140 2061 2277 2118 sima
2306 2067 2517 2123 vincula
2548 2087 2561 2124 :
2589 2070 2738 2138 Caro,
2767 2074 2955 2147 inquit,
2986 2086 3298 2155 concupiscit
3319 2091 3558 2152 adversus
3583 2102 3730 2171 spiri'

2140 2161 2265 2220 tum,
2294 2167 2341 2211 et
2368 2160 2577 2227 spiritus
2600 2165 2841 2225 adversus
2862 2186 3063 2228 carnem
3084 2192 3107 2242 ,°
3134 2188 3315 2236 utnon
3340 2201 3398 2239 ea
3420 2203 3536 2256 qua
3558 2160 3728 2262 vultis,

2138 2243 2228 2303 illa
2258 2249 2457 2317 faciatis
2487 2250 2681 2323 (Galat.
2712 2274 2761 2324 v,
2807 2260 2915 2332 Π).
2946 2263 3178 2326 Proinde
3205 2274 3295 2344 qui
3331 2243 3444 2345 jam
3467 2243 3728 2355 θέκεκῇξῖ

2138 2344 2225 2392 tus
2250 2341 2458 2410 spiritu,
2486 2356 2546 2401 ut
2573 2351 3021 2418 quemadmodum
3051 2341 3371 2425 noluit'ess'e
3394 2371 3620 2445 adulter,
3636 2341 3728 2437 ἐἰς

2134 2444 2245 2487 non
2269 2434 2369 2501 sit;
2402 2442 2671 2507 quomodo
2698 2446 2866 2502 noluit
2888 2465 3011 2507 esse
3040 2452 3141 2521 fur,
3170 2456 3249 2514 sic
3276 2476 3380 2516 non
3410 2464 3506 2533 sit;
3536 2477 3590 2523 et
3619 2486 3725 2526 cte-

2136 2530 2249 2580 tera
2273 2524 2361 2581 illa
2380 2530 2576 2598 omnia,
2603 2548 2725 2604 quas
2753 2538 2937 2595 volunt
2967 2541 3211 2604 homines
3240 2551 3473 2622 vincere,
3500 2569 3553 2614 et
3581 2575 3726 2633 saepe

2131 2613 2311 2673 inﬂexi
2343 2634 2681 2695 superantur,
2716 2638 2774 2684 ut
2810 2634 3109 2697 exclamant
3135 2640 3203 2696 ad
3229 2642 3414 2710 Deum,
3451 2613 3505 2705 ut
3534 2652 3600 2709 de
3627 2613 3723 2711 ne-

2131 2710 2468 2770 eessitatibus
2507 2732 2694 2775 eorum
2731 2734 2881 2780 eruat
2905 2742 3033 2795 eos,
3066 2740 3120 2786 et
3159 2732 3283 2790 inde
3315 2736 3520 2796 liberati
3548 2748 3723 2800 conti-

2131 2808 2342 2861 teantur
2365 2806 2588 2865 Domino
2614 2813 2984 2874 miserationes
3007 2821 3161 2891 ejus:
3185 2826 3424 2898 quisquis
3449 2847 3576 2904 ergo
3601 2837 3723 2893 talis

2128 2903 2232 2959 est,
2259 2906 2315 2953 et
2340 2899 2465 2957 vicit
2488 2903 2603 2958 illas
2628 2904 2984 2980 difﬁcultates,
3014 2923 3067 2970 et
3090 2918 3437 2987 probabiliter
3459 2899 3569 2995 jain
3595 2944 3723 2985 con-

2128 3001 2369 3048 versatur
2408 2993 2546 3051 inter
2589 2996 2867 3070 homines,
2908 3006 3024 3063 sine
3060 3011 3164 3065 ulla
3202 3016 3421 3083 querela
3459 3022 3723 3079 malorum

2127 3093 2334 3137 morum
2352 3124 2365 3147 ,
2398 3086 2661 3157 excipitur
2690 3095 2981 3153 tentatione
3008 3101 3162 3157 tertia
3191 3105 3333 3161 taedii
3360 3109 3635 3179 cujusdam
3665 3115 3720 3171 in

2126 3186 2275 3231 litora
2306 3174 2465 3245 hujus
2487 3180 2627 3247 vitze,
2657 3182 2728 3239 ita
2752 3196 2811 3240 ut
2834 3188 3121 3260 aliquando
3144 3210 3267 3251 eum
3293 3214 3393 3255 nec
3417 3174 3593 3274 iegere
3618 3223 3721 3264 nec

2124 3280 2281 3325 orare
2306 3269 2555 3327 delectet.
2587 3275 2764 3333 Tertia
2790 3286 3011 3341 tentatio
3039 3290 3201 3358 priori
3227 3298 3490 3353 contraria
3524 3318 3538 3354 :
3572 3304 3722 3372 prius

2124 3360 2264 3417 enim
2289 3360 2686 3431 periclitabatur
2703 3372 2861 3441 fame,
2888 3389 3070 3447 postea
3091 3382 3322 3443 fastidio.
3344 3390 3496 3449 Unde
3515 3360 3717 3465 ethoc,

2121 3451 2222 3511 nisi
2265 3454 2332 3513 de
2372 3458 2601 3527 quodam
2640 3462 2894 3537 languore
2930 3476 3161 3531 animae?
3188 3479 3305 3536 Jan:
3335 3499 3451 3540 non.
3479 3495 3532 3543 te

2120 3543 2461 3615 adulterium,
2490 3567 2589 3609 nec
2611 3567 2787 3614 tamen
2814 3560 3041 3621 delectat
3068 3567 3161 3624 Dei
3187 3574 3427 3631 verbum.
3451 3578 3568 3641 iam
3596 3594 3721 3653 post

2120 3641 2415 3707 periculum
2436 3645 2714 3717 imperitia:
2733 3661 2787 3709 et
2808 3660 3274 3732 concupiscentiae,
3297 3668 3365 3724 de
3381 3672 3572 3741 quibus
3590 3641 3719 3733 duo-

2118 3730 2223 3809 b_us
2252 3742 2303 3791 te
2333 3738 2567 3795 evasisse
2596 3742 2792 3800 laataris
2810 3788 2823 3811 ,
2853 3750 2971 3805 vide
2997 3768 3065 3807 ne
3093 3730 3307 3812 taedium
3336 3730 3721 3837 fastidiunutue

2120 3831 2171 3878 te
2202 3836 2375 3883 necet.
2404 3828 2520 3884 Non
2551 3842 2715 3891 estet
2742 3837 2843 3892 ista
2872 3840 3004 3897 levis
3032 3849 3254 3903 tentatio
3284 3868 3297 3903 :
3324 3866 3555 3922 agnosce
3580 3828 3713 3915 te'in

2118 3914 2242 3984 illa,
2283 3928 2340 3974 et
2379 3922 2618 3980 exclama
2654 3927 2719 3981 ad
2760 3930 3077 4003 Dominum,
3113 3948 3170 3992 ut
3205 3940 3271 3995 de
3304 3914 3713 4007 necessitatibus

2119 4008 2227 4064 tuis
2253 4011 2413 4067 etiam
2443 4013 2529 4070 hic
2555 4017 2747 4075 liberet
2775 4031 2862 4089 te;
2891 4034 2945 4081 et
2968 4026 3035 4083 de
3073 4029 3175 4086 hac
3204 4037 3491 4093 tentatione
3520 4040 3687 4099 libera

2118 4104 2201 4155 tus
2227 4114 2347 4157 cum
2375 4102 2560 4171 fueris,
2587 4110 2942 4170 conﬁteantur
2968 4117 3044 4172 iiii
3070 4122 3439 4183 miserationes
3463 4129 3599 4201 eius.

2188 4194 2239 4249 7.
2273 4193 2553 4256 Liberatus
2580 4211 2759 4260 autem
2790 4207 2859 4263 ab
2885 4226 3087 4281 errore,
3120 4215 3377 4277 liberatus
3414 4239 3445 4279 a
3477 4193 3707 4286 difﬁcul-

2116 4293 2223 4342 tate
2238 4285 2376 4345 bene
2401 4294 2679 4363 operandi,
2708 4296 2963 4358 liberatus
2977 4319 3010 4359 a
3028 4306 3187 4364 taedio
3212 4309 3531 4387 fastidioque
3549 4285 3709 4380 verbi

2117 4376 2233 4447 Dei,
2264 4379 2508 4440 fortassis
2551 4387 2743 4459 dignus
2768 4392 2877 4449 eris
2920 4396 3004 4452 cui
3047 4401 3272 4470 populus
3300 4376 3705 4483 committatur;

2116 4472 2457 4532 constitueris
2476 4476 2530 4533 in
2550 4481 2924 4550 gubernaculis
2942 4492 3113 4560 navis,
3132 4504 3378 4556 recturus
3389 4502 3705 4564 Ecclesium.

2116 4565 2191 4629 ibi
2207 4580 2392 4639 quarta
2406 4575 2646 4631 tentatio.
2663 4576 3031 4651 Tempestates
3043 4589 3205 4644 maris
3214 4594 3511 4661 quatientes
3523 4599 3706 4657 Eccle-

2116 4659 2270 4728 siam,
2302 4664 2514 4721 turbant
2539 4667 2968 4736 gubernatorem.
2995 4659 3244 4750 Denique
3255 4693 3363 4740 tres
3388 4686 3505 4744 illas
3526 4698 3701 4747 tenta-

2115 4755 2287 4812 tiones
2311 4761 2543 4829 experiri
2572 4772 2749 4832 potest
2764 4768 2940 4825 omnis
2956 4770 3076 4840 pius
3092 4772 3263 4831 ﬁdelis
3280 4777 3333 4833 in
3357 4781 3549 4848 populo
3570 4782 3701 4851 Dei;

2114 4858 2299 4919 quarta
2332 4851 2432 4906 ista
2462 4864 2643 4912 nostra
2675 4866 2775 4917 est.
2799 4859 3009 4928 Quanto
3036 4866 3178 4921 enim
3202 4867 3323 4938 plus
3348 4868 3698 4946 honoramur,

2116 4950 2262 4999 tanto
2310 4946 2430 5015 plus
2477 4950 2856 5017 periclitamur.
2908 4955 3244 5015 Metuendum
3273 4972 3457 5022 estne
3496 4979 3703 5031 avertat

2113 5036 2343 5107 aliquem
2373 5050 2607 5099 vestrum
2647 5061 2679 5102 a
2714 5048 2936 5105 veritate
2984 5053 3274 5120 periculum
3318 5061 3555 5129 erroris;
3584 5081 3702 5123 me-

2115 5132 2367 5189 tuendum
2408 5146 2491 5192 est
2518 5154 2587 5192 ne
2613 5139 2789 5196 vincat
2827 5157 3257 5218 unumquemque
3277 5152 3539 5221 cupiditas
3565 5171 3663 5219 sua
3682 5202 3700 5230 ,

2113 5233 2169 5280 et
2192 5226 2351 5297 eligat
2378 5243 2497 5285 eam
2523 5232 2696 5300 sequi,
2741 5247 2900 5303 quam
2926 5250 2994 5290 ex
3024 5236 3143 5307 ejus
3168 5239 3568 5306 difﬁcultatibus
3598 5226 3698 5309 ex;

2112 5319 2344 5377 clamare
2387 5322 2455 5378 ad
2482 5325 2762 5381 Dominum
2787 5343 2803 5392 ;
2830 5332 3174 5390 metuendum
3203 5344 3383 5397 estne
3414 5344 3698 5417 unicuique

2110 5422 2350 5473 vestrum
2376 5416 2553 5473 minus
2579 5417 2751 5487 sapiat
2778 5420 2998 5478 verbum
3023 5424 3137 5491 Dei,
3168 5436 3224 5484 et
3250 5428 3466 5490 fastidio
3494 5416 3695 5493 moria—

2113 5514 2197 5561 tur
2226 5525 2239 5561 :
2272 5508 2487 5562 teutatio
2528 5524 2657 5564 vero
2696 5511 3047 5585 gubernandi,
3077 5522 3298 5577 tentatio
3340 5527 3697 5594 periculorum

2111 5600 2165 5655 in
2195 5601 2425 5672 regenda
2450 5601 2689 5661 Ecclesia
2715 5621 2816 5663 nos
2840 5610 3175 5679 potissimum
3204 5618 3386 5687 tangit.
3421 5620 3526 5675 Sed
3562 5639 3697 5691 quo~

2110 5693 2271 5749 modo
2295 5705 2349 5749 et
2377 5710 2472 5753 vos
2495 5697 2655 5756 alieni
2684 5701 2853 5771 eritis,
2882 5704 2927 5759 si
2956 5712 3063 5761 tota
3092 5709 3238 5763 navis
3270 5711 3700 5778 periclitabitur?

2110 5784 2261 5853 Quod
2284 5785 2406 5843 ideo
2434 5789 2563 5855 dixi,
2589 5808 2656 5848 ne
2685 5793 2741 5848 in
2768 5793 2869 5849 hac
2887 5805 3070 5865 quarta
3099 5796 3406 5867 tentatione,
3444 5812 3697 5877 tanquam

2114 5889 2293 5937 nostra
2337 5884 2549 5953 propria
2592 5885 2705 5957 (ubi
2749 5903 2883 5957 opus
2918 5897 3001 5946 est
3027 5898 3085 5946 ut
3118 5890 3186 5947 ab
3230 5894 3565 5955 orationibus
3593 5918 3696 5961 non
