4188 6450
572 390 712 448 1425
1848 369 1905 429 s.
1947 360 2312 428 AUGUSTINI
2354 371 2658 429 EPlSCOPl
3707 386 3829 448 ηιμ

566 497 861 563 dcsistatis,
893 508 1017 550 nam
1048 505 1144 547 vos
1172 488 1343 560 primo
1372 484 1697 556 naufragatis
1723 486 1765 555 ¹>
1795 526 1810 552 ,
1839 486 2017 540 minus
2046 485 2159 540 sol-

568 595 708 653 liciti
733 594 868 657 sitis,
893 597 950 647 et
976 603 1073 660 pro
1102 584 1256 640 nobis
1283 582 1458 637 minus
1478 580 1664 636 oretis.
1693 578 1832 646 Quid
1856 578 2022 646 enim,
2053 579 2161 633 fra-

567 700 701 755 tres,
729 687 850 759 quia
875 682 942 738 ad
987 679 1174 737 eadem
1201 676 1559 749 gubernacula
1583 690 1691 731 non
1716 672 1936 744 sedetis,
1969 690 2077 731 non
2108 673 2162 729 in

563 785 753 842 eadem
784 778 901 835 navi
938 772 1238 847 navigatis?

642 878 695 934 8.
721 875 847 931 Post
876 871 974 927 bas
1012 877 1242 941 quatuor
1270 864 1609 931 tentationes,
1640 871 1870 935 quatuor
1890 861 2162 918 exclama-

568 972 764 1033 tiones,
794 972 1023 1037 quatuor
1068 959 1432 1027 liberationes,
1480 964 1711 1028 quatuor
1755 955 2161 1011 miserationum

488 1047 495 1079 ί
567 1058 955 1118 dominicarum
982 1052 1365 1116 confessiones,
1393 1049 1716 1121 generaliter
1740 1048 1795 1103 in
1824 1047 1927 1104 hoc
1953 1047 2163 1119 psalmo

566 1158 962 1223 consequenter
986 1148 1099 1219 ipsa
1123 1142 1530 1202 commendatur
1554 1140 1795 1197 Ecclesia
1819 1157 1833 1204 ;
1864 1149 1921 1194 ut
1943 1138 2165 1195 eviden-

565 1248 773 1304 tissime
801 1242 1078 1309 noveritis,
1110 1239 1177 1295 de
1206 1254 1310 1311 qua
1338 1238 1582 1293 Psalmus
1620 1236 1688 1291 ab
1727 1233 1951 1290 exordio
1977 1233 2164 1303 loque«

565 1338 746 1396 batur.
772 1332 1190 1391 Commendatur
1218 1338 1394 1385 autem
1425 1331 1497 1383 ita
1528 1336 1585 1383 ut
1611 1326 1765 1382 nobis
1796 1326 1850 1380 in
1878 1324 2163 1380 omnibusa

567 1435 664 1493 Dei
708 1432 875 1503 gratia
904 1427 1241 1501 praedicetur,
1268 1425 1359 1495 qui
1388 1424 1615 1495 superbis
1655 1422 1862 1489 resistit,
1894 1420 2167 1475 humilibus

569 1539 738 1582 autem
757 1525 845 1578 dat
868 1522 1082 1594 gratiam
1108 1517 1312 1590 (Jacobi
1361 1532 1430 1583 tv,
1457 1517 1512 1587 6)
1544 1533 1557 1571 :
1585 1517 1707 1585 quia
1730 1515 1854 1571 ideo
1879 1514 1971 1569 ille
1994 1513 2161 1580 venit,

567 1628 623 1675 ut
638 1619 723 1691 qui
741 1633 841 1671 non
862 1614 1050 1680 vident,
1080 1612 1303 1679 videant,
1322 1619 1369 1665 et
1387 1610 1472 1681 qui
1493 1608 1681 1673 vident,
1696 1607 1816 1662 casei
1837 1607 1963 1675 ﬁant
1981 1604 2159 1678 (Joan.

567 1729 644 1779 1x,
677 1710 808 1780 32};
840 1708 964 1779 quia
1015 1704 1177 1759 omnis
1205 1703 1352 1757 vallis
1398 1700 1706 1771 implebitur,
1742 1707 1787 1753 et
1828 1698 1990 1752 omnis
2019 1712 2164 1751 mons

568 1813 617 1858 et
642 1802 787 1856 collis
816 1795 1158 1852 humiliabitur
1185 1793 1341 1863 (lsai.
1384 1808 1476 1857 XL,
1510 1791 1587 1861 4).
1616 1791 1733 1859 Quo
1758 1787 2165 1855 commendato,

569 1896 763 1953 dicitur
789 1890 1008 1962 aliquid,
1038 1887 1180 1959 quod
1205 1887 1367 1943 etiam
1394 1886 1462 1940 de
1494 1884 1759 1940 haereticis
1787 1883 2119 1953 intelligatur
2144 1922 2159 1949 ,

569 1988 764 2060 quibus
800 1994 1049 2054 tanquam
1079 1980 1324 2036 civilibus
1362 1976 1519 2032 bellis
1543 1976 1777 2046 quatitur
1805 1975 2045 2030 Ecclesia
2069 1989 2084 2039 ;
2113 1981 2168 2027 et

570 2078 907 2137 concluditur
932 2074 1194 2140 Psnlmus,
1224 2086 1381 2142 quem
1404 2070 1515 2141 jam
1539 2068 1782 2138 exposui,
1815 2066 2028 2122 brevius
2056 2064 2167 2120 for-

572 2182 717 2229 tasse
755 2183 915 2241 quam
941 2163 1223 2237 putabatis.
1252 2161 1384 2216 Nam
1415 2174 1586 2229 usque
1614 2158 1751 2213 adeo
1781 2173 1866 2212 me
1894 2158 2053 2212 istum
2081 2166 2164 2211 to-

568 2276 686 2321 tum
713 2261 975 2334 psalmum
1006 2257 1336 2327 aliquantum
1373 2252 1637 2324 prolixum
1672 2250 1986 2320 exposuisse
2018 2248 2165 2303 arbi-

572 2366 707 2423 tror,
730 2362 787 2410 ut
800 2353 909 2424 jam
923 2349 1160 2406 ofﬁcium
1178 2363 1207 2401 a
1228 2361 1315 2402 me
1335 2360 1441 2401 non
1456 2342 1780 2414 exspectetis
1794 2341 2163 2411 disputatoris,

569 2447 667 2507 sed
684 2460 822 2519 pene
848 2442 1084 2509 lectoris,
1110 2441 1154 2495 si
1174 2438 1365 2494 tenetis
1384 2453 1504 2507 qua:
1528 2435 1659 2491 dixi.
1693 2434 1830 2490 Puto
1853 2433 2016 2499 enim,
2040 2440 2170 2488 sunt

571 2550 696 2597 ante
724 2538 909 2596 oculos
954 2544 1161 2591 vestros
1188 2530 1516 2594 constituta;
1565 2526 1658 2583 sed
1684 2535 1743 2581 ut
1785 2526 1975 2581 melius
2014 2539 2165 2579 com-

568 2631 912 2697 rncndentur,
934 2627 1169 2683 breviter
1188 2624 1537 2695 replicentur.
1568 2620 1746 2675 Prima
1774 2618 1999 2674 tentatio
2018 2633 2167 2673 erro-

569 2729 648 2784 ris
675 2735 729 2783 et
756 2724 911 2784 famis
947 2722 1095 2778 verbi
1121 2738 1135 2787 ;
1168 2716 1401 2775 secunda
1431 2714 1761 2770 difﬁcultatis
1786 2712 2164 2769 vincendarum

568 2816 1123 2889 concupiscentiarum
1148 2830 1163 2879 ;
1196 2810 1351 2867 tertia
1374 2807 1513 2863 taedii
1536 2816 1695 2877 atque
1716 2804 1913 2860 fastidii
1938 2820 1953 2871 ;
1978 2812 2165 2875 quarta

570 2911 903 2984 tempestatis
944 2918 999 2964 et
1022 2905 1380 2979 periculorum
1406 2903 1460 2957 in
1486 2898 1843 2973 gubernandis
1868 2897 2161 2954 Ecclesiis:

570 3009 704 3065 etin
746 3005 829 3061 his
854 3001 1103 3060 omnibus
1143 2996 1579 3062 exclamationes,
1606 3002 1662 3048 et
1700 2991 2070 3057 liberationes,
2111 2997 2168 3045 et

568 3100 974 3159 miserationum
1002 3094 1098 3150 Dei
1128 3090 1514 3148 confessiones.
1546 3086 1629 3142 Ad
1654 3094 1957 3141 extremum
1996 3084 2167 3155 ipsius

568 3192 824 3250 Ecclesiae
853 3190 913 3249 ﬁt
938 3183 1351 3249 commendatio,
1383 3196 1501 3253 quae
1530 3188 1585 3234 et
1604 3178 1752 3234 salva
1794 3175 1929 3233 facta
1956 3185 2040 3232 est
2067 3191 2167 3246 per

566 3286 795 3359 gratiam
825 3281 921 3338 Dei
947 3281 1137 3346 nostri,
1164 3294 1273 3333 non
1304 3291 1399 3347 per
1428 3274 1677 3329 meritum
1705 3286 1859 3327 suum
1886 3286 1901 3324 :
1930 3278 1984 3325 et
2011 3283 2164 3325 com-

568 3386 899 3436 memoratur
924 3374 1260 3429 inimicorum
1306 3366 1523 3423 al‘tlictio
1552 3376 1771 3437 propter
1813 3363 2163 3435 superbiam;

569 3474 765 3546 quibus
792 3468 1085 3533 exstinctis,
1120 3475 1299 3521 erecta
1327 3473 1409 3519 est
1440 3462 1677 3518 Ecclesia
1711 3478 1725 3514 :
1752 3469 1806 3515 et
1831 3469 2053 3531 propter
2083 3458 2164 3512 in-

567 3566 730 3623 sidias
761 3562 1018 3635 quasdam
1061 3557 1445 3615 deminutionis
1471 3556 1538 3611 ab
1577 3554 1865 3621 luerelicis,
1897 3561 1954 3609 et
1994 3552 2161 3607 detri-

566 3667 871 3717 mentorum
923 3649 1316 3725 quodammodo
1365 3648 1812 3713 domesticorum,
1858 3653 1914 3701 et
1962 3659 2029 3701 ex
2076 3643 2163 3699 bis

567 3753 712 3811 circa
737 3747 1032 3807 Ecclesiam
1054 3745 1231 3802 divina
1250 3741 1509 3799 beneﬁcia
1529 3757 1543 3807 ;
1566 3747 1621 3795 et
1646 3737 1844 3793 Psalmi
1865 3736 2159 3805 conclusio.

568 3845 831 3916 Legamus
865 3841 974 3913 jam
1000 3838 1170 3909 magis
1198 3850 1355 3907 quam
1382 3833 1732 3890 disseramus.
1866 3883 1873 3891 ,

639 3940 693 3995 9.
718 3958 737 3990 ι
768 3937 955 3992 Dicant
983 3933 1073 4005 qui
1095 3928 1363 4000 redempti
1391 3935 1515 3983 sunt
1540 3940 1569 3979 a
1594 3924 1840 3991 Domino,
1874 3936 2008 3994 quos
2034 3922 2161 3979 red-

572 4033 704 4090 emit
729 4030 796 4086 de
822 4042 983 4083 manu
1010 4023 1388 4088 inimicorum;
1435 4018 1502 4074 de
1531 4016 1839 4089 regionibus
1871 4029 2165 4085 congrega-

567 4128 645 4183 vit
672 4139 787 4191 eos,
817 4122 885 4177 ab
912 4120 1118 4176 oriente
1144 4125 1197 4173 et
1226 4129 1438 4179 occasu,
1468 4119 1523 4168 et
1566 4110 1816 4182 aquilone
1842 4117 1898 4163 et
1943 4108 2099 4163 mari.
2138 4125 2157 4159 ι

568 4215 855 4277 Christiani
884 4228 1012 4286 ergo
1053 4211 1153 4283 ipsi
1181 4209 1384 4277 dicant,
1425 4205 1493 4262 de
1523 4213 1635 4260 toto
1680 4203 1812 4259 orbe
1857 4202 2159 4258 convocati.

570 4312 881 4367 Erraverunt
936 4307 991 4359 in
1034 4303 1301 4359 solitudine
1330 4343 1345 4369 ,
1404 4300 1458 4353 in
1493 4297 1734 4363 siccitate,
1780 4296 1913 4350 viam
1949 4294 2163 4348 civitatis

570 4403 891 4463 habitationis
916 4417 1020 4457 non
1052 4399 1361 4454 invenerunt.
1388 4394 1639 4451 Errorcm
1665 4389 2025 4446 miserabilem
2062 4404 2163 4443 au-

567 4498 800 4556 divimus
827 4513 841 4550 :
871 4491 997 4564 quid
1021 4490 1090 4546 de
1116 4487 1329 4558 inopia?
1352 4485 1644 4541 Esurientes
1664 4491 1709 4537 et
1730 4480 1968 4546 sitientes,
1988 4480 2162 4534 anima

568 4608 743 4651 eorum
778 4590 833 4645 in
872 4587 995 4660 ipsis
1022 4584 1221 4657 defecit.
1264 4580 1371 4639 Sed
1409 4595 1575 4653 quare
1600 4576 1838 4634 defecit?
1864 4576 1951 4632 cui
1980 4575 2161 4632 bono?

561 4686 683 4745 Non
711 4686 853 4743 enim
876 4678 1103 4738 crudelis
1126 4687 1208 4734 est
1230 4677 1405 4739 Deus;
1438 4673 1531 4731 sed
1559 4688 1617 4729 se
1636 4669 1995 4738 commendat,
2017 4668 2159 4741 quod

562 4779 782 4853 expedit
824 4774 1000 4843 nobis,
1032 4782 1093 4829 ut
1134 4770 1288 4827 nobis
1328 4765 1695 4825 deﬁcientibus
1742 4773 1978 4835 rogetur,
2009 4772 2063 4818 et
2102 4772 2160 4817 ut

562 4873 888 4934 subveniens
926 4876 1150 4925 ametur.
1202 4865 1269 4920 Et
1317 4861 1439 4917 ideo
1483 4868 1605 4931 post
1643 4858 1784 4913 hunc
1837 4871 2075 4912 errorem
2104 4862 2161 4911 et

563 4971 761 5027 famem
789 4975 846 5024 et
868 4963 1029 5031 sitim,
1064 4959 1130 5015 Et
1154 4957 1494 5013 clamauerunt
1514 4951 1581 5005 ad
1602 4950 1899 5017 Dominum,
1929 4965 2044 5003 cum
2066 4948 2159 5002 tri-

564 5064 895 5127 bularentur;
924 5067 971 5113 et
995 5056 1057 5110 de
1085 5047 1457 5109 necessitatibus
1500 5061 1673 5100 eorum
1715 5043 1900 5113 eripuit
1941 5058 2046 5096 eos.
2090 5040 2160 5097 Et

564 5157 690 5230 quid
730 5155 833 5209 illis
878 5148 1146 5224 praestitit,
1176 5145 1299 5217 quia
1328 5139 1620 5200 errabant?
1647 5137 1711 5193 Et
1748 5136 1960 5230 deduxit
1994 5135 2159 5230 eosin

563 5228 700 5306 uiam
724 5257 934 5301 rectam.
960 5243 1111 5298 Viam
1139 5236 1367 5295 civitatis
1391 5231 1734 5290 habitationis
1768 5244 1873 5285 non
1917 5228 2156 5284 invenie—

563 5344 716 5409 bant,
747 5339 888 5396 fame
906 5346 961 5394 et
986 5335 1073 5392 siti
1094 5331 1413 5399 aestuabant,
1437 5338 1492 5385 et
1515 5326 1872 5391 deﬁciebant,
1903 5321 1971 5377 Et
1996 5322 2160 5378 dedu-

524 5426 538 5452 ⁷
563 5439 640 5497 sit
664 5454 747 5495 eos
774 5435 829 5491 in
854 5433 986 5488 viam
1006 5439 1212 5499 rectam,
1235 5437 1292 5482 ut
1314 5427 1441 5482 irent
1462 5425 1514 5480 in
1541 5424 1790 5480 civitatem
1811 5419 2157 5476 habitationis.

631 5626 647 5655 ¹
675 5622 832 5674 verba
851 5612 1510 5683 parenthesicomprebensa
1526 5622 1625 5683 non
1638 5604 1812 5683 omnes
1822 5604 2159 5683 babenti:

574 5693 628 5737 At
647 5672 760 5736 add.
780 5672 909 5743 post,
924 5692 1018 5743 non
1041 5672 1301 5743 desistatis.
1330 5672 1752 5743 prosequebamur
1774 5672 1860 5743 sic,
1874 5680 1981 5743 non
2003 5672 2162 5743 primo

567 5728 993 5811 Es‘iiiﬁayéu},
1006 5728 1068 5795 si
1086 5728 1251 5791 minus
1270 5728 1483 5795 solliciti,
1492 5728 1604 5784 'etc.
1629 5733 1951 5783 Emendantur
1988 5728 2060 5779 ad.
2070 5728 2161 5780 ali-

706 5818 811 5859 MSS.

706 5818 811 5859 Mss.

567 5814 757 5943 st:
790 5900 897 5953 Mss.
927 5898 981 5941 At
1003 5898 1125 5953 Arn.,
1148 5894 1199 5940 ut
1231 5886 1361 5938 nobis
1396 5882 1626 5935 omnibus.
1654 5889 1725 5931 Μ’.
1769 5891 1817 5931 et
1858 5888 1984 5941 Luxu,
2028 5886 2074 5929 ut
2112 5879 2161 5929 in

571 5954 704 6011 nobis
720 5951 951 6007 omnibus.

2274 486 2553 554 Quomodo
2580 487 2890 544 subvenerit
2933 488 3056 543 fami
3101 496 3154 546 et
3182 492 3289 556 siti,
3319 494 3552 552 nondum
3580 498 3718 569 dicit,
3748 507 3831 562 sed

2266 587 2321 633 et
2348 577 2451 634 hoc
2491 587 2816 649 exspectate.
2866 579 3215 652 Conﬁteantur
3258 583 3491 646 Domino.
3522 591 3833 653 miserationes

2272 671 2406 738 eius,
2454 681 2498 726 et
2528 673 2781 727 mirabilia
2825 675 2933 743 ejus
2961 674 3083 743 ﬁliis
3121 676 3401 742 hominum.
3451 680 3621 740 Dicite
3648 692 3833 758 experti

2268 762 2581 835 inexpertis,
2606 765 2717 836 jam
2746 767 2797 821 in
2822 768 2906 822 via
2954 769 3133 839 positi,
3164 771 3274 841 jam
3302 772 3367 829 ad
3408 775 3672 835 civitatem
3702 782 3835 842 inve-

2266 858 2518 913 niendam
2543 859 2753 929 directi,
2783 860 2887 931 iam
2913 862 3146 935 denique
3183 880 3213 919 a
3240 864 3380 924 fame
3408 879 3463 925 et
3491 871 3575 927 siti
3603 872 3794 934 liberati
3822 898 3833 934 :

2274 950 2530 1019 Quoniam
2555 953 2755 1007 satiavit
2783 955 3007 1010 animam
3043 956 3266 1029 inanem,
3308 970 3355 1016 et
3383 962 3606 1019 animam
3633 970 3837 1025 esurien-

2270 1053 2370 1099 tem
2410 1046 2637 1118 implevit
2663 1046 2826 1104 bonis.

2343 1137 2432 1193 10.
2458 1137 2608 1211 [vers.
2634 1139 2843 1215 l0-l7.]
2873 1142 3005 1200 Vive
3033 1158 3163 1217 ergo
3183 1146 3319 1204 bene
3341 1165 3357 1217 ;
3377 1148 3491 1220 jam
3517 1151 3572 1208 in
3596 1153 3676 1210 via
3714 1157 3837 1227 posi-

2271 1238 2359 1285 tus
2384 1246 2461 1295 es,
2486 1232 2594 1302 jam
2641 1234 2835 1291 audisti
2875 1237 3001 1307 quid
3027 1253 3185 1309 agere
3211 1240 3429 1308 debeas,
3462 1245 3588 1316 quid
3624 1264 3835 1319 sperare.

2271 1322 2407 1391 Quid
2434 1324 2577 1379 aliud
2601 1326 2825 1397 excipit,
2848 1330 3099 1398 quoniam
3122 1332 3333 1388 conaris
3359 1342 3416 1389 et
3434 1341 3735 1407 superaris?
3762 1344 3838 1399 Se-

2270 1417 2441 1473 dentes
2482 1419 2536 1472 in
2585 1420 2797 1476 tenebris
2840 1431 2886 1475 et
2932 1423 2986 1477 in
3024 1425 3202 1480 umbra
3247 1429 3444 1495 mortis,
3478 1435 3768 1503 compeditos
3792 1439 3837 1493 in

2270 1510 2589 1565 mendicitate
2614 1522 2662 1568 et
2677 1518 2833 1585 ferro.
2862 1515 3010 1572 Unde
3032 1517 3151 1584 hoc,
3186 1520 3287 1576 nisi
3308 1523 3433 1591 quia
3455 1524 3547 1579 tibi
3572 1528 3836 1599 tribuebas,

2269 1604 2392 1673 quia
2420 1604 2644 1675 gratiam
2672 1606 2765 1662 Dei
2791 1623 2896 1663 non
2928 1612 3275 1681 agnoscebas,
3305 1616 3430 1685 quia
3455 1620 3724 1677 consilium
3751 1623 3838 1679 llo-

2270 1696 2403 1750 mini
2428 1697 2570 1753 circa
2601 1707 2652 1754 te
2686 1700 3046 1769 reprobabas?
3086 1703 3218 1759 Nam
3249 1705 3373 1761 vide
3399 1708 3527 1778 quid
3566 1711 3833 1784 adjungat:

2273 1785 2527 1851 Quoniam
2571 1788 3027 1847 inamaricaverunt
3051 1793 3249 1864 eloquia
3281 1794 3525 1866 Domini;
3555 1817 3645 1870 per
3673 1819 3836 1875 super-

2268 1876 2432 1946 biam,
2455 1878 2716 1949 justitiam
2746 1880 2956 1937 Domini
2988 1886 3310 1954 nescientes,
3342 1896 3399 1943 et
3435 1906 3585 1945 suam
3622 1894 3835 1951 volentes

2270 1973 2597 2028 constituere
2622 1972 2795 2045 (Rom.
2830 1992 2885 2041 x,
2916 1976 2991 2045 3).
3017 1975 3084 2031 Et
3104 1980 3377 2033 comitium
3402 1981 3643 2039 Altissimi
3660 2002 3835 2043 exacer-

2270 2064 2527 2118 baveruut.
2560 2063 2630 2119 Et
2649 2066 2968 2121 humiliatum
2994 2080 3065 2123 est
3098 2072 3152 2125 in
3180 2072 3439 2129 laboribus
3466 2091 3552 2130 cor
3573 2093 3750 2132 eorum.
3779 2080 3833 2136 Et

2270 2172 2412 2211 nunc
2444 2173 2617 2229 pugna
2660 2171 2846 2215 contra
2894 2164 3408 2234 concupiscentiam.
3440 2168 3549 2225 Deo
3576 2168 3835 2228 desistente

2269 2248 2336 2304 ab
2363 2248 2647 2319 adjutorio,
2682 2251 2926 2308 laborare
2963 2265 3135 2324 potes,
3184 2257 3405 2313 vincere
3450 2276 3555 2315 non
3580 2271 3739 2331 potes.
3778 2263 3833 2320 Et

2268 2356 2389 2396 cum
2421 2342 2583 2397 fueris
2617 2358 2833 2413 pressus
2860 2346 3247 2404 consuetudine
3277 2359 3368 2405 tua
3399 2366 3578 2422 prava,
3607 2352 3831 2409 humilia-

2268 2432 2412 2488 bitur
2439 2451 2533 2490 cor
2558 2444 2706 2491 tuum
2731 2436 2785 2491 in
2814 2436 3085 2495 laboribus
3118 2456 3133 2505 ;
3164 2450 3221 2495 ut
3244 2441 3359 2512 jam
3400 2444 3562 2501 corde
3589 2444 3831 2503 humiliato

2267 2526 2444 2583 discas
2464 2529 2695 2585 clamare
2721 2548 2731 2581 :
2768 2548 2787 2582 ι
2820 2530 3002 2587 Ιηΐιιιίχ
3030 2547 3132 2604 ego
3154 2533 3338 2603 homo,
3366 2537 3489 2606 quis
3515 2552 3598 2593 me
3618 2537 3832 2595 liberabit

2268 2620 2335 2676 de
2364 2638 2590 2692 corpore
2615 2624 2802 2678 mortis
2830 2624 3025 2695 hujus?
3051 2625 3405 2684 Humiliatum
3444 2638 3527 2685 est
3554 2648 3572 2682 ι
3602 2645 3719 2701 ergo
3740 2649 3757 2682 ‹
3785 2631 3829 2686 in

2268 2713 2538 2770 laboribus
2566 2731 2660 2771 cor
2684 2731 2906 2783 eorum;
2938 2716 3194 2773 inﬁrmati
3226 2729 3374 2790 sunt,
3398 2736 3499 2777 nec
3524 2720 3619 2776 fuit
3644 2721 3727 2793 qui
3749 2720 3828 2776 ad-

2263 2804 2475 2877 juvarct
2512 2821 2624 2863 eos.
2662 2827 2682 2861 ι
2717 2807 2853 2875 Quid
2895 2823 3023 2879 ergo
3064 2818 3264 2879 restat,
3305 2812 3410 2868 nisi
3454 2828 3614 2884 quare
3660 2811 3828 2868 factum

2266 2901 2391 2955 est?
2424 2918 2443 2952 ι
2481 2899 2537 2955 Si
2564 2900 2707 2955 enim
2734 2900 2858 2956 data
2883 2910 3026 2957 esset
3069 2903 3155 2958 lex
3180 2919 3302 2973 quae
3347 2915 3528 2975 posset
3554 2904 3826 2971 viviﬁcare,

2267 2995 2485 3048 omnino
2505 3010 2573 3049 ex
2599 2993 2739 3064 Lege
2754 3004 2898 3050 esset
2916 2994 3120 3065 justitia
3141 3012 3155 3049 :
3174 2995 3269 3052 sed
3295 2996 3562 3052 conclusit
3586 2996 3825 3065 Scriptura

2266 3083 2447 3139 omnia
2476 3084 2574 3139 sub
2605 3094 2843 3154 peccato,
2878 3094 2937 3139 ut
2965 3085 3247 3154 promissio
3272 3102 3338 3143 ex
3371 3086 3475 3143 ﬁde
3500 3086 3623 3143 Jesu
3661 3084 3827 3141 Christi

2266 3174 2485 3229 daretur
2509 3174 2850 3231 credentibus
2876 3194 2895 3228 ι
2926 3173 3117 3248 (Galat.
3141 3176 3326 3246 Inﬁt,
3364 3177 3479 3249 22).
3517 3196 3535 3230 ι
3560 3177 3664 3233 Lex
3676 3184 3825 3231 autem

2266 3268 2603 3336 subintravit,
2648 3279 2708 3325 ut
2745 3270 3040 3326 abundaret
3076 3271 3333 3327 delictum
3371 3293 3390 3326 ι
3436 3272 3606 3346 (Rom.
3635 3288 3686 3339 v,
3727 3269 3823 3341 20).

2266 3361 2532 3432 Accepisti
2564 3363 2807 3431 verbum,
2842 3364 3093 3433 accepisti
3128 3377 3459 3437 praeceptum
3479 3407 3494 3432 ,
3527 3380 3621 3421 nec
3654 3361 3824 3420 desinis

2266 3456 2442 3512 facere
2462 3455 2605 3527 quod
2635 3456 2770 3511 male
2798 3455 3029 3511 faciebas
3055 3474 3070 3524 ;
3104 3466 3159 3513 et
3182 3468 3412 3531 accepto
3444 3466 3715 3529 praecepto,
3742 3468 3823 3509 au-

2264 3563 2358 3618 ges
2405 3557 2619 3619 peccata
2672 3564 2768 3620 per
2820 3549 3335 3620 praevaricationem.
3386 3549 3658 3621 Superbe,
3704 3546 3745 3608 si
3782 3553 3823 3600 ιθ

2265 3640 2567 3713 ignorabas,
2612 3642 2695 3697 vel
2744 3641 2890 3697 disce
2938 3650 2991 3697 te
3036 3642 3350 3699 humiliatus
3382 3645 3399 3676 ⁸
3442 3660 3456 3697 z
3503 3638 3759 3703 clamabis,
3796 3650 3821 3688 a

2265 3736 2585 3790 necessitate
2601 3734 2911 3790 liberaberis
2931 3752 2946 3802 ;
2975 3734 3232 3790 liberatus
3252 3735 3622 3792 miserationes
3642 3725 3821 3786 Domini

2267 3828 2626 3886 conﬁteberis.
2659 3826 2728 3882 Et
2754 3829 3096 3882 clamauerunt
3125 3829 3195 3883 ad
3216 3827 3514 3894 Dominum,
3544 3840 3650 3879 cum
3683 3821 3818 3875 tribu-

2267 3922 2513 3988 larentur,
2541 3930 2586 3976 et
2615 3921 2678 3975 de
2704 3921 3079 3976 necessitatibus
3096 3936 3270 3975 eorum
3294 3921 3464 3975 salvos
3488 3918 3598 3990 fecit
3623 3930 3714 3970 eos.
3747 3909 3819 3969 Li-

2266 4015 2437 4073 berati
2464 4024 2589 4072 sunt
2626 4015 2693 4072 de
2719 4016 2951 4073 secunda
2974 4015 3287 4084 tentatione,
3335 4022 3503 4073 restat
3532 4010 3662 4068 trcdii
3686 4014 3818 4076 atque

2266 4107 2482 4163 fastidii.
2510 4107 2616 4164 Sed
2637 4108 2812 4180 primo
2828 4108 2954 4180 quid
2980 4108 3095 4164 istis
3114 4108 3365 4179 praestitit
3384 4105 3633 4169 liberatis,
3651 4097 3813 4155 videte.

2272 4220 2291 4254 ‹
2325 4203 2390 4258 Ει
2416 4202 2597 4258 eduxit
2620 4217 2715 4259 eos
2744 4203 2813 4258 de
2839 4203 3073 4260 tenebris
3101 4212 3157 4260 et
3184 4204 3376 4260 umbra
3405 4199 3609 4265 mortis,
3635 4203 3684 4251 et
3716 4190 3815 4245 vin-

2264 4295 2378 4350 cula
2406 4310 2590 4351 eorum
2616 4294 2861 4367 disrupit.
2894 4295 3264 4353 Conﬁteantur
3301 4294 3529 4351 Domino
3550 4282 3815 4345 miseratio.

2264 4404 2362 4443 nes
2392 4388 2528 4460 ejus,
2560 4397 2614 4444 et
2641 4388 2903 4445 mirabilia
2944 4388 3061 4459 ejus
3101 4388 3223 4444 ﬁliis
3254 4388 3548 4445 hominum.
3583 4402 3601 4436 ι
3630 4371 3814 4448 Qum?

2263 4496 2396 4552 quas
2415 4480 2759 4537 difﬁcultates
2779 4480 2947 4537 vicit?
2973 4500 2993 4535 ί
3020 4481 3153 4551 Quia
3174 4482 3429 4538 contrivit
3452 4486 3626 4550 portas
3649 4477 3810 4530 aereas.

2263 4583 2318 4629 et
2363 4581 2542 4629 vectes
2572 4573 2774 4630 ferreos
2816 4575 3099 4646 confregit.
3143 4574 3391 4647 Suscepit
3419 4588 3511 4630 eos
3537 4568 3601 4625 de
3626 4566 3698 4620 via
3726 4557 3810 4647 ἰιιὶτ

2262 4668 2481 4740 quitatis
2497 4683 2680 4723 eorum
2705 4685 2719 4721 :
2744 4677 2958 4739 propter
2974 4668 3259 4739 injustitias
3278 4646 3422 4725 enim
3441 4678 3562 4722 suas
3588 4646 3809 4747 humiliati

2263 4768 2408 4816 sunt.
2450 4777 2469 4812 ι
2504 4760 2636 4829 Quia
2684 4759 2784 4815 sibi
2829 4760 3152 4826 tribuebant,
3200 4776 3305 4816 non
3343 4760 3454 4816 Deo
3487 4773 3500 4810 :
3530 4752 3644 4825 quia
3683 4751 3807 4801 suam

2260 4852 2521 4925 justitiam
2573 4852 3004 4921 constituebant,
3055 4853 3364 4925 ignorantes
3409 4847 3505 4906 Dei
3545 4836 3805 4934 justitiatn.

2264 4944 2529 5001 bumiliati
2572 4954 2716 5001 sunt.
2766 4945 3088 5000 Invenerunt
3134 4959 3194 5000 se
3238 4959 3343 5000 non
3385 4954 3535 5014 posse
3577 4931 3681 4990 sine
3712 4931 3807 4993 ei“s

2261 5039 2551 5112 adjutorio,
2583 5038 2672 5109 qui
2696 5037 2764 5093 de
2792 5037 2900 5093 suis
2932 5037 3060 5091 solis
3088 5036 3290 5091 viribus
3331 5025 3717 5107 praesumebant-

2335 5100 2424 5188 ἦε.
2458 5100 2623 5205 [versi
2671 5128 2891 5203 18-22.]
2934 5127 3042 5187 Sed
3084 5129 3225 5199 quod
3253 5100 3393 5183 aliud
3441 5132 3598 5195 genus
3633 5100 3807 5205 reflaf?

2266 5227 2478 5284 Omnem
2517 5241 2682 5281 escam
2717 5223 3006 5278 abominata
3043 5231 3116 5276 est
3140 5221 3312 5276 anima
3336 5231 3523 5275 eorum.
3548 5199 3805 5299 ἕλιξι-ἰξευ-

2261 5319 2409 5377 dium
2436 5318 2727 5390 patiuntur,
2758 5313 2969 5370 fastidio
2998 5313 3271 5384 languent,
3300 5305 3507 5366 fastidio
3537 5290 3799 5390 periclitati:

2261 5420 2350 5469 tur
2385 5430 2398 5468 :
2430 5378 2531 5466 nisi
2568 5378 2900 5479 forte'putas
2939 5378 3113 5462 occidi
3148 5420 3244 5462 eos
3288 5404 3425 5460 fame
3464 5378 3800 5489 ροιυὶξεςίξί

2262 5522 2370 5564 non
2397 5519 2554 5576 posse
2580 5472 2814 5558 fastidio.
2844 5499 2977 5557 Vide
3005 5498 3131 5571 quid
3156 5506 3426 5571 sequatur,
3453 5500 3566 5546 cum
3586 5472 3795 5576 dixisset:

2267 5568 2482 5657 Omnem
2519 5613 2685 5652 escam
2718 5594 3006 5650 abominata
3044 5601 3119 5648 est
3138 5592 3310 5647 anima
3332 5597 3499 5645 eorum
3519 5595 3536 5642 .‘
3558 5568 3800 5669 lle

2264 5708 2360 5750 eos
2390 5699 2605 5764 putares
2650 5687 2719 5745 de
2748 5687 2996 5743 satietate
3025 5699 3267 5754 securos,
3297 5696 3403 5740 non
3439 5665 3598 5740 magis
3622 5652 3799 5764 videres

2332 5812 2349 5885 ξ

2332 5813 2349 5843 ι
2386 5813 2522 5871 ωας,
2549 5818 2636 5872 per
2658 5813 3103 5870 prmamauonem
3126 5813 3376 5865 superata.
3411 5813 3457 5864 si
3490 5813 3532 5835 ιο
3570 5813 3596 5839 ιι

2264 5876 2339 5927 vel
2373 5870 2509 5926 disce
2541 5875 2604 5934 te,
2630 5864 2906 5922 htnniliatus
2928 5863 3174 5928 etantabis,
3201 5870 3295 5915 etc.
3317 5852 3596 5915 castigantur

2267 5946 2372 5989 MSS.
