4188 6430
411 356 551 415 “9.5

410 474 478 532 de
503 468 727 530 fastidio
757 470 1043 526 morituros
1075 485 1088 522 :
1126 468 1191 522 Et
1215 467 1770 540 appropinquaverunr,
1799 461 2009 533 inquit,

412 582 572 640 usque
599 565 668 619 ad
702 572 877 637 portas
920 561 1113 616 mortis.
1147 559 1284 629 Quid
1308 574 1440 631 ergo
1464 556 1675 614 restat?
1699 554 1771 614 Ut
1795 554 1936 627 quod
1962 561 2017 609 te

414 662 647 718 delectat
676 659 897 715 verbum
943 656 1060 723 Dei,
1107 671 1213 710 non
1259 656 1353 710 tibi
1396 654 1621 718 tribuas,
1670 666 1847 723 neque
1888 649 2019 705 hinc

414 755 593 826 aliqua
623 751 828 808 inﬂeris
854 749 1178 820 arrogantia,
1207 757 1261 804 et
1305 748 1492 803 avidus
1518 745 1643 809 cibi,
1692 744 1746 800 in
1790 758 1885 800 eos
1924 743 2021 814 qui

416 850 633 907 fastidio
658 846 1030 919 periclitantur
1058 844 1287 914 superbe
1306 842 1531 897 insilias.
1564 840 1808 909 lntellige
1851 838 2015 894 etiam

417 942 510 998 tibi
540 940 842 1012 praestitum
865 952 987 992 esse
1013 935 1136 1002 hoc,
1170 951 1274 988 non
1302 950 1333 989 a
1362 943 1413 988 te
1436 933 1528 988 tibi
1550 947 1690 988 esse.
1713 930 1851 1000 Quid
1874 929 2020 985 enim

415 1036 586 1091 habes
614 1031 758 1104 quod
788 1046 893 1085 non
921 1028 1168 1098 accepisti
1201 1025 1242 1100 (1
1273 1025 1481 1094 Comv,
1506 1026 1603 1096 7)?
1632 1023 1747 1080 Hoc
1774 1038 1904 1095 ergo
1934 1023 2021 1077 in-

419 1126 689 1198 telligens,
731 1131 786 1178 et
814 1122 916 1177 hoc
942 1121 1069 1175 vitio
1093 1128 1253 1189 atque
1282 1118 1537 1188 languore
1566 1116 1902 1185 periclitans,
1937 1113 2024 1169 fac

418 1216 566 1290 quod
613 1215 856 1286 sequitur
887 1230 901 1268 :
932 1211 999 1267 Et
1037 1212 1441 1266 exclamaverunt
1470 1208 1538 1262 ad
1565 1208 1862 1273 Dominum,
1907 1221 2025 1260 cum

421 1314 809 1374 tribularentur,
854 1317 901 1362 et
926 1308 989 1361 de
1029 1303 1403 1360 necessitatibus
1442 1320 1615 1357 eorum
1654 1300 1895 1356 liberavit
1918 1316 2022 1354 eos.

423 1406 490 1462 Et
509 1405 631 1476 quia
660 1404 879 1472 languor
897 1407 1013 1454 erat
1034 1414 1140 1453 non
1161 1397 1362 1452 delecta
1372 1396 1415 1450 ri
1436 1413 1448 1449 :
1471 1393 1613 1449 Misit
1630 1394 1833 1447 verbum
1853 1408 2025 1458 suum,

423 1507 471 1552 et
499 1498 698 1551 sanavit
728 1510 830 1547 eos.
858 1490 992 1545 Vide
1021 1489 1147 1560 quid
1179 1488 1305 1542 mali
1336 1486 1530 1541 habeat
1554 1484 1826 1540 fastidium
1853 1499 1867 1549 ;
1902 1482 2026 1537 vide

427 1588 570 1644 unde
620 1586 812 1641 liberat
854 1582 944 1637 ille
968 1622 983 1648 ,
1015 1582 1081 1636 ad
1112 1596 1274 1652 quem
1303 1578 1501 1634 clamat
1548 1576 1845 1631 fastidiens.
1889 1575 2030 1628 Misit

425 1683 635 1737 uerbum
656 1695 825 1746 suum,
848 1687 893 1731 et
921 1675 1115 1730 sanavit
1141 1689 1224 1728 eos
1245 1688 1263 1727 :
1285 1680 1332 1728 et
1357 1671 1541 1741 eripuit
1568 1685 1670 1723 eos.
1705 1667 1892 1724 Unde?
1914 1666 2033 1721 Non

427 1775 498 1830 de
526 1787 732 1834 errore,
762 1784 866 1824 non
894 1768 960 1823 de
989 1766 1148 1831 fame,
1195 1780 1301 1820 non
1344 1763 1411 1819 de
1438 1761 1755 1818 difﬁcultate
1782 1758 2033 1815 vincendi

430 1874 673 1939 peccata,
704 1862 800 1918 sed
822 1863 883 1915 de
909 1860 1194 1929 corruptela
1222 1873 1412 1912 eorum.
1446 1853 1699 1921 Quaedam
1727 1850 2034 1922 corruptela

430 1958 634 2014 mentis
663 1964 765 2021 est,
810 1951 1049 2008 fastidire
1077 1949 1220 2021 quod
1246 1948 1402 2003 dulce
1429 1956 1531 2001 est.
1576 1944 1716 2015 Ergo
1743 1952 1797 1997 et
1836 1942 1903 1997 de
1933 1941 2037 1996 hoc

431 2050 716 2113 beneﬁcio,
748 2049 886 2104 sicut
923 2046 990 2101 dc
1017 2044 1227 2099 cmteris
1250 2038 1637 2110 superioribus,
1686 2035 2036 2105 Con/iteantur

434 2144 661 2199 Domino
696 2140 1037 2194 miserationes
1073 2137 1203 2208 ejus,
1232 2145 1277 2188 et
1302 2131 1553 2187 mirabilia
1583 2132 1692 2202 ejus
1723 2128 1844 2199 ﬁliis
1868 2127 2037 2181 Itami-

433 2254 580 2292 num.
634 2233 699 2288 Et
737 2232 1023 2301 sacriﬁcent
1062 2226 1371 2297 sacri/icium
1411 2223 1598 2278 laudis.
1646 2220 1763 2276 Jam
1808 2219 1950 2274 enim
1982 2226 2042 2273 ut

433 2327 705 2389 laudetur,
738 2323 913 2378 suavis
942 2330 1025 2377 est
1053 2319 1329 2375 Dominus.
1364 2314 1430 2370 Et
1456 2313 1711 2369 enuntient
1747 2328 1901 2382 opera
1930 2310 2042 2381 ejus

432 2423 488 2476 in
533 2418 871 2475 exsultatione
900 2431 917 2468 :
947 2428 1049 2467 non
1089 2426 1210 2467 cum
1256 2407 1435 2475 taedio,
1470 2422 1574 2461 non
1612 2420 1735 2459 cum
1770 2417 2039 2471 mcerore,

434 2530 547 2569 non
579 2527 704 2568 cum
734 2509 1022 2575 anxietate,
1055 2520 1161 2561 non
1188 2488 1309 2560 cum
1340 2502 1573 2569 fastidio,
1601 2499 1695 2557 sed
1724 2499 1776 2553 in
1818 2498 2044 2553 exsulta-

434 2608 599 2660 tione.

514 2696 606 2751 12.
643 2693 793 2768 [υετε.
838 2689 1057 2764 25-51]
1086 2689 1283 2756 Quarta
1310 2686 1399 2741 illa
1425 2692 1615 2750 restat,
1645 2684 1695 2737 in
1726 2697 1829 2752 qua
1858 2695 2046 2735 omnes

433 2788 832 2862 periclitamur.
862 2783 1061 2840 Omnes
1090 2782 1231 2837 enim
1270 2779 1323 2834 in
1368 2778 1487 2850 navi
1533 2792 1717 2831 sumus
1749 2792 1761 2828 :
1792 2775 1879 2828 alii
1909 2788 2042 2843 ope-

430 2891 656 2947 rantur,
687 2879 777 2933 alii
806 2887 1122 2949 portantur;
1152 2873 1311 2928 simul
1341 2881 1519 2926 tamen
1549 2883 1737 2925 omnes
1763 2876 1816 2923 et
1843 2868 1894 2922 in
1923 2876 2048 2921 tem-

429 2983 660 3048 pestate
687 2972 1076 3043 periclitantur,
1104 2977 1159 3023 et
1183 2968 1234 3021 in
1264 2974 1420 3036 portu
1452 2964 1744 3018 salvantur.
1776 2960 1905 3017 Post
1931 2960 2049 3016 huic

428 3067 591 3125 enim
620 3064 796 3119 omnia
824 3062 1085 3131 sequitur,
1122 3059 1219 3127 Qui
1243 3057 1554 3112 descendunt
1580 3070 1718 3108 mare
1738 3053 1789 3106 in
1812 3051 2047 3118 navibus,

430 3163 691 3236 facientes
720 3157 1061 3229 Operationem
1086 3153 1139 3207 in
1161 3152 1305 3223 aquis
1332 3150 1506 3204 multis
1536 3164 1556 3203 :
1587 3148 1636 3201 id
1668 3154 1769 3213 est,
1800 3145 1853 3200 in
1880 3159 2053 3215 popu-

430 3235 513 3310 lis
540 3252 745 3308 multis.
778 3250 957 3319 Aquas
983 3246 1127 3301 enim
1170 3259 1313 3314 saepe
1355 3257 1452 3313 pro
1483 3240 1691 3311 populis
1722 3236 1869 3308 poni,
1900 3235 2051 3292 testis

430 3358 530 3406 est
576 3343 933 3416 Apocalypsis
984 3339 1240 3405 Joannis,
1288 3338 1375 3392 ubi
1432 3336 1767 3404 interrogans
1814 3331 2052 3387 Joannes

431 3438 577 3513 quid
609 3438 711 3491 illm
751 3450 902 3506 aqua:
934 3440 1133 3497 essent,
1165 3443 1482 3499 responsum
1508 3436 1589 3482 est
1617 3425 1687 3489 ei,
1716 3424 1905 3495 Populi
1934 3432 2055 3478 sunt

435 3533 641 3604 (Apoc.
681 3544 812 3594 xvu,
856 3525 966 3597 15).
1015 3525 1115 3594 Qui
1163 3537 1293 3593 ergo
1340 3520 1539 3574 faciunt
1583 3517 1949 3589 operationem
1996 3515 2050 3570 in

437 3626 608 3697 aquis
636 3621 837 3688 multis,
870 3620 968 3691 ipsi
998 3618 1229 3673 viderunt
1255 3630 1411 3685 opera
1456 3610 1683 3677 Domini,
1718 3619 1763 3663 et
1793 3607 2050 3663 mirabilia

440 3723 564 3791 ejus
592 3719 645 3771 in
674 3714 949 3787 profundo.
978 3711 1117 3779 Quid
1144 3710 1286 3767 enim
1318 3706 1631 3779 profundius
1660 3703 1909 3758 cordibus
1949 3702 2048 3756 hu“

443 3810 667 3869 manis?
698 3807 821 3863 Inde
852 3806 1163 3877 plerumque
1193 3800 1333 3855 venti
1365 3805 1672 3867 erumpunt,
1707 3801 2055 3864 tempestates

446 3906 812 3963 seditionum,
846 3910 899 3954 et
929 3896 1321 3953 dissensionum
1369 3906 1557 3946 navem
1603 3888 1936 3959 perturbant.
1981 3885 2049 3939 Et

448 3997 585 4070 quid
613 3995 784 4067 agitur
814 3994 867 4047 in
885 3990 1006 4045 his?
1040 3988 1233 4043 Volens
1267 3986 1406 4039 Deus
1436 3992 1493 4037 ut
1520 3982 1586 4035 ad
1615 3996 1735 4035 eum
1762 3978 2058 4070 clamarent

450 4067 511 4147 et
558 4089 612 4143 hi
659 4086 749 4157 qui
796 4085 1127 4156 gubernant,
1161 4086 1214 4132 et
1260 4076 1313 4130 hi
1360 4073 1447 4144 qui
1481 4078 1781 4142 portantur,
1816 4067 1979 4131 Dixit,
2012 4074 2058 4120 et

452 4180 595 4237 stetit
632 4177 839 4248 spiritus
886 4172 1138 4241 procellae.
1185 4166 1321 4235 Quid
1367 4173 1468 4230 est,
1517 4162 1688 4217 stetit?
1716 4158 2056 4226 Permansit,

458 4272 812 4347 perduravit:
846 4267 1018 4323 adhuc
1064 4264 1260 4327 turbat,
1303 4260 1391 4315 diu
1418 4258 1603 4327 jactat,
1651 4254 1824 4321 sarrit,
1867 4261 2060 4347 etnon

456 4345 679 4424 transit.
706 4362 848 4417 Dixit
876 4362 1038 4423 enim,
1071 4366 1118 4412 et
1143 4356 1275 4411 stetit
1316 4352 1523 4424 spiritus
1552 4348 1802 4421 procellis.
1838 4347 1904 4400 Et
1929 4345 2060 4417 quid

459 4461 573 4531 egit
599 4459 699 4512 iste
724 4454 940 4525 spiritus
962 4447 1247 4520 procella}?
1280 4443 1344 4498 Et
1367 4441 1571 4497 exaltati
1590 4449 1703 4495 sunt
1725 4440 1906 4531 ﬂuctus
1929 4438 2057 4509 ejus.

460 4530 759 4605 Ascendtmt
785 4559 942 4613 usque
966 4542 1033 4595 ad
1063 4539 1233 4598 caelos,
1257 4532 1522 4590 audiendo
1544 4551 1556 4584 :
1575 4530 1880 4585 descendunt
1906 4543 2063 4598 usque

461 4646 516 4700 in
542 4643 769 4713 abyssos,
800 4633 1055 4691 timendo.
1090 4629 1376 4686 Ascendunt
1398 4641 1552 4697 usque
1577 4624 1630 4677 in
1656 4622 1826 4685 cwlos,
1854 4621 2061 4674 descen-

462 4741 595 4794 dunt
642 4750 794 4806 usque
830 4733 883 4785 in
922 4729 1128 4800 ubyssos
1155 4743 1173 4780 :
1202 4723 1328 4778 loris
1376 4735 1589 4791 pugme,
1625 4718 1767 4771 intus
1813 4714 2058 4769 timores.

466 4830 656 4885 Anima
684 4840 854 4881 eorum
880 4824 931 4876 in
956 4819 1103 4874 malis
1139 4816 1438 4871 tabescebat.
1471 4809 1680 4865 Turbati
1724 4815 1857 4872 sunt,
1879 4815 1925 4860 et
1941 4806 2064 4859 moti

464 4931 605 4984 sunt,
634 4920 762 4974 sicut
803 4915 987 4970 ebrius.
1020 4910 1121 4979 Qui
1150 4907 1339 4964 sedent
1367 4904 1433 4960 ad
1460 4900 1844 4975 gubernacula,
1874 4907 1925 4953 ct
1969 4898 2063 4969 qui

466 5013 700 5071 ﬁdeliter
729 5022 916 5064 navem
960 5011 1160 5067 amant,
1206 4999 1437 5055 sentiunt
1469 4993 1608 5067 quod
1654 4994 1773 5048 dico
1804 5010 1817 5045 :
1856 4989 2065 5043 Turbati

465 5116 607 5171 sunt,
637 5113 684 5159 et
700 5102 821 5157 moti
841 5098 1101 5155 suntsicut
1123 5094 1307 5150 ebrius.
1335 5090 1495 5146 Certe
1517 5086 1729 5158 quando
1751 5084 2061 5155 loquuntur,

466 5198 686 5273 quando
712 5196 910 5265 legunt,
950 5188 1163 5262 quando
1190 5191 1440 5246 tractant,
1470 5181 1739 5273 sapientes
1766 5184 2061 5273 apparent:

468 5269 606 5348 vara
655 5283 1006 5355 tempestate!
1040 5280 1106 5334 Et
1135 5277 1317 5340 omnis,
1359 5273 1548 5343 inquit,
1596 5269 1844 5340 sapientia
1893 5282 2067 5320 eorum

467 5385 713 5453 absorpta
731 5386 825 5432 est.
857 5371 1151 5444 Aliquando
1178 5368 1433 5423 deﬁciunt
1472 5362 1649 5416 omnia
1677 5361 1908 5414 humana
1937 5372 2068 5412 con-

468 5450 635 5530 siliai
676 5480 1009 5541 quacumque
1056 5478 1114 5518 se
1170 5461 1393 5531 quisque
1452 5453 1811 5517 converterit,
1876 5450 2067 5504 ﬂuctus

471 5566 731 5627 fremunt,
762 5566 1053 5629 tempestas
1072 5554 1243 5619 saevit,
1274 5548 1491 5606 brachia
1516 5545 1801 5611 deﬁciunt;
1826 5557 1930 5613 quo
1953 5557 2067 5611 pro-

469 5677 532 5718 ra
560 5659 908 5729 impingatur,
939 5650 1025 5707 cui
1068 5646 1251 5703 ﬂuctui
1294 5647 1431 5699 latus
1473 5639 1725 5705 nudetur,
1770 5634 2067 5729 qqunavis

471 5727 707 5825 impulsa
731 5748 1046 5808 dimittatur,
1078 5758 1108 5797 a
1130 5741 1319 5812 quibus
1344 5735 1488 5792 saxis
1517 5748 1583 5788 ne
1609 5727 2065 5825 pereatrefrene-

471 5821 585 5909 tur,
619 5841 841 5898 omnino
867 5852 897 5893 a
926 5832 1225 5892 rectoribus
1252 5845 1355 5884 non
1383 5826 1611 5882 videtur.
1642 5822 1709 5878 Et
1730 5821 1853 5892 quid
1874 5825 2063 5884 restat,

1530 344 1930 401 ENARBATIO
1972 343 2037 398 IN
2077 344 2395 404 PSAIAIUM
2434 351 2568 409 CVI.

3579 358 3719 415 “’26

2122 466 2224 522 nisi
2243 470 2385 539 quod
2408 472 2693 542 sequitur?
2727 492 2745 528 ι
2775 474 2843 532 Ει
2863 476 3297 543 exclamaverunt
3316 478 3385 535 ad
3403 478 3713 549 Dominum,

2123 575 2245 616 cum
2272 563 2675 634 tribularentur,
2707 568 2853 625 etde
2877 570 3292 627 necessitatibus
3318 586 3505 628 eorum
3531 570 3721 629 eduxit

2125 668 2241 709 eos.
2270 655 2336 710 Et
2365 656 2645 727 imperavit
2674 660 3027 731 procellaz,.et
3050 664 3199 719 stetit
3226 663 3283 719 in
3307 679 3515 720 auram.
3547 685 3567 719 ι
3600 665 3722 725 Non

2126 751 2273 807 stetit
2301 752 2354 806 in
2385 759 2777 823 tempestatem,
2806 756 2901 812 sed
2930 757 2983 811 in
3008 774 3205 813 auram.
3243 757 3307 813 Et
3330 758 3581 815 siluerunt
3611 762 3723 831 ﬂu-

2126 853 2236 899 ctus
2279 848 2407 912 eius.
2440 846 2633 903 Audite
2661 849 2729 904 de
2765 850 2863 905 hac
2893 864 2952 905 re
2980 865 3165 907 vocem
3210 851 3487 921 cujusdam
3517 852 3725 925 guber-

2128 941 2332 997 natoris
2373 941 2680 1012 periclitati,
2730 942 3017 1013 humiliati,
3047 944 3253 1002 liberati
3290 964 3303 1000 :
3341 964 3360 998 ι
3396 944 3532 1002 Nolo
3560 964 3607 1011 ι,
3634 946 3723 1002 in-

2129 1035 2267 1106 quit,
2302 1055 2321 1089 t
2356 1052 2451 1092 vos
2475 1039 2741 1110 ignorare,
2770 1039 2983 1108 fratres,
3007 1039 3074 1096 de
3100 1055 3349 1111 pressura
3376 1050 3581 1109 nostra,
3604 1056 3725 1113 qua:

2131 1126 2268 1185 facta
2295 1139 2381 1187 est
2419 1132 2471 1187 in
2498 1133 2644 1202 Asia,
2689 1135 2811 1205 quia
2842 1148 3003 1205 supra
3031 1136 3174 1192 vires
3197 1136 3400 1207 gravati
3429 1150 3635 1204 sumus,
3667 1144 3727 1193 et

2132 1239 2293 1294 supra
2320 1225 2560 1293 modum,
2599 1246 2618 1280 ι
2654 1227 2834 1299 (video
2877 1243 3092 1285 omnem
3138 1230 3457 1300 sapientiam
3484 1232 3601 1301 ejus
3626 1230 3725 1286 ab-

2134 1320 2423 1390 sorptam)t
2449 1319 2519 1375 ita
2543 1330 2601 1375 ut
2624 1308 2847 1378 taederet
2869 1337 2990 1389 nos,
3024 1342 3044 1375 ι
3067 1322 3463 1393 inquit,tetiam
3485 1322 3723 1379 viverea

2135 1411 2204 1466 Et
2231 1411 2403 1482 quid?
2434 1412 2524 1468 ille
2552 1414 2623 1468 ita
2653 1411 2964 1471 deﬁcientes
2990 1414 3313 1471 desereret?
3341 1425 3435 1471 aut
3460 1431 3566 1472 non
3598 1430 3727 1488 pro-

2138 1513 2319 1574 pterea
2349 1505 2425 1559 illi
2445 1505 2776 1571 defecerunt,
2806 1518 2863 1562 ut
2884 1506 2972 1563 ille
2996 1507 3135 1578 apud
3155 1522 3251 1564 eos
3270 1509 3497 1579 gloriam
3524 1510 3730 1581 reperi-

2140 1597 2259 1653 ret?
2288 1597 2529 1669 Denique
2557 1598 2681 1669 quid
2711 1601 2993 1670 sequitur?
3029 1618 3047 1653 t
3085 1600 3192 1657 Sed
3222 1601 3323 1673 ipsi
3354 1603 3406 1658 in
3436 1603 3734 1660 nobismet-

2140 1690 2268 1759 ipsis
2311 1704 2628 1761 responsum
2655 1692 2845 1747 mortis
2871 1692 3176 1761 habuimus,
3205 1704 3264 1750 ut
3287 1709 3394 1751 non
3423 1695 3646 1753 ﬁdentes
3677 1699 3734 1754 in

2142 1782 2296 1838 nobis
2312 1784 2500 1851 simus,
2527 1777 2621 1839 sea
2650 1785 2703 1839 in
2719 1785 2828 1841 Deo
2843 1785 2934 1855 qui
2959 1786 3183 1842 suscitat
3211 1795 3452 1844 mortuos
3473 1806 3491 1841 ι
3515 1788 3580 1861 (ll
3611 1789 3732 1845 Cor.

2143 1892 2181 1943 ι,
2210 1875 2264 1943 8,
2295 1874 2371 1947 9).
2400 1895 2419 1929 ι
2449 1876 2519 1932 Ει
2544 1877 2827 1948 imperavit
2857 1879 3126 1949 procellas,
3157 1888 3212 1935 et
3241 1881 3387 1936 stetit
3407 1881 3463 1936 in
3490 1897 3731 1940 auram.»

2142 1966 2260 2022 iam
2288 1968 2367 2023 illi
2394 1969 2463 2024 de
2488 1984 2547 2025 se
2574 1970 2716 2041 apud
2754 1985 2814 2027 se
2842 1986 3159 2042 responsum
3184 1974 3376 2029 mortis
3399 1973 3699 2033 habuerant
3717 2018 3735 2043 ,

2144 2075 2373 2130 quorum
2401 2061 2579 2117 omnis
2603 2062 2860 2133 sapientia
2890 2066 3138 2135 absorpta
3166 2074 3301 2121 erat.
3333 2084 3354 2119 ι
3383 2066 3450 2121 Ει
3478 2069 3742 2125 siluerunt

2146 2151 2339 2208 ﬂuctus
2364 2153 2502 2222 ejus.
2553 2152 2623 2208 Et
2644 2153 2923 2225 jucundati
2966 2164 3112 2223 sunt,
3145 2158 3399 2226 quoniam
3430 2158 3693 2214 siluerunt
3723 2178 3740 2214 :

2146 2256 2202 2304 et
2230 2247 2453 2304 deduxit
2480 2262 2575 2305 eos
2621 2248 2677 2303 in
2721 2257 2932 2319 portum
2985 2250 3278 2307 voluntatis
3323 2265 3530 2307 eorum.
3561 2251 3743 2308 Conli-

2148 2350 2363 2398 teantur
2389 2342 2616 2397 Domino
2642 2341 3013 2399 miserationes
3039 2342 3176 2413 ejus.
3210 2363 3228 2396 ι
3259 2342 3470 2414 Ubique
3499 2345 3740 2411 omnino,

2149 2433 2347 2505 ubique
2376 2434 2713 2503 conﬁteantur
2754 2432 2996 2501 Domina,
3042 2448 3147 2489 non
3178 2435 3366 2490 merita
3395 2444 3601 2504 nostra,
3634 2451 3744 2493 non

2151 2529 2294 2584 vires
2332 2537 2552 2593 nostrae,
2586 2542 2695 2583 non
2732 2528 2991 2598 sapientia
3036 2537 3238 2594 nostra,
3284 2528 3378 2585 sed
3404 2530 3746 2586 miserationes

2151 2620 2282 2691 ejus.
2315 2619 2409 2675 llle
2452 2628 2662 2675 ametur
2688 2620 2740 2675 in
2775 2620 2920 2675 omni
2963 2628 3143 2676 nostra
3185 2620 3521 2688 liberatione,
3548 2622 3749 2693 quiest

2152 2712 2431 2768 invocatus
2478 2713 2533 2767 in
2574 2713 2719 2767 omni
2766 2721 2947 2768 nostra
2992 2712 3352 2769 tribulatione.
3400 2713 3749 2784 Conﬁteantur

2152 2802 2376 2860 Domino
2404 2804 2747 2859 miserationes
2772 2806 2902 2876 ejus,
2934 2815 2981 2859 et
3010 2804 3263 2859 mirabilia
3289 2807 3401 2877 ejus
3429 2805 3551 2876 ﬁliis
3577 2806 3746 2860 homi-

2155 2915 2298 2954 num.

2229 2992 2317 3047 15.
2362 2990 2531 3064 [vers.
2578 2988 2813 3063 32-38.]
2862 2989 2929 3044 Et
2982 2989 3155 3045 videte
3208 2989 3347 3047 unde
3380 2989 3560 3054 dicat,
3608 2991 3754 3046 unde

2157 3086 2335 3140 omnia
2356 3085 2457 3141 ista
2486 3084 2805 3155 praelocutus
2826 3085 2915 3149 sit,
2953 3082 3095 3139 unde
3125 3084 3303 3139 omnia
3328 3083 3443 3140 haec
3464 3099 3751 3140 enumera-

2160 3181 2316 3246 verit,
2348 3179 2439 3234 ubi
2463 3189 2687 3249 agantur
2714 3175 2847 3233 haec.
2877 3196 2897 3231 ι
2930 3178 2996 3232 Ει
3021 3177 3255 3233 exaltent
3306 3193 3428 3233 eum
3473 3180 3526 3234 in
3563 3178 3754 3235 Eccle-

2158 3273 2236 3327 sia
2280 3270 2501 3342 populi,
2553 3279 2608 3325 et
2645 3270 2698 3325 in
2727 3270 2980 3326 cathedra
3024 3272 3295 3327 seniorum
3338 3272 3554 3328 laudent
3599 3288 3749 3329 eum.

2161 3364 2231 3420 Et
2273 3364 2508 3421 exaltent
2546 3379 2703 3429 eum,
2739 3381 2759 3415 ι
2808 3363 2911 3418 hoc
2959 3372 3074 3430 est,
3130 3382 3148 3416 ι
3180 3363 3399 3420 laudent
3420 3381 3588 3421 eum:
3630 3385 3650 3418 ι
3700 3376 3758 3423 et

2162 3458 2380 3514 laudent
2407 3473 2563 3525 eum,
2596 3477 2616 3511 ι
2668 3456 2773 3513 hoc
2798 3466 2883 3513 est
2902 3500 2917 3524 ,
2947 3476 2965 3509 ι
2993 3457 3227 3513 exaltant
3252 3473 3396 3514 eum.
3427 3478 3448 3511 ι
3477 3458 3755 3528 Exaltent,

2162 3552 2378 3609 laudent
2406 3552 2583 3622 populi
2609 3559 2663 3606 et
2685 3550 2925 3608 seniores
2949 3592 2963 3616 ,
2992 3551 3352 3622 negotiatores
3402 3560 3458 3607 et
3482 3550 3755 3623 guberna-

2163 3657 2326 3704 tores.
2359 3646 2494 3716 Quid
2526 3646 2667 3702 enim
2713 3646 2837 3702 fecit
2866 3647 2917 3700 in
2963 3645 3063 3702 hac
3091 3646 3368 3702 Ecclesia?
3394 3646 3518 3717 quid
3548 3649 3757 3703 consti-

2161 3742 2300 3796 tuit?
2325 3741 2464 3797 unde
2500 3740 2645 3795 illam
2676 3739 2857 3795 eruit?
2895 3739 3021 3810 quid
3073 3740 3122 3794 ei
3168 3739 3450 3809 praestitit?
3490 3739 3760 3807 Quemad-

2161 3836 2380 3892 modum
2435 3832 2679 3904 superbis
2724 3833 2954 3899 restitit,
3014 3831 3301 3886 humilibus
3348 3831 3569 3902 gratiam
3608 3831 3760 3888 dedit

2165 3927 2383 3999 (Jacobi
2410 3943 2480 3991 tv,
2514 3926 2584 3995 6)
2622 3943 2636 3979 :
2668 3925 2952 3994 superbis,
2982 3924 3185 3979 scilicet
3230 3924 3403 3993 primo
3432 3923 3629 3993 pOpulo
3657 3924 3757 3979 Ju-

2163 4020 2422 4085 dteorum,
2445 4017 2715 4087 arroganti
2736 4025 2790 4073 et
2818 4016 3091 4072 extollenti
3112 4030 3171 4071 se
3196 4015 3264 4071 de
3286 4029 3482 4086 genere
3501 4015 3756 4083 Abrahze,

2166 4120 2220 4167 et
2236 4111 2374 4181 quod
2398 4110 2471 4165 illi
2488 4110 2631 4181 genti
2653 4109 2761 4163 sint
2780 4108 2982 4163 credita
3007 4107 3215 4178 eloquia
3243 4107 3336 4162 Dei
3363 4106 3541 4178 (Rom.
3566 4123 3645 4174 tu,
3669 4107 3757 4181 2).

2165 4208 2283 4263 Non
2308 4208 2387 4263 eis
2414 4206 2529 4261 haec
2555 4203 2804 4259 valebant
2827 4202 2893 4257 ad
2913 4202 3193 4257 sanitatem
3215 4242 3228 4266 ,
3262 4200 3357 4255 sed
3381 4200 3449 4256 ad
3473 4200 3760 4257 exaltatio-

2168 4316 2289 4357 nem
2309 4298 2488 4355 cordis
2512 4341 2527 4365 ,
2558 4297 2626 4351 ad
2658 4306 2918 4352 tumorem
2962 4294 3135 4365 potius
3158 4308 3315 4365 quam
3344 4292 3412 4349 ad
3440 4293 3763 4365 magnitudi-

2168 4409 2311 4451 nem.
2341 4391 2478 4462 Quid
2501 4405 2627 4461 ergo
2655 4388 2777 4445 fecit
2797 4389 2958 4455 Deus,
2989 4386 3233 4458 superbis
3271 4386 3548 4455 resistens,
3586 4386 3764 4444 humi-

2170 4487 2310 4542 libus
2336 4484 2470 4540 dans
2495 4484 2756 4556 gratiam;
2782 4496 2964 4536 ramos
3009 4481 3279 4536 naturales
3324 4491 3540 4552 propter
3568 4495 3763 4551 super-

2171 4581 2312 4635 biam
2383 4587 2663 4648 amputans
2694 4617 2709 4644 ,
2762 4574 3053 4630 oleastrum
3128 4580 3346 4644 propter
3408 4573 3765 4630 humilitatem

2173 4677 2414 4730 inserens
2444 4673 2463 4746 (
2492 4671 2579 4725 1d.
2618 4687 2669 4725 xi
2694 4710 2709 4737 ,
2742 4668 2910 4725 17-24
2937 4668 2995 4740 )?
3021 4667 3148 4739 quid
3185 4665 3316 4723 fecit
3361 4667 3539 4722 Deus?
3568 4666 3766 4724 Audite
3835 4707 3849 4719 .

2171 4768 2286 4822 haec
2323 4766 2467 4821 duo:
2502 4765 2643 4819 Deus
2663 4762 2838 4833 primo
2863 4759 3308 4831 quemadmodum
3351 4757 3596 4828 superbis
3630 4762 3766 4814 resi-

2173 4868 2297 4925 stat,
2344 4857 2538 4913 deinde
2562 4851 3011 4926 quemadmodum
3044 4849 3329 4905 humilibus
3378 4848 3469 4904 det
3509 4849 3763 4919 gratiam.

2174 4952 2353 5008 Posuit
2399 4950 2613 5022 ﬂumina
2662 4949 2718 5001 in
2780 4946 3051 5001 desertum.
3099 4940 3399 4998 Currebam
3450 4940 3519 4994 ibi
3565 4955 3720 5011 aqua:
3745 4983 3763 5007 ,

2172 5045 2459 5101 currebant
2502 5039 2796 5114 prophetiae
2844 5056 2857 5093 :
2908 5051 3089 5108 quaere
3140 5033 3301 5089 modo
3352 5033 3492 5104 apud
3543 5032 3764 5091 Judznos

2172 5137 2488 5212 pr0phetam
2520 5177 2536 5203 ,
2568 5147 2675 5189 non
2702 5130 2927 5187 invenis.
2979 5145 3000 5180 ι
3035 5127 3217 5183 Posuit
3246 5145 3267 5178 ι
3298 5124 3441 5180 enim
3473 5144 3492 5179 ι
3545 5123 3765 5182 ﬁumina
3814 5202 3819 5207 ν

2181 5251 2198 5285 t
2238 5235 2290 5287 in
2316 5231 2606 5294 desertum,
2636 5234 2690 5281 et
2708 5223 2883 5280 exitus
2902 5233 3159 5291 aquarum
3186 5219 3237 5273 in
3258 5217 3423 5273 sitim.
3457 5217 3643 5274 Posuit
3667 5217 3795 5274 llu-’

2181 5346 2200 5379 ι
2238 5327 2381 5382 mina
2428 5324 2482 5377 in
2511 5322 2800 5376 desertum.
2839 5334 2859 5368 ι
2892 5313 3079 5369 Dicant
3110 5352 3124 5376 ,
3164 5330 3184 5365 ι
3215 5308 3332 5366 Jam
3378 5326 3485 5366 non
3522 5321 3606 5367 est
3636 5324 3764 5379 pro—
3804 5367 3810 5383 ρ

2183 5437 2202 5472 r
2232 5417 2413 5488 pheta,
2433 5423 2487 5470 et
2505 5426 2606 5467 nos
2622 5425 2727 5465 non
2748 5413 3037 5479 cognoscet
3054 5404 3228 5460 adhuc
3252 5402 3454 5476 )(Psal.
3474 5418 3540 5459 ιχ
3549 5417 3660 5467 xm,
3678 5401 3763 5473 9).

2183 5530 2201 5563 ‹
2238 5509 2421 5566 Posuit
2459 5504 2676 5561 ﬁumina
2712 5502 2765 5557 in
2807 5500 3106 5566 desertum,
3140 5505 3196 5553 et
3218 5497 3391 5553 exitus
3418 5508 3676 5566 aquarum
3703 5495 3762 5549 in

2184 5624 2203 5658 ι
2238 5602 2415 5665 sitim,
2454 5608 2650 5654 terram
2676 5592 3009 5651 l'ructiferam
3052 5591 3353 5647 insanitas.
3389 5606 3411 5641 ι
3445 5585 3651 5653 Quaeris
3689 5585 3766 5641 ibi
3814 5589 3819 5665 ς

2180 5694 2337 5751 Iidem
2364 5690 2583 5760 Christi,
2634 5704 2738 5746 non
2770 5688 3009 5753 invenis;
3038 5682 3233 5757 quaeris
3271 5677 3586 5750 prophetam
3608 5719 3623 5744 ,
3653 5693 3765 5734 non
3808 5670 3816 5745 ξ

2184 5790 2424 5857 invenis;
2453 5786 2649 5861 quatis
2699 5783 3032 5841 sacerdotem
3061 5822 3077 5849 ,
3123 5791 3229 5833 non
3280 5774 3517 5842 invenis,
3569 5772 3768 5846 quaeris
