  <div class='ocr_page' id='page_1' title='image "/cluster/home/n/w/nwhite01/storage/ocr_20150623/37/uva.x000827106/211.png"; bbox 0 0 4188 6444; ppageno 0'>
   <div class='ocr_carea' id='block_1_1' title="bbox 574 379 708 435">
    <p class='ocr_par' dir='ltr' id='par_1_1' title="bbox 574 379 708 435">
     <span class='ocr_line' id='line_1_1' title="bbox 574 379 708 435; baseline -0.015 0"><span class='ocrx_word' id='word_1_1' title='bbox 574 381 596 435; x_wconf 87' lang='grc'><strong>1</strong></span> <span class='ocrx_word' id='word_1_2' title='bbox 610 379 708 435; x_wconf 58' lang='grc' dir='ltr'><strong>ΗΠ</strong></span> 
     </span>
    </p>
   </div>
   <div class='ocr_carea' id='block_1_2' title="bbox 574 494 2155 566">
    <p class='ocr_par' dir='ltr' id='par_1_2' title="bbox 574 494 2155 566">
     <span class='ocr_line' id='line_1_2' title="bbox 574 494 2155 566; baseline -0.002 -14"><span class='ocrx_word' id='word_1_3' title='bbox 574 494 892 552; x_wconf 79' lang='lat' dir='ltr'><strong>sacriﬁcium</strong></span> <span class='ocrx_word' id='word_1_4' title='bbox 923 540 937 565; x_wconf 88' lang='lat'><strong>,</strong></span> <span class='ocrx_word' id='word_1_5' title='bbox 971 510 1073 551; x_wconf 88' lang='lat' dir='ltr'><strong>non</strong></span> <span class='ocrx_word' id='word_1_6' title='bbox 1105 494 1342 559; x_wconf 79' lang='lat' dir='ltr'><strong>iuvenis;</strong></span> <span class='ocrx_word' id='word_1_7' title='bbox 1377 496 1571 566; x_wconf 73' lang='lat' dir='ltr'><strong>qumris</strong></span> <span class='ocrx_word' id='word_1_8' title='bbox 1602 494 1855 566; x_wconf 85' lang='lat' dir='ltr'><strong>templum</strong></span> <span class='ocrx_word' id='word_1_9' title='bbox 1884 538 1897 561; x_wconf 91' lang='lat'><strong>,</strong></span> <span class='ocrx_word' id='word_1_10' title='bbox 1940 508 2045 550; x_wconf 88' lang='lat' dir='ltr'><strong>non</strong></span> <span class='ocrx_word' id='word_1_11' title='bbox 2075 496 2155 549; x_wconf 92' lang='lat' dir='ltr'><strong>in-</strong></span> 
     </span>
    </p>
   </div>
   <div class='ocr_carea' id='block_1_3' title="bbox 576 582 2159 658">
    <p class='ocr_par' dir='ltr' id='par_1_3' title="bbox 576 582 2159 658">
     <span class='ocr_line' id='line_1_3' title="bbox 576 582 2159 658; baseline -0.001 -13"><span class='ocrx_word' id='word_1_12' title='bbox 576 592 743 647; x_wconf 80' lang='lat' dir='ltr'><strong>venis.</strong></span> <span class='ocrx_word' id='word_1_13' title='bbox 792 590 966 658; x_wconf 77' lang='lat' dir='ltr'><strong>Qua‘re</strong></span> <span class='ocrx_word' id='word_1_14' title='bbox 994 589 1132 645; x_wconf 86' lang='lat' dir='ltr'><strong>hoc?</strong></span> <span class='ocrx_word' id='word_1_15' title='bbox 1161 587 1289 656; x_wconf 83' lang='lat' dir='ltr'><strong>Quia</strong></span> <span class='ocrx_word' id='word_1_16' title='bbox 1312 632 1327 657; x_wconf 93' lang='lat'><strong>,</strong></span> <span class='ocrx_word' id='word_1_17' title='bbox 1364 607 1381 641; x_wconf 78' lang='grc' dir='ltr'>ι</span> <span class='ocrx_word' id='word_1_18' title='bbox 1410 584 1597 644; x_wconf 77' lang='lat' dir='ltr'><strong>&#39;Posuit</strong></span> <span class='ocrx_word' id='word_1_19' title='bbox 1646 582 1863 644; x_wconf 76' lang='lat' dir='ltr'><strong>flumina</strong></span> <span class='ocrx_word' id='word_1_20' title='bbox 1893 591 1946 643; x_wconf 84' lang='lat' dir='ltr'><strong>i‘u</strong></span> <span class='ocrx_word' id='word_1_21' title='bbox 1975 588 2159 644; x_wconf 85' lang='lat' dir='ltr'><strong>descr-</strong></span> 
     </span>
    </p>
   </div>
   <div class='ocr_carea' id='block_1_4' title="bbox 579 682 2159 751">
    <p class='ocr_par' dir='ltr' id='par_1_4' title="bbox 579 682 2159 751">
     <span class='ocr_line' id='line_1_4' title="bbox 579 682 2159 751; baseline 0.001 -15"><span class='ocrx_word' id='word_1_22' title='bbox 579 701 598 736; x_wconf 72' lang='lat' dir='ltr'><strong>t</strong></span> <span class='ocrx_word' id='word_1_23' title='bbox 634 693 765 751; x_wconf 88' lang='lat' dir='ltr'><strong>tum,</strong></span> <span class='ocrx_word' id='word_1_24' title='bbox 785 694 837 738; x_wconf 91' lang='lat' dir='ltr'><strong>et</strong></span> <span class='ocrx_word' id='word_1_25' title='bbox 864 684 1033 738; x_wconf 82' lang='lat' dir='ltr'><strong>exitus</strong></span> <span class='ocrx_word' id='word_1_26' title='bbox 1058 697 1311 751; x_wconf 86' lang='lat' dir='ltr'><strong>aquarum</strong></span> <span class='ocrx_word' id='word_1_27' title='bbox 1337 683 1387 736; x_wconf 91' lang='lat' dir='ltr'><strong>in</strong></span> <span class='ocrx_word' id='word_1_28' title='bbox 1416 682 1593 747; x_wconf 88' lang='lat' dir='ltr'><strong>sitim;</strong></span> <span class='ocrx_word' id='word_1_29' title='bbox 1617 693 1815 737; x_wconf 88' lang='lat' dir='ltr'><strong>terram</strong></span> <span class='ocrx_word' id='word_1_30' title='bbox 1828 682 2159 737; x_wconf 77' lang='lat' dir='ltr'><strong>&#39;lrucm&#39;eram</strong></span> 
     </span>
    </p>
   </div>
   <div class='ocr_carea' id='block_1_5' title="bbox 580 771 2157 843">
    <p class='ocr_par' dir='ltr' id='par_1_5' title="bbox 580 771 2157 843">
     <span class='ocr_line' id='line_1_5' title="bbox 580 771 2157 843; baseline 0.003 -18"><span class='ocrx_word' id='word_1_31' title='bbox 580 794 599 825; x_wconf 73' lang='grc' dir='ltr'>ι</span> <span class='ocrx_word' id='word_1_32' title='bbox 640 776 690 829; x_wconf 87' lang='lat' dir='ltr'><strong>in</strong></span> <span class='ocrx_word' id='word_1_33' title='bbox 723 772 936 829; x_wconf 82' lang='lat' dir='ltr'><strong>salinas.</strong></span> <span class='ocrx_word' id='word_1_34' title='bbox 975 792 994 826; x_wconf 77' lang='lat' dir='ltr'><strong>t</strong></span> <span class='ocrx_word' id='word_1_35' title='bbox 1024 771 1177 829; x_wconf 88' lang='lat' dir='ltr'><strong>Unde</strong></span> <span class='ocrx_word' id='word_1_36' title='bbox 1202 814 1217 839; x_wconf 95' lang='lat'><strong>,</strong></span> <span class='ocrx_word' id='word_1_37' title='bbox 1250 783 1354 843; x_wconf 88' lang='lat' dir='ltr'><strong>quo</strong></span> <span class='ocrx_word' id='word_1_38' title='bbox 1384 772 1618 828; x_wconf 85' lang='lat' dir='ltr'><strong>merito?</strong></span> <span class='ocrx_word' id='word_1_39' title='bbox 1648 793 1667 826; x_wconf 71' lang='grc' dir='ltr'>ι</span> <span class='ocrx_word' id='word_1_40' title='bbox 1702 775 1747 828; x_wconf 81' lang='grc' dir='ltr'><strong>Δ</strong></span> <span class='ocrx_word' id='word_1_41' title='bbox 1770 774 1970 829; x_wconf 82' lang='lat' dir='ltr'><strong>malitia</strong></span> <span class='ocrx_word' id='word_1_42' title='bbox 2002 773 2157 829; x_wconf 87' lang='lat' dir='ltr'><strong>inha-</strong></span> 
     </span>
    </p>
   </div>
   <div class='ocr_carea' id='block_1_6' title="bbox 576 864 2154 936">
    <p class='ocr_par' dir='ltr' id='par_1_6' title="bbox 576 864 2154 936">
     <span class='ocr_line' id='line_1_6' title="bbox 576 864 2154 936; baseline 0.001 -18"><span class='ocrx_word' id='word_1_43' title='bbox 576 885 596 918; x_wconf 86' lang='grc'><strong><em>‹</em></strong></span> <span class='ocrx_word' id='word_1_44' title='bbox 634 864 912 921; x_wconf 90' lang='lat' dir='ltr'><strong>bitantium</strong></span> <span class='ocrx_word' id='word_1_45' title='bbox 946 865 999 918; x_wconf 92' lang='lat' dir='ltr'><strong>in</strong></span> <span class='ocrx_word' id='word_1_46' title='bbox 1019 880 1101 919; x_wconf 89' lang='lat' dir='ltr'><strong>ea.</strong></span> <span class='ocrx_word' id='word_1_47' title='bbox 1134 883 1153 917; x_wconf 69' lang='grc' dir='ltr'>ι</span> <span class='ocrx_word' id='word_1_48' title='bbox 1185 865 1323 919; x_wconf 84' lang='lat' dir='ltr'><strong>Ecce</strong></span> <span class='ocrx_word' id='word_1_49' title='bbox 1348 864 1616 935; x_wconf 86' lang='lat' dir='ltr'><strong>quomodo</strong></span> <span class='ocrx_word' id='word_1_50' title='bbox 1648 868 1890 936; x_wconf 83' lang='lat' dir='ltr'><strong>superbis</strong></span> <span class='ocrx_word' id='word_1_51' title='bbox 1914 867 2113 921; x_wconf 81' lang='lat' dir='ltr'><strong>resistit</strong></span> <span class='ocrx_word' id='word_1_52' title='bbox 2141 885 2154 919; x_wconf 90' lang='lat'><strong>:</strong></span> 
     </span>
    </p>
   </div>
   <div class='ocr_carea' id='block_1_7' title="bbox 568 956 2157 1027">
    <p class='ocr_par' dir='ltr' id='par_1_7' title="bbox 568 956 2157 1027">
     <span class='ocr_line' id='line_1_7' title="bbox 568 956 2157 1027; baseline 0.001 -16"><span class='ocrx_word' id='word_1_53' title='bbox 568 958 693 1012; x_wconf 87' lang='lat' dir='ltr'><strong>audi</strong></span> <span class='ocrx_word' id='word_1_54' title='bbox 720 956 986 1026; x_wconf 90' lang='lat' dir='ltr'><strong>quomodo</strong></span> <span class='ocrx_word' id='word_1_55' title='bbox 1015 956 1305 1011; x_wconf 81' lang='lat' dir='ltr'><strong>humilibus</strong></span> <span class='ocrx_word' id='word_1_56' title='bbox 1327 956 1420 1011; x_wconf 91' lang='lat' dir='ltr'><strong>det</strong></span> <span class='ocrx_word' id='word_1_57' title='bbox 1444 958 1687 1027; x_wconf 78' lang='lat' dir='ltr'><strong>gratiam.</strong></span> <span class='ocrx_word' id='word_1_58' title='bbox 1719 976 1735 1008; x_wconf 77' lang='grc' dir='ltr'>ι</span> <span class='ocrx_word' id='word_1_59' title='bbox 1766 958 1949 1013; x_wconf 80' lang='lat' dir='ltr'><strong>Posuit</strong></span> <span class='ocrx_word' id='word_1_60' title='bbox 1968 958 2157 1014; x_wconf 89' lang='lat' dir='ltr'><strong>deser-</strong></span> 
     </span>
    </p>
   </div>
   <div class='ocr_carea' id='block_1_8' title="bbox 574 1049 2154 1121">
    <p class='ocr_par' dir='ltr' id='par_1_8' title="bbox 574 1049 2154 1121">
     <span class='ocr_line' id='line_1_8' title="bbox 574 1049 2154 1121; baseline 0.003 -21"><span class='ocrx_word' id='word_1_61' title='bbox 574 1069 592 1100; x_wconf 72' lang='grc' dir='ltr'><strong>ε</strong></span> <span class='ocrx_word' id='word_1_62' title='bbox 628 1056 741 1103; x_wconf 86' lang='lat' dir='ltr'><strong>tum</strong></span> <span class='ocrx_word' id='word_1_63' title='bbox 794 1049 845 1102; x_wconf 91' lang='lat' dir='ltr'><strong>in</strong></span> <span class='ocrx_word' id='word_1_64' title='bbox 901 1057 1085 1118; x_wconf 75' lang='lat' dir='ltr'><strong>stagna</strong></span> <span class='ocrx_word' id='word_1_65' title='bbox 1138 1062 1389 1118; x_wconf 83' lang='lat' dir='ltr'><strong>aquarum</strong></span> <span class='ocrx_word' id='word_1_66' title='bbox 1433 1090 1445 1112; x_wconf 91' lang='lat'><strong>,</strong></span> <span class='ocrx_word' id='word_1_67' title='bbox 1501 1058 1555 1102; x_wconf 86' lang='lat' dir='ltr'><strong>et</strong></span> <span class='ocrx_word' id='word_1_68' title='bbox 1600 1056 1799 1104; x_wconf 87' lang='lat' dir='ltr'><strong>terram</strong></span> <span class='ocrx_word' id='word_1_69' title='bbox 1850 1051 1966 1104; x_wconf 89' lang='lat' dir='ltr'><strong>sine</strong></span> <span class='ocrx_word' id='word_1_70' title='bbox 2021 1065 2154 1121; x_wconf 83' lang='lat' dir='ltr'><strong>aqua</strong></span> 
     </span>
    </p>
   </div>
   <div class='ocr_carea' id='block_1_9' title="bbox 572 1139 2157 1210">
    <p class='ocr_par' dir='ltr' id='par_1_9' title="bbox 572 1139 2157 1210">
     <span class='ocr_line' id='line_1_9' title="bbox 572 1139 2157 1210; baseline 0.002 -18"><span class='ocrx_word' id='word_1_71' title='bbox 572 1159 592 1192; x_wconf 75' lang='grc' dir='ltr'>ι</span> <span class='ocrx_word' id='word_1_72' title='bbox 633 1141 686 1195; x_wconf 84' lang='lat' dir='ltr'><strong>in</strong></span> <span class='ocrx_word' id='word_1_73' title='bbox 712 1140 887 1196; x_wconf 73' lang='lat' dir='ltr'><strong>exitus</strong></span> <span class='ocrx_word' id='word_1_74' title='bbox 941 1154 1217 1210; x_wconf 84' lang='lat' dir='ltr'><strong>aquarum.</strong></span> <span class='ocrx_word' id='word_1_75' title='bbox 1250 1139 1319 1194; x_wconf 88' lang='lat' dir='ltr'><strong>Et</strong></span> <span class='ocrx_word' id='word_1_76' title='bbox 1356 1139 1595 1194; x_wconf 80' lang='lat' dir='ltr'><strong>habitare</strong></span> <span class='ocrx_word' id='word_1_77' title='bbox 1622 1141 1745 1196; x_wconf 85' lang='lat' dir='ltr'><strong>fecit</strong></span> <span class='ocrx_word' id='word_1_78' title='bbox 1768 1142 1880 1196; x_wconf 86' lang='lat' dir='ltr'><strong>illic</strong></span> <span class='ocrx_word' id='word_1_79' title='bbox 1917 1143 2157 1197; x_wconf 81' lang='lat' dir='ltr'><strong>esurien-</strong></span> 
     </span>
    </p>
   </div>
   <div class='ocr_carea' id='block_1_10' title="bbox 574 1233 2157 1301">
    <p class='ocr_par' dir='ltr' id='par_1_10' title="bbox 574 1233 2157 1301">
     <span class='ocr_line' id='line_1_10' title="bbox 574 1233 2157 1301; baseline 0.004 -16"><span class='ocrx_word' id='word_1_80' title='bbox 574 1253 593 1285; x_wconf 76' lang='grc' dir='ltr'>ι</span> <span class='ocrx_word' id='word_1_81' title='bbox 628 1242 729 1290; x_wconf 87' lang='lat' dir='ltr'><strong>tes.</strong></span> <span class='ocrx_word' id='word_1_82' title='bbox 767 1252 786 1287; x_wconf 73' lang='grc' dir='ltr'><strong>ι</strong></span> <span class='ocrx_word' id='word_1_83' title='bbox 821 1234 1080 1301; x_wconf 77' lang='lat' dir='ltr'><strong>Quoniam</strong></span> <span class='ocrx_word' id='word_1_84' title='bbox 1126 1234 1200 1287; x_wconf 87' lang='lat' dir='ltr'><strong>illi</strong></span> <span class='ocrx_word' id='word_1_85' title='bbox 1229 1233 1428 1287; x_wconf 84' lang='lat' dir='ltr'><strong>dictum</strong></span> <span class='ocrx_word' id='word_1_86' title='bbox 1477 1242 1559 1288; x_wconf 82' lang='lat' dir='ltr'><strong>est</strong></span> <span class='ocrx_word' id='word_1_87' title='bbox 1616 1253 1626 1287; x_wconf 94' lang='lat'>:</span> <span class='ocrx_word' id='word_1_88' title='bbox 1664 1253 1681 1285; x_wconf 73' lang='grc' dir='ltr'><strong><em>ι</em></strong></span> <span class='ocrx_word' id='word_1_89' title='bbox 1716 1234 1794 1289; x_wconf 92' lang='lat' dir='ltr'><strong>Tu</strong></span> <span class='ocrx_word' id='word_1_90' title='bbox 1820 1249 1879 1289; x_wconf 88' lang='lat' dir='ltr'><strong>es</strong></span> <span class='ocrx_word' id='word_1_91' title='bbox 1904 1236 2157 1292; x_wconf 76' lang='lat' dir='ltr'><strong>sacerdos</strong></span> 
     </span>
    </p>
   </div>
   <div class='ocr_carea' id='block_1_11' title="bbox 574 1324 2151 1398">
    <p class='ocr_par' dir='ltr' id='par_1_11' title="bbox 574 1324 2151 1398">
     <span class='ocr_line' id='line_1_11' title="bbox 574 1324 2151 1398; baseline 0.002 -21"><span class='ocrx_word' id='word_1_92' title='bbox 574 1344 593 1377; x_wconf 74' lang='grc' dir='ltr'>ι</span> <span class='ocrx_word' id='word_1_93' title='bbox 632 1326 685 1381; x_wconf 83' lang='lat' dir='ltr'><strong>in</strong></span> <span class='ocrx_word' id='word_1_94' title='bbox 708 1335 963 1379; x_wconf 82' lang='lat' dir='ltr'><strong>teternum</strong></span> <span class='ocrx_word' id='word_1_95' title='bbox 985 1324 1276 1379; x_wconf 86' lang='lat' dir='ltr'><strong>secundum</strong></span> <span class='ocrx_word' id='word_1_96' title='bbox 1297 1325 1535 1378; x_wconf 85' lang='lat' dir='ltr'><strong>ordinem</strong></span> <span class='ocrx_word' id='word_1_97' title='bbox 1558 1324 1911 1380; x_wconf 80' lang='lat' dir='ltr'><strong>Melchisedcc</strong></span> <span class='ocrx_word' id='word_1_98' title='bbox 1928 1340 1950 1377; x_wconf 67' lang='grc' dir='ltr'><strong>ν</strong></span> <span class='ocrx_word' id='word_1_99' title='bbox 1982 1325 2151 1398; x_wconf 87' lang='lat' dir='ltr'><strong>(Psal.</strong></span> 
     </span>
    </p>
   </div>
   <div class='ocr_carea' id='block_1_12' title="bbox 566 1415 2151 1487">
    <p class='ocr_par' dir='ltr' id='par_1_12' title="bbox 566 1415 2151 1487">
     <span class='ocr_line' id='line_1_12' title="bbox 566 1415 2151 1487; baseline 0.001 -15"><span class='ocrx_word' id='word_1_100' title='bbox 566 1430 655 1472; x_wconf 76' lang='lat' dir='ltr'><strong>etx</strong></span> <span class='ocrx_word' id='word_1_101' title='bbox 675 1456 690 1483; x_wconf 93' lang='lat'><strong>,</strong></span> <span class='ocrx_word' id='word_1_102' title='bbox 715 1418 748 1472; x_wconf 73' lang='grc'><strong>4</strong></span> <span class='ocrx_word' id='word_1_103' title='bbox 769 1418 807 1486; x_wconf 83' lang='lat'><strong>).</strong></span> <span class='ocrx_word' id='word_1_104' title='bbox 828 1416 1037 1483; x_wconf 66' lang='lat' dir='ltr'><strong>Qumris</strong></span> <span class='ocrx_word' id='word_1_105' title='bbox 1057 1416 1197 1471; x_wconf 89' lang='lat' dir='ltr'><strong>enim</strong></span> <span class='ocrx_word' id='word_1_106' title='bbox 1222 1417 1238 1447; x_wconf 79' lang='grc'>⁸</span> <span class='ocrx_word' id='word_1_107' title='bbox 1263 1416 1582 1470; x_wconf 81' lang='lat' dir='ltr'><strong>sacriﬁcium</strong></span> <span class='ocrx_word' id='word_1_108' title='bbox 1609 1416 1746 1487; x_wconf 90' lang='lat' dir='ltr'><strong>apud</strong></span> <span class='ocrx_word' id='word_1_109' title='bbox 1767 1415 2015 1483; x_wconf 62' lang='lat' dir='ltr'><strong>inda-os;</strong></span> <span class='ocrx_word' id='word_1_110' title='bbox 2049 1433 2151 1473; x_wconf 86' lang='lat' dir='ltr'><strong>non</strong></span> 
     </span>
    </p>
   </div>
   <div class='ocr_carea' id='block_1_13' title="bbox 573 1507 2154 1577">
    <p class='ocr_par' dir='ltr' id='par_1_13' title="bbox 573 1507 2154 1577">
     <span class='ocr_line' id='line_1_13' title="bbox 573 1507 2154 1577; baseline 0.002 -16"><span class='ocrx_word' id='word_1_111' title='bbox 573 1508 740 1562; x_wconf 81' lang='lat' dir='ltr'><strong>habes</strong></span> <span class='ocrx_word' id='word_1_112' title='bbox 773 1507 1062 1563; x_wconf 85' lang='lat' dir='ltr'><strong>secundum</strong></span> <span class='ocrx_word' id='word_1_113' title='bbox 1092 1507 1335 1562; x_wconf 76' lang='lat' dir='ltr'><strong>ordinem</strong></span> <span class='ocrx_word' id='word_1_114' title='bbox 1367 1507 1566 1574; x_wconf 84' lang='lat' dir='ltr'><strong>Aaron,</strong></span> <span class='ocrx_word' id='word_1_115' title='bbox 1589 1509 1711 1577; x_wconf 86' lang='lat' dir='ltr'><strong>quia</strong></span> <span class='ocrx_word' id='word_1_116' title='bbox 1734 1509 1913 1577; x_wconf 78' lang='lat' dir='ltr'><strong>posuit</strong></span> <span class='ocrx_word' id='word_1_117' title='bbox 1933 1508 2154 1565; x_wconf 82' lang='lat' dir='ltr'><strong>ﬂumina</strong></span> 
     </span>
    </p>
   </div>
   <div class='ocr_carea' id='block_1_14' title="bbox 566 1601 2150 1672">
    <p class='ocr_par' dir='ltr' id='par_1_14' title="bbox 566 1601 2150 1672">
     <span class='ocr_line' id='line_1_14' title="bbox 566 1601 2150 1672; baseline 0.001 -15"><span class='ocrx_word' id='word_1_118' title='bbox 566 1603 621 1657; x_wconf 90' lang='lat' dir='ltr'><strong>in</strong></span> <span class='ocrx_word' id='word_1_119' title='bbox 647 1602 918 1657; x_wconf 83' lang='lat' dir='ltr'><strong>desertum</strong></span> <span class='ocrx_word' id='word_1_120' title='bbox 941 1619 954 1655; x_wconf 91' lang='lat'><strong>:</strong></span> <span class='ocrx_word' id='word_1_121' title='bbox 976 1602 1173 1672; x_wconf 67' lang='lat' dir='ltr'><strong>quietis</strong></span> <span class='ocrx_word' id='word_1_122' title='bbox 1202 1601 1493 1656; x_wconf 86' lang='lat' dir='ltr'><strong>secundum</strong></span> <span class='ocrx_word' id='word_1_123' title='bbox 1515 1601 1758 1657; x_wconf 83' lang='lat' dir='ltr'><strong>ordinem</strong></span> <span class='ocrx_word' id='word_1_124' title='bbox 1778 1602 2150 1671; x_wconf 78' lang='lat' dir='ltr'><strong>Melchisedec;</strong></span> 
     </span>
    </p>
   </div>
   <div class='ocr_carea' id='block_1_15' title="bbox 563 1692 2155 1765">
    <p class='ocr_par' dir='ltr' id='par_1_15' title="bbox 563 1692 2155 1765">
     <span class='ocr_line' id='line_1_15' title="bbox 563 1692 2155 1765; baseline 0.001 -18"><span class='ocrx_word' id='word_1_125' title='bbox 563 1693 704 1765; x_wconf 87' lang='lat' dir='ltr'><strong>apud</strong></span> <span class='ocrx_word' id='word_1_126' title='bbox 731 1694 851 1748; x_wconf 84' lang='lat' dir='ltr'><strong>illos</strong></span> <span class='ocrx_word' id='word_1_127' title='bbox 879 1710 983 1747; x_wconf 89' lang='lat' dir='ltr'><strong>tton</strong></span> <span class='ocrx_word' id='word_1_128' title='bbox 1010 1693 1237 1757; x_wconf 83' lang='lat' dir='ltr'><strong>invenis,</strong></span> <span class='ocrx_word' id='word_1_129' title='bbox 1266 1692 1361 1747; x_wconf 84' lang='lat' dir='ltr'><strong>sed</strong></span> <span class='ocrx_word' id='word_1_130' title='bbox 1390 1708 1485 1762; x_wconf 90' lang='lat' dir='ltr'><strong>per</strong></span> <span class='ocrx_word' id='word_1_131' title='bbox 1514 1693 1888 1749; x_wconf 73' lang='lat' dir='ltr'><strong>totumorbem</strong></span> <span class='ocrx_word' id='word_1_132' title='bbox 1912 1695 2155 1749; x_wconf 88' lang='lat' dir='ltr'><strong>celebra-</strong></span> 
     </span>
    </p>
   </div>
   <div class='ocr_carea' id='block_1_16' title="bbox 564 1786 2150 1855">
    <p class='ocr_par' dir='ltr' id='par_1_16' title="bbox 564 1786 2150 1855">
     <span class='ocr_line' id='line_1_16' title="bbox 564 1786 2150 1855; baseline 0 -16"><span class='ocrx_word' id='word_1_133' title='bbox 564 1797 651 1841; x_wconf 89' lang='lat' dir='ltr'><strong>tur</strong></span> <span class='ocrx_word' id='word_1_134' title='bbox 678 1787 730 1841; x_wconf 90' lang='lat' dir='ltr'><strong>itt</strong></span> <span class='ocrx_word' id='word_1_135' title='bbox 778 1788 1036 1842; x_wconf 81' lang='lat' dir='ltr'><strong>Ecclesia.</strong></span> <span class='ocrx_word' id='word_1_136' title='bbox 1068 1788 1107 1840; x_wconf 85' lang='grc' dir='ltr'><em>Α</em></span> <span class='ocrx_word' id='word_1_137' title='bbox 1137 1786 1257 1841; x_wconf 80' lang='lat' dir='ltr'><strong>solis</strong></span> <span class='ocrx_word' id='word_1_138' title='bbox 1286 1794 1400 1841; x_wconf 83' lang='lat' dir='ltr'><strong>ortu</strong></span> <span class='ocrx_word' id='word_1_139' title='bbox 1428 1801 1586 1855; x_wconf 82' lang='lat' dir='ltr'><strong>usque</strong></span> <span class='ocrx_word' id='word_1_140' title='bbox 1614 1786 1683 1839; x_wconf 85' lang='lat' dir='ltr'><strong>ad</strong></span> <span class='ocrx_word' id='word_1_141' title='bbox 1707 1801 1937 1840; x_wconf 76' lang='lat' dir='ltr'><strong>occasum</strong></span> <span class='ocrx_word' id='word_1_142' title='bbox 1966 1788 2150 1841; x_wconf 72' lang='lat' dir='ltr'><strong>(arida-</strong></span> 
     </span>
    </p>
   </div>
   <div class='ocr_carea' id='block_1_17' title="bbox 564 1876 2153 1948">
    <p class='ocr_par' dir='ltr' id='par_1_17' title="bbox 564 1876 2153 1948">
     <span class='ocr_line' id='line_1_17' title="bbox 564 1876 2153 1948; baseline 0.003 -19"><span class='ocrx_word' id='word_1_143' title='bbox 564 1888 648 1930; x_wconf 84' lang='lat' dir='ltr'><strong>tur</strong></span> <span class='ocrx_word' id='word_1_144' title='bbox 678 1894 857 1931; x_wconf 77' lang='lat' dir='ltr'><strong>nomen</strong></span> <span class='ocrx_word' id='word_1_145' title='bbox 882 1876 1090 1931; x_wconf 82' lang='lat' dir='ltr'><strong>Domini</strong></span> <span class='ocrx_word' id='word_1_146' title='bbox 1111 1878 1129 1947; x_wconf 96' lang='lat'><strong>(</strong></span> <span class='ocrx_word' id='word_1_147' title='bbox 1154 1876 1300 1931; x_wconf 86' lang='lat' dir='ltr'><strong>Psal.</strong></span> <span class='ocrx_word' id='word_1_148' title='bbox 1331 1891 1465 1945; x_wconf 76' lang='lat' dir='ltr'><strong>ex“,</strong></span> <span class='ocrx_word' id='word_1_149' title='bbox 1498 1877 1533 1932; x_wconf 79' lang='grc'><strong>5</strong></span> <span class='ocrx_word' id='word_1_150' title='bbox 1556 1876 1598 1948; x_wconf 93' lang='grc'><strong>).</strong></span> <span class='ocrx_word' id='word_1_151' title='bbox 1626 1876 1693 1932; x_wconf 83' lang='grc' dir='ltr'><strong>Ει</strong></span> <span class='ocrx_word' id='word_1_152' title='bbox 1720 1877 1851 1932; x_wconf 80' lang='lat' dir='ltr'><strong>dicit</strong></span> <span class='ocrx_word' id='word_1_153' title='bbox 1878 1880 2019 1933; x_wconf 84' lang='lat' dir='ltr'><strong>Deus</strong></span> <span class='ocrx_word' id='word_1_154' title='bbox 2048 1879 2153 1934; x_wconf 86' lang='lat' dir='ltr'><strong>illis</strong></span> 
     </span>
    </p>
   </div>
   <div class='ocr_carea' id='block_1_18' title="bbox 564 1966 2152 2038">
    <p class='ocr_par' dir='ltr' id='par_1_18' title="bbox 564 1966 2152 2038">
     <span class='ocr_line' id='line_1_18' title="bbox 564 1966 2152 2038; baseline 0.003 -17"><span class='ocrx_word' id='word_1_155' title='bbox 564 1983 787 2038; x_wconf 84' lang='lat' dir='ltr'><strong>quorum</strong></span> <span class='ocrx_word' id='word_1_156' title='bbox 810 1966 1027 2023; x_wconf 75' lang='lat' dir='ltr'><strong>ﬂumina</strong></span> <span class='ocrx_word' id='word_1_157' title='bbox 1055 1968 1225 2038; x_wconf 87' lang='lat' dir='ltr'><strong>posuit</strong></span> <span class='ocrx_word' id='word_1_158' title='bbox 1257 1969 1307 2022; x_wconf 90' lang='lat' dir='ltr'><strong>in</strong></span> <span class='ocrx_word' id='word_1_159' title='bbox 1330 1968 1605 2023; x_wconf 71' lang='lat' dir='ltr'><strong>desertum</strong></span> <span class='ocrx_word' id='word_1_160' title='bbox 1637 1985 1650 2023; x_wconf 93' lang='lat'><strong>:</strong></span> <span class='ocrx_word' id='word_1_161' title='bbox 1700 1986 1719 2020; x_wconf 81' lang='grc' dir='ltr'>ι</span> <span class='ocrx_word' id='word_1_162' title='bbox 1766 1969 1883 2027; x_wconf 79' lang='lat' dir='ltr'><strong>Non</strong></span> <span class='ocrx_word' id='word_1_163' title='bbox 1912 1980 1993 2024; x_wconf 89' lang='lat' dir='ltr'><strong>est</strong></span> <span class='ocrx_word' id='word_1_164' title='bbox 2022 1970 2152 2025; x_wconf 85' lang='lat' dir='ltr'><strong>mihi</strong></span> 
     </span>
    </p>
   </div>
   <div class='ocr_carea' id='block_1_19' title="bbox 570 2062 2154 2131">
    <p class='ocr_par' dir='ltr' id='par_1_19' title="bbox 570 2062 2154 2131">
     <span class='ocr_line' id='line_1_19' title="bbox 570 2062 2154 2131; baseline 0.003 -17"><span class='ocrx_word' id='word_1_165' title='bbox 570 2081 590 2114; x_wconf 72' lang='grc' dir='ltr'><strong><em>ι</em></strong></span> <span class='ocrx_word' id='word_1_166' title='bbox 629 2062 871 2117; x_wconf 73' lang='lat' dir='ltr'><strong>voluntas</strong></span> <span class='ocrx_word' id='word_1_167' title='bbox 915 2063 965 2116; x_wconf 86' lang='lat' dir='ltr'><strong>in</strong></span> <span class='ocrx_word' id='word_1_168' title='bbox 996 2062 1173 2128; x_wconf 79' lang='lat' dir='ltr'><strong>vobis,</strong></span> <span class='ocrx_word' id='word_1_169' title='bbox 1208 2062 1337 2117; x_wconf 77' lang='lat' dir='ltr'><strong>dicit</strong></span> <span class='ocrx_word' id='word_1_170' title='bbox 1362 2062 1638 2127; x_wconf 83' lang='lat' dir='ltr'><strong>Dominus,</strong></span> <span class='ocrx_word' id='word_1_171' title='bbox 1668 2075 1768 2117; x_wconf 86' lang='lat' dir='ltr'><strong>nec</strong></span> <span class='ocrx_word' id='word_1_172' title='bbox 1792 2063 2046 2131; x_wconf 81' lang='lat' dir='ltr'><strong>accipiam</strong></span> <span class='ocrx_word' id='word_1_173' title='bbox 2068 2076 2154 2118; x_wconf 85' lang='lat' dir='ltr'><strong>sa-</strong></span> 
     </span>
    </p>
   </div>
   <div class='ocr_carea' id='block_1_20' title="bbox 569 2154 2151 2225">
    <p class='ocr_par' dir='ltr' id='par_1_20' title="bbox 569 2154 2151 2225">
     <span class='ocr_line' id='line_1_20' title="bbox 569 2154 2151 2225; baseline 0.003 -18"><span class='ocrx_word' id='word_1_174' title='bbox 569 2174 589 2207; x_wconf 77' lang='grc' dir='ltr'><strong><em>ι</em></strong></span> <span class='ocrx_word' id='word_1_175' title='bbox 627 2154 883 2210; x_wconf 87' lang='lat' dir='ltr'><strong>eriﬁcium</strong></span> <span class='ocrx_word' id='word_1_176' title='bbox 928 2154 995 2210; x_wconf 89' lang='lat' dir='ltr'><strong>de</strong></span> <span class='ocrx_word' id='word_1_177' title='bbox 1044 2155 1291 2210; x_wconf 76' lang='lat' dir='ltr'><strong>inanibus</strong></span> <span class='ocrx_word' id='word_1_178' title='bbox 1333 2156 1559 2220; x_wconf 87' lang='lat' dir='ltr'><strong>vestris,</strong></span> <span class='ocrx_word' id='word_1_179' title='bbox 1614 2156 1865 2225; x_wconf 85' lang='lat' dir='ltr'><strong>quoniam</strong></span> <span class='ocrx_word' id='word_1_180' title='bbox 1922 2156 1991 2211; x_wconf 87' lang='lat' dir='ltr'><strong>ab</strong></span> <span class='ocrx_word' id='word_1_181' title='bbox 2029 2164 2151 2211; x_wconf 72' lang='lat' dir='ltr'><strong>ortu</strong></span> 
     </span>
    </p>
   </div>
   <div class='ocr_carea' id='block_1_21' title="bbox 568 2247 2153 2317">
    <p class='ocr_par' dir='ltr' id='par_1_21' title="bbox 568 2247 2153 2317">
     <span class='ocr_line' id='line_1_21' title="bbox 568 2247 2153 2317; baseline 0.004 -20"><span class='ocrx_word' id='word_1_182' title='bbox 568 2266 588 2297; x_wconf 82' lang='grc'><em>‹</em></span> <span class='ocrx_word' id='word_1_183' title='bbox 626 2247 754 2301; x_wconf 88' lang='lat' dir='ltr'><strong>solis</strong></span> <span class='ocrx_word' id='word_1_184' title='bbox 785 2262 953 2317; x_wconf 76' lang='lat' dir='ltr'><strong>usque</strong></span> <span class='ocrx_word' id='word_1_185' title='bbox 977 2247 1041 2301; x_wconf 83' lang='lat' dir='ltr'><strong>ad</strong></span> <span class='ocrx_word' id='word_1_186' title='bbox 1063 2262 1334 2316; x_wconf 79' lang='lat' dir='ltr'><strong>occasum,</strong></span> <span class='ocrx_word' id='word_1_187' title='bbox 1356 2247 1675 2303; x_wconf 73' lang='lat' dir='ltr'><strong>sacriﬁcium</strong></span> <span class='ocrx_word' id='word_1_188' title='bbox 1707 2248 1963 2303; x_wconf 85' lang='lat' dir='ltr'><strong>mundum</strong></span> <span class='ocrx_word' id='word_1_189' title='bbox 1991 2249 2153 2304; x_wconf 79' lang='lat' dir='ltr'><strong>offer-</strong></span> 
     </span>
    </p>
   </div>
   <div class='ocr_carea' id='block_1_22' title="bbox 561 2339 2152 2411">
    <p class='ocr_par' dir='ltr' id='par_1_22' title="bbox 561 2339 2152 2411">
     <span class='ocr_line' id='line_1_22' title="bbox 561 2339 2152 2411; baseline 0.002 -18"><span class='ocrx_word' id='word_1_190' title='bbox 561 2348 648 2393; x_wconf 83' lang='lat' dir='ltr'><strong>tur</strong></span> <span class='ocrx_word' id='word_1_191' title='bbox 672 2340 873 2393; x_wconf 84' lang='lat' dir='ltr'><strong>nomini</strong></span> <span class='ocrx_word' id='word_1_192' title='bbox 900 2354 1022 2395; x_wconf 81' lang='lat' dir='ltr'><strong>meo</strong></span> <span class='ocrx_word' id='word_1_193' title='bbox 1049 2360 1066 2392; x_wconf 73' lang='grc' dir='ltr'><strong><em>ι</em></strong></span> <span class='ocrx_word' id='word_1_194' title='bbox 1092 2339 1309 2409; x_wconf 75' lang='lat' dir='ltr'><strong>(Malae.</strong></span> <span class='ocrx_word' id='word_1_195' title='bbox 1341 2358 1377 2403; x_wconf 83' lang='grc' dir='ltr'><strong>ι,</strong></span> <span class='ocrx_word' id='word_1_196' title='bbox 1410 2340 1478 2395; x_wconf 82' lang='grc'><strong>10</strong></span> <span class='ocrx_word' id='word_1_197' title='bbox 1496 2349 1540 2394; x_wconf 81' lang='lat' dir='ltr'><strong>et</strong></span> <span class='ocrx_word' id='word_1_198' title='bbox 1564 2340 1623 2395; x_wconf 81' lang='grc'><strong>11</strong></span> <span class='ocrx_word' id='word_1_199' title='bbox 1657 2342 1700 2411; x_wconf 89' lang='grc'><strong>).</strong></span> <span class='ocrx_word' id='word_1_200' title='bbox 1731 2339 1829 2396; x_wconf 75' lang='lat' dir='ltr'><strong>Ubi</strong></span> <span class='ocrx_word' id='word_1_201' title='bbox 1858 2349 2009 2395; x_wconf 73' lang='lat' dir='ltr'><strong>eram</strong></span> <span class='ocrx_word' id='word_1_202' title='bbox 2036 2356 2152 2396; x_wconf 68' lang='lat' dir='ltr'><strong>oma-</strong></span> 
     </span>
    </p>
   </div>
   <div class='ocr_carea' id='block_1_23' title="bbox 559 2431 2146 2504">
    <p class='ocr_par' dir='ltr' id='par_1_23' title="bbox 559 2431 2146 2504">
     <span class='ocr_line' id='line_1_23' title="bbox 559 2431 2146 2504; baseline 0.003 -19"><span class='ocrx_word' id='word_1_203' title='bbox 559 2432 647 2485; x_wconf 87' lang='lat' dir='ltr'><strong>ttia</strong></span> <span class='ocrx_word' id='word_1_204' title='bbox 684 2431 956 2487; x_wconf 87' lang='lat' dir='ltr'><strong>immunda</strong></span> <span class='ocrx_word' id='word_1_205' title='bbox 1014 2432 1314 2499; x_wconf 80' lang='lat' dir='ltr'><strong>sacriﬁcia,</strong></span> <span class='ocrx_word' id='word_1_206' title='bbox 1363 2433 1575 2504; x_wconf 89' lang='lat' dir='ltr'><strong>quando</strong></span> <span class='ocrx_word' id='word_1_207' title='bbox 1622 2434 1893 2489; x_wconf 81' lang='lat' dir='ltr'><strong>desertum</strong></span> <span class='ocrx_word' id='word_1_208' title='bbox 1953 2444 2146 2503; x_wconf 81' lang='lat' dir='ltr'><strong>erant,</strong></span> 
     </span>
    </p>
   </div>
   <div class='ocr_carea' id='block_1_24' title="bbox 556 2522 2149 2597">
    <p class='ocr_par' dir='ltr' id='par_1_24' title="bbox 556 2522 2149 2597">
     <span class='ocr_line' id='line_1_24' title="bbox 556 2522 2149 2597; baseline 0.004 -21"><span class='ocrx_word' id='word_1_209' title='bbox 556 2522 769 2593; x_wconf 87' lang='lat' dir='ltr'><strong>quando</strong></span> <span class='ocrx_word' id='word_1_210' title='bbox 798 2524 1110 2593; x_wconf 78' lang='lat' dir='ltr'><strong>squalebant</strong></span> <span class='ocrx_word' id='word_1_211' title='bbox 1134 2566 1149 2589; x_wconf 90' lang='lat'><strong>,</strong></span> <span class='ocrx_word' id='word_1_212' title='bbox 1181 2524 1395 2594; x_wconf 84' lang='lat' dir='ltr'><strong>quando</strong></span> <span class='ocrx_word' id='word_1_213' title='bbox 1420 2525 1606 2580; x_wconf 68' lang='lat' dir='ltr'><strong>saliuas</strong></span> <span class='ocrx_word' id='word_1_214' title='bbox 1634 2534 1787 2580; x_wconf 79' lang='lat' dir='ltr'><strong>emnt</strong></span> <span class='ocrx_word' id='word_1_215' title='bbox 1809 2538 1995 2581; x_wconf 84' lang='lat' dir='ltr'><strong>omnes</strong></span> <span class='ocrx_word' id='word_1_216' title='bbox 2018 2541 2149 2597; x_wconf 76' lang='lat' dir='ltr'><strong>gen-</strong></span> 
     </span>
    </p>
   </div>
   <div class='ocr_carea' id='block_1_25' title="bbox 557 2615 2149 2684">
    <p class='ocr_par' dir='ltr' id='par_1_25' title="bbox 557 2615 2149 2684">
     <span class='ocr_line' id='line_1_25' title="bbox 557 2615 2149 2684; baseline 0.004 -16"><span class='ocrx_word' id='word_1_217' title='bbox 557 2624 678 2680; x_wconf 83' lang='lat' dir='ltr'><strong>tes;</strong></span> <span class='ocrx_word' id='word_1_218' title='bbox 709 2616 780 2671; x_wconf 88' lang='lat' dir='ltr'><strong>ibi</strong></span> <span class='ocrx_word' id='word_1_219' title='bbox 828 2630 967 2672; x_wconf 83' lang='lat' dir='ltr'><strong>nunc</strong></span> <span class='ocrx_word' id='word_1_220' title='bbox 1006 2615 1217 2681; x_wconf 82' lang='lat' dir='ltr'><strong>fontes,</strong></span> <span class='ocrx_word' id='word_1_221' title='bbox 1274 2616 1343 2671; x_wconf 90' lang='lat' dir='ltr'><strong>ibi</strong></span> <span class='ocrx_word' id='word_1_222' title='bbox 1387 2632 1528 2672; x_wconf 90' lang='lat' dir='ltr'><strong>nunc</strong></span> <span class='ocrx_word' id='word_1_223' title='bbox 1569 2616 1824 2684; x_wconf 84' lang='lat' dir='ltr'><strong>ﬂumina,</strong></span> <span class='ocrx_word' id='word_1_224' title='bbox 1885 2618 1957 2671; x_wconf 84' lang='lat' dir='ltr'><strong>ibi</strong></span> <span class='ocrx_word' id='word_1_225' title='bbox 2007 2635 2149 2675; x_wconf 85' lang='lat' dir='ltr'><strong>nunc</strong></span> 
     </span>
    </p>
   </div>
   <div class='ocr_carea' id='block_1_26' title="bbox 556 2708 2147 2780">
    <p class='ocr_par' dir='ltr' id='par_1_26' title="bbox 556 2708 2147 2780">
     <span class='ocr_line' id='line_1_26' title="bbox 556 2708 2147 2780; baseline 0.003 -20"><span class='ocrx_word' id='word_1_226' title='bbox 556 2715 743 2779; x_wconf 76' lang='lat' dir='ltr'><strong>stagna</strong></span> <span class='ocrx_word' id='word_1_227' title='bbox 770 2724 1025 2779; x_wconf 86' lang='lat' dir='ltr'><strong>aquarum</strong></span> <span class='ocrx_word' id='word_1_228' title='bbox 1051 2752 1066 2777; x_wconf 93' lang='lat'><strong>,</strong></span> <span class='ocrx_word' id='word_1_229' title='bbox 1109 2717 1165 2763; x_wconf 83' lang='lat' dir='ltr'><strong>et</strong></span> <span class='ocrx_word' id='word_1_230' title='bbox 1206 2710 1380 2763; x_wconf 79' lang='lat' dir='ltr'><strong>exitus</strong></span> <span class='ocrx_word' id='word_1_231' title='bbox 1431 2723 1706 2779; x_wconf 84' lang='lat' dir='ltr'><strong>aquarum.</strong></span> <span class='ocrx_word' id='word_1_232' title='bbox 1737 2708 1879 2778; x_wconf 80' lang='lat' dir='ltr'><strong>Ergo</strong></span> <span class='ocrx_word' id='word_1_233' title='bbox 1904 2711 2147 2780; x_wconf 77' lang='lat' dir='ltr'><strong>superbis</strong></span> 
     </span>
    </p>
   </div>
   <div class='ocr_carea' id='block_1_27' title="bbox 556 2798 2149 2870">
    <p class='ocr_par' dir='ltr' id='par_1_27' title="bbox 556 2798 2149 2870">
     <span class='ocr_line' id='line_1_27' title="bbox 556 2798 2149 2870; baseline 0.001 -16"><span class='ocrx_word' id='word_1_234' title='bbox 556 2800 788 2866; x_wconf 86' lang='lat' dir='ltr'><strong>restitit,</strong></span> <span class='ocrx_word' id='word_1_235' title='bbox 820 2798 1105 2855; x_wconf 85' lang='lat' dir='ltr'><strong>humilibus</strong></span> <span class='ocrx_word' id='word_1_236' title='bbox 1152 2809 1327 2855; x_wconf 87' lang='lat' dir='ltr'><strong>autem</strong></span> <span class='ocrx_word' id='word_1_237' title='bbox 1372 2799 1518 2855; x_wconf 89' lang='lat' dir='ltr'><strong>dedit</strong></span> <span class='ocrx_word' id='word_1_238' title='bbox 1541 2800 1787 2870; x_wconf 73' lang='lat' dir='ltr'><strong>gratiam.</strong></span> <span class='ocrx_word' id='word_1_239' title='bbox 1819 2800 1883 2854; x_wconf 84' lang='lat' dir='ltr'><strong>Et</strong></span> <span class='ocrx_word' id='word_1_240' title='bbox 1920 2802 2149 2855; x_wconf 73' lang='lat' dir='ltr'><strong>habitare</strong></span> 
     </span>
    </p>
   </div>
   <div class='ocr_carea' id='block_1_28' title="bbox 556 2889 2147 2961">
    <p class='ocr_par' dir='ltr' id='par_1_28' title="bbox 556 2889 2147 2961">
     <span class='ocr_line' id='line_1_28' title="bbox 556 2889 2147 2961; baseline 0.002 -18"><span class='ocrx_word' id='word_1_241' title='bbox 556 2890 675 2961; x_wconf 80' lang='lat' dir='ltr'><strong>fecit</strong></span> <span class='ocrx_word' id='word_1_242' title='bbox 712 2889 819 2944; x_wconf 85' lang='lat' dir='ltr'><strong>illic</strong></span> <span class='ocrx_word' id='word_1_243' title='bbox 858 2892 1129 2946; x_wconf 78' lang='lat' dir='ltr'><strong>esurientes</strong></span> <span class='ocrx_word' id='word_1_244' title='bbox 1172 2906 1189 2944; x_wconf 95' lang='lat'><em>:</em></span> <span class='ocrx_word' id='word_1_245' title='bbox 1226 2890 1369 2959; x_wconf 89' lang='lat' dir='ltr'><strong>quia,</strong></span> <span class='ocrx_word' id='word_1_246' title='bbox 1395 2889 1561 2945; x_wconf 86' lang='lat' dir='ltr'><strong>Edent</strong></span> <span class='ocrx_word' id='word_1_247' title='bbox 1586 2908 1853 2961; x_wconf 82' lang='lat' dir='ltr'><strong>pauperes,</strong></span> <span class='ocrx_word' id='word_1_248' title='bbox 1882 2903 1927 2946; x_wconf 91' lang='lat' dir='ltr'><strong>et</strong></span> <span class='ocrx_word' id='word_1_249' title='bbox 1948 2903 2147 2947; x_wconf 79' lang='lat' dir='ltr'><strong>saturu-</strong></span> 
     </span>
    </p>
   </div>
   <div class='ocr_carea' id='block_1_29' title="bbox 554 2982 2147 3054">
    <p class='ocr_par' dir='ltr' id='par_1_29' title="bbox 554 2982 2147 3054">
     <span class='ocr_line' id='line_1_29' title="bbox 554 2982 2147 3054; baseline 0.002 -18"><span class='ocrx_word' id='word_1_250' title='bbox 554 2984 744 3037; x_wconf 88' lang='lat' dir='ltr'><strong>buntur</strong></span> <span class='ocrx_word' id='word_1_251' title='bbox 773 2984 790 3054; x_wconf 94' lang='lat'><strong>(</strong></span> <span class='ocrx_word' id='word_1_252' title='bbox 815 2982 961 3039; x_wconf 86' lang='lat' dir='ltr'><strong>Psal.</strong></span> <span class='ocrx_word' id='word_1_253' title='bbox 990 2999 1098 3047; x_wconf 82' lang='lat' dir='ltr'><strong>tm,</strong></span> <span class='ocrx_word' id='word_1_254' title='bbox 1125 2984 1194 3037; x_wconf 75' lang='lat'><strong>‘27</strong></span> <span class='ocrx_word' id='word_1_255' title='bbox 1224 2982 1263 3053; x_wconf 84' lang='lat'><strong>).</strong></span> <span class='ocrx_word' id='word_1_256' title='bbox 1298 2982 1363 3037; x_wconf 84' lang='lat' dir='ltr'><strong>Et</strong></span> <span class='ocrx_word' id='word_1_257' title='bbox 1389 2984 1751 3038; x_wconf 72' lang='lat' dir='ltr'><strong>constituerunt</strong></span> <span class='ocrx_word' id='word_1_258' title='bbox 1777 2986 2025 3039; x_wconf 79' lang='lat' dir='ltr'><strong>civitatem</strong></span> <span class='ocrx_word' id='word_1_259' title='bbox 2053 2986 2147 3039; x_wconf 86' lang='lat' dir='ltr'><strong>ha-</strong></span> 
     </span>
    </p>
   </div>
   <div class='ocr_carea' id='block_1_30' title="bbox 554 3075 2145 3146">
    <p class='ocr_par' dir='ltr' id='par_1_30' title="bbox 554 3075 2145 3146">
     <span class='ocr_line' id='line_1_30' title="bbox 554 3075 2145 3146; baseline -0.001 -14"><span class='ocrx_word' id='word_1_260' title='bbox 554 3078 810 3131; x_wconf 83' lang='lat' dir='ltr'><strong>bitationis</strong></span> <span class='ocrx_word' id='word_1_261' title='bbox 841 3093 859 3129; x_wconf 90' lang='lat'><strong><em>:</em></strong></span> <span class='ocrx_word' id='word_1_262' title='bbox 887 3077 1098 3131; x_wconf 89' lang='lat' dir='ltr'><strong>interim</strong></span> <span class='ocrx_word' id='word_1_263' title='bbox 1126 3075 1473 3130; x_wconf 84' lang='lat' dir='ltr'><strong>habitationis</strong></span> <span class='ocrx_word' id='word_1_264' title='bbox 1505 3075 1556 3129; x_wconf 90' lang='lat' dir='ltr'><strong>in</strong></span> <span class='ocrx_word' id='word_1_265' title='bbox 1589 3090 1722 3145; x_wconf 81' lang='lat' dir='ltr'><strong>spe;</strong></span> <span class='ocrx_word' id='word_1_266' title='bbox 1745 3077 2017 3146; x_wconf 86' lang='lat' dir='ltr'><strong>quoniam,</strong></span> <span class='ocrx_word' id='word_1_267' title='bbox 2046 3079 2145 3143; x_wconf 85' lang='lat' dir='ltr'><strong>Qui</strong></span> 
     </span>
    </p>
   </div>
   <div class='ocr_carea' id='block_1_31' title="bbox 555 3166 2140 3240">
    <p class='ocr_par' dir='ltr' id='par_1_31' title="bbox 555 3166 2140 3240">
     <span class='ocr_line' id='line_1_31' title="bbox 555 3166 2140 3240; baseline -0.001 -16"><span class='ocrx_word' id='word_1_268' title='bbox 555 3186 634 3225; x_wconf 87' lang='lat' dir='ltr'><strong>me</strong></span> <span class='ocrx_word' id='word_1_269' title='bbox 658 3170 841 3237; x_wconf 85' lang='lat' dir='ltr'><strong>audit,</strong></span> <span class='ocrx_word' id='word_1_270' title='bbox 873 3169 1078 3240; x_wconf 86' lang='lat' dir='ltr'><strong>inquit,</strong></span> <span class='ocrx_word' id='word_1_271' title='bbox 1107 3167 1347 3222; x_wconf 70' lang='lat' dir='ltr'><strong>habitabit</strong></span> <span class='ocrx_word' id='word_1_272' title='bbox 1390 3168 1441 3222; x_wconf 88' lang='lat' dir='ltr'><strong>in</strong></span> <span class='ocrx_word' id='word_1_273' title='bbox 1478 3182 1568 3238; x_wconf 82' lang='lat' dir='ltr'><strong>spe</strong></span> <span class='ocrx_word' id='word_1_274' title='bbox 1597 3166 1796 3236; x_wconf 82' lang='lat' dir='ltr'><strong>(Prov.</strong></span> <span class='ocrx_word' id='word_1_275' title='bbox 1831 3184 1886 3235; x_wconf 85' lang='grc' dir='ltr'><strong>ι,</strong></span> <span class='ocrx_word' id='word_1_276' title='bbox 1912 3168 2009 3233; x_wconf 76' lang='lat'><strong>55,</strong></span> <span class='ocrx_word' id='word_1_277' title='bbox 2040 3186 2140 3224; x_wconf 81' lang='lat' dir='ltr'><strong>sec.</strong></span> 
     </span>
    </p>
   </div>
   <div class='ocr_carea' id='block_1_32' title="bbox 555 3258 2141 3334">
    <p class='ocr_par' dir='ltr' id='par_1_32' title="bbox 555 3258 2141 3334">
     <span class='ocr_line' id='line_1_32' title="bbox 555 3258 2141 3334; baseline -0.003 -18"><span class='ocrx_word' id='word_1_278' title='bbox 555 3260 752 3334; x_wconf 75' lang='lat' dir='ltr'><strong>LXX).</strong></span> <span class='ocrx_word' id='word_1_279' title='bbox 779 3261 844 3315; x_wconf 89' lang='lat' dir='ltr'><strong>Et</strong></span> <span class='ocrx_word' id='word_1_280' title='bbox 869 3261 1232 3315; x_wconf 82' lang='lat' dir='ltr'><strong>constituerunt</strong></span> <span class='ocrx_word' id='word_1_281' title='bbox 1257 3260 1506 3314; x_wconf 83' lang='lat' dir='ltr'><strong>civitatem</strong></span> <span class='ocrx_word' id='word_1_282' title='bbox 1532 3258 1873 3314; x_wconf 76' lang='lat' dir='ltr'><strong>habitationis.</strong></span> <span class='ocrx_word' id='word_1_283' title='bbox 1906 3259 1968 3313; x_wconf 84' lang='lat' dir='ltr'><strong>Et</strong></span> <span class='ocrx_word' id='word_1_284' title='bbox 1988 3261 2141 3314; x_wconf 84' lang='lat' dir='ltr'><strong>semi-</strong></span> 
     </span>
    </p>
   </div>
   <div class='ocr_carea' id='block_1_33' title="bbox 555 3354 2143 3426">
    <p class='ocr_par' dir='ltr' id='par_1_33' title="bbox 555 3354 2143 3426">
     <span class='ocr_line' id='line_1_33' title="bbox 555 3354 2143 3426; baseline -0.003 -15"><span class='ocrx_word' id='word_1_285' title='bbox 555 3366 798 3411; x_wconf 88' lang='lat' dir='ltr'><strong>naverunt</strong></span> <span class='ocrx_word' id='word_1_286' title='bbox 847 3371 995 3426; x_wconf 80' lang='lat' dir='ltr'><strong>agros</strong></span> <span class='ocrx_word' id='word_1_287' title='bbox 1028 3396 1043 3420; x_wconf 93' lang='lat'><strong>,</strong></span> <span class='ocrx_word' id='word_1_288' title='bbox 1101 3365 1148 3408; x_wconf 91' lang='lat' dir='ltr'><strong>et</strong></span> <span class='ocrx_word' id='word_1_289' title='bbox 1194 3354 1545 3425; x_wconf 83' lang='lat' dir='ltr'><strong>plantaverunt</strong></span> <span class='ocrx_word' id='word_1_290' title='bbox 1592 3354 1760 3407; x_wconf 80' lang='lat' dir='ltr'><strong>vineas</strong></span> <span class='ocrx_word' id='word_1_291' title='bbox 1781 3393 1796 3419; x_wconf 94' lang='lat'><strong>,</strong></span> <span class='ocrx_word' id='word_1_292' title='bbox 1828 3362 1876 3407; x_wconf 83' lang='lat' dir='ltr'><strong>et</strong></span> <span class='ocrx_word' id='word_1_293' title='bbox 1920 3356 2143 3424; x_wconf 67' lang='lat' dir='ltr'><strong>fecerunt</strong></span> 
     </span>
    </p>
   </div>
   <div class='ocr_carea' id='block_1_34' title="bbox 553 3443 2140 3520">
    <p class='ocr_par' dir='ltr' id='par_1_34' title="bbox 553 3443 2140 3520">
     <span class='ocr_line' id='line_1_34' title="bbox 553 3443 2140 3520; baseline -0.003 -17"><span class='ocrx_word' id='word_1_294' title='bbox 553 3452 774 3520; x_wconf 76' lang='lat' dir='ltr'><strong>fructum</strong></span> <span class='ocrx_word' id='word_1_295' title='bbox 786 3447 1027 3516; x_wconf 74' lang='lat' dir='ltr'><strong>[runtenti</strong></span> <span class='ocrx_word' id='word_1_296' title='bbox 1055 3458 1075 3500; x_wconf 91' lang='lat'><strong><em>:</em></strong></span> <span class='ocrx_word' id='word_1_297' title='bbox 1098 3445 1165 3499; x_wconf 74' lang='lat' dir='ltr'><strong>ad</strong></span> <span class='ocrx_word' id='word_1_298' title='bbox 1181 3460 1339 3515; x_wconf 84' lang='lat' dir='ltr'><strong>quem</strong></span> <span class='ocrx_word' id='word_1_299' title='bbox 1359 3443 1642 3516; x_wconf 74' lang='lat' dir='ltr'><strong>(a)gaudet</strong></span> <span class='ocrx_word' id='word_1_300' title='bbox 1657 3444 1935 3513; x_wconf 82' lang='lat' dir='ltr'><strong>operarius</strong></span> <span class='ocrx_word' id='word_1_301' title='bbox 1949 3444 2037 3499; x_wconf 90' lang='lat' dir='ltr'><strong>ille</strong></span> <span class='ocrx_word' id='word_1_302' title='bbox 2052 3446 2140 3514; x_wconf 91' lang='lat' dir='ltr'><strong>qui</strong></span> 
     </span>
    </p>
   </div>
   <div class='ocr_carea' id='block_1_35' title="bbox 554 3533 2134 3608">
    <p class='ocr_par' dir='ltr' id='par_1_35' title="bbox 554 3533 2134 3608">
     <span class='ocr_line' id='line_1_35' title="bbox 554 3533 2134 3608; baseline -0.003 -15"><span class='ocrx_word' id='word_1_303' title='bbox 554 3540 703 3603; x_wconf 85' lang='lat' dir='ltr'><strong>dicit,</strong></span> <span class='ocrx_word' id='word_1_304' title='bbox 740 3557 760 3591; x_wconf 79' lang='grc' dir='ltr'>ι</span> <span class='ocrx_word' id='word_1_305' title='bbox 784 3538 899 3593; x_wconf 83' lang='grc' dir='ltr'><strong>Νοη</strong></span> <span class='ocrx_word' id='word_1_306' title='bbox 929 3538 1052 3608; x_wconf 79' lang='lat' dir='ltr'><strong>quia</strong></span> <span class='ocrx_word' id='word_1_307' title='bbox 1075 3550 1258 3607; x_wconf 78' lang='lat' dir='ltr'><strong>quacro</strong></span> <span class='ocrx_word' id='word_1_308' title='bbox 1273 3534 1481 3603; x_wconf 86' lang='lat' dir='ltr'><strong>datum,</strong></span> <span class='ocrx_word' id='word_1_309' title='bbox 1507 3533 1600 3590; x_wconf 85' lang='lat' dir='ltr'><strong>sed</strong></span> <span class='ocrx_word' id='word_1_310' title='bbox 1630 3536 1844 3605; x_wconf 83' lang='lat' dir='ltr'><strong>requiro</strong></span> <span class='ocrx_word' id='word_1_311' title='bbox 1864 3534 2094 3590; x_wconf 81' lang='lat' dir='ltr'><strong>fructum</strong></span> <span class='ocrx_word' id='word_1_312' title='bbox 2115 3553 2134 3589; x_wconf 71' lang='grc' dir='ltr'><strong>ο</strong></span> 
     </span>
    </p>
   </div>
   <div class='ocr_carea' id='block_1_36' title="bbox 556 3626 2141 3705">
    <p class='ocr_par' dir='ltr' id='par_1_36' title="bbox 556 3626 2141 3705">
     <span class='ocr_line' id='line_1_36' title="bbox 556 3626 2141 3705; baseline -0.003 -17"><span class='ocrx_word' id='word_1_313' title='bbox 556 3635 574 3705; x_wconf 90' lang='grc'><strong>(</strong></span> <span class='ocrx_word' id='word_1_314' title='bbox 606 3632 843 3703; x_wconf 78' lang='lat' dir='ltr'><strong>Philipp.</strong></span> <span class='ocrx_word' id='word_1_315' title='bbox 873 3646 945 3699; x_wconf 88' lang='lat' dir='ltr'><strong>tv,</strong></span> <span class='ocrx_word' id='word_1_316' title='bbox 981 3628 1113 3698; x_wconf 86' lang='grc'><strong>17).</strong></span> <span class='ocrx_word' id='word_1_317' title='bbox 1148 3644 1169 3681; x_wconf 83' lang='grc'><strong><em>‹</em></strong></span> <span class='ocrx_word' id='word_1_318' title='bbox 1207 3627 1271 3684; x_wconf 88' lang='lat' dir='ltr'><strong>Et</strong></span> <span class='ocrx_word' id='word_1_319' title='bbox 1291 3627 1563 3684; x_wconf 72' lang='lat' dir='ltr'><strong>benedixit</strong></span> <span class='ocrx_word' id='word_1_320' title='bbox 1588 3641 1702 3695; x_wconf 87' lang='lat' dir='ltr'><strong>eos,</strong></span> <span class='ocrx_word' id='word_1_321' title='bbox 1731 3636 1785 3682; x_wconf 87' lang='lat' dir='ltr'><strong>et</strong></span> <span class='ocrx_word' id='word_1_322' title='bbox 1808 3626 2141 3697; x_wconf 86' lang='lat' dir='ltr'><strong>multiplicati</strong></span> 
     </span>
    </p>
   </div>
   <div class='ocr_carea' id='block_1_37' title="bbox 555 3720 2133 3795">
    <p class='ocr_par' dir='ltr' id='par_1_37' title="bbox 555 3720 2133 3795">
     <span class='ocr_line' id='line_1_37' title="bbox 555 3720 2133 3795; baseline -0.007 -11"><span class='ocrx_word' id='word_1_323' title='bbox 555 3736 679 3784; x_wconf 89' lang='lat' dir='ltr'><strong>sunt</strong></span> <span class='ocrx_word' id='word_1_324' title='bbox 704 3726 864 3783; x_wconf 86' lang='lat' dir='ltr'><strong>nimis</strong></span> <span class='ocrx_word' id='word_1_325' title='bbox 885 3767 901 3793; x_wconf 93' lang='lat'><strong>,</strong></span> <span class='ocrx_word' id='word_1_326' title='bbox 944 3734 998 3779; x_wconf 90' lang='lat' dir='ltr'><strong>et</strong></span> <span class='ocrx_word' id='word_1_327' title='bbox 1021 3724 1264 3795; x_wconf 74' lang='lat' dir='ltr'><strong>iumenta</strong></span> <span class='ocrx_word' id='word_1_328' title='bbox 1302 3736 1490 3777; x_wconf 89' lang='lat' dir='ltr'><strong>eorum</strong></span> <span class='ocrx_word' id='word_1_329' title='bbox 1518 3736 1622 3775; x_wconf 89' lang='lat' dir='ltr'><strong>non</strong></span> <span class='ocrx_word' id='word_1_330' title='bbox 1647 3729 1771 3776; x_wconf 88' lang='lat' dir='ltr'><strong>sunt</strong></span> <span class='ocrx_word' id='word_1_331' title='bbox 1799 3720 2087 3775; x_wconf 87' lang='lat' dir='ltr'><strong>deminuta.</strong></span> <span class='ocrx_word' id='word_1_332' title='bbox 2115 3740 2133 3773; x_wconf 71' lang='grc' dir='ltr'><strong><em>ι</em></strong></span> 
     </span>
    </p>
   </div>
   <div class='ocr_carea' id='block_1_38' title="bbox 554 3811 2134 3877">
    <p class='ocr_par' dir='ltr' id='par_1_38' title="bbox 554 3811 2134 3877">
     <span class='ocr_line' id='line_1_38' title="bbox 554 3811 2134 3877; baseline -0.008 0"><span class='ocrx_word' id='word_1_333' title='bbox 554 3822 671 3877; x_wconf 85' lang='lat' dir='ltr'><strong>Hoc</strong></span> <span class='ocrx_word' id='word_1_334' title='bbox 699 3828 824 3875; x_wconf 84' lang='lat' dir='ltr'><strong>stat.</strong></span> <span class='ocrx_word' id='word_1_335' title='bbox 853 3836 873 3873; x_wconf 77' lang='grc' dir='ltr'>ι</span> <span class='ocrx_word' id='word_1_336' title='bbox 904 3817 1139 3872; x_wconf 85' lang='lat' dir='ltr'><strong>Firmum</strong></span> <span class='ocrx_word' id='word_1_337' title='bbox 1180 3833 1199 3868; x_wconf 72' lang='grc' dir='ltr'>ι</span> <span class='ocrx_word' id='word_1_338' title='bbox 1230 3814 1372 3869; x_wconf 91' lang='lat' dir='ltr'><strong>enim</strong></span> <span class='ocrx_word' id='word_1_339' title='bbox 1408 3832 1425 3867; x_wconf 72' lang='grc' dir='ltr'><strong>ε</strong></span> <span class='ocrx_word' id='word_1_340' title='bbox 1463 3812 1864 3868; x_wconf 76' lang='lat' dir='ltr'><strong>fundamentum</strong></span> <span class='ocrx_word' id='word_1_341' title='bbox 1895 3811 1991 3866; x_wconf 90' lang='lat' dir='ltr'><strong>Dei</strong></span> <span class='ocrx_word' id='word_1_342' title='bbox 2013 3820 2134 3877; x_wconf 82' lang='lat' dir='ltr'><strong>stat,</strong></span> 
     </span>
    </p>
   </div>
   <div class='ocr_carea' id='block_1_39' title="bbox 558 3905 2133 3987">
    <p class='ocr_par' dir='ltr' id='par_1_39' title="bbox 558 3905 2133 3987">
     <span class='ocr_line' id='line_1_39' title="bbox 558 3905 2133 3987; baseline -0.006 -19"><span class='ocrx_word' id='word_1_343' title='bbox 558 3934 578 3968; x_wconf 75' lang='grc' dir='ltr'><strong><em>ι</em></strong></span> <span class='ocrx_word' id='word_1_344' title='bbox 614 3916 737 3987; x_wconf 79' lang='lat' dir='ltr'><strong>quia</strong></span> <span class='ocrx_word' id='word_1_345' title='bbox 767 3913 914 3969; x_wconf 87' lang='lat' dir='ltr'><strong>novit</strong></span> <span class='ocrx_word' id='word_1_346' title='bbox 939 3911 1195 3967; x_wconf 82' lang='lat' dir='ltr'><strong>Dominus</strong></span> <span class='ocrx_word' id='word_1_347' title='bbox 1214 3908 1306 3980; x_wconf 90' lang='lat' dir='ltr'><strong>qui</strong></span> <span class='ocrx_word' id='word_1_348' title='bbox 1322 3915 1447 3964; x_wconf 86' lang='lat' dir='ltr'><strong>sunt</strong></span> <span class='ocrx_word' id='word_1_349' title='bbox 1465 3908 1581 3978; x_wconf 82' lang='lat' dir='ltr'><strong>ejus</strong></span> <span class='ocrx_word' id='word_1_350' title='bbox 1615 3926 1633 3960; x_wconf 74' lang='grc' dir='ltr'><strong><em>ι</em></strong></span> <span class='ocrx_word' id='word_1_351' title='bbox 1669 3907 1751 3979; x_wconf 91' lang='lat' dir='ltr'><strong>(ll</strong></span> <span class='ocrx_word' id='word_1_352' title='bbox 1773 3906 1906 3961; x_wconf 88' lang='lat' dir='ltr'><strong>Tim.</strong></span> <span class='ocrx_word' id='word_1_353' title='bbox 1936 3922 1993 3973; x_wconf 88' lang='lat' dir='ltr'><strong>tt,</strong></span> <span class='ocrx_word' id='word_1_354' title='bbox 2023 3905 2133 3976; x_wconf 83' lang='lat' dir='ltr'><strong>l9).</strong></span> 
     </span>
    </p>
   </div>
   <div class='ocr_carea' id='block_1_40' title="bbox 548 3998 2131 4076">
    <p class='ocr_par' dir='ltr' id='par_1_40' title="bbox 548 3998 2131 4076">
     <span class='ocr_line' id='line_1_40' title="bbox 548 3998 2131 4076; baseline -0.006 -12"><span class='ocrx_word' id='word_1_355' title='bbox 548 4009 798 4065; x_wconf 78' lang='lat' dir='ltr'><strong>Jumenta</strong></span> <span class='ocrx_word' id='word_1_356' title='bbox 825 4014 880 4061; x_wconf 84' lang='lat' dir='ltr'><strong>et</strong></span> <span class='ocrx_word' id='word_1_357' title='bbox 926 4018 1118 4076; x_wconf 85' lang='lat' dir='ltr'><strong>pecora</strong></span> <span class='ocrx_word' id='word_1_358' title='bbox 1148 4002 1397 4058; x_wconf 84' lang='lat' dir='ltr'><strong>dicuntur</strong></span> <span class='ocrx_word' id='word_1_359' title='bbox 1422 4042 1438 4069; x_wconf 90' lang='lat'><strong>,</strong></span> <span class='ocrx_word' id='word_1_360' title='bbox 1467 4001 1519 4056; x_wconf 91' lang='lat' dir='ltr'><strong>in</strong></span> <span class='ocrx_word' id='word_1_361' title='bbox 1547 3999 1788 4056; x_wconf 85' lang='lat' dir='ltr'><strong>Ecclesia</strong></span> <span class='ocrx_word' id='word_1_362' title='bbox 1817 3998 2131 4068; x_wconf 87' lang='lat' dir='ltr'><strong>simpliciter</strong></span> 
     </span>
    </p>
   </div>
   <div class='ocr_carea' id='block_1_41' title="bbox 551 4089 2138 4166">
    <p class='ocr_par' dir='ltr' id='par_1_41' title="bbox 551 4089 2138 4166">
     <span class='ocr_line' id='line_1_41' title="bbox 551 4089 2138 4166; baseline -0.006 -11"><span class='ocrx_word' id='word_1_363' title='bbox 551 4098 877 4155; x_wconf 74' lang='lat' dir='ltr'><strong>ambulantis</strong></span> <span class='ocrx_word' id='word_1_364' title='bbox 898 4139 914 4166; x_wconf 93' lang='lat'><strong>,</strong></span> <span class='ocrx_word' id='word_1_365' title='bbox 956 4096 1050 4151; x_wconf 88' lang='lat' dir='ltr'><strong>sed</strong></span> <span class='ocrx_word' id='word_1_366' title='bbox 1080 4095 1224 4151; x_wconf 88' lang='lat' dir='ltr'><strong>utilia</strong></span> <span class='ocrx_word' id='word_1_367' title='bbox 1250 4110 1265 4160; x_wconf 88' lang='lat'><strong>;</strong></span> <span class='ocrx_word' id='word_1_368' title='bbox 1293 4108 1397 4149; x_wconf 92' lang='lat' dir='ltr'><strong>non</strong></span> <span class='ocrx_word' id='word_1_369' title='bbox 1436 4093 1660 4147; x_wconf 87' lang='lat' dir='ltr'><strong>multum</strong></span> <span class='ocrx_word' id='word_1_370' title='bbox 1689 4092 1840 4147; x_wconf 86' lang='lat' dir='ltr'><strong>docta</strong></span> <span class='ocrx_word' id='word_1_371' title='bbox 1867 4131 1881 4156; x_wconf 94' lang='lat'><strong>,</strong></span> <span class='ocrx_word' id='word_1_372' title='bbox 1909 4089 2001 4145; x_wconf 85' lang='lat' dir='ltr'><strong>sed</strong></span> <span class='ocrx_word' id='word_1_373' title='bbox 2034 4090 2138 4146; x_wconf 83' lang='lat' dir='ltr'><strong>tide</strong></span> 
     </span>
    </p>
   </div>
   <div class='ocr_carea' id='block_1_42' title="bbox 552 4182 2139 4263">
    <p class='ocr_par' dir='ltr' id='par_1_42' title="bbox 552 4182 2139 4263">
     <span class='ocr_line' id='line_1_42' title="bbox 552 4182 2139 4263; baseline -0.008 -15"><span class='ocrx_word' id='word_1_374' title='bbox 552 4194 731 4263; x_wconf 82' lang='lat' dir='ltr'><strong>plena.</strong></span> <span class='ocrx_word' id='word_1_375' title='bbox 755 4191 899 4261; x_wconf 75' lang='lat' dir='ltr'><strong>Ergo</strong></span> <span class='ocrx_word' id='word_1_376' title='bbox 921 4197 973 4243; x_wconf 86' lang='lat' dir='ltr'><strong>et</strong></span> <span class='ocrx_word' id='word_1_377' title='bbox 1002 4188 1305 4259; x_wconf 86' lang='lat' dir='ltr'><strong>spirituales</strong></span> <span class='ocrx_word' id='word_1_378' title='bbox 1330 4194 1383 4241; x_wconf 90' lang='lat' dir='ltr'><strong>et</strong></span> <span class='ocrx_word' id='word_1_379' title='bbox 1406 4184 1648 4241; x_wconf 86' lang='lat' dir='ltr'><strong>carnales</strong></span> <span class='ocrx_word' id='word_1_380' title='bbox 1673 4182 1923 4237; x_wconf 69' lang='lat' dir='ltr'><strong>benedixit</strong></span> <span class='ocrx_word' id='word_1_381' title='bbox 1953 4199 2064 4245; x_wconf 85' lang='lat' dir='ltr'><strong>eos,</strong></span> <span class='ocrx_word' id='word_1_382' title='bbox 2090 4191 2139 4236; x_wconf 90' lang='lat' dir='ltr'><strong>et</strong></span> 
     </span>
    </p>
   </div>
   <div class='ocr_carea' id='block_1_43' title="bbox 551 4275 2138 4355">
    <p class='ocr_par' dir='ltr' id='par_1_43' title="bbox 551 4275 2138 4355">
     <span class='ocr_line' id='line_1_43' title="bbox 551 4275 2138 4355; baseline -0.007 -17"><span class='ocrx_word' id='word_1_383' title='bbox 551 4282 877 4355; x_wconf 76' lang='lat' dir='ltr'><strong>multiplicati</strong></span> <span class='ocrx_word' id='word_1_384' title='bbox 906 4291 1023 4335; x_wconf 86' lang='lat' dir='ltr'><strong>sunt</strong></span> <span class='ocrx_word' id='word_1_385' title='bbox 1043 4281 1224 4348; x_wconf 83' lang='lat' dir='ltr'><strong>nimis,</strong></span> <span class='ocrx_word' id='word_1_386' title='bbox 1252 4288 1300 4334; x_wconf 83' lang='lat' dir='ltr'><strong>et</strong></span> <span class='ocrx_word' id='word_1_387' title='bbox 1318 4278 1551 4348; x_wconf 87' lang='lat' dir='ltr'><strong>jumenta</strong></span> <span class='ocrx_word' id='word_1_388' title='bbox 1575 4292 1749 4331; x_wconf 84' lang='lat' dir='ltr'><strong>eorum</strong></span> <span class='ocrx_word' id='word_1_389' title='bbox 1776 4292 1877 4331; x_wconf 88' lang='lat' dir='ltr'><strong>non</strong></span> <span class='ocrx_word' id='word_1_390' title='bbox 1907 4284 2023 4329; x_wconf 89' lang='lat' dir='ltr'><strong>sunt</strong></span> <span class='ocrx_word' id='word_1_391' title='bbox 2052 4275 2138 4328; x_wconf 87' lang='lat' dir='ltr'><strong>de-</strong></span> 
     </span>
    </p>
   </div>
   <div class='ocr_carea' id='block_1_44' title="bbox 550 4376 766 4431">
    <p class='ocr_par' dir='ltr' id='par_1_44' title="bbox 550 4376 766 4431">
     <span class='ocr_line' id='line_1_44' title="bbox 550 4376 766 4431; baseline -0.014 -2"><span class='ocrx_word' id='word_1_392' title='bbox 550 4376 766 4431; x_wconf 84' lang='lat' dir='ltr'><strong>minuta.</strong></span> 
     </span>
    </p>
   </div>
   <div class='ocr_carea' id='block_1_45' title="bbox 624 4460 2137 4539">
    <p class='ocr_par' dir='ltr' id='par_1_45' title="bbox 624 4460 2137 4539">
     <span class='ocr_line' id='line_1_45' title="bbox 624 4460 2137 4539; baseline -0.005 -17"><span class='ocrx_word' id='word_1_393' title='bbox 624 4467 710 4522; x_wconf 74' lang='lat' dir='ltr'><strong>M.</strong></span> <span class='ocrx_word' id='word_1_394' title='bbox 754 4462 929 4539; x_wconf 59' lang='lat' dir='ltr'><strong>[verm</strong></span> <span class='ocrx_word' id='word_1_395' title='bbox 963 4463 1152 4520; x_wconf 60' lang='lat'><strong>5942.</strong></span> <span class='ocrx_word' id='word_1_396' title='bbox 1182 4461 1204 4535; x_wconf 89' lang='lat'><strong>]</strong></span> <span class='ocrx_word' id='word_1_397' title='bbox 1244 4460 1313 4517; x_wconf 82' lang='lat' dir='ltr'><strong>Et</strong></span> <span class='ocrx_word' id='word_1_398' title='bbox 1364 4463 1512 4531; x_wconf 84' lang='lat' dir='ltr'><strong>pauci</strong></span> <span class='ocrx_word' id='word_1_399' title='bbox 1556 4461 1677 4529; x_wconf 74' lang='lat' dir='ltr'><strong>{acti</strong></span> <span class='ocrx_word' id='word_1_400' title='bbox 1711 4470 1849 4527; x_wconf 88' lang='lat' dir='ltr'><strong>sunt,</strong></span> <span class='ocrx_word' id='word_1_401' title='bbox 1894 4470 1941 4514; x_wconf 90' lang='lat' dir='ltr'><strong>et</strong></span> <span class='ocrx_word' id='word_1_402' title='bbox 1973 4463 2137 4515; x_wconf 69' lang='lat' dir='ltr'><strong>vexati</strong></span> 
     </span>
    </p>
   </div>
   <div class='ocr_carea' id='block_1_46' title="bbox 553 4552 2138 4625">
    <p class='ocr_par' dir='ltr' id='par_1_46' title="bbox 553 4552 2138 4625">
     <span class='ocr_line' id='line_1_46' title="bbox 553 4552 2138 4625; baseline -0.004 -10"><span class='ocrx_word' id='word_1_403' title='bbox 553 4569 690 4615; x_wconf 83' lang='lat' dir='ltr'><strong>sunt.</strong></span> <span class='ocrx_word' id='word_1_404' title='bbox 725 4558 878 4615; x_wconf 85' lang='lat' dir='ltr'><strong>Unde</strong></span> <span class='ocrx_word' id='word_1_405' title='bbox 921 4555 1056 4625; x_wconf 87' lang='lat' dir='ltr'><strong>hoc,</strong></span> <span class='ocrx_word' id='word_1_406' title='bbox 1085 4557 1153 4613; x_wconf 87' lang='lat' dir='ltr'><strong>de</strong></span> <span class='ocrx_word' id='word_1_407' title='bbox 1202 4555 1544 4611; x_wconf 86' lang='lat' dir='ltr'><strong>transverso?</strong></span> <span class='ocrx_word' id='word_1_408' title='bbox 1577 4554 1686 4608; x_wconf 91' lang='lat' dir='ltr'><strong>lmo</strong></span> <span class='ocrx_word' id='word_1_409' title='bbox 1713 4552 1778 4608; x_wconf 88' lang='lat' dir='ltr'><strong>de</strong></span> <span class='ocrx_word' id='word_1_410' title='bbox 1807 4553 2036 4607; x_wconf 90' lang='lat' dir='ltr'><strong>interno.</strong></span> <span class='ocrx_word' id='word_1_411' title='bbox 2071 4553 2138 4610; x_wconf 92' lang='lat' dir='ltr'><strong>Ut</strong></span> 
     </span>
    </p>
   </div>
   <div class='ocr_carea' id='block_1_47' title="bbox 550 4646 2137 4725">
    <p class='ocr_par' dir='ltr' id='par_1_47' title="bbox 550 4646 2137 4725">
     <span class='ocr_line' id='line_1_47' title="bbox 550 4646 2137 4725; baseline -0.006 -15"><span class='ocrx_word' id='word_1_412' title='bbox 550 4656 691 4710; x_wconf 88' lang='lat' dir='ltr'><strong>enim</strong></span> <span class='ocrx_word' id='word_1_413' title='bbox 715 4654 864 4725; x_wconf 81' lang='lat' dir='ltr'><strong>pauci</strong></span> <span class='ocrx_word' id='word_1_414' title='bbox 893 4652 1110 4718; x_wconf 83' lang='lat' dir='ltr'><strong>tierent,</strong></span> <span class='ocrx_word' id='word_1_415' title='bbox 1131 4665 1193 4705; x_wconf 80' lang='lat' dir='ltr'><strong>ea:</strong></span> <span class='ocrx_word' id='word_1_416' title='bbox 1217 4648 1359 4703; x_wconf 83' lang='lat' dir='ltr'><strong>nobis</strong></span> <span class='ocrx_word' id='word_1_417' title='bbox 1388 4647 1636 4714; x_wconf 64' lang='lat' dir='ltr'><strong>exierunt,</strong></span> <span class='ocrx_word' id='word_1_418' title='bbox 1669 4646 1756 4700; x_wconf 86' lang='lat' dir='ltr'><strong>sed</strong></span> <span class='ocrx_word' id='word_1_419' title='bbox 1783 4662 1881 4700; x_wconf 81' lang='lat' dir='ltr'><strong>non</strong></span> <span class='ocrx_word' id='word_1_420' title='bbox 1908 4656 2048 4701; x_wconf 88' lang='lat' dir='ltr'><strong>erant</strong></span> <span class='ocrx_word' id='word_1_421' title='bbox 2075 4663 2137 4701; x_wconf 77' lang='lat' dir='ltr'><strong>ea:</strong></span> 
     </span>
    </p>
   </div>
   <div class='ocr_carea' id='block_1_48' title="bbox 550 4738 2135 4812">
    <p class='ocr_par' dir='ltr' id='par_1_48' title="bbox 550 4738 2135 4812">
     <span class='ocr_line' id='line_1_48' title="bbox 550 4738 2135 4812; baseline -0.004 -9"><span class='ocrx_word' id='word_1_422' title='bbox 550 4748 712 4803; x_wconf 83' lang='lat' dir='ltr'><strong>nobis.</strong></span> <span class='ocrx_word' id='word_1_423' title='bbox 759 4747 880 4802; x_wconf 90' lang='lat' dir='ltr'><strong>Ideo</strong></span> <span class='ocrx_word' id='word_1_424' title='bbox 922 4754 1098 4800; x_wconf 82' lang='lat' dir='ltr'><strong>autent</strong></span> <span class='ocrx_word' id='word_1_425' title='bbox 1144 4753 1389 4812; x_wconf 84' lang='lat' dir='ltr'><strong>tanquam</strong></span> <span class='ocrx_word' id='word_1_426' title='bbox 1434 4738 1614 4795; x_wconf 88' lang='lat' dir='ltr'><strong>dehis</strong></span> <span class='ocrx_word' id='word_1_427' title='bbox 1640 4739 1799 4805; x_wconf 89' lang='lat' dir='ltr'><strong>dicit,</strong></span> <span class='ocrx_word' id='word_1_428' title='bbox 1834 4739 1901 4796; x_wconf 89' lang='lat' dir='ltr'><strong>de</strong></span> <span class='ocrx_word' id='word_1_429' title='bbox 1947 4740 2135 4811; x_wconf 89' lang='lat' dir='ltr'><strong>quibus</strong></span> 
     </span>
    </p>
   </div>
   <div class='ocr_carea' id='block_1_49' title="bbox 552 4833 2131 4909">
    <p class='ocr_par' dir='ltr' id='par_1_49' title="bbox 552 4833 2131 4909">
     <span class='ocr_line' id='line_1_49' title="bbox 552 4833 2131 4909; baseline -0.004 -14"><span class='ocrx_word' id='word_1_430' title='bbox 552 4849 706 4895; x_wconf 84' lang='lat' dir='ltr'><strong>antea</strong></span> <span class='ocrx_word' id='word_1_431' title='bbox 748 4839 1118 4909; x_wconf 85' lang='lat' dir='ltr'><strong>loquebantur,</strong></span> <span class='ocrx_word' id='word_1_432' title='bbox 1151 4843 1208 4891; x_wconf 89' lang='lat' dir='ltr'><strong>ttt</strong></span> <span class='ocrx_word' id='word_1_433' title='bbox 1245 4846 1364 4889; x_wconf 89' lang='lat' dir='ltr'><strong>cum</strong></span> <span class='ocrx_word' id='word_1_434' title='bbox 1414 4833 1684 4889; x_wconf 83' lang='lat' dir='ltr'><strong>intellectu</strong></span> <span class='ocrx_word' id='word_1_435' title='bbox 1724 4833 2131 4901; x_wconf 85' lang='lat' dir='ltr'><strong>discernantur;</strong></span> 
     </span>
    </p>
   </div>
   <div class='ocr_carea' id='block_1_50' title="bbox 552 4927 2134 5009">
    <p class='ocr_par' dir='ltr' id='par_1_50' title="bbox 552 4927 2134 5009">
     <span class='ocr_line' id='line_1_50' title="bbox 552 4927 2134 5009; baseline -0.006 -20"><span class='ocrx_word' id='word_1_436' title='bbox 552 4933 674 5009; x_wconf 86' lang='lat' dir='ltr'><strong>quia</strong></span> <span class='ocrx_word' id='word_1_437' title='bbox 698 4943 949 5003; x_wconf 87' lang='lat' dir='ltr'><strong>tanquam</strong></span> <span class='ocrx_word' id='word_1_438' title='bbox 980 4930 1047 4985; x_wconf 89' lang='lat' dir='ltr'><strong>de</strong></span> <span class='ocrx_word' id='word_1_439' title='bbox 1076 4927 1279 4984; x_wconf 85' lang='lat' dir='ltr'><strong>hisdem</strong></span> <span class='ocrx_word' id='word_1_440' title='bbox 1308 4927 1563 4996; x_wconf 88' lang='lat' dir='ltr'><strong>loquitur,</strong></span> <span class='ocrx_word' id='word_1_441' title='bbox 1596 4934 1811 4996; x_wconf 83' lang='lat' dir='ltr'><strong>propter</strong></span> <span class='ocrx_word' id='word_1_442' title='bbox 1835 4927 2134 4980; x_wconf 84' lang='lat' dir='ltr'><strong>communia</strong></span> 
     </span>
    </p>
   </div>
   <div class='ocr_carea' id='block_1_51' title="bbox 554 5018 2134 5093">
    <p class='ocr_par' dir='ltr' id='par_1_51' title="bbox 554 5018 2134 5093">
     <span class='ocr_line' id='line_1_51' title="bbox 554 5018 2134 5093; baseline -0.008 -8"><span class='ocrx_word' id='word_1_443' title='bbox 554 5029 921 5085; x_wconf 84' lang='lat' dir='ltr'><strong>Sacramenta.</strong></span> <span class='ocrx_word' id='word_1_444' title='bbox 956 5022 1035 5078; x_wconf 84' lang='lat' dir='ltr'><strong>Ad</strong></span> <span class='ocrx_word' id='word_1_445' title='bbox 1089 5020 1338 5093; x_wconf 88' lang='lat' dir='ltr'><strong>populum</strong></span> <span class='ocrx_word' id='word_1_446' title='bbox 1366 5021 1508 5075; x_wconf 87' lang='lat' dir='ltr'><strong>enim</strong></span> <span class='ocrx_word' id='word_1_447' title='bbox 1556 5019 1645 5074; x_wconf 90' lang='lat' dir='ltr'><strong>Dei</strong></span> <span class='ocrx_word' id='word_1_448' title='bbox 1692 5018 1955 5088; x_wconf 86' lang='lat' dir='ltr'><strong>pertinent</strong></span> <span class='ocrx_word' id='word_1_449' title='bbox 1987 5060 2000 5085; x_wconf 88' lang='lat'><strong>,</strong></span> <span class='ocrx_word' id='word_1_450' title='bbox 2034 5018 2134 5073; x_wconf 88' lang='lat' dir='ltr'><strong>etsi</strong></span> 
     </span>
    </p>
   </div>
   <div class='ocr_carea' id='block_1_52' title="bbox 554 5111 2135 5189">
    <p class='ocr_par' dir='ltr' id='par_1_52' title="bbox 554 5111 2135 5189">
     <span class='ocr_line' id='line_1_52' title="bbox 554 5111 2135 5189; baseline -0.006 -12"><span class='ocrx_word' id='word_1_451' title='bbox 554 5138 662 5177; x_wconf 91' lang='lat' dir='ltr'><strong>non</strong></span> <span class='ocrx_word' id='word_1_452' title='bbox 690 5136 783 5189; x_wconf 89' lang='lat' dir='ltr'><strong>per</strong></span> <span class='ocrx_word' id='word_1_453' title='bbox 810 5120 1089 5185; x_wconf 85' lang='lat' dir='ltr'><strong>virtutem,</strong></span> <span class='ocrx_word' id='word_1_454' title='bbox 1122 5124 1267 5172; x_wconf 89' lang='lat' dir='ltr'><strong>certe</strong></span> <span class='ocrx_word' id='word_1_455' title='bbox 1294 5130 1387 5185; x_wconf 88' lang='lat' dir='ltr'><strong>per</strong></span> <span class='ocrx_word' id='word_1_456' title='bbox 1418 5114 1647 5182; x_wconf 81' lang='lat' dir='ltr'><strong>Speciem</strong></span> <span class='ocrx_word' id='word_1_457' title='bbox 1679 5112 1886 5182; x_wconf 90' lang='lat' dir='ltr'><strong>pietatis</strong></span> <span class='ocrx_word' id='word_1_458' title='bbox 1908 5128 1921 5178; x_wconf 91' lang='lat'><strong>;</strong></span> <span class='ocrx_word' id='word_1_459' title='bbox 1945 5111 2011 5166; x_wconf 87' lang='lat' dir='ltr'><strong>de</strong></span> <span class='ocrx_word' id='word_1_460' title='bbox 2032 5112 2135 5167; x_wconf 90' lang='lat' dir='ltr'><strong>illis</strong></span> 
     </span>
    </p>
   </div>
   <div class='ocr_carea' id='block_1_53' title="bbox 557 5205 2136 5281">
    <p class='ocr_par' dir='ltr' id='par_1_53' title="bbox 557 5205 2136 5281">
     <span class='ocr_line' id='line_1_53' title="bbox 557 5205 2136 5281; baseline -0.008 -9"><span class='ocrx_word' id='word_1_461' title='bbox 557 5215 701 5272; x_wconf 92' lang='lat' dir='ltr'><strong>enim</strong></span> <span class='ocrx_word' id='word_1_462' title='bbox 730 5213 1029 5267; x_wconf 87' lang='lat' dir='ltr'><strong>audivimus</strong></span> <span class='ocrx_word' id='word_1_463' title='bbox 1058 5210 1371 5281; x_wconf 79' lang='lat' dir='ltr'><strong>Apostolum</strong></span> <span class='ocrx_word' id='word_1_464' title='bbox 1397 5226 1409 5263; x_wconf 89' lang='lat'><strong>:</strong></span> <span class='ocrx_word' id='word_1_465' title='bbox 1434 5206 1501 5263; x_wconf 91' lang='lat' dir='ltr'><strong>In</strong></span> <span class='ocrx_word' id='word_1_466' title='bbox 1527 5206 1807 5261; x_wconf 88' lang='lat' dir='ltr'><strong>novissimis</strong></span> <span class='ocrx_word' id='word_1_467' title='bbox 1834 5205 2136 5276; x_wconf 83' lang='lat' dir='ltr'><strong>temporibus</strong></span> 
     </span>
    </p>
   </div>
   <div class='ocr_carea' id='block_1_54' title="bbox 550 5299 2135 5373">
    <p class='ocr_par' dir='ltr' id='par_1_54' title="bbox 550 5299 2135 5373">
     <span class='ocr_line' id='line_1_54' title="bbox 550 5299 2135 5373; baseline -0.005 -12"><span class='ocrx_word' id='word_1_468' title='bbox 550 5306 811 5361; x_wconf 83' lang='lat' dir='ltr'><strong>instabunt</strong></span> <span class='ocrx_word' id='word_1_469' title='bbox 837 5314 1061 5373; x_wconf 72' lang='lat' dir='ltr'><strong>tempore</strong></span> <span class='ocrx_word' id='word_1_470' title='bbox 1099 5320 1265 5368; x_wconf 71' lang='lat' dir='ltr'><strong>sazva;</strong></span> <span class='ocrx_word' id='word_1_471' title='bbox 1311 5311 1451 5357; x_wconf 88' lang='lat' dir='ltr'><strong>erunt</strong></span> <span class='ocrx_word' id='word_1_472' title='bbox 1500 5301 1632 5355; x_wconf 87' lang='lat' dir='ltr'><strong>enim</strong></span> <span class='ocrx_word' id='word_1_473' title='bbox 1678 5299 1900 5354; x_wconf 81' lang='lat' dir='ltr'><strong>homines</strong></span> <span class='ocrx_word' id='word_1_474' title='bbox 1947 5299 2135 5368; x_wconf 84' lang='lat' dir='ltr'><strong>seipsos</strong></span> 
     </span>
    </p>
   </div>
   <div class='ocr_carea' id='block_1_55' title="bbox 553 5392 2134 5466">
    <p class='ocr_par' dir='ltr' id='par_1_55' title="bbox 553 5392 2134 5466">
     <span class='ocr_line' id='line_1_55' title="bbox 553 5392 2134 5466; baseline -0.006 -13"><span class='ocrx_word' id='word_1_475' title='bbox 553 5406 782 5453; x_wconf 83' lang='lat' dir='ltr'><strong>amantes</strong></span> <span class='ocrx_word' id='word_1_476' title='bbox 805 5393 913 5465; x_wconf 86' lang='lat' dir='ltr'><strong>(Id.</strong></span> <span class='ocrx_word' id='word_1_477' title='bbox 942 5396 1087 5461; x_wconf 78' lang='lat' dir='ltr'><strong>ttt,i,</strong></span> <span class='ocrx_word' id='word_1_478' title='bbox 1110 5395 1187 5466; x_wconf 71' lang='grc'><strong>2).</strong></span> <span class='ocrx_word' id='word_1_479' title='bbox 1216 5395 1448 5449; x_wconf 84' lang='lat' dir='ltr'><strong>Primum</strong></span> <span class='ocrx_word' id='word_1_480' title='bbox 1480 5393 1674 5447; x_wconf 84' lang='lat' dir='ltr'><strong>malum</strong></span> <span class='ocrx_word' id='word_1_481' title='bbox 1695 5433 1709 5455; x_wconf 88' lang='lat'><strong>,</strong></span> <span class='ocrx_word' id='word_1_482' title='bbox 1737 5392 1923 5462; x_wconf 83' lang='lat' dir='ltr'><strong>seipsos</strong></span> <span class='ocrx_word' id='word_1_483' title='bbox 1958 5407 2134 5445; x_wconf 87' lang='lat' dir='ltr'><strong>aman-</strong></span> 
     </span>
    </p>
   </div>
   <div class='ocr_carea' id='block_1_56' title="bbox 554 5483 2130 5559">
    <p class='ocr_par' dir='ltr' id='par_1_56' title="bbox 554 5483 2130 5559">
     <span class='ocr_line' id='line_1_56' title="bbox 554 5483 2130 5559; baseline -0.005 -15"><span class='ocrx_word' id='word_1_484' title='bbox 554 5500 659 5555; x_wconf 84' lang='lat' dir='ltr'><strong>tes;</strong></span> <span class='ocrx_word' id='word_1_485' title='bbox 686 5490 869 5559; x_wconf 85' lang='lat' dir='ltr'><strong>utique</strong></span> <span class='ocrx_word' id='word_1_486' title='bbox 911 5486 1013 5541; x_wconf 85' lang='lat' dir='ltr'><strong>sibi</strong></span> <span class='ocrx_word' id='word_1_487' title='bbox 1052 5486 1337 5556; x_wconf 83' lang='lat' dir='ltr'><strong>placentes.</strong></span> <span class='ocrx_word' id='word_1_488' title='bbox 1367 5484 1581 5539; x_wconf 86' lang='lat' dir='ltr'><strong>Utinam</strong></span> <span class='ocrx_word' id='word_1_489' title='bbox 1623 5484 1719 5539; x_wconf 89' lang='lat' dir='ltr'><strong>sibi</strong></span> <span class='ocrx_word' id='word_1_490' title='bbox 1750 5483 2130 5553; x_wconf 86' lang='lat' dir='ltr'><strong>displicerent,</strong></span> 
     </span>
    </p>
   </div>
   <div class='ocr_carea' id='block_1_57' title="bbox 554 5574 2139 5650">
    <p class='ocr_par' dir='ltr' id='par_1_57' title="bbox 554 5574 2139 5650">
     <span class='ocr_line' id='line_1_57' title="bbox 554 5574 2139 5650; baseline -0.004 -12"><span class='ocrx_word' id='word_1_491' title='bbox 554 5592 610 5638; x_wconf 87' lang='lat' dir='ltr'><strong>et</strong></span> <span class='ocrx_word' id='word_1_492' title='bbox 641 5583 750 5637; x_wconf 86' lang='lat' dir='ltr'><strong>Deo</strong></span> <span class='ocrx_word' id='word_1_493' title='bbox 781 5580 1050 5650; x_wconf 87' lang='lat' dir='ltr'><strong>placerent</strong></span> <span class='ocrx_word' id='word_1_494' title='bbox 1077 5580 1119 5643; x_wconf 77' lang='grc'><strong>²;</strong></span> <span class='ocrx_word' id='word_1_495' title='bbox 1154 5576 1352 5631; x_wconf 86' lang='lat' dir='ltr'><strong>utinam</strong></span> <span class='ocrx_word' id='word_1_496' title='bbox 1376 5575 1429 5631; x_wconf 92' lang='lat' dir='ltr'><strong>in</strong></span> <span class='ocrx_word' id='word_1_497' title='bbox 1456 5574 1852 5631; x_wconf 77' lang='lat' dir='ltr'><strong>difﬁcultatibus</strong></span> <span class='ocrx_word' id='word_1_498' title='bbox 1873 5574 2139 5631; x_wconf 82' lang='lat' dir='ltr'><strong>exclama-</strong></span> 
     </span>
    </p>
   </div>
   <div class='ocr_carea' id='block_1_58' title="bbox 615 5677 2134 5745">
    <p class='ocr_par' dir='ltr' id='par_1_58' title="bbox 615 5677 2134 5745">
     <span class='ocr_line' id='line_1_58' title="bbox 615 5677 2134 5745; baseline -0.004 -10"><span class='ocrx_word' id='word_1_499' title='bbox 615 5692 631 5719; x_wconf 75' lang='grc'>³</span> <span class='ocrx_word' id='word_1_500' title='bbox 668 5693 743 5735; x_wconf 76' lang='lat' dir='ltr'><strong>Er.</strong></span> <span class='ocrx_word' id='word_1_501' title='bbox 760 5692 809 5735; x_wconf 88' lang='lat' dir='ltr'><strong>et</strong></span> <span class='ocrx_word' id='word_1_502' title='bbox 831 5692 962 5745; x_wconf 83' lang='lat' dir='ltr'><strong>Lov.,</strong></span> <span class='ocrx_word' id='word_1_503' title='bbox 987 5678 1305 5745; x_wconf 57' lang='lat' dir='ltr'><strong>annisenim</strong></span> <span class='ocrx_word' id='word_1_504' title='bbox 1323 5679 1616 5745; x_wconf 82' lang='lat' dir='ltr'><strong>sacerdotem</strong></span> <span class='ocrx_word' id='word_1_505' title='bbox 1638 5684 1682 5729; x_wconf 90' lang='lat' dir='ltr'><strong>et</strong></span> <span class='ocrx_word' id='word_1_506' title='bbox 1705 5677 2014 5743; x_wconf 77' lang='lat' dir='ltr'><strong>sacriﬁcium,</strong></span> <span class='ocrx_word' id='word_1_507' title='bbox 2040 5687 2134 5730; x_wconf 88' lang='lat' dir='ltr'><strong>etc.</strong></span> 
     </span>
    </p>
   </div>
   <div class='ocr_carea' id='block_1_59' title="bbox 549 5742 1681 5800">
    <p class='ocr_par' dir='ltr' id='par_1_59' title="bbox 549 5742 1681 5800">
     <span class='ocr_line' id='line_1_59' title="bbox 549 5742 1681 5800; baseline -0.008 -2"><span class='ocrx_word' id='word_1_508' title='bbox 549 5757 604 5800; x_wconf 82' lang='grc' dir='ltr'><strong>Αι</strong></span> <span class='ocrx_word' id='word_1_509' title='bbox 631 5758 728 5797; x_wconf 72' lang='lat' dir='ltr'><strong>sm.</strong></span> <span class='ocrx_word' id='word_1_510' title='bbox 756 5756 807 5797; x_wconf 87' lang='lat' dir='ltr'><strong>et</strong></span> <span class='ocrx_word' id='word_1_511' title='bbox 828 5742 1059 5797; x_wconf 48' lang='lat' dir='ltr'><strong>ItsanOn</strong></span> <span class='ocrx_word' id='word_1_512' title='bbox 1081 5744 1279 5799; x_wconf 86' lang='lat' dir='ltr'><strong>habent.</strong></span> <span class='ocrx_word' id='word_1_513' title='bbox 1305 5742 1597 5793; x_wconf 79' lang='lat' dir='ltr'><strong>sacerdotem</strong></span> <span class='ocrx_word' id='word_1_514' title='bbox 1620 5748 1681 5792; x_wconf 89' lang='lat' dir='ltr'><strong>et.</strong></span> 
     </span>
    </p>
   </div>
   <div class='ocr_carea' id='block_1_60' title="bbox 614 5808 1482 5866">
    <p class='ocr_par' dir='ltr' id='par_1_60' title="bbox 614 5808 1482 5866">
     <span class='ocr_line' id='line_1_60' title="bbox 614 5808 1482 5866; baseline -0.007 -8"><span class='ocrx_word' id='word_1_515' title='bbox 614 5812 635 5843; x_wconf 76' lang='grc'>²</span> <span class='ocrx_word' id='word_1_516' title='bbox 670 5809 839 5859; x_wconf 82' lang='lat' dir='ltr'><strong>Plures</strong></span> <span class='ocrx_word' id='word_1_517' title='bbox 860 5816 982 5866; x_wconf 71' lang='lat' dir='ltr'><strong>uss,</strong></span> <span class='ocrx_word' id='word_1_518' title='bbox 1009 5811 1054 5857; x_wconf 90' lang='lat' dir='ltr'><strong>et</strong></span> <span class='ocrx_word' id='word_1_519' title='bbox 1082 5815 1229 5855; x_wconf 79' lang='lat' dir='ltr'><strong>Deum</strong></span> <span class='ocrx_word' id='word_1_520' title='bbox 1253 5808 1482 5856; x_wconf 84' lang='lat' dir='ltr'><strong>amarent.</strong></span> 
     </span>
    </p>
   </div>
   <div class='ocr_carea' id='block_1_61' title="bbox 614 5869 1173 5935">
    <p class='ocr_par' dir='ltr' id='par_1_61' title="bbox 614 5869 1173 5935">
     <span class='ocr_line' id='line_1_61' title="bbox 614 5869 1173 5935; baseline -0.011 -13"><span class='ocrx_word' id='word_1_521' title='bbox 614 5872 691 5935; x_wconf 76' lang='grc' dir='ltr'><strong>(ιι)</strong></span> <span class='ocrx_word' id='word_1_522' title='bbox 725 5869 918 5932; x_wconf 77' lang='lat' dir='ltr'><strong>Sultple,</strong></span> <span class='ocrx_word' id='word_1_523' title='bbox 948 5870 1173 5932; x_wconf 76' lang='lat' dir='ltr'><strong>fructum.</strong></span> 
     </span>
    </p>
   </div>
   <div class='ocr_carea' id='block_1_62' title="bbox 1813 378 2609 439">
    <p class='ocr_par' dir='ltr' id='par_1_62' title="bbox 1813 378 2609 439">
     <span class='ocr_line' id='line_1_62' title="bbox 1813 378 2609 439; baseline 0.004 -3"><span class='ocrx_word' id='word_1_524' title='bbox 1813 380 1869 436; x_wconf 90' lang='lat' dir='ltr'><strong>S.</strong></span> <span class='ocrx_word' id='word_1_525' title='bbox 1904 378 2270 435; x_wconf 81' lang='lat' dir='ltr'><strong>AUGUSTINI</strong></span> <span class='ocrx_word' id='word_1_526' title='bbox 2314 378 2609 439; x_wconf 70' lang='lat' dir='ltr'><strong>El’lS&#39;COPl</strong></span> 
     </span>
    </p>
   </div>
   <div class='ocr_carea' id='block_1_63' title="bbox 3710 407 3827 463">
    <p class='ocr_par' dir='ltr' id='par_1_63' title="bbox 3710 407 3827 463">
     <span class='ocr_line' id='line_1_63' title="bbox 3710 407 3827 463; baseline 0.009 -1"><span class='ocrx_word' id='word_1_527' title='bbox 3710 407 3827 463; x_wconf 71' lang='lat' dir='ltr'><strong>M98</strong></span> 
     </span>
    </p>
   </div>
   <div class='ocr_carea' id='block_1_64' title="bbox 2270 501 3822 578">
    <p class='ocr_par' dir='ltr' id='par_1_64' title="bbox 2270 501 3822 578">
     <span class='ocr_line' id='line_1_64' title="bbox 2270 501 3822 578; baseline 0.017 -27"><span class='ocrx_word' id='word_1_528' title='bbox 2270 507 2389 553; x_wconf 87' lang='lat' dir='ltr'><strong>rent</strong></span> <span class='ocrx_word' id='word_1_529' title='bbox 2414 542 2428 565; x_wconf 90' lang='lat'><strong>,</strong></span> <span class='ocrx_word' id='word_1_530' title='bbox 2467 510 2522 556; x_wconf 92' lang='lat' dir='ltr'><strong>et</strong></span> <span class='ocrx_word' id='word_1_531' title='bbox 2569 516 2597 559; x_wconf 89' lang='lat' dir='ltr'><strong>a</strong></span> <span class='ocrx_word' id='word_1_532' title='bbox 2630 501 3033 561; x_wconf 86' lang='lat' dir='ltr'><strong>necessilatibus</strong></span> <span class='ocrx_word' id='word_1_533' title='bbox 3075 502 3446 566; x_wconf 86' lang='lat' dir='ltr'><strong>liberarentur.</strong></span> <span class='ocrx_word' id='word_1_534' title='bbox 3494 514 3597 570; x_wconf 90' lang='lat' dir='ltr'><strong>Sed</strong></span> <span class='ocrx_word' id='word_1_535' title='bbox 3622 521 3822 578; x_wconf 86' lang='lat' dir='ltr'><strong>multum</strong></span> 
     </span>
    </p>
   </div>
   <div class='ocr_carea' id='block_1_65' title="bbox 2268 590 3824 681">
    <p class='ocr_par' dir='ltr' id='par_1_65' title="bbox 2268 590 3824 681">
     <span class='ocr_line' id='line_1_65' title="bbox 2268 590 3824 681; baseline 0.016 -37"><span class='ocrx_word' id='word_1_536' title='bbox 2268 590 2334 646; x_wconf 91' lang='lat' dir='ltr'><strong>de</strong></span> <span class='ocrx_word' id='word_1_537' title='bbox 2355 606 2411 645; x_wconf 89' lang='lat' dir='ltr'><strong>se</strong></span> <span class='ocrx_word' id='word_1_538' title='bbox 2444 604 2845 663; x_wconf 85' lang='lat' dir='ltr'><strong>praesumentes,</strong></span> <span class='ocrx_word' id='word_1_539' title='bbox 2876 599 3028 667; x_wconf 85' lang='lat' dir='ltr'><strong>pauci</strong></span> <span class='ocrx_word' id='word_1_540' title='bbox 3066 603 3186 671; x_wconf 82' lang='lat' dir='ltr'><strong>facti</strong></span> <span class='ocrx_word' id='word_1_541' title='bbox 3211 611 3342 656; x_wconf 88' lang='lat' dir='ltr'><strong>sunt.</strong></span> <span class='ocrx_word' id='word_1_542' title='bbox 3366 603 3693 665; x_wconf 76' lang='lat' dir='ltr'><strong>Manifestum</strong></span> <span class='ocrx_word' id='word_1_543' title='bbox 3718 622 3824 681; x_wconf 86' lang='lat' dir='ltr'><strong>est,</strong></span> 
     </span>
    </p>
   </div>
   <div class='ocr_carea' id='block_1_66' title="bbox 2266 686 3824 775">
    <p class='ocr_par' dir='ltr' id='par_1_66' title="bbox 2266 686 3824 775">
     <span class='ocr_line' id='line_1_66' title="bbox 2266 686 3824 775; baseline 0.014 -36"><span class='ocrx_word' id='word_1_544' title='bbox 2266 686 2457 741; x_wconf 79' lang='lat' dir='ltr'><strong>fratres</strong></span> <span class='ocrx_word' id='word_1_545' title='bbox 2492 704 2505 752; x_wconf 93' lang='lat'>;</span> <span class='ocrx_word' id='word_1_546' title='bbox 2554 703 2741 743; x_wconf 91' lang='lat' dir='ltr'><strong>omnes</strong></span> <span class='ocrx_word' id='word_1_547' title='bbox 2785 692 2870 759; x_wconf 88' lang='lat' dir='ltr'><strong>qui</strong></span> <span class='ocrx_word' id='word_1_548' title='bbox 2922 706 2979 746; x_wconf 93' lang='lat' dir='ltr'><strong>se</strong></span> <span class='ocrx_word' id='word_1_549' title='bbox 3021 692 3267 749; x_wconf 87' lang='lat' dir='ltr'><strong>dividunt</strong></span> <span class='ocrx_word' id='word_1_550' title='bbox 3307 694 3372 753; x_wconf 90' lang='lat' dir='ltr'><strong>ab</strong></span> <span class='ocrx_word' id='word_1_551' title='bbox 3418 698 3658 767; x_wconf 84' lang='lat' dir='ltr'><strong>unitate,</strong></span> <span class='ocrx_word' id='word_1_552' title='bbox 3689 710 3824 775; x_wconf 83' lang='lat' dir='ltr'><strong>pauci</strong></span> 
     </span>
    </p>
   </div>
   <div class='ocr_carea' id='block_1_67' title="bbox 2266 774 3826 856">
    <p class='ocr_par' dir='ltr' id='par_1_67' title="bbox 2266 774 3826 856">
     <span class='ocr_line' id='line_1_67' title="bbox 2266 774 3826 856; baseline 0.009 -25"><span class='ocrx_word' id='word_1_553' title='bbox 2266 777 2421 832; x_wconf 80' lang='lat' dir='ltr'><strong>fiunt.</strong></span> <span class='ocrx_word' id='word_1_554' title='bbox 2443 774 2591 834; x_wconf 85' lang='lat' dir='ltr'><strong>Multi</strong></span> <span class='ocrx_word' id='word_1_555' title='bbox 2614 780 2753 834; x_wconf 91' lang='lat' dir='ltr'><strong>enim</strong></span> <span class='ocrx_word' id='word_1_556' title='bbox 2777 791 2897 836; x_wconf 89' lang='lat' dir='ltr'><strong>sunt</strong></span> <span class='ocrx_word' id='word_1_557' title='bbox 2924 825 2937 849; x_wconf 93' lang='lat'><strong>,</strong></span> <span class='ocrx_word' id='word_1_558' title='bbox 2964 782 3057 838; x_wconf 90' lang='lat' dir='ltr'><strong>sed</strong></span> <span class='ocrx_word' id='word_1_559' title='bbox 3080 785 3131 839; x_wconf 93' lang='lat' dir='ltr'><strong>in</strong></span> <span class='ocrx_word' id='word_1_560' title='bbox 3162 787 3361 843; x_wconf 89' lang='lat' dir='ltr'><strong>unitate</strong></span> <span class='ocrx_word' id='word_1_561' title='bbox 3385 831 3398 854; x_wconf 93' lang='lat'><strong>,</strong></span> <span class='ocrx_word' id='word_1_562' title='bbox 3433 790 3558 846; x_wconf 91' lang='lat' dir='ltr'><strong>dum</strong></span> <span class='ocrx_word' id='word_1_563' title='bbox 3584 774 3729 851; x_wconf 15' lang='lat' dir='ltr'><strong>nonr‘</strong></span> <span class='ocrx_word' id='word_1_564' title='bbox 3753 814 3826 856; x_wconf 81' lang='lat' dir='ltr'><strong>se.</strong></span> 
     </span>
    </p>
   </div>
   <div class='ocr_carea' id='block_1_68' title="bbox 2265 872 3825 952">
    <p class='ocr_par' dir='ltr' id='par_1_68' title="bbox 2265 872 3825 952">
     <span class='ocr_line' id='line_1_68' title="bbox 2265 872 3825 952; baseline 0.017 -28"><span class='ocrx_word' id='word_1_565' title='bbox 2265 880 2519 941; x_wconf 80' lang='lat' dir='ltr'><strong>parantur</strong></span> <span class='ocrx_word' id='word_1_566' title='bbox 2547 872 2613 928; x_wconf 88' lang='lat' dir='ltr'><strong>ab</strong></span> <span class='ocrx_word' id='word_1_567' title='bbox 2641 874 2879 931; x_wconf 87' lang='lat' dir='ltr'><strong>unitate:</strong></span> <span class='ocrx_word' id='word_1_568' title='bbox 2907 891 3025 931; x_wconf 92' lang='lat' dir='ltr'><strong>eum</strong></span> <span class='ocrx_word' id='word_1_569' title='bbox 3052 878 3195 935; x_wconf 92' lang='lat' dir='ltr'><strong>enim</strong></span> <span class='ocrx_word' id='word_1_570' title='bbox 3227 884 3451 952; x_wconf 86' lang='lat' dir='ltr'><strong>coeperit</strong></span> <span class='ocrx_word' id='word_1_571' title='bbox 3497 885 3561 941; x_wconf 87' lang='lat' dir='ltr'><strong>ad</strong></span> <span class='ocrx_word' id='word_1_572' title='bbox 3605 902 3693 945; x_wconf 89' lang='lat' dir='ltr'><strong>eos</strong></span> <span class='ocrx_word' id='word_1_573' title='bbox 3731 908 3825 952; x_wconf 91' lang='lat' dir='ltr'><strong>non</strong></span> 
     </span>
    </p>
   </div>
   <div class='ocr_carea' id='block_1_69' title="bbox 2266 964 3826 1044">
    <p class='ocr_par' dir='ltr' id='par_1_69' title="bbox 2266 964 3826 1044">
     <span class='ocr_line' id='line_1_69' title="bbox 2266 964 3826 1044; baseline 0.015 -28"><span class='ocrx_word' id='word_1_574' title='bbox 2266 964 2535 1033; x_wconf 87' lang='lat' dir='ltr'><strong>pertinere</strong></span> <span class='ocrx_word' id='word_1_575' title='bbox 2560 965 2846 1021; x_wconf 86' lang='lat' dir='ltr'><strong>multitudo</strong></span> <span class='ocrx_word' id='word_1_576' title='bbox 2867 970 3103 1037; x_wconf 89' lang='lat' dir='ltr'><strong>unitatis,</strong></span> <span class='ocrx_word' id='word_1_577' title='bbox 3132 972 3182 1026; x_wconf 91' lang='lat' dir='ltr'><strong>in</strong></span> <span class='ocrx_word' id='word_1_578' title='bbox 3204 970 3394 1030; x_wconf 77' lang='lat' dir='ltr'><strong>haeresi</strong></span> <span class='ocrx_word' id='word_1_579' title='bbox 3420 984 3475 1031; x_wconf 90' lang='lat' dir='ltr'><strong>et</strong></span> <span class='ocrx_word' id='word_1_580' title='bbox 3491 977 3544 1032; x_wconf 93' lang='lat' dir='ltr'><strong>in</strong></span> <span class='ocrx_word' id='word_1_581' title='bbox 3562 980 3826 1044; x_wconf 86' lang='lat' dir='ltr'><strong>schismate</strong></span> 
     </span>
    </p>
   </div>
   <div class='ocr_carea' id='block_1_70' title="bbox 2264 1056 3822 1135">
    <p class='ocr_par' dir='ltr' id='par_1_70' title="bbox 2264 1056 3822 1135">
     <span class='ocr_line' id='line_1_70' title="bbox 2264 1056 3822 1135; baseline 0.013 -25"><span class='ocrx_word' id='word_1_582' title='bbox 2264 1057 2416 1126; x_wconf 86' lang='lat' dir='ltr'><strong>pauci</strong></span> <span class='ocrx_word' id='word_1_583' title='bbox 2442 1066 2585 1116; x_wconf 91' lang='lat' dir='ltr'><strong>sunt.</strong></span> <span class='ocrx_word' id='word_1_584' title='bbox 2619 1056 2688 1113; x_wconf 86' lang='lat' dir='ltr'><strong>Et</strong></span> <span class='ocrx_word' id='word_1_585' title='bbox 2719 1063 2872 1129; x_wconf 84' lang='lat' dir='ltr'><strong>pauci</strong></span> <span class='ocrx_word' id='word_1_586' title='bbox 2894 1065 3015 1135; x_wconf 79' lang='lat' dir='ltr'><strong>facti</strong></span> <span class='ocrx_word' id='word_1_587' title='bbox 3043 1076 3176 1129; x_wconf 87' lang='lat' dir='ltr'><strong>sunt,</strong></span> <span class='ocrx_word' id='word_1_588' title='bbox 3214 1077 3258 1119; x_wconf 84' lang='lat' dir='ltr'><strong>et</strong></span> <span class='ocrx_word' id='word_1_589' title='bbox 3290 1071 3452 1124; x_wconf 72' lang='lat' dir='ltr'><strong>vexati</strong></span> <span class='ocrx_word' id='word_1_590' title='bbox 3478 1082 3594 1126; x_wconf 87' lang='lat' dir='ltr'><strong>sunt</strong></span> <span class='ocrx_word' id='word_1_591' title='bbox 3626 1090 3656 1127; x_wconf 88' lang='lat' dir='ltr'><strong>a</strong></span> <span class='ocrx_word' id='word_1_592' title='bbox 3680 1077 3822 1132; x_wconf 86' lang='lat' dir='ltr'><strong>tribu-</strong></span> 
     </span>
    </p>
   </div>
   <div class='ocr_carea' id='block_1_71' title="bbox 2268 1148 3817 1240">
    <p class='ocr_par' dir='ltr' id='par_1_71' title="bbox 2268 1148 3817 1240">
     <span class='ocr_line' id='line_1_71' title="bbox 2268 1148 3817 1240; baseline 0.015 -39"><span class='ocrx_word' id='word_1_593' title='bbox 2268 1148 2454 1203; x_wconf 75' lang='lat' dir='ltr'><strong>latione</strong></span> <span class='ocrx_word' id='word_1_594' title='bbox 2477 1150 2723 1205; x_wconf 86' lang='lat' dir='ltr'><strong>malorum</strong></span> <span class='ocrx_word' id='word_1_595' title='bbox 2744 1161 2788 1206; x_wconf 87' lang='lat' dir='ltr'><strong>et</strong></span> <span class='ocrx_word' id='word_1_596' title='bbox 2816 1153 3005 1209; x_wconf 88' lang='lat' dir='ltr'><strong>dolore.</strong></span> <span class='ocrx_word' id='word_1_597' title='bbox 3027 1155 3241 1223; x_wconf 69' lang='lat' dir='ltr'><strong>E/7hsus</strong></span> <span class='ocrx_word' id='word_1_598' title='bbox 3268 1171 3339 1214; x_wconf 81' lang='lat' dir='ltr'><strong>est</strong></span> <span class='ocrx_word' id='word_1_599' title='bbox 3363 1173 3674 1237; x_wconf 82' lang='lat' dir='ltr'><strong>contemptus</strong></span> <span class='ocrx_word' id='word_1_600' title='bbox 3692 1184 3817 1240; x_wconf 67' lang='lat' dir='ltr'><strong>super</strong></span> 
     </span>
    </p>
   </div>
   <div class='ocr_carea' id='block_1_72' title="bbox 2263 1240 3822 1325">
    <p class='ocr_par' dir='ltr' id='par_1_72' title="bbox 2263 1240 3822 1325">
     <span class='ocr_line' id='line_1_72' title="bbox 2263 1240 3822 1325; baseline 0.017 -35"><span class='ocrx_word' id='word_1_601' title='bbox 2263 1240 2533 1325; x_wconf 60' lang='lat' dir='ltr'><strong>principes.</strong></span> <span class='ocrx_word' id='word_1_602' title='bbox 2589 1240 2878 1312; x_wconf 80' lang='lat' dir='ltr'><strong>Reprobati</strong></span> <span class='ocrx_word' id='word_1_603' title='bbox 2910 1246 3049 1301; x_wconf 91' lang='lat' dir='ltr'><strong>enim</strong></span> <span class='ocrx_word' id='word_1_604' title='bbox 3095 1257 3218 1302; x_wconf 92' lang='lat' dir='ltr'><strong>sunt</strong></span> <span class='ocrx_word' id='word_1_605' title='bbox 3259 1251 3324 1303; x_wconf 83' lang='lat' dir='ltr'><strong>al)</strong></span> <span class='ocrx_word' id='word_1_606' title='bbox 3353 1251 3594 1309; x_wconf 82' lang='lat' dir='ltr'><strong>Ecclesia</strong></span> <span class='ocrx_word' id='word_1_607' title='bbox 3628 1256 3712 1312; x_wconf 88' lang='lat' dir='ltr'><strong>Dei</strong></span> <span class='ocrx_word' id='word_1_608' title='bbox 3744 1271 3822 1317; x_wconf 89' lang='lat' dir='ltr'><strong>:el</strong></span> 
     </span>
    </p>
   </div>
   <div class='ocr_carea' id='block_1_73' title="bbox 2262 1332 3823 1420">
    <p class='ocr_par' dir='ltr' id='par_1_73' title="bbox 2262 1332 3823 1420">
     <span class='ocr_line' id='line_1_73' title="bbox 2262 1332 3823 1420; baseline 0.014 -37"><span class='ocrx_word' id='word_1_609' title='bbox 2262 1332 2451 1401; x_wconf 81' lang='lat' dir='ltr'><strong>magis,</strong></span> <span class='ocrx_word' id='word_1_610' title='bbox 2480 1333 2598 1402; x_wconf 86' lang='lat' dir='ltr'><strong>quia</strong></span> <span class='ocrx_word' id='word_1_611' title='bbox 2629 1335 2896 1406; x_wconf 91' lang='lat' dir='ltr'><strong>principes</strong></span> <span class='ocrx_word' id='word_1_612' title='bbox 2926 1346 3045 1393; x_wconf 86' lang='lat' dir='ltr'><strong>esse</strong></span> <span class='ocrx_word' id='word_1_613' title='bbox 3066 1339 3342 1395; x_wconf 88' lang='lat' dir='ltr'><strong>voluerunt</strong></span> <span class='ocrx_word' id='word_1_614' title='bbox 3368 1384 3382 1410; x_wconf 92' lang='lat'><strong>,</strong></span> <span class='ocrx_word' id='word_1_615' title='bbox 3412 1343 3533 1398; x_wconf 88' lang='lat' dir='ltr'><strong>ideo</strong></span> <span class='ocrx_word' id='word_1_616' title='bbox 3561 1355 3823 1420; x_wconf 88' lang='lat' dir='ltr'><strong>contempti</strong></span> 
     </span>
    </p>
   </div>
   <div class='ocr_carea' id='block_1_74' title="bbox 2264 1424 3821 1507">
    <p class='ocr_par' dir='ltr' id='par_1_74' title="bbox 2264 1424 3821 1507">
     <span class='ocr_line' id='line_1_74' title="bbox 2264 1424 3821 1507; baseline 0.012 -30"><span class='ocrx_word' id='word_1_617' title='bbox 2264 1432 2387 1478; x_wconf 86' lang='lat' dir='ltr'><strong>sunt</strong></span> <span class='ocrx_word' id='word_1_618' title='bbox 2410 1466 2425 1491; x_wconf 90' lang='lat'><strong>,</strong></span> <span class='ocrx_word' id='word_1_619' title='bbox 2459 1432 2513 1479; x_wconf 87' lang='lat' dir='ltr'><strong>et</strong></span> <span class='ocrx_word' id='word_1_620' title='bbox 2541 1424 2663 1480; x_wconf 84' lang='lat' dir='ltr'><strong>facti</strong></span> <span class='ocrx_word' id='word_1_621' title='bbox 2692 1435 2815 1482; x_wconf 90' lang='lat' dir='ltr'><strong>sunt</strong></span> <span class='ocrx_word' id='word_1_622' title='bbox 2859 1431 2937 1483; x_wconf 88' lang='lat' dir='ltr'><strong>sal</strong></span> <span class='ocrx_word' id='word_1_623' title='bbox 2984 1429 3295 1486; x_wconf 78' lang='lat' dir='ltr'><strong>infamatum</strong></span> <span class='ocrx_word' id='word_1_624' title='bbox 3341 1436 3633 1505; x_wconf 88' lang='lat' dir='ltr'><strong>projectum</strong></span> <span class='ocrx_word' id='word_1_625' title='bbox 3662 1439 3821 1507; x_wconf 79' lang='lat' dir='ltr'><strong>foras;</strong></span> 
     </span>
    </p>
   </div>
   <div class='ocr_carea' id='block_1_75' title="bbox 2264 1512 3819 1603">
    <p class='ocr_par' dir='ltr' id='par_1_75' title="bbox 2264 1512 3819 1603">
     <span class='ocr_line' id='line_1_75' title="bbox 2264 1512 3819 1603; baseline 0.011 -35"><span class='ocrx_word' id='word_1_626' title='bbox 2264 1512 2384 1569; x_wconf 90' lang='lat' dir='ltr'><strong>ideo</strong></span> <span class='ocrx_word' id='word_1_627' title='bbox 2410 1517 2750 1573; x_wconf 89' lang='lat' dir='ltr'><strong>conculcatur</strong></span> <span class='ocrx_word' id='word_1_628' title='bbox 2777 1520 2843 1573; x_wconf 88' lang='lat' dir='ltr'><strong>ab</strong></span> <span class='ocrx_word' id='word_1_629' title='bbox 2868 1520 3172 1577; x_wconf 89' lang='lat' dir='ltr'><strong>hominibus</strong></span> <span class='ocrx_word' id='word_1_630' title='bbox 3203 1522 3431 1598; x_wconf 78' lang='lat' dir='ltr'><strong>(Matth.</strong></span> <span class='ocrx_word' id='word_1_631' title='bbox 3460 1544 3512 1595; x_wconf 85' lang='lat' dir='ltr'><strong>v,</strong></span> <span class='ocrx_word' id='word_1_632' title='bbox 3545 1528 3665 1603; x_wconf 79' lang='grc'><strong>15).</strong></span> <span class='ocrx_word' id='word_1_633' title='bbox 3696 1532 3819 1601; x_wconf 72' lang='lat' dir='ltr'><strong>Effu-</strong></span> 
     </span>
    </p>
   </div>
   <div class='ocr_carea' id='block_1_76' title="bbox 2263 1617 3822 1687">
    <p class='ocr_par' dir='ltr' id='par_1_76' title="bbox 2263 1617 3822 1687">
     <span class='ocr_line' id='line_1_76' title="bbox 2263 1617 3822 1687; baseline 0.011 -24"><span class='ocrx_word' id='word_1_634' title='bbox 2263 1627 2348 1664; x_wconf 88' lang='lat' dir='ltr'><strong>sus</strong></span> <span class='ocrx_word' id='word_1_635' title='bbox 2378 1621 2448 1665; x_wconf 88' lang='lat' dir='ltr'><strong>est</strong></span> <span class='ocrx_word' id='word_1_636' title='bbox 2491 1620 2803 1683; x_wconf 87' lang='lat' dir='ltr'><strong>contemptus</strong></span> <span class='ocrx_word' id='word_1_637' title='bbox 2853 1630 3004 1685; x_wconf 84' lang='lat' dir='ltr'><strong>super</strong></span> <span class='ocrx_word' id='word_1_638' title='bbox 3033 1617 3300 1687; x_wconf 85' lang='lat' dir='ltr'><strong>principes.</strong></span> <span class='ocrx_word' id='word_1_639' title='bbox 3352 1619 3421 1672; x_wconf 76' lang='lat' dir='ltr'><strong>Et</strong></span> <span class='ocrx_word' id='word_1_640' title='bbox 3463 1621 3656 1676; x_wconf 76' lang='lat' dir='ltr'><strong>seduxit</strong></span> <span class='ocrx_word' id='word_1_641' title='bbox 3682 1641 3755 1678; x_wconf 83' lang='lat' dir='ltr'><strong>eos</strong></span> <span class='ocrx_word' id='word_1_642' title='bbox 3781 1628 3822 1681; x_wconf 87' lang='lat' dir='ltr'><strong>in</strong></span> 
     </span>
    </p>
   </div>
   <div class='ocr_carea' id='block_1_77' title="bbox 2261 1703 3821 1780">
    <p class='ocr_par' dir='ltr' id='par_1_77' title="bbox 2261 1703 3821 1780">
     <span class='ocr_line' id='line_1_77' title="bbox 2261 1703 3821 1780; baseline 0.011 -23"><span class='ocrx_word' id='word_1_643' title='bbox 2261 1703 2415 1769; x_wconf 86' lang='lat' dir='ltr'><strong>invio,</strong></span> <span class='ocrx_word' id='word_1_644' title='bbox 2446 1715 2491 1758; x_wconf 89' lang='lat' dir='ltr'><strong>et</strong></span> <span class='ocrx_word' id='word_1_645' title='bbox 2522 1722 2619 1760; x_wconf 87' lang='lat' dir='ltr'><strong>non</strong></span> <span class='ocrx_word' id='word_1_646' title='bbox 2650 1707 2701 1761; x_wconf 87' lang='lat' dir='ltr'><strong>in</strong></span> <span class='ocrx_word' id='word_1_647' title='bbox 2728 1708 2825 1761; x_wconf 83' lang='lat' dir='ltr'><strong>via.</strong></span> <span class='ocrx_word' id='word_1_648' title='bbox 2860 1708 2936 1763; x_wconf 88' lang='lat' dir='ltr'><strong>Illi</strong></span> <span class='ocrx_word' id='word_1_649' title='bbox 2968 1712 3212 1780; x_wconf 88' lang='lat' dir='ltr'><strong>superius</strong></span> <span class='ocrx_word' id='word_1_650' title='bbox 3238 1713 3290 1766; x_wconf 92' lang='lat' dir='ltr'><strong>in</strong></span> <span class='ocrx_word' id='word_1_651' title='bbox 3318 1714 3425 1779; x_wconf 82' lang='lat' dir='ltr'><strong>via,</strong></span> <span class='ocrx_word' id='word_1_652' title='bbox 3458 1715 3528 1769; x_wconf 90' lang='lat' dir='ltr'><strong>illi</strong></span> <span class='ocrx_word' id='word_1_653' title='bbox 3566 1715 3628 1770; x_wconf 85' lang='lat' dir='ltr'><strong>ad</strong></span> <span class='ocrx_word' id='word_1_654' title='bbox 3654 1718 3821 1774; x_wconf 81' lang='lat' dir='ltr'><strong>civita-</strong></span> 
     </span>
    </p>
   </div>
   <div class='ocr_carea' id='block_1_78' title="bbox 2263 1797 3821 1871">
    <p class='ocr_par' dir='ltr' id='par_1_78' title="bbox 2263 1797 3821 1871">
     <span class='ocr_line' id='line_1_78' title="bbox 2263 1797 3821 1871; baseline 0.011 -21"><span class='ocrx_word' id='word_1_655' title='bbox 2263 1805 2367 1850; x_wconf 90' lang='lat' dir='ltr'><strong>tem</strong></span> <span class='ocrx_word' id='word_1_656' title='bbox 2396 1797 2615 1866; x_wconf 90' lang='lat' dir='ltr'><strong>directi,</strong></span> <span class='ocrx_word' id='word_1_657' title='bbox 2642 1798 2869 1871; x_wconf 85' lang='lat' dir='ltr'><strong>denique</strong></span> <span class='ocrx_word' id='word_1_658' title='bbox 2895 1801 3128 1869; x_wconf 90' lang='lat' dir='ltr'><strong>deducti,</strong></span> <span class='ocrx_word' id='word_1_659' title='bbox 3152 1814 3261 1859; x_wconf 89' lang='lat' dir='ltr'><strong>non</strong></span> <span class='ocrx_word' id='word_1_660' title='bbox 3288 1806 3495 1862; x_wconf 90' lang='lat' dir='ltr'><strong>seducti</strong></span> <span class='ocrx_word' id='word_1_661' title='bbox 3525 1828 3536 1863; x_wconf 89' lang='lat'><strong>:</strong></span> <span class='ocrx_word' id='word_1_662' title='bbox 3563 1810 3643 1864; x_wconf 88' lang='lat' dir='ltr'><strong>isti</strong></span> <span class='ocrx_word' id='word_1_663' title='bbox 3667 1822 3821 1868; x_wconf 84' lang='lat' dir='ltr'><strong>autem</strong></span> 
     </span>
    </p>
   </div>
   <div class='ocr_carea' id='block_1_79' title="bbox 2262 1886 3821 1959">
    <p class='ocr_par' dir='ltr' id='par_1_79' title="bbox 2262 1886 3821 1959">
     <span class='ocr_line' id='line_1_79' title="bbox 2262 1886 3821 1959; baseline 0.01 -18"><span class='ocrx_word' id='word_1_664' title='bbox 2262 1886 2314 1941; x_wconf 89' lang='lat' dir='ltr'><strong>in</strong></span> <span class='ocrx_word' id='word_1_665' title='bbox 2346 1888 2489 1943; x_wconf 87' lang='lat' dir='ltr'><strong>invio</strong></span> <span class='ocrx_word' id='word_1_666' title='bbox 2516 1889 2739 1944; x_wconf 85' lang='lat' dir='ltr'><strong>seducti.</strong></span> <span class='ocrx_word' id='word_1_667' title='bbox 2764 1890 2898 1958; x_wconf 89' lang='lat' dir='ltr'><strong>Quid</strong></span> <span class='ocrx_word' id='word_1_668' title='bbox 2930 1896 3043 1959; x_wconf 71' lang='grc' dir='ltr'><strong>ρει,</strong></span> <span class='ocrx_word' id='word_1_669' title='bbox 3093 1895 3289 1950; x_wconf 71' lang='lat' dir='ltr'><strong>seduxit</strong></span> <span class='ocrx_word' id='word_1_670' title='bbox 3317 1896 3441 1951; x_wconf 84' lang='lat' dir='ltr'><strong>eos?</strong></span> <span class='ocrx_word' id='word_1_671' title='bbox 3480 1898 3701 1955; x_wconf 86' lang='lat' dir='ltr'><strong>Tradidit</strong></span> <span class='ocrx_word' id='word_1_672' title='bbox 3726 1904 3821 1957; x_wconf 80' lang='lat' dir='ltr'><strong>illos</strong></span> 
     </span>
    </p>
   </div>
   <div class='ocr_carea' id='block_1_80' title="bbox 2262 1972 3821 2064">
    <p class='ocr_par' dir='ltr' id='par_1_80' title="bbox 2262 1972 3821 2064">
     <span class='ocr_line' id='line_1_80' title="bbox 2262 1972 3821 2064; baseline 0.011 -32"><span class='ocrx_word' id='word_1_673' title='bbox 2262 1972 2398 2034; x_wconf 86' lang='lat' dir='ltr'><strong>Deus</strong></span> <span class='ocrx_word' id='word_1_674' title='bbox 2426 1982 2478 2035; x_wconf 88' lang='lat' dir='ltr'><strong>in</strong></span> <span class='ocrx_word' id='word_1_675' title='bbox 2519 1984 2946 2053; x_wconf 87' lang='lat' dir='ltr'><strong>concupiscentias</strong></span> <span class='ocrx_word' id='word_1_676' title='bbox 2981 1987 3147 2041; x_wconf 87' lang='lat' dir='ltr'><strong>cordis</strong></span> <span class='ocrx_word' id='word_1_677' title='bbox 3191 2004 3361 2042; x_wconf 87' lang='lat' dir='ltr'><strong>eorum</strong></span> <span class='ocrx_word' id='word_1_678' title='bbox 3396 1991 3416 2061; x_wconf 93' lang='lat'>(</span> <span class='ocrx_word' id='word_1_679' title='bbox 3450 1990 3597 2045; x_wconf 84' lang='lat' dir='ltr'><strong>Rom.</strong></span> <span class='ocrx_word' id='word_1_680' title='bbox 3626 2009 3674 2061; x_wconf 90' lang='lat' dir='ltr'><strong>t,</strong></span> <span class='ocrx_word' id='word_1_681' title='bbox 3702 1993 3764 2049; x_wconf 73' lang='grc'><strong>24</strong></span> <span class='ocrx_word' id='word_1_682' title='bbox 3789 1997 3821 2064; x_wconf 93' lang='grc'><strong>).</strong></span> 
     </span>
    </p>
   </div>
   <div class='ocr_carea' id='block_1_81' title="bbox 2262 2069 3821 2155">
    <p class='ocr_par' dir='ltr' id='par_1_81' title="bbox 2262 2069 3821 2155">
     <span class='ocr_line' id='line_1_81' title="bbox 2262 2069 3821 2155; baseline 0.012 -32"><span class='ocrx_word' id='word_1_683' title='bbox 2262 2069 2372 2125; x_wconf 87' lang='lat' dir='ltr'><strong>lloc</strong></span> <span class='ocrx_word' id='word_1_684' title='bbox 2403 2079 2483 2126; x_wconf 88' lang='lat' dir='ltr'><strong>est</strong></span> <span class='ocrx_word' id='word_1_685' title='bbox 2513 2073 2677 2140; x_wconf 90' lang='lat' dir='ltr'><strong>enim,</strong></span> <span class='ocrx_word' id='word_1_686' title='bbox 2717 2076 2915 2129; x_wconf 78' lang='lat' dir='ltr'><strong>seduxit</strong></span> <span class='ocrx_word' id='word_1_687' title='bbox 2941 2118 2953 2143; x_wconf 89' lang='lat'><strong>,</strong></span> <span class='ocrx_word' id='word_1_688' title='bbox 2983 2076 3201 2132; x_wconf 79' lang='lat' dir='ltr'><strong>donavit</strong></span> <span class='ocrx_word' id='word_1_689' title='bbox 3227 2078 3343 2134; x_wconf 89' lang='lat' dir='ltr'><strong>illos</strong></span> <span class='ocrx_word' id='word_1_690' title='bbox 3366 2079 3490 2136; x_wconf 91' lang='lat' dir='ltr'><strong>sibi.</strong></span> <span class='ocrx_word' id='word_1_691' title='bbox 3515 2081 3642 2138; x_wconf 85' lang='lat' dir='ltr'><strong>Nam</strong></span> <span class='ocrx_word' id='word_1_692' title='bbox 3664 2085 3704 2139; x_wconf 91' lang='lat' dir='ltr'><strong>si</strong></span> <span class='ocrx_word' id='word_1_693' title='bbox 3728 2101 3821 2155; x_wconf 66' lang='lat' dir='ltr'><strong>pre</strong></span> 
     </span>
    </p>
   </div>
   <div class='ocr_carea' id='block_1_82' title="bbox 2261 2166 3822 2243">
    <p class='ocr_par' dir='ltr' id='par_1_82' title="bbox 2261 2166 3822 2243">
     <span class='ocr_line' id='line_1_82' title="bbox 2261 2166 3822 2243; baseline 0.01 -25"><span class='ocrx_word' id='word_1_694' title='bbox 2261 2166 2374 2236; x_wconf 90' lang='lat' dir='ltr'><strong>prie</strong></span> <span class='ocrx_word' id='word_1_695' title='bbox 2396 2180 2602 2235; x_wconf 67' lang='lat' dir='ltr'><strong>quartas</strong></span> <span class='ocrx_word' id='word_1_696' title='bbox 2629 2209 2642 2231; x_wconf 93' lang='lat'><strong>,</strong></span> <span class='ocrx_word' id='word_1_697' title='bbox 2672 2167 2771 2236; x_wconf 86' lang='lat' dir='ltr'><strong>ipsi</strong></span> <span class='ocrx_word' id='word_1_698' title='bbox 2805 2183 2863 2223; x_wconf 91' lang='lat' dir='ltr'><strong>se</strong></span> <span class='ocrx_word' id='word_1_699' title='bbox 2892 2168 3169 2225; x_wconf 90' lang='lat' dir='ltr'><strong>seducunt.</strong></span> <span class='ocrx_word' id='word_1_700' title='bbox 3202 2171 3301 2237; x_wconf 83' lang='lat' dir='ltr'><strong>Qui</strong></span> <span class='ocrx_word' id='word_1_701' title='bbox 3329 2174 3466 2227; x_wconf 86' lang='lat' dir='ltr'><strong>enim</strong></span> <span class='ocrx_word' id='word_1_702' title='bbox 3500 2186 3638 2243; x_wconf 88' lang='lat' dir='ltr'><strong>putat</strong></span> <span class='ocrx_word' id='word_1_703' title='bbox 3665 2193 3713 2231; x_wconf 83' lang='lat' dir='ltr'><strong>se</strong></span> <span class='ocrx_word' id='word_1_704' title='bbox 3734 2194 3822 2233; x_wconf 84' lang='lat' dir='ltr'><strong>esse</strong></span> 
     </span>
    </p>
   </div>
   <div class='ocr_carea' id='block_1_83' title="bbox 2260 2254 3818 2339">
    <p class='ocr_par' dir='ltr' id='par_1_83' title="bbox 2260 2254 3818 2339">
     <span class='ocr_line' id='line_1_83' title="bbox 2260 2254 3818 2339; baseline 0.012 -32"><span class='ocrx_word' id='word_1_705' title='bbox 2260 2254 2471 2326; x_wconf 71' lang='lat' dir='ltr'><strong>aliquid,</strong></span> <span class='ocrx_word' id='word_1_706' title='bbox 2502 2274 2614 2310; x_wconf 86' lang='lat' dir='ltr'><strong>cum</strong></span> <span class='ocrx_word' id='word_1_707' title='bbox 2643 2258 2771 2311; x_wconf 83' lang='lat' dir='ltr'><strong>nihil</strong></span> <span class='ocrx_word' id='word_1_708' title='bbox 2794 2260 2858 2313; x_wconf 86' lang='lat' dir='ltr'><strong>sit</strong></span> <span class='ocrx_word' id='word_1_709' title='bbox 2886 2303 2899 2326; x_wconf 90' lang='lat'><strong>,</strong></span> <span class='ocrx_word' id='word_1_710' title='bbox 2930 2261 3147 2330; x_wconf 83' lang='lat' dir='ltr'><strong>seipsum</strong></span> <span class='ocrx_word' id='word_1_711' title='bbox 3176 2263 3366 2316; x_wconf 86' lang='lat' dir='ltr'><strong>seducit</strong></span> <span class='ocrx_word' id='word_1_712' title='bbox 3400 2262 3421 2336; x_wconf 94' lang='lat'>(</span> <span class='ocrx_word' id='word_1_713' title='bbox 3443 2264 3609 2320; x_wconf 81' lang='lat' dir='ltr'><strong>Galat.</strong></span> <span class='ocrx_word' id='word_1_714' title='bbox 3637 2282 3704 2334; x_wconf 73' lang='lat' dir='ltr'><strong>vr,</strong></span> <span class='ocrx_word' id='word_1_715' title='bbox 3733 2270 3761 2323; x_wconf 74' lang='grc' dir='ltr'>ὅ</span> <span class='ocrx_word' id='word_1_716' title='bbox 3786 2270 3818 2339; x_wconf 82' lang='lat'><strong>).</strong></span> 
     </span>
    </p>
   </div>
   <div class='ocr_carea' id='block_1_84' title="bbox 2260 2348 3820 2425">
    <p class='ocr_par' dir='ltr' id='par_1_84' title="bbox 2260 2348 3820 2425">
     <span class='ocr_line' id='line_1_84' title="bbox 2260 2348 3820 2425; baseline 0.009 -24"><span class='ocrx_word' id='word_1_717' title='bbox 2260 2348 2392 2415; x_wconf 89' lang='lat' dir='ltr'><strong>Quid</strong></span> <span class='ocrx_word' id='word_1_718' title='bbox 2420 2358 2502 2405; x_wconf 79' lang='lat' dir='ltr'><strong>est</strong></span> <span class='ocrx_word' id='word_1_719' title='bbox 2530 2366 2657 2421; x_wconf 81' lang='lat' dir='ltr'><strong>ergo</strong></span> <span class='ocrx_word' id='word_1_720' title='bbox 2684 2394 2696 2419; x_wconf 96' lang='lat'><strong>,</strong></span> <span class='ocrx_word' id='word_1_721' title='bbox 2727 2352 2925 2407; x_wconf 70' lang='lat' dir='ltr'><strong>seduxit</strong></span> <span class='ocrx_word' id='word_1_722' title='bbox 2952 2354 3076 2408; x_wconf 84' lang='lat' dir='ltr'><strong>eos?</strong></span> <span class='ocrx_word' id='word_1_723' title='bbox 3106 2355 3311 2410; x_wconf 88' lang='lat' dir='ltr'><strong>Dimisit</strong></span> <span class='ocrx_word' id='word_1_724' title='bbox 3357 2371 3476 2413; x_wconf 91' lang='lat' dir='ltr'><strong>eos.</strong></span> <span class='ocrx_word' id='word_1_725' title='bbox 3511 2356 3573 2412; x_wconf 84' lang='lat' dir='ltr'><strong>In</strong></span> <span class='ocrx_word' id='word_1_726' title='bbox 3602 2360 3753 2425; x_wconf 86' lang='lat' dir='ltr'><strong>invio,</strong></span> <span class='ocrx_word' id='word_1_727' title='bbox 3783 2370 3820 2415; x_wconf 87' lang='lat' dir='ltr'><strong>et</strong></span> 
     </span>
    </p>
   </div>
   <div class='ocr_carea' id='block_1_85' title="bbox 2261 2443 3817 2520">
    <p class='ocr_par' dir='ltr' id='par_1_85' title="bbox 2261 2443 3817 2520">
     <span class='ocr_line' id='line_1_85' title="bbox 2261 2443 3817 2520; baseline 0.008 -26"><span class='ocrx_word' id='word_1_728' title='bbox 2261 2458 2359 2495; x_wconf 87' lang='lat' dir='ltr'><strong>non</strong></span> <span class='ocrx_word' id='word_1_729' title='bbox 2388 2443 2437 2494; x_wconf 85' lang='lat' dir='ltr'><strong>in</strong></span> <span class='ocrx_word' id='word_1_730' title='bbox 2461 2443 2540 2495; x_wconf 87' lang='lat' dir='ltr'><strong>via</strong></span> <span class='ocrx_word' id='word_1_731' title='bbox 2562 2458 2581 2496; x_wconf 88' lang='lat'><strong><em>:</em></strong></span> <span class='ocrx_word' id='word_1_732' title='bbox 2610 2443 2878 2513; x_wconf 89' lang='lat' dir='ltr'><strong>quomodo</strong></span> <span class='ocrx_word' id='word_1_733' title='bbox 2900 2445 3039 2499; x_wconf 90' lang='lat' dir='ltr'><strong>enim</strong></span> <span class='ocrx_word' id='word_1_734' title='bbox 3070 2446 3121 2500; x_wconf 92' lang='lat' dir='ltr'><strong>in</strong></span> <span class='ocrx_word' id='word_1_735' title='bbox 3144 2447 3227 2501; x_wconf 86' lang='lat' dir='ltr'><strong>via</strong></span> <span class='ocrx_word' id='word_1_736' title='bbox 3260 2446 3508 2503; x_wconf 87' lang='lat' dir='ltr'><strong>homines</strong></span> <span class='ocrx_word' id='word_1_737' title='bbox 3530 2450 3613 2520; x_wconf 87' lang='lat' dir='ltr'><strong>qui</strong></span> <span class='ocrx_word' id='word_1_738' title='bbox 3642 2460 3817 2520; x_wconf 87' lang='lat' dir='ltr'><strong>partem</strong></span> 
     </span>
    </p>
   </div>
   <div class='ocr_carea' id='block_1_86' title="bbox 2262 2534 3818 2608">
    <p class='ocr_par' dir='ltr' id='par_1_86' title="bbox 2262 2534 3818 2608">
     <span class='ocr_line' id='line_1_86' title="bbox 2262 2534 3818 2608; baseline 0.007 -23"><span class='ocrx_word' id='word_1_739' title='bbox 2262 2540 2441 2587; x_wconf 89' lang='lat' dir='ltr'><strong>tenent</strong></span> <span class='ocrx_word' id='word_1_740' title='bbox 2464 2574 2478 2597; x_wconf 84' lang='lat'><strong>,</strong></span> <span class='ocrx_word' id='word_1_741' title='bbox 2511 2540 2565 2586; x_wconf 89' lang='lat' dir='ltr'><strong>et</strong></span> <span class='ocrx_word' id='word_1_742' title='bbox 2612 2541 2776 2587; x_wconf 89' lang='lat' dir='ltr'><strong>totum</strong></span> <span class='ocrx_word' id='word_1_743' title='bbox 2807 2534 3148 2606; x_wconf 81' lang='lat' dir='ltr'><strong>relinquunt?</strong></span> <span class='ocrx_word' id='word_1_744' title='bbox 3180 2538 3453 2607; x_wconf 89' lang='lat' dir='ltr'><strong>quomodo</strong></span> <span class='ocrx_word' id='word_1_745' title='bbox 3483 2540 3535 2594; x_wconf 91' lang='lat' dir='ltr'><strong>in</strong></span> <span class='ocrx_word' id='word_1_746' title='bbox 3564 2540 3683 2595; x_wconf 82' lang='lat' dir='ltr'><strong>via?</strong></span> <span class='ocrx_word' id='word_1_747' title='bbox 3708 2542 3818 2608; x_wconf 63' lang='lat' dir='ltr'><strong>Qum</strong></span> 
     </span>
    </p>
   </div>
   <div class='ocr_carea' id='block_1_87' title="bbox 2257 2626 3815 2704">
    <p class='ocr_par' dir='ltr' id='par_1_87' title="bbox 2257 2626 3815 2704">
     <span class='ocr_line' id='line_1_87' title="bbox 2257 2626 3815 2704; baseline 0.006 -25"><span class='ocrx_word' id='word_1_748' title='bbox 2257 2634 2336 2679; x_wconf 90' lang='lat' dir='ltr'><strong>est</strong></span> <span class='ocrx_word' id='word_1_749' title='bbox 2364 2639 2491 2695; x_wconf 84' lang='lat' dir='ltr'><strong>ergo</strong></span> <span class='ocrx_word' id='word_1_750' title='bbox 2514 2626 2615 2689; x_wconf 88' lang='lat' dir='ltr'><strong>via,</strong></span> <span class='ocrx_word' id='word_1_751' title='bbox 2645 2635 2729 2680; x_wconf 87' lang='lat' dir='ltr'><strong>aut</strong></span> <span class='ocrx_word' id='word_1_752' title='bbox 2756 2628 2843 2682; x_wconf 92' lang='lat' dir='ltr'><strong>ubi</strong></span> <span class='ocrx_word' id='word_1_753' title='bbox 2875 2629 3185 2698; x_wconf 82' lang='lat' dir='ltr'><strong>agnoscitur</strong></span> <span class='ocrx_word' id='word_1_754' title='bbox 3211 2632 3332 2685; x_wconf 86' lang='lat' dir='ltr'><strong>via?</strong></span> <span class='ocrx_word' id='word_1_755' title='bbox 3366 2650 3386 2683; x_wconf 73' lang='grc' dir='ltr'>ι</span> <span class='ocrx_word' id='word_1_756' title='bbox 3422 2632 3577 2699; x_wconf 89' lang='lat' dir='ltr'><strong>Deus,</strong></span> <span class='ocrx_word' id='word_1_757' title='bbox 3610 2653 3626 2685; x_wconf 76' lang='grc' dir='ltr'><strong><em>ι</em></strong></span> <span class='ocrx_word' id='word_1_758' title='bbox 3653 2635 3815 2704; x_wconf 85' lang='lat' dir='ltr'><strong>inquit,</strong></span> 
     </span>
    </p>
   </div>
   <div class='ocr_carea' id='block_1_88' title="bbox 2263 2717 3817 2791">
    <p class='ocr_par' dir='ltr' id='par_1_88' title="bbox 2263 2717 3817 2791">
     <span class='ocr_line' id='line_1_88' title="bbox 2263 2717 3817 2791; baseline 0.007 -22"><span class='ocrx_word' id='word_1_759' title='bbox 2263 2735 2281 2769; x_wconf 75' lang='grc' dir='ltr'>ι</span> <span class='ocrx_word' id='word_1_760' title='bbox 2318 2717 2636 2772; x_wconf 86' lang='lat' dir='ltr'><strong>misereatur</strong></span> <span class='ocrx_word' id='word_1_761' title='bbox 2660 2718 2863 2787; x_wconf 88' lang='lat' dir='ltr'><strong>nostri,</strong></span> <span class='ocrx_word' id='word_1_762' title='bbox 2896 2729 2947 2774; x_wconf 88' lang='lat' dir='ltr'><strong>et</strong></span> <span class='ocrx_word' id='word_1_763' title='bbox 2974 2720 3254 2776; x_wconf 89' lang='lat' dir='ltr'><strong>benedicat</strong></span> <span class='ocrx_word' id='word_1_764' title='bbox 3281 2737 3419 2791; x_wconf 89' lang='lat' dir='ltr'><strong>nos;</strong></span> <span class='ocrx_word' id='word_1_765' title='bbox 3451 2724 3701 2781; x_wconf 89' lang='lat' dir='ltr'><strong>illuminet</strong></span> <span class='ocrx_word' id='word_1_766' title='bbox 3723 2726 3817 2780; x_wconf 87' lang='lat' dir='ltr'><strong>vul-</strong></span> 
     </span>
    </p>
   </div>
   <div class='ocr_carea' id='block_1_89' title="bbox 2262 2817 3814 2883">
    <p class='ocr_par' dir='ltr' id='par_1_89' title="bbox 2262 2817 3814 2883">
     <span class='ocr_line' id='line_1_89' title="bbox 2262 2817 3814 2883; baseline 0.01 -25"><span class='ocrx_word' id='word_1_767' title='bbox 2262 2826 2280 2858; x_wconf 69' lang='grc' dir='ltr'>ι</span> <span class='ocrx_word' id='word_1_768' title='bbox 2321 2818 2428 2862; x_wconf 89' lang='lat' dir='ltr'><strong>tum</strong></span> <span class='ocrx_word' id='word_1_769' title='bbox 2458 2824 2610 2863; x_wconf 91' lang='lat' dir='ltr'><strong>suum</strong></span> <span class='ocrx_word' id='word_1_770' title='bbox 2638 2823 2798 2879; x_wconf 88' lang='lat' dir='ltr'><strong>super</strong></span> <span class='ocrx_word' id='word_1_771' title='bbox 2826 2825 2922 2865; x_wconf 88' lang='lat' dir='ltr'><strong>nos</strong></span> <span class='ocrx_word' id='word_1_772' title='bbox 2945 2854 2958 2877; x_wconf 94' lang='lat'><strong>,</strong></span> <span class='ocrx_word' id='word_1_773' title='bbox 2992 2820 3049 2866; x_wconf 87' lang='lat' dir='ltr'><strong>ut</strong></span> <span class='ocrx_word' id='word_1_774' title='bbox 3074 2828 3431 2883; x_wconf 83' lang='lat' dir='ltr'><strong>agnoscamus</strong></span> <span class='ocrx_word' id='word_1_775' title='bbox 3460 2817 3509 2870; x_wconf 87' lang='lat' dir='ltr'><strong>itt</strong></span> <span class='ocrx_word' id='word_1_776' title='bbox 3544 2826 3673 2872; x_wconf 86' lang='lat' dir='ltr'><strong>terra</strong></span> <span class='ocrx_word' id='word_1_777' title='bbox 3698 2818 3814 2874; x_wconf 83' lang='lat' dir='ltr'><strong>viam</strong></span> 
     </span>
    </p>
   </div>
   <div class='ocr_carea' id='block_1_90' title="bbox 2262 2899 3815 2978">
    <p class='ocr_par' dir='ltr' id='par_1_90' title="bbox 2262 2899 3815 2978">
     <span class='ocr_line' id='line_1_90' title="bbox 2262 2899 3815 2978; baseline 0.008 -27"><span class='ocrx_word' id='word_1_778' title='bbox 2262 2917 2280 2950; x_wconf 73' lang='grc' dir='ltr'>ι</span> <span class='ocrx_word' id='word_1_779' title='bbox 2320 2907 2484 2952; x_wconf 88' lang='lat' dir='ltr'><strong>tuam.</strong></span> <span class='ocrx_word' id='word_1_780' title='bbox 2528 2919 2546 2952; x_wconf 73' lang='grc' dir='ltr'><strong><em>ι</em></strong></span> <span class='ocrx_word' id='word_1_781' title='bbox 2574 2899 2631 2954; x_wconf 87' lang='grc' dir='ltr'><strong>1η</strong></span> <span class='ocrx_word' id='word_1_782' title='bbox 2659 2916 2760 2971; x_wconf 88' lang='lat' dir='ltr'><strong>qua</strong></span> <span class='ocrx_word' id='word_1_783' title='bbox 2790 2903 2963 2957; x_wconf 86' lang='lat' dir='ltr'><strong>terra?</strong></span> <span class='ocrx_word' id='word_1_784' title='bbox 2994 2914 3014 2955; x_wconf 68' lang='grc' dir='ltr'><strong><em>ε</em></strong></span> <span class='ocrx_word' id='word_1_785' title='bbox 3052 2903 3106 2957; x_wconf 85' lang='grc' dir='ltr'><strong>1η</strong></span> <span class='ocrx_word' id='word_1_786' title='bbox 3147 2905 3394 2962; x_wconf 86' lang='lat' dir='ltr'><strong>omnibus</strong></span> <span class='ocrx_word' id='word_1_787' title='bbox 3423 2909 3661 2978; x_wconf 78' lang='lat' dir='ltr'><strong>gentibus</strong></span> <span class='ocrx_word' id='word_1_788' title='bbox 3694 2908 3815 2963; x_wconf 83' lang='lat' dir='ltr'><strong>salu-</strong></span> 
     </span>
    </p>
   </div>
   <div class='ocr_carea' id='block_1_91' title="bbox 2260 2992 3813 3069">
    <p class='ocr_par' dir='ltr' id='par_1_91' title="bbox 2260 2992 3813 3069">
     <span class='ocr_line' id='line_1_91' title="bbox 2260 2992 3813 3069; baseline 0.009 -28"><span class='ocrx_word' id='word_1_789' title='bbox 2260 3007 2279 3041; x_wconf 86' lang='grc'><strong>‹</strong></span> <span class='ocrx_word' id='word_1_790' title='bbox 2317 2999 2429 3045; x_wconf 88' lang='lat' dir='ltr'><strong>tare</strong></span> <span class='ocrx_word' id='word_1_791' title='bbox 2457 2999 2600 3045; x_wconf 88' lang='lat' dir='ltr'><strong>tuttm</strong></span> <span class='ocrx_word' id='word_1_792' title='bbox 2632 3010 2650 3043; x_wconf 76' lang='grc' dir='ltr'><strong><em>ι</em></strong></span> <span class='ocrx_word' id='word_1_793' title='bbox 2681 2992 2851 3063; x_wconf 86' lang='lat' dir='ltr'><strong>(Psal.</strong></span> <span class='ocrx_word' id='word_1_794' title='bbox 2886 3010 3031 3059; x_wconf 81' lang='lat' dir='ltr'><strong>va1,</strong></span> <span class='ocrx_word' id='word_1_795' title='bbox 3066 2993 3118 3062; x_wconf 76' lang='lat'><strong>2,</strong></span> <span class='ocrx_word' id='word_1_796' title='bbox 3148 2994 3235 3069; x_wconf 74' lang='grc' dir='ltr'><strong>ὅ).</strong></span> <span class='ocrx_word' id='word_1_797' title='bbox 3264 2997 3466 3068; x_wconf 89' lang='lat' dir='ltr'><strong>Utique</strong></span> <span class='ocrx_word' id='word_1_798' title='bbox 3500 2999 3630 3055; x_wconf 85' lang='lat' dir='ltr'><strong>tales</strong></span> <span class='ocrx_word' id='word_1_799' title='bbox 3653 3009 3705 3055; x_wconf 91' lang='lat' dir='ltr'><strong>ut</strong></span> <span class='ocrx_word' id='word_1_800' title='bbox 3727 3000 3813 3055; x_wconf 84' lang='lat' dir='ltr'><strong>mi-</strong></span> 
     </span>
    </p>
   </div>
   <div class='ocr_carea' id='block_1_92' title="bbox 2254 3086 3813 3156">
    <p class='ocr_par' dir='ltr' id='par_1_92' title="bbox 2254 3086 3813 3156">
     <span class='ocr_line' id='line_1_92' title="bbox 2254 3086 3813 3156; baseline 0.006 -19"><span class='ocrx_word' id='word_1_801' title='bbox 2254 3092 2501 3147; x_wconf 86' lang='lat' dir='ltr'><strong>nuantur,</strong></span> <span class='ocrx_word' id='word_1_802' title='bbox 2532 3094 2587 3139; x_wconf 91' lang='lat' dir='ltr'><strong>ut</strong></span> <span class='ocrx_word' id='word_1_803' title='bbox 2616 3087 2765 3155; x_wconf 90' lang='lat' dir='ltr'><strong>pauci</strong></span> <span class='ocrx_word' id='word_1_804' title='bbox 2801 3086 2929 3142; x_wconf 83' lang='lat' dir='ltr'><strong>ﬁant</strong></span> <span class='ocrx_word' id='word_1_805' title='bbox 2952 3129 2966 3154; x_wconf 92' lang='lat'><strong>,</strong></span> <span class='ocrx_word' id='word_1_806' title='bbox 2998 3088 3120 3143; x_wconf 90' lang='lat' dir='ltr'><strong>hinc</strong></span> <span class='ocrx_word' id='word_1_807' title='bbox 3158 3099 3387 3156; x_wconf 87' lang='lat' dir='ltr'><strong>exeunt;</strong></span> <span class='ocrx_word' id='word_1_808' title='bbox 3442 3104 3472 3147; x_wconf 85' lang='lat' dir='ltr'><strong>a</strong></span> <span class='ocrx_word' id='word_1_809' title='bbox 3512 3091 3813 3148; x_wconf 89' lang='lat' dir='ltr'><strong>multitudine</strong></span> 
     </span>
    </p>
   </div>
   <div class='ocr_carea' id='block_1_93' title="bbox 2252 3174 3809 3251">
    <p class='ocr_par' dir='ltr' id='par_1_93' title="bbox 2252 3174 3809 3251">
     <span class='ocr_line' id='line_1_93' title="bbox 2252 3174 3809 3251; baseline 0.008 -23"><span class='ocrx_word' id='word_1_810' title='bbox 2252 3174 2469 3230; x_wconf 87' lang='lat' dir='ltr'><strong>unitatis</strong></span> <span class='ocrx_word' id='word_1_811' title='bbox 2496 3191 2683 3231; x_wconf 89' lang='lat' dir='ltr'><strong>omnes</strong></span> <span class='ocrx_word' id='word_1_812' title='bbox 2712 3179 2985 3247; x_wconf 85' lang='lat' dir='ltr'><strong>exierunt,</strong></span> <span class='ocrx_word' id='word_1_813' title='bbox 3016 3180 3151 3236; x_wconf 89' lang='lat' dir='ltr'><strong>sicut</strong></span> <span class='ocrx_word' id='word_1_814' title='bbox 3176 3182 3333 3251; x_wconf 89' lang='lat' dir='ltr'><strong>paulo</strong></span> <span class='ocrx_word' id='word_1_815' title='bbox 3359 3190 3488 3239; x_wconf 88' lang='lat' dir='ltr'><strong>ante</strong></span> <span class='ocrx_word' id='word_1_816' title='bbox 3514 3196 3809 3239; x_wconf 89' lang='lat' dir='ltr'><strong>commemo-</strong></span> 
     </span>
    </p>
   </div>
   <div class='ocr_carea' id='block_1_94' title="bbox 2250 3267 3811 3345">
    <p class='ocr_par' dir='ltr' id='par_1_94' title="bbox 2250 3267 3811 3345">
     <span class='ocr_line' id='line_1_94' title="bbox 2250 3267 3811 3345; baseline 0.004 -24"><span class='ocrx_word' id='word_1_817' title='bbox 2250 3267 2361 3321; x_wconf 87' lang='lat' dir='ltr'><strong>ravi</strong></span> <span class='ocrx_word' id='word_1_818' title='bbox 2389 3267 2586 3322; x_wconf 88' lang='lat' dir='ltr'><strong>dictum</strong></span> <span class='ocrx_word' id='word_1_819' title='bbox 2619 3268 2684 3324; x_wconf 90' lang='lat' dir='ltr'><strong>de</strong></span> <span class='ocrx_word' id='word_1_820' title='bbox 2715 3269 2818 3324; x_wconf 87' lang='lat' dir='ltr'><strong>illis</strong></span> <span class='ocrx_word' id='word_1_821' title='bbox 2848 3287 2862 3323; x_wconf 88' lang='lat'>:</span> <span class='ocrx_word' id='word_1_822' title='bbox 2898 3270 2980 3326; x_wconf 76' lang='lat' dir='ltr'><em>Ex</em></span> <span class='ocrx_word' id='word_1_823' title='bbox 3023 3273 3163 3327; x_wconf 85' lang='lat' dir='ltr'><strong>nobis</strong></span> <span class='ocrx_word' id='word_1_824' title='bbox 3192 3275 3459 3342; x_wconf 71' lang='lat' dir='ltr'><strong>exierunt,</strong></span> <span class='ocrx_word' id='word_1_825' title='bbox 3496 3275 3582 3331; x_wconf 85' lang='lat' dir='ltr'><strong>sed</strong></span> <span class='ocrx_word' id='word_1_826' title='bbox 3609 3292 3702 3330; x_wconf 86' lang='lat' dir='ltr'><strong>non</strong></span> <span class='ocrx_word' id='word_1_827' title='bbox 3725 3276 3811 3345; x_wconf 74' lang='lat' dir='ltr'><strong>fae-</strong></span> 
     </span>
    </p>
   </div>
   <div class='ocr_carea' id='block_1_95' title="bbox 2250 3361 3810 3439">
    <p class='ocr_par' dir='ltr' id='par_1_95' title="bbox 2250 3361 3810 3439">
     <span class='ocr_line' id='line_1_95' title="bbox 2250 3361 3810 3439; baseline 0.005 -26"><span class='ocrx_word' id='word_1_828' title='bbox 2250 3368 2369 3413; x_wconf 87' lang='lat' dir='ltr'><strong>runt</strong></span> <span class='ocrx_word' id='word_1_829' title='bbox 2403 3377 2467 3415; x_wconf 81' lang='lat' dir='ltr'><strong>ea:</strong></span> <span class='ocrx_word' id='word_1_830' title='bbox 2493 3361 2667 3427; x_wconf 85' lang='lat' dir='ltr'><strong>nobis;</strong></span> <span class='ocrx_word' id='word_1_831' title='bbox 2694 3363 2737 3417; x_wconf 86' lang='lat' dir='ltr'><strong>si</strong></span> <span class='ocrx_word' id='word_1_832' title='bbox 2761 3363 2895 3417; x_wconf 86' lang='lat' dir='ltr'><strong>enim</strong></span> <span class='ocrx_word' id='word_1_833' title='bbox 2922 3379 2984 3419; x_wconf 71' lang='lat' dir='ltr'><strong>ex</strong></span> <span class='ocrx_word' id='word_1_834' title='bbox 3022 3364 3160 3419; x_wconf 87' lang='lat' dir='ltr'><strong>nobis</strong></span> <span class='ocrx_word' id='word_1_835' title='bbox 3190 3365 3426 3435; x_wconf 79' lang='lat' dir='ltr'><strong>fuissent,</strong></span> <span class='ocrx_word' id='word_1_836' title='bbox 3457 3370 3810 3439; x_wconf 83' lang='lat' dir='ltr'><strong>permansissent</strong></span> 
     </span>
    </p>
   </div>
   <div class='ocr_carea' id='block_1_96' title="bbox 2253 3449 3852 3528">
    <p class='ocr_par' dir='ltr' id='par_1_96' title="bbox 2253 3449 3852 3528">
     <span class='ocr_line' id='line_1_96' title="bbox 2253 3449 3852 3528; baseline 0.006 -24"><span class='ocrx_word' id='word_1_837' title='bbox 2253 3452 2425 3522; x_wconf 87' lang='lat' dir='ltr'><strong>utique</strong></span> <span class='ocrx_word' id='word_1_838' title='bbox 2464 3453 2720 3507; x_wconf 87' lang='lat' dir='ltr'><strong>nobiscum</strong></span> <span class='ocrx_word' id='word_1_839' title='bbox 2747 3456 2764 3526; x_wconf 93' lang='lat'>(</span> <span class='ocrx_word' id='word_1_840' title='bbox 2797 3453 2991 3509; x_wconf 84' lang='lat' dir='ltr'><strong>lJoan.</strong></span> <span class='ocrx_word' id='word_1_841' title='bbox 3018 3471 3087 3523; x_wconf 87' lang='lat' dir='ltr'><strong>tt,</strong></span> <span class='ocrx_word' id='word_1_842' title='bbox 3122 3457 3251 3528; x_wconf 82' lang='grc'><strong>19).</strong></span> <span class='ocrx_word' id='word_1_843' title='bbox 3283 3458 3384 3514; x_wconf 89' lang='lat' dir='ltr'><strong>Sed</strong></span> <span class='ocrx_word' id='word_1_844' title='bbox 3415 3462 3461 3515; x_wconf 88' lang='lat' dir='ltr'><strong>si</strong></span> <span class='ocrx_word' id='word_1_845' title='bbox 3492 3459 3624 3516; x_wconf 78' lang='lat' dir='ltr'><strong>forte</strong></span> <span class='ocrx_word' id='word_1_846' title='bbox 3668 3460 3809 3514; x_wconf 88' lang='lat' dir='ltr'><strong>nostri</strong></span> <span class='ocrx_word' id='word_1_847' title='bbox 3848 3449 3852 3453; x_wconf 69' lang='grc'><em>’</em></span> 
     </span>
    </p>
   </div>
   <div class='ocr_carea' id='block_1_97' title="bbox 2250 3544 3806 3614">
    <p class='ocr_par' dir='ltr' id='par_1_97' title="bbox 2250 3544 3806 3614">
     <span class='ocr_line' id='line_1_97' title="bbox 2250 3544 3806 3614; baseline 0.004 -19"><span class='ocrx_word' id='word_1_848' title='bbox 2250 3552 2373 3597; x_wconf 80' lang='lat' dir='ltr'><strong>Sunt</strong></span> <span class='ocrx_word' id='word_1_849' title='bbox 2390 3544 2440 3597; x_wconf 91' lang='lat' dir='ltr'><strong>in</strong></span> <span class='ocrx_word' id='word_1_850' title='bbox 2459 3544 2665 3599; x_wconf 84' lang='lat' dir='ltr'><strong>occulta</strong></span> <span class='ocrx_word' id='word_1_851' title='bbox 2694 3544 3025 3614; x_wconf 68' lang='lat' dir='ltr'><strong>prmscientia</strong></span> <span class='ocrx_word' id='word_1_852' title='bbox 3051 3544 3401 3613; x_wconf 88' lang='lat' dir='ltr'><strong>Dei,necesse</strong></span> <span class='ocrx_word' id='word_1_853' title='bbox 3426 3560 3507 3605; x_wconf 89' lang='lat' dir='ltr'><strong>est</strong></span> <span class='ocrx_word' id='word_1_854' title='bbox 3524 3560 3578 3606; x_wconf 92' lang='lat' dir='ltr'><strong>ut</strong></span> <span class='ocrx_word' id='word_1_855' title='bbox 3598 3550 3806 3605; x_wconf 87' lang='lat' dir='ltr'><strong>redeant.</strong></span> 
     </span>
    </p>
   </div>
   <div class='ocr_carea' id='block_1_98' title="bbox 2249 3632 3806 3711">
    <p class='ocr_par' dir='ltr' id='par_1_98' title="bbox 2249 3632 3806 3711">
     <span class='ocr_line' id='line_1_98' title="bbox 2249 3632 3806 3711; baseline 0.003 -22"><span class='ocrx_word' id='word_1_856' title='bbox 2249 3632 2417 3703; x_wconf 86' lang='lat' dir='ltr'><strong>Quam</strong></span> <span class='ocrx_word' id='word_1_857' title='bbox 2468 3636 2619 3691; x_wconf 91' lang='lat' dir='ltr'><strong>multi</strong></span> <span class='ocrx_word' id='word_1_858' title='bbox 2665 3651 2768 3692; x_wconf 89' lang='lat' dir='ltr'><strong>non</strong></span> <span class='ocrx_word' id='word_1_859' title='bbox 2797 3639 2964 3693; x_wconf 90' lang='lat' dir='ltr'><strong>nostri</strong></span> <span class='ocrx_word' id='word_1_860' title='bbox 2993 3638 3163 3693; x_wconf 88' lang='lat' dir='ltr'><strong>adlute</strong></span> <span class='ocrx_word' id='word_1_861' title='bbox 3203 3640 3349 3709; x_wconf 87' lang='lat' dir='ltr'><strong>quasi</strong></span> <span class='ocrx_word' id='word_1_862' title='bbox 3378 3641 3556 3707; x_wconf 88' lang='lat' dir='ltr'><strong>intus,</strong></span> <span class='ocrx_word' id='word_1_863' title='bbox 3599 3643 3650 3696; x_wconf 84' lang='lat' dir='ltr'><strong>ei</strong></span> <span class='ocrx_word' id='word_1_864' title='bbox 3673 3650 3806 3711; x_wconf 86' lang='lat' dir='ltr'><strong>quam</strong></span> 
     </span>
    </p>
   </div>
   <div class='ocr_carea' id='block_1_99' title="bbox 2248 3727 3805 3801">
    <p class='ocr_par' dir='ltr' id='par_1_99' title="bbox 2248 3727 3805 3801">
     <span class='ocr_line' id='line_1_99' title="bbox 2248 3727 3805 3801; baseline 0.001 -20"><span class='ocrx_word' id='word_1_865' title='bbox 2248 3727 2397 3781; x_wconf 90' lang='lat' dir='ltr'><strong>multi</strong></span> <span class='ocrx_word' id='word_1_866' title='bbox 2433 3728 2599 3783; x_wconf 91' lang='lat' dir='ltr'><strong>nostri</strong></span> <span class='ocrx_word' id='word_1_867' title='bbox 2649 3727 2821 3783; x_wconf 87' lang='lat' dir='ltr'><strong>adhuc</strong></span> <span class='ocrx_word' id='word_1_868' title='bbox 2850 3730 2999 3800; x_wconf 89' lang='lat' dir='ltr'><strong>quasi</strong></span> <span class='ocrx_word' id='word_1_869' title='bbox 3040 3728 3210 3785; x_wconf 79' lang='lat' dir='ltr'><strong>foris?</strong></span> <span class='ocrx_word' id='word_1_870' title='bbox 3250 3730 3408 3785; x_wconf 79' lang='lat' dir='ltr'><strong>Novit</strong></span> <span class='ocrx_word' id='word_1_871' title='bbox 3459 3733 3692 3787; x_wconf 84' lang='lat' dir='ltr'><strong>Dominus</strong></span> <span class='ocrx_word' id='word_1_872' title='bbox 3729 3732 3805 3801; x_wconf 83' lang='lat' dir='ltr'><strong>qui</strong></span> 
     </span>
    </p>
   </div>
   <div class='ocr_carea' id='block_1_100' title="bbox 2248 3820 3806 3893">
    <p class='ocr_par' dir='ltr' id='par_1_100' title="bbox 2248 3820 3806 3893">
     <span class='ocr_line' id='line_1_100' title="bbox 2248 3820 3806 3893; baseline 0.001 -20"><span class='ocrx_word' id='word_1_873' title='bbox 2248 3830 2363 3873; x_wconf 87' lang='lat' dir='ltr'><strong>sunt</strong></span> <span class='ocrx_word' id='word_1_874' title='bbox 2392 3822 2519 3891; x_wconf 88' lang='lat' dir='ltr'><strong>ejus.</strong></span> <span class='ocrx_word' id='word_1_875' title='bbox 2565 3820 2631 3875; x_wconf 89' lang='lat' dir='ltr'><strong>Et</strong></span> <span class='ocrx_word' id='word_1_876' title='bbox 2670 3821 2743 3876; x_wconf 92' lang='lat' dir='ltr'><strong>illi</strong></span> <span class='ocrx_word' id='word_1_877' title='bbox 2776 3836 2879 3876; x_wconf 91' lang='lat' dir='ltr'><strong>non</strong></span> <span class='ocrx_word' id='word_1_878' title='bbox 2925 3823 3088 3877; x_wconf 90' lang='lat' dir='ltr'><strong>nostri</strong></span> <span class='ocrx_word' id='word_1_879' title='bbox 3119 3823 3206 3893; x_wconf 90' lang='lat' dir='ltr'><strong>qui</strong></span> <span class='ocrx_word' id='word_1_880' title='bbox 3246 3824 3385 3879; x_wconf 90' lang='lat' dir='ltr'><strong>intus</strong></span> <span class='ocrx_word' id='word_1_881' title='bbox 3431 3833 3574 3891; x_wconf 90' lang='lat' dir='ltr'><strong>sunt,</strong></span> <span class='ocrx_word' id='word_1_882' title='bbox 3620 3822 3806 3893; x_wconf 83' lang='lat' dir='ltr'><strong>quando</strong></span> 
     </span>
    </p>
   </div>
   <div class='ocr_carea' id='block_1_101' title="bbox 2248 3912 3804 3987">
    <p class='ocr_par' dir='ltr' id='par_1_101' title="bbox 2248 3912 3804 3987">
     <span class='ocr_line' id='line_1_101' title="bbox 2248 3912 3804 3987; baseline 0.001 -22"><span class='ocrx_word' id='word_1_883' title='bbox 2248 3913 2557 3966; x_wconf 89' lang='lat' dir='ltr'><strong>occasiones</strong></span> <span class='ocrx_word' id='word_1_884' title='bbox 2589 3912 2905 3980; x_wconf 87' lang='lat' dir='ltr'><strong>invenerint,</strong></span> <span class='ocrx_word' id='word_1_885' title='bbox 2933 3921 3160 3980; x_wconf 81' lang='lat' dir='ltr'><strong>exeunt;</strong></span> <span class='ocrx_word' id='word_1_886' title='bbox 3194 3923 3248 3969; x_wconf 85' lang='lat' dir='ltr'><strong>et</strong></span> <span class='ocrx_word' id='word_1_887' title='bbox 3287 3915 3361 3969; x_wconf 93' lang='lat' dir='ltr'><strong>illi</strong></span> <span class='ocrx_word' id='word_1_888' title='bbox 3392 3917 3560 3971; x_wconf 88' lang='lat' dir='ltr'><strong>nostri</strong></span> <span class='ocrx_word' id='word_1_889' title='bbox 3589 3916 3671 3987; x_wconf 87' lang='lat' dir='ltr'><strong>qui</strong></span> <span class='ocrx_word' id='word_1_890' title='bbox 3697 3914 3804 3967; x_wconf 83' lang='lat' dir='ltr'><strong>loris</strong></span> 
     </span>
    </p>
   </div>
   <div class='ocr_carea' id='block_1_102' title="bbox 2248 4002 3802 4072">
    <p class='ocr_par' dir='ltr' id='par_1_102' title="bbox 2248 4002 3802 4072">
     <span class='ocr_line' id='line_1_102' title="bbox 2248 4002 3802 4072; baseline 0 -15"><span class='ocrx_word' id='word_1_891' title='bbox 2248 4010 2389 4069; x_wconf 89' lang='lat' dir='ltr'><strong>sunt,</strong></span> <span class='ocrx_word' id='word_1_892' title='bbox 2434 4003 2643 4072; x_wconf 87' lang='lat' dir='ltr'><strong>quando</strong></span> <span class='ocrx_word' id='word_1_893' title='bbox 2682 4005 2992 4059; x_wconf 86' lang='lat' dir='ltr'><strong>occasiones</strong></span> <span class='ocrx_word' id='word_1_894' title='bbox 3035 4006 3352 4071; x_wconf 84' lang='lat' dir='ltr'><strong>invenerint,</strong></span> <span class='ocrx_word' id='word_1_895' title='bbox 3410 4008 3649 4063; x_wconf 87' lang='lat' dir='ltr'><strong>redeunt.</strong></span> <span class='ocrx_word' id='word_1_896' title='bbox 3690 4002 3802 4059; x_wconf 88' lang='lat' dir='ltr'><strong>Illud</strong></span> 
     </span>
    </p>
   </div>
   <div class='ocr_carea' id='block_1_103' title="bbox 2247 4095 3802 4165">
    <p class='ocr_par' dir='ltr' id='par_1_103' title="bbox 2247 4095 3802 4165">
     <span class='ocr_line' id='line_1_103' title="bbox 2247 4095 3802 4165; baseline -0.001 -16"><span class='ocrx_word' id='word_1_897' title='bbox 2247 4108 2374 4163; x_wconf 83' lang='lat' dir='ltr'><strong>ergo</strong></span> <span class='ocrx_word' id='word_1_898' title='bbox 2396 4096 2617 4163; x_wconf 83' lang='lat' dir='ltr'><strong>accipite</strong></span> <span class='ocrx_word' id='word_1_899' title='bbox 2642 4095 2783 4165; x_wconf 89' lang='lat' dir='ltr'><strong>quod</strong></span> <span class='ocrx_word' id='word_1_900' title='bbox 2812 4098 2956 4151; x_wconf 85' lang='lat' dir='ltr'><strong>novit</strong></span> <span class='ocrx_word' id='word_1_901' title='bbox 2983 4096 3143 4164; x_wconf 89' lang='lat' dir='ltr'><strong>Deus,</strong></span> <span class='ocrx_word' id='word_1_902' title='bbox 3189 4098 3481 4154; x_wconf 86' lang='lat' dir='ltr'><strong>secundum</strong></span> <span class='ocrx_word' id='word_1_903' title='bbox 3511 4100 3607 4153; x_wconf 86' lang='lat' dir='ltr'><strong>hoc</strong></span> <span class='ocrx_word' id='word_1_904' title='bbox 3629 4095 3802 4152; x_wconf 71' lang='lat' dir='ltr'><strong>seduxit</strong></span> 
     </span>
    </p>
   </div>
   <div class='ocr_carea' id='block_1_104' title="bbox 2246 4184 3797 4256">
    <p class='ocr_par' dir='ltr' id='par_1_104' title="bbox 2246 4184 3797 4256">
     <span class='ocr_line' id='line_1_104' title="bbox 2246 4184 3797 4256; baseline -0.001 -17"><span class='ocrx_word' id='word_1_905' title='bbox 2246 4200 2328 4239; x_wconf 87' lang='lat' dir='ltr'><strong>eos</strong></span> <span class='ocrx_word' id='word_1_906' title='bbox 2353 4184 2405 4239; x_wconf 89' lang='lat' dir='ltr'><strong>in</strong></span> <span class='ocrx_word' id='word_1_907' title='bbox 2431 4184 2585 4251; x_wconf 84' lang='lat' dir='ltr'><strong>invio,</strong></span> <span class='ocrx_word' id='word_1_908' title='bbox 2615 4195 2659 4239; x_wconf 89' lang='lat' dir='ltr'><strong>et</strong></span> <span class='ocrx_word' id='word_1_909' title='bbox 2698 4202 2796 4240; x_wconf 89' lang='lat' dir='ltr'><strong>non</strong></span> <span class='ocrx_word' id='word_1_910' title='bbox 2822 4188 2875 4240; x_wconf 85' lang='lat' dir='ltr'><strong>in</strong></span> <span class='ocrx_word' id='word_1_911' title='bbox 2910 4188 3007 4240; x_wconf 87' lang='lat' dir='ltr'><strong>via.</strong></span> <span class='ocrx_word' id='word_1_912' title='bbox 3038 4186 3105 4241; x_wconf 90' lang='lat' dir='ltr'><strong>Et</strong></span> <span class='ocrx_word' id='word_1_913' title='bbox 3125 4186 3250 4256; x_wconf 85' lang='lat' dir='ltr'><strong>quid</strong></span> <span class='ocrx_word' id='word_1_914' title='bbox 3280 4188 3346 4243; x_wconf 90' lang='lat' dir='ltr'><strong>de</strong></span> <span class='ocrx_word' id='word_1_915' title='bbox 3367 4190 3472 4245; x_wconf 87' lang='lat' dir='ltr'><strong>illis</strong></span> <span class='ocrx_word' id='word_1_916' title='bbox 3497 4184 3797 4253; x_wconf 76' lang='lat' dir='ltr'><strong>fecittQuod</strong></span> 
     </span>
    </p>
   </div>
   <div class='ocr_carea' id='block_1_105' title="bbox 2245 4274 3793 4349">
    <p class='ocr_par' dir='ltr' id='par_1_105' title="bbox 2245 4274 3793 4349">
     <span class='ocr_line' id='line_1_105' title="bbox 2245 4274 3793 4349; baseline -0.001 -17"><span class='ocrx_word' id='word_1_917' title='bbox 2245 4274 2425 4333; x_wconf 87' lang='lat' dir='ltr'><strong>dicere</strong></span> <span class='ocrx_word' id='word_1_918' title='bbox 2466 4293 2755 4348; x_wconf 83' lang='lat' dir='ltr'><strong>coeperam,</strong></span> <span class='ocrx_word' id='word_1_919' title='bbox 2802 4279 2942 4349; x_wconf 86' lang='lat' dir='ltr'><strong>quod</strong></span> <span class='ocrx_word' id='word_1_920' title='bbox 2973 4289 3168 4334; x_wconf 89' lang='lat' dir='ltr'><strong>attente</strong></span> <span class='ocrx_word' id='word_1_921' title='bbox 3205 4281 3455 4336; x_wconf 86' lang='lat' dir='ltr'><strong>audiatis.</strong></span> <span class='ocrx_word' id='word_1_922' title='bbox 3499 4281 3667 4336; x_wconf 88' lang='lat' dir='ltr'><strong>Potuit</strong></span> <span class='ocrx_word' id='word_1_923' title='bbox 3694 4279 3793 4332; x_wconf 85' lang='lat' dir='ltr'><strong>illos</strong></span> 
     </span>
    </p>
   </div>
   <div class='ocr_carea' id='block_1_106' title="bbox 2244 4371 3794 4446">
    <p class='ocr_par' dir='ltr' id='par_1_106' title="bbox 2244 4371 3794 4446">
     <span class='ocr_line' id='line_1_106' title="bbox 2244 4371 3794 4446; baseline -0.001 -21"><span class='ocrx_word' id='word_1_924' title='bbox 2244 4372 2349 4443; x_wconf 88' lang='lat' dir='ltr'><strong>pati</strong></span> <span class='ocrx_word' id='word_1_925' title='bbox 2382 4371 2523 4428; x_wconf 92' lang='lat' dir='ltr'><strong>intus</strong></span> <span class='ocrx_word' id='word_1_926' title='bbox 2557 4387 2787 4443; x_wconf 89' lang='lat' dir='ltr'><strong>semper,</strong></span> <span class='ocrx_word' id='word_1_927' title='bbox 2814 4372 2905 4427; x_wconf 91' lang='lat' dir='ltr'><strong>sed</strong></span> <span class='ocrx_word' id='word_1_928' title='bbox 2941 4387 3039 4428; x_wconf 88' lang='lat' dir='ltr'><strong>nos</strong></span> <span class='ocrx_word' id='word_1_929' title='bbox 3067 4374 3132 4427; x_wconf 88' lang='lat' dir='ltr'><strong>de</strong></span> <span class='ocrx_word' id='word_1_930' title='bbox 3160 4375 3261 4429; x_wconf 88' lang='lat' dir='ltr'><strong>illis</strong></span> <span class='ocrx_word' id='word_1_931' title='bbox 3285 4390 3387 4429; x_wconf 89' lang='lat' dir='ltr'><strong>non</strong></span> <span class='ocrx_word' id='word_1_932' title='bbox 3414 4375 3794 4446; x_wconf 81' lang='lat' dir='ltr'><strong>proﬂeeremus:</strong></span> 
     </span>
    </p>
   </div>
   <div class='ocr_carea' id='block_1_107' title="bbox 2244 4464 3797 4539">
    <p class='ocr_par' dir='ltr' id='par_1_107' title="bbox 2244 4464 3797 4539">
     <span class='ocr_line' id='line_1_107' title="bbox 2244 4464 3797 4539; baseline -0.001 -21"><span class='ocrx_word' id='word_1_933' title='bbox 2244 4478 2364 4519; x_wconf 89' lang='lat' dir='ltr'><strong>cum</strong></span> <span class='ocrx_word' id='word_1_934' title='bbox 2410 4474 2584 4520; x_wconf 90' lang='lat' dir='ltr'><strong>autem</strong></span> <span class='ocrx_word' id='word_1_935' title='bbox 2630 4466 2859 4535; x_wconf 88' lang='lat' dir='ltr'><strong>separati</strong></span> <span class='ocrx_word' id='word_1_936' title='bbox 2904 4476 3044 4532; x_wconf 88' lang='lat' dir='ltr'><strong>sunt,</strong></span> <span class='ocrx_word' id='word_1_937' title='bbox 3080 4476 3133 4520; x_wconf 87' lang='lat' dir='ltr'><strong>et</strong></span> <span class='ocrx_word' id='word_1_938' title='bbox 3180 4482 3277 4537; x_wconf 89' lang='lat' dir='ltr'><strong>per</strong></span> <span class='ocrx_word' id='word_1_939' title='bbox 3319 4469 3633 4539; x_wconf 66' lang='lat' dir='ltr'><strong>quaestiones</strong></span> <span class='ocrx_word' id='word_1_940' title='bbox 3670 4464 3797 4520; x_wconf 84' lang='lat' dir='ltr'><strong>mali-</strong></span> 
     </span>
    </p>
   </div>
   <div class='ocr_carea' id='block_1_108' title="bbox 2243 4557 3794 4628">
    <p class='ocr_par' dir='ltr' id='par_1_108' title="bbox 2243 4557 3794 4628">
     <span class='ocr_line' id='line_1_108' title="bbox 2243 4557 3794 4628; baseline -0.003 -18"><span class='ocrx_word' id='word_1_941' title='bbox 2243 4572 2375 4628; x_wconf 78' lang='lat' dir='ltr'><strong>gnas</strong></span> <span class='ocrx_word' id='word_1_942' title='bbox 2404 4557 2698 4628; x_wconf 81' lang='lat' dir='ltr'><strong>inquietant</strong></span> <span class='ocrx_word' id='word_1_943' title='bbox 2726 4572 2842 4623; x_wconf 91' lang='lat' dir='ltr'><strong>nos,</strong></span> <span class='ocrx_word' id='word_1_944' title='bbox 2884 4559 3212 4627; x_wconf 88' lang='lat' dir='ltr'><strong>propositmu</strong></span> <span class='ocrx_word' id='word_1_945' title='bbox 3252 4567 3332 4613; x_wconf 87' lang='lat' dir='ltr'><strong>est</strong></span> <span class='ocrx_word' id='word_1_946' title='bbox 3374 4561 3525 4615; x_wconf 88' lang='lat' dir='ltr'><strong>nobis</strong></span> <span class='ocrx_word' id='word_1_947' title='bbox 3550 4573 3610 4614; x_wconf 84' lang='lat' dir='ltr'><strong>ex</strong></span> <span class='ocrx_word' id='word_1_948' title='bbox 3639 4557 3730 4611; x_wconf 84' lang='lat' dir='ltr'><strong>illis</strong></span> <span class='ocrx_word' id='word_1_949' title='bbox 3750 4561 3794 4607; x_wconf 84' lang='lat' dir='ltr'><strong>et</strong></span> 
     </span>
    </p>
   </div>
   <div class='ocr_carea' id='block_1_109' title="bbox 2243 4644 3795 4721">
    <p class='ocr_par' dir='ltr' id='par_1_109' title="bbox 2243 4644 3795 4721">
     <span class='ocr_line' id='line_1_109' title="bbox 2243 4644 3795 4721; baseline -0.004 -18"><span class='ocrx_word' id='word_1_950' title='bbox 2243 4650 2599 4719; x_wconf 88' lang='lat' dir='ltr'><strong>inquisitionis</strong></span> <span class='ocrx_word' id='word_1_951' title='bbox 2647 4648 2901 4715; x_wconf 90' lang='lat' dir='ltr'><strong>studium,</strong></span> <span class='ocrx_word' id='word_1_952' title='bbox 2949 4658 3003 4703; x_wconf 88' lang='lat' dir='ltr'><strong>et</strong></span> <span class='ocrx_word' id='word_1_953' title='bbox 3039 4650 3244 4704; x_wconf 88' lang='lat' dir='ltr'><strong>timoris</strong></span> <span class='ocrx_word' id='word_1_954' title='bbox 3288 4651 3606 4721; x_wconf 82' lang='lat' dir='ltr'><strong>exemplum.</strong></span> <span class='ocrx_word' id='word_1_955' title='bbox 3648 4644 3795 4702; x_wconf 80' lang='lat' dir='ltr'><strong>Unus-</strong></span> 
     </span>
    </p>
   </div>
   <div class='ocr_carea' id='block_1_110' title="bbox 2243 4742 3791 4813">
    <p class='ocr_par' dir='ltr' id='par_1_110' title="bbox 2243 4742 3791 4813">
     <span class='ocr_line' id='line_1_110' title="bbox 2243 4742 3791 4813; baseline -0.005 -16"><span class='ocrx_word' id='word_1_956' title='bbox 2243 4743 2468 4813; x_wconf 87' lang='lat' dir='ltr'><strong>quisque</strong></span> <span class='ocrx_word' id='word_1_957' title='bbox 2501 4742 2701 4807; x_wconf 89' lang='lat' dir='ltr'><strong>tremit,</strong></span> <span class='ocrx_word' id='word_1_958' title='bbox 2748 4756 2868 4796; x_wconf 89' lang='lat' dir='ltr'><strong>cum</strong></span> <span class='ocrx_word' id='word_1_959' title='bbox 2912 4742 3137 4797; x_wconf 88' lang='lat' dir='ltr'><strong>alterum</strong></span> <span class='ocrx_word' id='word_1_960' title='bbox 3170 4742 3310 4797; x_wconf 88' lang='lat' dir='ltr'><strong>videt</strong></span> <span class='ocrx_word' id='word_1_961' title='bbox 3350 4744 3541 4807; x_wconf 85' lang='lat' dir='ltr'><strong>exisse,</strong></span> <span class='ocrx_word' id='word_1_962' title='bbox 3572 4750 3791 4808; x_wconf 82' lang='lat' dir='ltr'><strong>tanquam</strong></span> 
     </span>
    </p>
   </div>
   <div class='ocr_carea' id='block_1_111' title="bbox 2242 4833 3791 4906">
    <p class='ocr_par' dir='ltr' id='par_1_111' title="bbox 2242 4833 3791 4906">
     <span class='ocr_line' id='line_1_111' title="bbox 2242 4833 3791 4906; baseline -0.01 -14"><span class='ocrx_word' id='word_1_963' title='bbox 2242 4852 2306 4892; x_wconf 75' lang='lat' dir='ltr'><strong>ex</strong></span> <span class='ocrx_word' id='word_1_964' title='bbox 2350 4836 2491 4891; x_wconf 91' lang='lat' dir='ltr'><strong>illius</strong></span> <span class='ocrx_word' id='word_1_965' title='bbox 2529 4836 2675 4891; x_wconf 83' lang='lat' dir='ltr'><strong>exitu</strong></span> <span class='ocrx_word' id='word_1_966' title='bbox 2716 4833 2921 4889; x_wconf 88' lang='lat' dir='ltr'><strong>dicatur</strong></span> <span class='ocrx_word' id='word_1_967' title='bbox 2962 4835 3075 4888; x_wconf 92' lang='lat' dir='ltr'><strong>illi:</strong></span> <span class='ocrx_word' id='word_1_968' title='bbox 3110 4834 3428 4906; x_wconf 85' lang='lat' dir='ltr'><strong>Quapropter</strong></span> <span class='ocrx_word' id='word_1_969' title='bbox 3470 4836 3550 4905; x_wconf 82' lang='lat' dir='ltr'><strong>qui</strong></span> <span class='ocrx_word' id='word_1_970' title='bbox 3589 4848 3639 4887; x_wconf 86' lang='lat' dir='ltr'><strong>se</strong></span> <span class='ocrx_word' id='word_1_971' title='bbox 3671 4835 3791 4900; x_wconf 85' lang='lat' dir='ltr'><strong>putat</strong></span> 
     </span>
    </p>
   </div>
   <div class='ocr_carea' id='block_1_112' title="bbox 2242 4918 3788 5000">
    <p class='ocr_par' dir='ltr' id='par_1_112' title="bbox 2242 4918 3788 5000">
     <span class='ocr_line' id='line_1_112' title="bbox 2242 4918 3788 5000; baseline -0.008 -14"><span class='ocrx_word' id='word_1_972' title='bbox 2242 4941 2395 4996; x_wconf 82' lang='lat' dir='ltr'><strong>stare,</strong></span> <span class='ocrx_word' id='word_1_973' title='bbox 2426 4929 2587 4983; x_wconf 86' lang='lat' dir='ltr'><strong>videat</strong></span> <span class='ocrx_word' id='word_1_974' title='bbox 2611 4946 2673 4983; x_wconf 90' lang='lat' dir='ltr'><strong>ne</strong></span> <span class='ocrx_word' id='word_1_975' title='bbox 2696 4928 2843 4982; x_wconf 88' lang='lat' dir='ltr'><strong>cadat</strong></span> <span class='ocrx_word' id='word_1_976' title='bbox 2864 4927 2909 5000; x_wconf 89' lang='lat' dir='ltr'><strong>(l</strong></span> <span class='ocrx_word' id='word_1_977' title='bbox 2931 4927 3047 4983; x_wconf 87' lang='lat' dir='ltr'><strong>Cor.</strong></span> <span class='ocrx_word' id='word_1_978' title='bbox 3079 4945 3130 4993; x_wconf 85' lang='lat' dir='ltr'><strong>x,</strong></span> <span class='ocrx_word' id='word_1_979' title='bbox 3158 4928 3267 4998; x_wconf 73' lang='grc'><strong>12).</strong></span> <span class='ocrx_word' id='word_1_980' title='bbox 3297 4929 3522 4983; x_wconf 82' lang='lat' dir='ltr'><strong>Prosunt</strong></span> <span class='ocrx_word' id='word_1_981' title='bbox 3548 4940 3664 4994; x_wconf 71' lang='lat' dir='ltr'><strong>ergo</strong></span> <span class='ocrx_word' id='word_1_982' title='bbox 3686 4918 3788 4989; x_wconf 86' lang='lat' dir='ltr'><strong>quia</strong></span> 
     </span>
    </p>
   </div>
   <div class='ocr_carea' id='block_1_113' title="bbox 2242 5015 3785 5084">
    <p class='ocr_par' dir='ltr' id='par_1_113' title="bbox 2242 5015 3785 5084">
     <span class='ocr_line' id='line_1_113' title="bbox 2242 5015 3785 5084; baseline -0.006 -6"><span class='ocrx_word' id='word_1_983' title='bbox 2242 5030 2479 5078; x_wconf 81' lang='lat' dir='ltr'><strong>exeunt:</strong></span> <span class='ocrx_word' id='word_1_984' title='bbox 2511 5036 2633 5076; x_wconf 88' lang='lat' dir='ltr'><strong>nam</strong></span> <span class='ocrx_word' id='word_1_985' title='bbox 2678 5019 2723 5074; x_wconf 90' lang='lat' dir='ltr'><strong>si</strong></span> <span class='ocrx_word' id='word_1_986' title='bbox 2770 5020 2911 5074; x_wconf 87' lang='lat' dir='ltr'><strong>intus</strong></span> <span class='ocrx_word' id='word_1_987' title='bbox 2949 5028 3148 5084; x_wconf 88' lang='lat' dir='ltr'><strong>essent,</strong></span> <span class='ocrx_word' id='word_1_988' title='bbox 3206 5026 3259 5073; x_wconf 87' lang='lat' dir='ltr'><strong>ct</strong></span> <span class='ocrx_word' id='word_1_989' title='bbox 3296 5028 3397 5072; x_wconf 87' lang='lat' dir='ltr'><strong>tam</strong></span> <span class='ocrx_word' id='word_1_990' title='bbox 3450 5016 3566 5071; x_wconf 85' lang='lat' dir='ltr'><strong>mali</strong></span> <span class='ocrx_word' id='word_1_991' title='bbox 3612 5015 3785 5069; x_wconf 73' lang='lat' dir='ltr'><strong>essent.</strong></span> 
     </span>
    </p>
   </div>
   <div class='ocr_carea' id='block_1_114' title="bbox 2242 5101 3783 5181">
    <p class='ocr_par' dir='ltr' id='par_1_114' title="bbox 2242 5101 3783 5181">
     <span class='ocr_line' id='line_1_114' title="bbox 2242 5101 3783 5181; baseline -0.011 -12"><span class='ocrx_word' id='word_1_992' title='bbox 2242 5114 2375 5169; x_wconf 88' lang='lat' dir='ltr'><strong>nihil</strong></span> <span class='ocrx_word' id='word_1_993' title='bbox 2405 5112 2472 5168; x_wconf 92' lang='lat' dir='ltr'><strong>de</strong></span> <span class='ocrx_word' id='word_1_994' title='bbox 2514 5112 2615 5167; x_wconf 90' lang='lat' dir='ltr'><strong>illis</strong></span> <span class='ocrx_word' id='word_1_995' title='bbox 2640 5112 2941 5181; x_wconf 89' lang='lat' dir='ltr'><strong>prodesset.</strong></span> <span class='ocrx_word' id='word_1_996' title='bbox 2995 5109 3130 5177; x_wconf 88' lang='lat' dir='ltr'><strong>Quid</strong></span> <span class='ocrx_word' id='word_1_997' title='bbox 3174 5110 3241 5165; x_wconf 89' lang='lat' dir='ltr'><strong>de</strong></span> <span class='ocrx_word' id='word_1_998' title='bbox 3284 5110 3391 5165; x_wconf 89' lang='lat' dir='ltr'><strong>illis</strong></span> <span class='ocrx_word' id='word_1_999' title='bbox 3416 5110 3601 5164; x_wconf 89' lang='lat' dir='ltr'><strong>dictum</strong></span> <span class='ocrx_word' id='word_1_1000' title='bbox 3647 5112 3717 5158; x_wconf 87' lang='lat' dir='ltr'><strong>est</strong></span> <span class='ocrx_word' id='word_1_1001' title='bbox 3744 5101 3783 5152; x_wconf 89' lang='lat' dir='ltr'><strong>iu</strong></span> 
     </span>
    </p>
   </div>
   <div class='ocr_carea' id='block_1_115' title="bbox 2241 5190 3786 5277">
    <p class='ocr_par' dir='ltr' id='par_1_115' title="bbox 2241 5190 3786 5277">
     <span class='ocr_line' id='line_1_115' title="bbox 2241 5190 3786 5277; baseline -0.012 -17"><span class='ocrx_word' id='word_1_1002' title='bbox 2241 5205 2468 5277; x_wconf 88' lang='lat' dir='ltr'><strong>quodam</strong></span> <span class='ocrx_word' id='word_1_1003' title='bbox 2505 5201 2746 5273; x_wconf 81' lang='lat' dir='ltr'><strong>psalmo?</strong></span> <span class='ocrx_word' id='word_1_1004' title='bbox 2792 5202 3122 5273; x_wconf 82' lang='lat' dir='ltr'><strong>(.‘ougregatio</strong></span> <span class='ocrx_word' id='word_1_1005' title='bbox 3154 5211 3432 5268; x_wconf 88' lang='lat' dir='ltr'><strong>taurorum,</strong></span> <span class='ocrx_word' id='word_1_1006' title='bbox 3462 5200 3508 5254; x_wconf 92' lang='lat' dir='ltr'><strong>id</strong></span> <span class='ocrx_word' id='word_1_1007' title='bbox 3543 5205 3620 5252; x_wconf 86' lang='lat' dir='ltr'><strong>est</strong></span> <span class='ocrx_word' id='word_1_1008' title='bbox 3641 5190 3786 5248; x_wconf 76' lang='lat' dir='ltr'><strong>cervi-</strong></span> 
     </span>
    </p>
   </div>
   <div class='ocr_carea' id='block_1_116' title="bbox 2240 5284 3784 5364">
    <p class='ocr_par' dir='ltr' id='par_1_116' title="bbox 2240 5284 3784 5364">
     <span class='ocr_line' id='line_1_116' title="bbox 2240 5284 3784 5364; baseline -0.014 -13"><span class='ocrx_word' id='word_1_1009' title='bbox 2240 5302 2478 5352; x_wconf 88' lang='lat' dir='ltr'><strong>catorum</strong></span> <span class='ocrx_word' id='word_1_1010' title='bbox 2525 5303 2579 5349; x_wconf 84' lang='lat' dir='ltr'><strong>et</strong></span> <span class='ocrx_word' id='word_1_1011' title='bbox 2621 5293 3003 5364; x_wconf 87' lang='lat' dir='ltr'><strong>superborum;</strong></span> <span class='ocrx_word' id='word_1_1012' title='bbox 3031 5294 3349 5363; x_wconf 85' lang='lat' dir='ltr'><strong>congregatio</strong></span> <span class='ocrx_word' id='word_1_1013' title='bbox 3401 5302 3641 5345; x_wconf 80' lang='lat' dir='ltr'><strong>taurorum</strong></span> <span class='ocrx_word' id='word_1_1014' title='bbox 3678 5284 3784 5335; x_wconf 82' lang='lat' dir='ltr'><strong>inter</strong></span> 
     </span>
    </p>
   </div>
   <div class='ocr_carea' id='block_1_117' title="bbox 2240 5381 3782 5458">
    <p class='ocr_par' dir='ltr' id='par_1_117' title="bbox 2240 5381 3782 5458">
     <span class='ocr_line' id='line_1_117' title="bbox 2240 5381 3782 5458; baseline -0.011 -14"><span class='ocrx_word' id='word_1_1015' title='bbox 2240 5405 2415 5444; x_wconf 87' lang='lat' dir='ltr'><strong>vaccas</strong></span> <span class='ocrx_word' id='word_1_1016' title='bbox 2443 5388 2762 5458; x_wconf 88' lang='lat' dir='ltr'><strong>populorum.</strong></span> <span class='ocrx_word' id='word_1_1017' title='bbox 2797 5384 2988 5440; x_wconf 81' lang='lat' dir='ltr'><strong>Vaccus</strong></span> <span class='ocrx_word' id='word_1_1018' title='bbox 3008 5383 3135 5439; x_wconf 90' lang='lat' dir='ltr'><strong>dicit</strong></span> <span class='ocrx_word' id='word_1_1019' title='bbox 3159 5384 3441 5438; x_wconf 86' lang='lat' dir='ltr'><strong>seductilcs</strong></span> <span class='ocrx_word' id='word_1_1020' title='bbox 3460 5381 3664 5438; x_wconf 84' lang='lat' dir='ltr'><strong>animas,</strong></span> <span class='ocrx_word' id='word_1_1021' title='bbox 3685 5384 3782 5440; x_wconf 72' lang='lat' dir='ltr'><strong>qua:</strong></span> 
     </span>
    </p>
   </div>
   <div class='ocr_carea' id='block_1_118' title="bbox 2240 5457 3780 5538">
    <p class='ocr_par' dir='ltr' id='par_1_118' title="bbox 2240 5457 3780 5538">
     <span class='ocr_line' id='line_1_118' title="bbox 2240 5457 3780 5538; baseline -0.013 -3"><span class='ocrx_word' id='word_1_1022' title='bbox 2240 5480 2394 5535; x_wconf 85' lang='lat' dir='ltr'><strong>facile</strong></span> <span class='ocrx_word' id='word_1_1023' title='bbox 2414 5457 2753 5533; x_wconf 88' lang='lat' dir='ltr'><strong>consentiunt</strong></span> <span class='ocrx_word' id='word_1_1024' title='bbox 2776 5476 3145 5531; x_wconf 87' lang='lat' dir='ltr'><strong>seductoribus</strong></span> <span class='ocrx_word' id='word_1_1025' title='bbox 3172 5474 3353 5529; x_wconf 87' lang='lat' dir='ltr'><strong>tauris.</strong></span> <span class='ocrx_word' id='word_1_1026' title='bbox 3378 5473 3476 5528; x_wconf 87' lang='lat' dir='ltr'><strong>Sed</strong></span> <span class='ocrx_word' id='word_1_1027' title='bbox 3499 5481 3645 5538; x_wconf 84' lang='lat' dir='ltr'><strong>quare</strong></span> <span class='ocrx_word' id='word_1_1028' title='bbox 3665 5457 3780 5515; x_wconf 74' lang='lat' dir='ltr'><strong>hac?</strong></span> 
     </span>
    </p>
   </div>
   <div class='ocr_carea' id='block_1_119' title="bbox 2244 5559 3773 5641">
    <p class='ocr_par' dir='ltr' id='par_1_119' title="bbox 2244 5559 3773 5641">
     <span class='ocr_line' id='line_1_119' title="bbox 2244 5559 3773 5641; baseline -0.009 -11"><span class='ocrx_word' id='word_1_1029' title='bbox 2244 5572 2312 5630; x_wconf 86' lang='lat' dir='ltr'><strong>Ut</strong></span> <span class='ocrx_word' id='word_1_1030' title='bbox 2338 5572 2673 5629; x_wconf 76' lang='lat' dir='ltr'><strong>excludantur</strong></span> <span class='ocrx_word' id='word_1_1031' title='bbox 2695 5571 2745 5625; x_wconf 85' lang='lat' dir='ltr'><strong>hi</strong></span> <span class='ocrx_word' id='word_1_1032' title='bbox 2772 5571 2858 5640; x_wconf 88' lang='lat' dir='ltr'><strong>qui</strong></span> <span class='ocrx_word' id='word_1_1033' title='bbox 2883 5569 3078 5641; x_wconf 79' lang='lat' dir='ltr'><strong>probati</strong></span> <span class='ocrx_word' id='word_1_1034' title='bbox 3106 5579 3221 5623; x_wconf 86' lang='lat' dir='ltr'><strong>sunt</strong></span> <span class='ocrx_word' id='word_1_1035' title='bbox 3244 5578 3451 5639; x_wconf 75' lang='lat' dir='ltr'><strong>argento</strong></span> <span class='ocrx_word' id='word_1_1036' title='bbox 3478 5559 3617 5634; x_wconf 87' lang='lat' dir='ltr'><strong>(Psal</strong></span> <span class='ocrx_word' id='word_1_1037' title='bbox 3634 5566 3773 5616; x_wconf 66' lang='lat' dir='ltr'><strong>urit.</strong></span> 
     </span>
    </p>
   </div>
   <div class='ocr_carea' id='block_1_120' title="bbox 2241 5642 3775 5736">
    <p class='ocr_par' dir='ltr' id='par_1_120' title="bbox 2241 5642 3775 5736">
     <span class='ocr_line' id='line_1_120' title="bbox 2241 5642 3775 5736; baseline -0.018 -16"><span class='ocrx_word' id='word_1_1038' title='bbox 2241 5666 2351 5736; x_wconf 78' lang='grc'><strong>51).</strong></span> <span class='ocrx_word' id='word_1_1039' title='bbox 2381 5662 2518 5730; x_wconf 86' lang='lat' dir='ltr'><strong>Quid</strong></span> <span class='ocrx_word' id='word_1_1040' title='bbox 2551 5672 2652 5729; x_wconf 89' lang='lat' dir='ltr'><strong>est,</strong></span> <span class='ocrx_word' id='word_1_1041' title='bbox 2693 5669 2744 5714; x_wconf 83' lang='lat' dir='ltr'><strong>ut</strong></span> <span class='ocrx_word' id='word_1_1042' title='bbox 2770 5660 3142 5715; x_wconf 63' lang='lat' dir='ltr'><strong>excludantur?</strong></span> <span class='ocrx_word' id='word_1_1043' title='bbox 3165 5657 3232 5714; x_wconf 86' lang='lat' dir='ltr'><strong>Ut</strong></span> <span class='ocrx_word' id='word_1_1044' title='bbox 3267 5662 3565 5729; x_wconf 81' lang='lat' dir='ltr'><strong>appareant,</strong></span> <span class='ocrx_word' id='word_1_1045' title='bbox 3594 5663 3642 5703; x_wconf 89' lang='lat' dir='ltr'><strong>ut</strong></span> <span class='ocrx_word' id='word_1_1046' title='bbox 3667 5642 3775 5699; x_wconf 83' lang='lat' dir='ltr'><strong>enti-</strong></span> 
     </span>
    </p>
   </div>
   <div class='ocr_carea' id='block_1_121' title="bbox 2307 5784 3767 5859">
    <p class='ocr_par' dir='ltr' id='par_1_121' title="bbox 2307 5784 3767 5859">
     <span class='ocr_line' id='line_1_121' title="bbox 2307 5784 3767 5859; baseline -0.006 -11"><span class='ocrx_word' id='word_1_1047' title='bbox 2307 5802 2324 5832; x_wconf 73' lang='grc' dir='ltr'>ί</span> <span class='ocrx_word' id='word_1_1048' title='bbox 2359 5801 2431 5848; x_wconf 85' lang='lat' dir='ltr'><strong>sic</strong></span> <span class='ocrx_word' id='word_1_1049' title='bbox 2474 5803 2659 5859; x_wconf 35' lang='lat' dir='ltr'><strong>Msstst</strong></span> <span class='ocrx_word' id='word_1_1050' title='bbox 2686 5797 2817 5859; x_wconf 83' lang='lat' dir='ltr'><strong>Edd.,</strong></span> <span class='ocrx_word' id='word_1_1051' title='bbox 2844 5797 2929 5849; x_wconf 83' lang='lat' dir='ltr'><strong>sed</strong></span> <span class='ocrx_word' id='word_1_1052' title='bbox 2952 5794 3003 5848; x_wconf 82' lang='lat' dir='ltr'><strong>in</strong></span> <span class='ocrx_word' id='word_1_1053' title='bbox 3047 5793 3223 5847; x_wconf 80' lang='lat' dir='ltr'><strong>unitate</strong></span> <span class='ocrx_word' id='word_1_1054' title='bbox 3255 5792 3373 5845; x_wconf 79' lang='lat' dir='ltr'><strong>dum</strong></span> <span class='ocrx_word' id='word_1_1055' title='bbox 3409 5802 3496 5843; x_wconf 82' lang='lat' dir='ltr'><strong>non</strong></span> <span class='ocrx_word' id='word_1_1056' title='bbox 3515 5787 3629 5843; x_wconf 62' lang='lat' dir='ltr'><strong>tum,</strong></span> <span class='ocrx_word' id='word_1_1057' title='bbox 3658 5784 3767 5839; x_wconf 68' lang='grc' dir='ltr'><strong>δερα·</strong></span> 
     </span>
    </p>
   </div>
   <div class='ocr_carea' id='block_1_122' title="bbox 2249 5857 2708 5914">
    <p class='ocr_par' dir='ltr' id='par_1_122' title="bbox 2249 5857 2708 5914">
     <span class='ocr_line' id='line_1_122' title="bbox 2249 5857 2708 5914; baseline -0.017 -1"><span class='ocrx_word' id='word_1_1058' title='bbox 2249 5870 2416 5914; x_wconf 85' lang='lat' dir='ltr'><strong>rantur</strong></span> <span class='ocrx_word' id='word_1_1059' title='bbox 2434 5858 2492 5909; x_wconf 83' lang='lat' dir='ltr'><strong>ab</strong></span> <span class='ocrx_word' id='word_1_1060' title='bbox 2516 5857 2708 5909; x_wconf 82' lang='lat' dir='ltr'><strong>unitate.</strong></span> 
     </span>
    </p>
   </div>
  </div>
