4188 6430
401 375 424 430 1
437 373 534 429 429

403 501 566 548 neant
592 489 670 548 illi
693 478 786 562 qui
827 497 950 545 sunt
977 485 1184 560 probati
1217 489 1267 544 in
1295 487 1506 558 eloquio
1541 487 1654 542 Dei.
1687 484 1818 542 Cum
1849 486 1990 540 cnim

405 583 764 657 respondetur
793 583 1054 639 haereticis
1079 599 1142 638 ex
1175 582 1512 650 necessitate,
1546 581 1875 638 aediﬁcantur
1896 579 1994 634 Ca-

404 679 588 735 tholici
614 693 680 734 ex
707 677 957 733 utilitate.
979 675 1124 730 lianc
1152 675 1470 732 sententiam
1494 672 1658 750 plane
1676 672 1870 728 Paulus
1902 687 1996 726 ex-

403 771 638 844 pressit:
674 789 694 824 (
723 769 944 842 Oportet
968 769 1133 837 enim,
1172 788 1189 822 ι
1226 768 1414 838 inquit,
1452 787 1470 820 ι
1507 753 1740 822 haereses
1770 779 1902 822 esse.
1940 773 1997 818 ut

401 863 614 936 probati
669 863 931 918 manifesti
981 861 1108 916 fiant
1163 861 1214 916 in
1267 859 1464 915 vobis»
1524 857 1566 932 (1
1611 855 1730 914 Cor.
1773 874 1846 922 xl,
1884 856 1992 936 19).

401 932 629 1028 Dportet
673 963 728 1010 et
773 963 950 1008 tauros
991 953 1308 1010 seducentes
1339 967 1480 1022 esse,
1531 969 1550 1004 ι
1581 959 1638 1006 ut
1665 950 1752 1020 qui
1788 932 1993 1020 probati

401 1059 530 1105 sunt
566 1057 809 1118 argento,
842 1067 860 1100 ι
893 1045 1158 1102 manifesti
1203 1045 1330 1112 sint,
1371 1044 1474 1100 hoc
1517 1053 1619 1109 est,
1655 1061 1674 1094 ‹
1708 1042 1997 1098 excludan-

401 1151 508 1195 tur.
549 1161 568 1192 ι
603 1139 740 1208 Quid
771 1148 870 1204 est,
907 1157 926 1190 ‹
957 1148 1178 1210 argento
1206 1136 1454 1210 probati?
1496 1136 1720 1210 Eloquia
1759 1136 1992 1202 Domini,

401 1233 613 1302 eloquia
643 1241 820 1297 casta;
842 1239 1119 1303 argentum
1143 1230 1263 1302 igne
1283 1229 1640 1286 examinatum
1666 1237 1840 1294 terrae,
1867 1242 1994 1300 pur-

398 1336 582 1398 gatum
611 1325 915 1396 septuplum
940 1343 958 1376 ι
990 1321 1158 1396 (Psal.
1177 1339 1251 1388 χι,
1277 1324 1354 1396 7).
1379 1321 1710 1392 Quicumque
1727 1328 1847 1374 sunt
1867 1333 1992 1387 pro-

395 1417 506 1474 bati
553 1418 602 1471 in
638 1416 740 1470 hoc
781 1423 1022 1486 argento,
1067 1414 1118 1468 id
1162 1425 1241 1468 est
1271 1414 1321 1468 in
1368 1413 1579 1482 eloquio
1619 1411 1850 1476 Domini,
1886 1425 1992 1465 non

396 1519 627 1582 possunt
658 1509 812 1579 plene
847 1521 1096 1562 exserere
1129 1505 1229 1561 hoc
1268 1514 1569 1576 argentum,
1602 1504 1702 1558 nisi
1740 1503 1992 1573 quaestio-

396 1603 558 1658 nibus
601 1601 878 1674 inquietati
910 1599 1306 1654 btereticorum.
1355 1597 1422 1652 Et
1449 1595 1536 1652 hic
1578 1594 1834 1656 attendite
1872 1594 1994 1664 quia

395 1711 504 1750 non
551 1687 974 1764 prmternmiSsum
1014 1701 1096 1746 est
1125 1705 1292 1766 :iecce
1339 1687 1527 1755 effusus
1574 1695 1645 1740 est
1684 1693 1994 1754 contemptus

395 1806 552 1860 super
581 1787 856 1858 principes,
903 1799 1064 1856 super
1101 1777 1222 1839 illos
1250 1791 1450 1837 tauros.
1484 1779 1660 1848 Quare
1702 1778 1994 1849 contempti

395 1879 560 1938 sunt?
586 1877 743 1934 Aliud
773 1878 1170 1932 annuntiantes.
1197 1874 1333 1942 Quid
1355 1881 1481 1927 sunt
1501 1869 1831 1940 contempti?
1853 1871 1997 1925 Ana-

395 1971 754 2028 tliemalizati.
792 1969 1032 2040 Quisquis
1061 1968 1202 2023 enim
1227 1966 1362 2021 vobis
1392 1964 1763 2020 aununtiaverit
1791 1973 1995 2034 praeter-

395 2083 548 2135 quam
571 2061 709 2136 quod
733 2063 1018 2134 accepistis,
1049 2060 1318 2114 anathema
1348 2059 1430 2112 sit.
1460 2055 1598 2124 Quid
1621 2065 1726 2110 tam
1757 2066 1996 2112 contem-

395 2169 544 2230 ptum
563 2171 726 2228 quam
752 2155 831 2210 sal
857 2153 1168 2220 infatuatus,
1194 2151 1284 2224 qui
1313 2149 1454 2204 foras
1481 2148 1750 2220 projectus
1778 2148 1996 2204 concul-

393 2251 592 2306 catur?
617 2249 682 2304 Et
703 2246 878 2302 videte
900 2245 944 2300 si
968 2259 1072 2300 non
1103 2243 1372 2314 principes
1395 2249 1552 2306 sunt;
1578 2240 1748 2311 ipsum
1771 2239 1993 2294 Paulum

392 2343 578 2400 audite
609 2361 622 2397 :
650 2341 791 2396 Licet
815 2341 859 2396 si
883 2355 993 2406 nos,
1019 2347 1104 2392 aut
1123 2337 1334 2410 angelus
1354 2335 1416 2388 de
1435 2335 1558 2388 caelo
1586 2332 1996 2404 evangelizaverit

392 2437 538 2491 vobis
582 2445 919 2506 praeterquam
959 2431 1093 2504 quod
1141 2429 1422 2498 accepistis,
1455 2427 1725 2480 anathema
1766 2425 1830 2482 sit
1870 2425 1996 2498 (Ga-

392 2531 486 2584 lat.
515 2545 558 2596 ι,
598 2527 652 2594 8,
678 2525 754 2598 9).
787 2525 1064 2596 Principes
1103 2531 1248 2584 sunt,
1281 2521 1424 2576 docti
1464 2527 1607 2586 sunt,
1639 2519 1814 2590 magni
1848 2526 1992 2588 sunt,

391 2622 610 2692 lapides
653 2619 870 2691 pretiosi
901 2627 1044 2674 Sunt.
1075 2615 1210 2686 Quid
1241 2615 1414 2670 adhuc
1441 2613 1680 2670 dicturus
1721 2628 1814 2678 es;
1843 2628 1998 2667 num-

389 2714 524 2785 quid
568 2713 745 2784 angeli
786 2709 952 2767 sunt?
985 2710 1049 2764 Et
1087 2717 1286 2772 tamen,
1325 2725 1343 2758 ‹
1380 2707 1475 2762 etsi
1519 2706 1736 2776 angelus
1761 2705 1828 2758 de
1858 2704 1996 2758 caelo

385 2806 555 2862 vobis
573 2803 971 2858 annuntiaverit
1001 2809 1351 2871 prieterquam
1375 2798 1516 2868 quod
1543 2798 1844 2868 accepistis,
1865 2811 1996 2852 ana-

387 2899 584 2953 thema
617 2896 684 2950 sit
715 2913 727 2949 :
764 2913 782 2946 ι
812 2893 934 2964 quia
975 2902 1028 2948 et
1067 2892 1180 2961 ipse
1207 2889 1453 2945 diabolus
1492 2888 1712 2958 angelus
1751 2887 1816 2942 de
1859 2888 1996 2944 coelo

381 2991 586 3062 lapsus
617 2996 720 3042 est.
753 3006 771 3039 ‹
806 2985 1019 3041 Ell'usus
1062 2993 1144 3040 est
1179 3003 1197 3036 ι
1242 2998 1371 3054 ergo
1412 3001 1430 3034 ‹
1465 2991 1807 3052 contemptus
1836 2997 1998 3048 super

379 3080 698 3154 principes.
721 3079 787 3134 Et
812 3077 1014 3148 adjuvit
1043 3091 1328 3147 pauperem
1352 3091 1380 3130 a
1409 3075 1769 3130 mendicitate.
1807 3094 1824 3126 ι
1857 3073 1996 3142 Quid

377 3181 480 3230 est
511 3171 638 3235 hoc,
664 3169 876 3236 fratres,
901 3167 1206 3237 Contempti
1235 3175 1359 3222 sunt
1379 3166 1670 3237 principes,
1703 3173 1757 3220 et
1787 3165 1998 3234 adjutus

379 3273 480 3322 est
516 3261 755 3335 pauper?
797 3261 1000 3332 Abjecti
1051 3269 1176 3316 sunt
1211 3259 1450 3330 superbi,
1484 3267 1536 3314 et
1580 3259 1869 3314 instructus
1915 3266 2001 3313 est

379 3356 646 3412 humilis.
685 3353 797 3409 Hoc
827 3351 972 3416 fecit,
1002 3362 1054 3406 et
1091 3351 1192 3406 hoc
1221 3350 1464 3406 faciendo
1504 3350 1696 3420 adjuvit
1727 3366 2000 3420 pauperem

381 3471 420 3508 ιι
463 3451 813 3506 mendicitate.
842 3448 1114 3503 Mendicus
1155 3457 1238 3500 est
1280 3444 1392 3509 ille,
1423 3443 1552 3498 nihil
1597 3442 1697 3498 sibi
1731 3441 1996 3512 tribuens,

381 3555 577 3600 totum
611 3541 676 3596 de
715 3539 1080 3596 misericordia
1117 3537 1206 3592 Dei
1238 3545 1593 3608 exspectans;
1625 3543 1750 3590 ante
1780 3535 1996 3604 jauuam

387 3635 739 3694 Dominicam
795 3631 1031 3702 quotidie
1083 3632 1299 3695 clamat,
1347 3629 1566 3698 pulsans
1618 3635 1677 3682 ut
1729 3628 2004 3698 aperiatur

385 3731 474 3797 ei,
513 3727 692 3782 nudus
737 3733 792 3780 et
819 3733 1054 3778 tremens
1091 3731 1149 3776 ut
1173 3721 1452 3786 vestiatur,
1493 3719 1676 3775 oculos
1709 3719 1762 3774 in
1801 3727 1998 3774 terram

389 3819 686 3890 dejiciens.
724 3823 772 3872 et
803 3824 989 3887 pectus
1026 3814 1276 3869 tundens.
1315 3813 1474 3868 Istum
1511 3811 1832 3876 mendicum,
1861 3811 2003 3866 hunc

393 3925 723 3988 pauperem,
765 3907 905 3964 hunc
951 3906 1205 3962 humilem
1255 3903 1458 3975 adjuvit
1495 3904 1633 3958 Deus
1677 3903 2000 3974 plurimum,

396 4005 572 4061 etiam
616 4003 685 4058 de
729 4003 842 4074 ipsa
883 4001 1218 4070 separatione
1253 3999 1656 4062 haereticorum;
1687 3998 1808 4065 quia
1847 3997 2001 4066 pauci

395 4098 532 4154 lacti
564 4103 709 4162 sunt,
744 4104 798 4150 et
827 4094 1000 4150 vexati
1045 4101 1188 4158 sunt,
1215 4100 1268 4146 et
1296 4089 1502 4146 seducti
1543 4088 1594 4142 in
1627 4088 1768 4142 invio
1809 4094 1864 4142 et
1895 4101 2005 4142 non

401 4195 460 4248 in
489 4192 597 4246 via.
629 4190 870 4260 Denique
899 4187 1024 4258 quid
1055 4193 1236 4255 postea
1265 4199 1329 4240 ex
1373 4183 1476 4238 illis
1503 4181 1811 4246 deminutis,
1844 4179 2006 4234 sedu-

405 4284 534 4350 ctis,
567 4281 752 4353 paucis
774 4281 946 4344 factis,
972 4278 1197 4344 vexatis,
1227 4277 1276 4331 in
1303 4276 1484 4344 adjuto
1513 4289 1742 4344 paupere
1764 4269 1888 4342 quid
1911 4271 2006 4326 fit?

413 4375 480 4430 Et
509 4362 681 4444 posuit
705 4375 834 4430 sicut
860 4389 972 4428 oues
995 4372 1238 4442 fautilias.
1267 4367 1430 4438 Quasi
1453 4383 1616 4422 unum
1639 4379 1926 4436 pauperem
1951 4373 2006 4418 et

411 4484 582 4524 unum
621 4467 924 4524 mendicum
953 4463 1310 4534 intelligebas,
1341 4459 1408 4516 de
1434 4475 1540 4531 quo
1569 4459 1722 4522 dixit,
1759 4457 1826 4512 Et
1851 4458 2008 4528 adju-

409 4563 480 4616 vit
503 4577 780 4634 pauperem
807 4576 838 4612 a
875 4557 1194 4612 mendicitate
1225 4570 1244 4609 :
1273 4568 1475 4624 pauper
1501 4552 1602 4606 iste
1645 4551 1828 4605 multm
1851 4549 2006 4604 fami-

413 4653 502 4709 iiae
523 4661 672 4718 sunt,
703 4666 905 4721 pauper
939 4649 1040 4704 iste
1073 4647 1254 4704 multae
1281 4645 1462 4714 plebes
1490 4652 1648 4709 sunt;
1695 4643 1878 4697 multa:
1905 4642 2008 4696 Ec-

415 4749 602 4803 clesite
629 4760 730 4800 una
763 4743 1020 4807 Ecclesia,
1051 4757 1156 4796 una
1189 4739 1358 4810 plebs,
1391 4753 1494 4792 una
1519 4735 1737 4800 familia,
1763 4751 1864 4790 una
1895 4736 2011 4792 ovis

417 4849 519 4895 est.
555 4838 622 4892 Et
654 4839 818 4912 posuit
843 4838 968 4890 sicut
1000 4851 1112 4890 oves
1133 4833 1376 4906 (ainalius.
1405 4830 1590 4900 Magna
1613 4829 1863 4900 mysteria
1887 4828 2008 4894 ista,

419 4947 612 5004 magna
649 4938 998 4994 sacramenta,
1027 4943 1184 4998 quam
1215 4923 1496 4996 profunda,
1530 4923 1684 4994 plena
1723 4931 2011 4992 mysterio-

421 5041 541 5082 rum
567 5043 580 5090 ;
611 5039 768 5094 quam
797 5023 1022 5082 dulciter
1051 5021 1286 5085 inventa,
1310 5018 1432 5088 quia
1454 5017 1543 5072 diu
1573 5015 1812 5072 latentia.
1847 5013 2008 5086 Ergo,

426 5115 685 5174 Videbunt
723 5115 866 5182 recti,
916 5123 961 5168 et
988 5110 1439 5181 iucundabuutur;
1489 5117 1536 5162 et
1580 5108 1740 5160 omnis
1775 5105 2015 5176 iniquitas

417 5209 672 5280 oppilabit
700 5223 754 5262 os
792 5223 958 5262 suum.
993 5205 1250 5275 lniquitas
1293 5201 1378 5256 illa
1409 5200 1648 5270 garriens
1683 5208 1866 5252 contra
1897 5197 2017 5252 uni-

421 5309 610 5366 tatem,
649 5307 704 5356 et
740 5313 937 5368 cogens
963 5294 1292 5352 manifestari
1321 5293 1618 5358 veritatem,
1648 5292 1887 5346 convicta
1919 5307 2014 5362 op-

421 5393 603 5454 pilabit
625 5408 680 5448 os
699 5399 866 5446 suum.

499 5486 588 5540 15.
619 5483 769 5556 [νει-ε.
811 5480 926 5556 .45.]
971 5501 990 5534 ι
1020 5481 1149 5550 Quis
1169 5477 1418 5550 sapiens?
1439 5486 1490 5532 et
1512 5475 1776 5532 custodiet
1799 5475 1934 5542 haec,
1965 5483 2018 5530 et

420 5577 690 5648 intelliget
713 5575 1080 5632 miserationes
1101 5572 1330 5628 Domini.
1364 5590 1382 5626 ι
1414 5570 1596 5626 Videte
1615 5585 1722 5640 quo
1749 5569 1852 5624 line
1874 5569 2019 5623 clau-

423 5672 495 5725 sit
527 5688 540 5724 :
577 5689 596 5722 ι
625 5667 756 5734 Quis
789 5666 1040 5738 sapiens?
1069 5675 1120 5720 et
1149 5661 1414 5722 custodiet
1456 5661 1588 5718 haec.
1625 5681 1644 5714 ι
1682 5662 1745 5716 Et
1774 5659 1898 5730 quid
1923 5675 2018 5714 cu-

423 5761 726 5818 stoditurus
750 5767 832 5814 est
859 5757 1114 5828 sapiens?
1141 5755 1198 5810 ld
1227 5765 1328 5824 est,
1357 5756 1399 5810 si
1425 5769 1623 5826 pauper
1643 5753 1730 5819 sit,
1756 5751 2020 5816 custodit;

429 5857 474 5909 si
502 5869 606 5908 non
625 5852 692 5905 sit
717 5850 884 5918 dives,
917 5849 967 5904 id
992 5857 1094 5916 est,
1119 5863 1226 5906 non
1250 5847 1318 5902 sit
1337 5847 1616 5919 superbus,
1647 5859 1754 5902 non
1779 5843 1847 5902 sit
1870 5843 2024 5898 iulla-

1498 368 1894 425 ENARRATIO
1935 363 1996 420 IN
2039 361 2358 424 PSAIMUM
2394 365 2550 422 CVII.

3551 371 3578 424 ι
3589 369 3690 426 450

2103 492 2210 548 tus,
2239 463 2470 542 custodit
2497 482 2630 540 haec.
2659 479 2835 550 Quare
2855 481 2996 536 enim
3031 480 3260 538 custodit
3291 483 3432 556 luce,
3456 485 3590 556 Quia
3616 489 3691 540 in.

2101 575 2287 646 telliget
2338 575 2683 630 miserationes
2737 573 2989 629 Domini:
3017 590 3124 630 non
3183 577 3372 634 merita
3418 593 3536 646 sua,
3585 595 3692 634 non

2101 669 2242 724 vires
2263 685 2407 736 suas,
2433 684 2537 728 non
2561 668 2848 738 potentiam
2879 682 3028 722 suam
3049 684 3063 733 ;
3087 667 3182 726 sed
3213 669 3557 726 miserationes
3583 670 3691 726 Do-

2100 762 2245 832 mini,
2271 763 2360 834 qui
2389 771 2656 820 errantem
2683 771 2736 816 et
2755 772 2996 830 egentem
3027 763 3076 818 in
3101 763 3238 818 viam
3269 763 3488 820 deduxit
3515 771 3569 820 et
3599 779 3691 836 pa-

2099 855 2210 920 vit;
2252 855 2340 926 qui
2379 863 2701 926 pugnantem
2734 852 2990 908 adversus
3032 854 3402 912 difficultatem
3442 865 3690 926 peccato-

2098 963 2242 1012 rum,
2285 957 2340 1006 et
2384 948 2688 1020 colligatum
2727 945 2953 1000 vinculis
2993 948 3394 1004 consuetudinis
3431 949 3592 1004 solvit
3634 959 3690 1006 et

2098 1039 2372 1106 liberavit;
2397 1039 2485 1112 qui
2515 1038 2872 1094 faStidientem
2896 1038 3114 1092 verbum
3144 1038 3259 1106 Dei,
3292 1047 3346 1094 et
3373 1039 3530 1095 taedio
3551 1055 3687 1110 quo-

2099 1132 2218 1187 dam
2249 1148 2384 1202 pene
2411 1132 2750 1198 morientem,
2783 1131 2943 1184 missa
2989 1131 3250 1186 medicina
3286 1132 3434 1188 verbi
3476 1134 3556 1188 sui
3596 1148 3687 1188 re-

2097 1225 2326 1290 creavit;
2351 1223 2846 1296 quipericlitantem
2870 1223 3014 1278 inter
3041 1222 3291 1294 naufraga
3322 1225 3687 1294 etprocellosa
3767 1245 3773 1254 -

2097 1315 2425 1384 discrimina,
2469 1316 2600 1370 mari
2645 1316 2854 1385 placato
2905 1314 2974 1372 ad
3018 1325 3230 1386 portum
3275 1317 3522 1386 perduxit.
3553 1334 3568 1373 ;
3597 1319 3689 1388 qui

2097 1423 2220 1464 eum
2251 1408 2481 1480 denique
2518 1407 2794 1462 constituit
2833 1407 2884 1462 in
2913 1423 2979 1464 eo
3020 1408 3237 1482 populo,
3281 1408 3367 1464 ubi
3401 1409 3690 1466 humilibus

2097 1503 2190 1560 dat
2221 1505 2466 1574 gratiam,
2494 1518 2600 1560 non
2632 1503 2686 1558 in
2712 1502 2804 1558 illo
2830 1502 2918 1558 ubi
2946 1503 3192 1572 superbis
3217 1502 3445 1569 resistit;
3483 1512 3537 1558 et
3563 1502 3689 1558 fecit

2097 1611 2218 1652 eum
2250 1611 2428 1664 suum,
2461 1605 2519 1651 ut
2557 1595 2698 1652 intus
2735 1610 2958 1652 manens
2985 1596 3454 1668 multiplicaretur,
3496 1613 3603 1654 non
3632 1607 3689 1654 ut

2099 1689 2238 1746 foras
2263 1691 2448 1746 exiens
2487 1690 2838 1744 minueretur.
2867 1687 2982 1744 Hoc
3013 1689 3198 1746 vident
3235 1690 3388 1764 recti,
3415 1699 3472 1746 et
3491 1691 3687 1761 jucun-

2097 1780 2312 1840 dantur.
2339 1779 2518 1838 Omnis
2543 1797 2670 1852 ergo
2703 1781 2942 1852 iniquitas
2972 1782 3216 1850 appilabit
3241 1799 3296 1836 os
3322 1800 3490 1851 suum,
3519 1792 3574 1838 et
3595 1790 3687 1855 qui

2095 1883 2178 1930 est
2203 1875 2422 1946 sapiens,
2448 1873 2690 1932 custodiet
2720 1873 2846 1928 hate.
2880 1872 3034 1930 Unde
3061 1874 3357 1930 custodiet?
3379 1874 3482 1930 Per
3507 1875 3686 1932 humi-

2096 1966 2324 2034 litatem,
2354 1966 2704 2036 intelligendo
2736 1966 3106 2022 miserationes
3135 1966 3379 2031 Domini;
3411 1966 3531 2036 quia
3563 1967 3689 2022 ubi.

2097 2075 2200 2132 que
2221 2060 2422 2114 dictum
2451 2069 2553 2126 est,
2578 2056 2928 2127 Conﬁteantur
2947 2057 3168 2114 Domino
3191 2060 3532 2116 miserationes
3557 2061 3686 2130 ejus,

2096 2161 2146 2206 et
2167 2151 2418 2206 mirabilia
2445 2151 2552 2222 ejus
2583 2149 2704 2220 ﬁliis
2727 2150 3010 2206 hominum.

2101 2289 2240 2304 FI-

2498 2364 2579 2424 IN
2622 2361 3002 2424 PSALMUM
3045 2362 3230 2424 CVII.

2315 2509 2484 2578 Quare
2507 2495 2600 2564 hoc
2622 2509 2732 2564 loco
2757 2525 2860 2564 non
2889 2508 3151 2580 subjicitur
3185 2509 3473 2566 Euan-otio.

2173 2649 2225 2702 1.
2265 2646 2536 2701 Psalmum
2584 2648 2935 2700 centesimum
2981 2646 3264 2716 septimum
3314 2645 3688 2716 exponendum

2099 2753 2208 2794 non
2253 2739 2468 2809 putavi;
2517 2739 2770 2810 quoniam
2811 2738 2920 2808 jam
2964 2739 3184 2808 exposui
3221 2753 3342 2794 eum
3389 2739 3444 2794 in
3484 2739 3692 2809 psalmo

2101 2833 2540 2904 quinquagesimo
2586 2839 2769 2897 sexto,
2813 2839 2867 2886 et
2907 2832 2960 2885 in
3001 2831 3212 2901 psalmo
3251 2831 3693 2903 quinquagesimo

2100 2941 2266 2990 nouo,
2308 2939 2375 2979 ex
2419 2937 2644 2993 quorum
2691 2922 2978 2992 postremis
3023 2921 3264 2993 partibus
3313 2923 3414 2979 iste
3460 2931 3692 2980 constat.

2101 3015 2234 3071 Nam
2279 3023 2545 3086 postrema
2573 3029 2695 3085 pars
2743 3013 3169 3086 quinquagesimi
3203 3015 3360 3083 sexti,
3391 3019 3564 3086 prima
3613 3025 3696 3073 est

2102 3107 2282 3178 hujus,
2324 3121 2492 3177 usque
2521 3107 2587 3162 ad
2639 3123 2758 3162 eum
2805 3122 3016 3162 versum
3060 3108 3146 3162 ubi
3179 3107 3390 3174 dicitur,
3431 3105 3503 3162 Et
3545 3125 3697 3180 super

2104 3217 2302 3254 onmem
2335 3209 2519 3253 terram
2546 3201 2707 3270 gloria
2735 3209 2839 3252 tua.
2870 3199 3005 3254 Hinc
3029 3206 3208 3253 autem
3235 3215 3404 3269 usque
3433 3204 3485 3254 in
3512 3199 3694 3270 llnem,

2104 3302 2372 3362 postrema
2413 3305 2538 3360 pars
2586 3301 2665 3346 est
2713 3291 3135 3362 quinquagesimi
3193 3291 3318 3345 noni
3357 3309 3372 3346 :
3414 3289 3553 3347 sicut
3593 3307 3697 3363 po-

2105 3391 2302 3439 strema
2329 3397 2453 3454 pars
2473 3381 2747 3437 centesimi
2771 3382 3026 3437 tricesimi
3048 3382 3242 3452 quarti,
3265 3381 3448 3438 eadem
3473 3393 3552 3438 est
3576 3397 3700 3454 quae

2105 3475 2386 3530 centesimi
2429 3473 2570 3530 tertii
2609 3475 2824 3542 decimi,
2854 3475 2920 3529 ab
2961 3489 3027 3530 eo
3055 3491 3212 3530 versu
3243 3475 3333 3530 ubi
3359 3475 3570 3542 dicitur,
3603 3473 3699 3532 Si-

2105 3567 2336 3622 mulacra
2366 3565 2600 3622 Gentium
2629 3577 2889 3638 argentum
2910 3575 2956 3621 et
2981 3583 3160 3622 aurum
3185 3583 3203 3622 :
3230 3567 3365 3623 sicut
3398 3568 3584 3623 tertius
3605 3567 3701 3624 de-

2107 3659 2279 3715 cimus
2307 3665 2362 3713 et
2381 3658 2853 3729 quinquagesimus
2877 3657 3165 3725 secundus,
3191 3657 3408 3713 mutatis
3434 3657 3702 3728 aliquibus

2107 3751 2320 3816 mediis,
2369 3749 2556 3805 eadem
2600 3749 2800 3806 habent
2846 3752 3020 3805 omnia
3067 3765 3093 3804 a
3129 3751 3398 3822 principiis
3428 3765 3598 3821 usque
3643 3753 3702 3807 in

2109 3843 2262 3898 ﬁnes.
2287 3842 2647 3912 Quaecumque
2665 3842 2826 3911 igitur
2854 3842 2906 3896 in
2937 3841 3040 3896 hoc
3069 3841 3274 3910 psalmo
3294 3841 3586 3896 centesimo
3616 3855 3703 3897 se~

2108 3935 2278 4005 ptimo
2308 3931 2700 4002 aliquantulum
2742 3931 2899 3986 aliter
2939 3932 3112 4001 posita
3151 3941 3295 3994 sunt,
3324 3945 3484 4000 quam
3515 3931 3567 3984 in
3594 3930 3702 3986 illis

2107 4026 2337 4091 duobus,
2369 4038 2437 4078 ex
2475 4035 2702 4092 quorum
2733 4023 2972 4092 partibus
2995 4029 3224 4088 constat,
3255 4037 3360 4080 non
3393 4020 3592 4077 habent
3621 4023 3704 4078 ins
3729 4053 3736 4062 ι

2110 4117 2382 4172 tellectum
2424 4114 2696 4170 difficilem
2732 4132 2744 4168 :
2777 4115 2918 4170 sicut
2965 4117 3018 4170 in
3065 4115 3505 4187 quinquagesimo
3549 4123 3703 4172 sexto

2109 4211 2323 4276 dicitur,
2349 4207 2596 4276 Cantabo,
2639 4217 2685 4262 et
2717 4209 2964 4280 psallunt;
3001 4225 3235 4282 exsurge,
3267 4210 3432 4282 gloria
3471 4227 3622 4280 mea;
3648 4211 3702 4267 in

2111 4306 2215 4361 isto
2242 4311 2442 4372 autem,
2468 4301 2713 4370 Cantabo,
2746 4311 2791 4358 et
2821 4302 3036 4373 psallam
3062 4304 3114 4356 in
3141 4301 3306 4374 gloria
3330 4320 3458 4358 mea.
3488 4303 3570 4359 Ad
3603 4303 3705 4360 hoc

2113 4400 2256 4454 enim
2283 4397 2483 4452 dictum
2508 4406 2589 4453 est
2623 4397 2747 4464 illic,
2769 4393 3022 4467 Exsurge,
3053 4395 3182 4450 utin
3209 4395 3295 4450 illa
3322 4403 3629 4452 cantaretur
3651 4406 3706 4454 et

2110 4491 2453 4564 psalleretur.
2513 4489 2641 4544 Item
2701 4489 2791 4554 ibi,
2851 4507 2868 4540 (
2907 4488 3169 4557 Quoniam
3235 4487 3570 4560 magnificam
3627 4499 3708 4546 est

2113 4599 2280 4655 usque
2308 4581 2374 4643 ad
2401 4581 2568 4639 cmlos
2597 4579 2961 4637 misericordia
2993 4593 3112 4646 tua;
3152 4601 3170 4632 ι
3197 4581 3301 4646 vel,
3345 4581 3479 4636 sicut
3515 4581 3600 4636 alii
3629 4583 3712 4637 in-

2116 4679 2394 4748 terpretati
2443 4685 2587 4744 sunt,
2640 4696 2658 4728 (
2687 4675 2892 4731 elevata
2925 4685 3042 4730 est:
3081 4695 3100 4727 ι
3147 4675 3233 4730 hic
3274 4685 3472 4742 autem,
3507 4694 3524 4726 ι
3559 4677 3708 4742 Quo-

2117 4771 2256 4824 niam
2289 4785 2478 4840 magua
2502 4779 2583 4824 est
2610 4783 2773 4838 super
2794 4767 2958 4822 cmlos
2991 4765 3352 4824 misericordia
3389 4775 3496 4820 tua.
3530 4785 3548 4818 ›
3583 4767 3710 4822 Ideo

2117 4864 2259 4917 enim
2295 4861 2618 4934 magniﬁcam
2661 4871 2732 4914 est
2761 4877 2915 4931 usque
2945 4857 3014 4913 ad
3049 4860 3218 4924 cazlos,
3261 4866 3318 4912 ut
3347 4873 3536 4928 magna
3563 4857 3632 4912 sit
3655 4857 3712 4914 in

2118 4953 2303 5018 caelis;
2346 4949 2450 5008 hoc
2483 4952 2626 5006 enim
2661 4951 2830 5006 voluit
2856 4949 3054 5016 dicere,
3098 4965 3250 5019 super
3277 4949 3447 5002 caelos.
3495 4945 3626 5003 Item
3657 4949 3712 5004 in

2120 5046 2561 5118 quinquagesimo
2593 5059 2756 5110 nono,
2783 5042 3035 5110 Ltetabor,
3068 5051 3113 5094 et
3134 5039 3360 5094 dividam
3385 5040 3668 5096 Sichimam
3694 5057 3712 5097 :

2121 5139 2209 5194 hic
2227 5149 2426 5203 autem,
2447 5135 2770 5199 Exaltabor‘,
2788 5144 2831 5188 et
2849 5133 3070 5187 dividam
3092 5131 3389 5188 Sichimam.
3411 5133 3512 5190 Ubi
3533 5142 3714 5190 esten.

2121 5229 2264 5286 ditur
2312 5227 2454 5298 quod
2494 5227 2561 5282 de
2609 5223 2891 5280 dividenda
2940 5223 3174 5278 Sichima
3219 5224 3572 5296 significatum
3607 5236 3714 5292 est,

2121 5331 2243 5394 post
2270 5319 2476 5376 Domini
2505 5317 2879 5374 exultationem
2922 5315 3233 5386 praedictum
3275 5317 3532 5386 futurum,
3564 5329 3619 5374 et
3648 5318 3716 5374 il-

2123 5417 2226 5472 lam
2257 5415 2495 5470 lmtitiam
2519 5409 2584 5466 ad
2613 5409 2750 5464 hanc
2769 5407 3150 5465 exultationem
3175 5411 3478 5482 pertinere;
3510 5420 3569 5466 ut
3594 5409 3714 5468 ideo

2125 5513 2354 5574 laetetur,
2389 5507 2510 5578 quia
2537 5505 2820 5560 exaltatur.
2853 5499 3010 5560 Unde
3049 5503 3174 5558 alibi
3210 5504 3360 5572 dicit,
3390 5523 3409 5556 ι
3437 5503 3716 5560 Οοιινθηίς

2126 5601 2192 5657 sti
2231 5601 2429 5654 luctum
2471 5612 2649 5651 meum
2688 5597 2740 5651 in
2775 5593 3024 5667 gaudium
3059 5595 3215 5662 mihi;
3255 5593 3560 5650 conscidisti
3600 5609 3692 5650 sae

2124 5707 2242 5748 eum
2266 5705 2463 5758 meum,
2488 5699 2540 5744 et
2559 5687 2838 5745 accinxisti
2861 5705 2945 5744 me
2971 5687 3149 5743 laetitia
3181 5705 3198 5739 ι
3229 5687 3397 5759 (Psal.
3427 5701 3574 5754 χχιχ,
3601 5685 3712 5762 12).

2189 5853 2204 5882 ι
2240 5847 2312 5900 sic
2336 5857 2440 5900 uss.
2463 5848 2602 5912 juxta
2625 5855 2752 5900 LXX.
2781 5853 2834 5898 At
2855 5845 2990 5908 Μὰ,
3009 5841 3262 5896 exsultatio
