4188 6486
570 343 588 395 -l
616 341 700 395 :5l
1806 326 1861 380 S.
1904 316 2265 379 AUCUSTINI
2309 318 2608 372 l‘ZPISCOl‘l
3700 328 3826 385 ηδε

566 455 691 508 ltetn
733 452 826 517 ibi,
864 470 881 500 ι
919 450 983 504 Et
1012 448 1255 518 Ephraem
1304 441 1558 498 fortitudo
1600 437 1789 509 capitis
1830 436 1974 492 mei:
2006 452 2025 487 ι
2057 432 2144 486 hic

566 554 765 608 autem,
802 560 821 593 ι
858 541 924 597 Et
949 538 1194 610 prrtem
1235 532 1504 603 susceptio
1535 531 1722 602 capitis
1759 529 1887 585 mei.
1920 546 1940 580 ι
1968 525 2148 583 Susci-

566 633 761 705 piendo
801 631 941 688 enim
980 630 1037 683 ﬁt
1068 626 1357 690 fortitudo,
1406 624 1459 679 id
1503 632 1615 688 est,
1665 618 2005 692 suscipiendo
2039 617 2148 672 for-

569 735 649 780 tes
699 724 843 786 facit,
884 720 1211 776 fruetiﬁcans
1259 717 1315 771 in
1361 716 1516 770 nobis
1543 732 1555 768 :
1587 714 1967 782 interpretatur
2001 709 2147 764 enim

566 817 816 887 Ephrzem
848 811 1230 868 Fructiﬁcatio.
1258 807 1536 877 Susceptio
1566 816 1743 859 autem
1769 802 1836 857 ad
1866 810 2151 870 utrumque

565 908 753 965 referri
796 916 990 976 potest,
1039 904 1154 959 sive
1188 917 1309 957 cum
1350 898 1666 967 suscipimus
1707 894 1997 957 Christum,
2038 892 2152 947 sive

566 1014 689 1053 cum
735 1012 850 1067 ipse
880 1011 977 1051 nos
1016 993 1255 1064 suscipit,
1299 990 1390 1062 qui
1435 998 1518 1044 est
1563 996 1723 1057 caput
1759 984 2033 1040 Ecclesite.
2082 981 2153 1037 Et

567 1091 709 1162 quod
752 1089 825 1145 ibi
870 1090 965 1155 ait,
1018 1086 1333 1141 Tribulantes
1381 1098 1508 1146 nos;
1550 1080 1638 1134 hic
1683 1085 1883 1144 autem,
1925 1075 2152 1129 inimicos

568 1191 765 1236 nostros
790 1196 807 1234 :
836 1180 1014 1249 utique
1039 1175 1200 1231 iidem
1232 1174 1329 1245 ipsi
1352 1180 1493 1227 sunt.

638 1271 693 1324 2.
737 1270 1102 1324 Admonemur
1139 1280 1267 1320 sane
1297 1265 1397 1318 isto
1431 1261 1663 1333 psalmo,
1709 1273 1804 1315 eos
1843 1257 2025 1311 titulos
2061 1256 2153 1326 qui

571 1372 825 1432 tanquam
854 1360 923 1415 de
965 1357 1185 1413 historia
1223 1354 1381 1426 positi
1420 1361 1565 1417 sunt,
1603 1350 1901 1406 rectissime
1936 1347 2047 1402 ﬁeri
2096 1355 2155 1401 ut

570 1453 863 1511 secundum
904 1451 1234 1523 prophetiam
1271 1445 1647 1516 intelligamus,
1691 1440 1981 1497 secundum
2010 1438 2153 1510 quod

572 1548 816 1603 videmus
856 1545 1090 1615 psalmos
1132 1556 1253 1598 esse
1288 1539 1644 1610 conscriptos.
1686 1534 1824 1605 Quid
1866 1534 2007 1589 enim
2047 1543 2152 1588 tam

571 1642 839 1698 diversom
878 1637 1170 1694 secundum
1210 1634 1507 1698 historiam,
1546 1644 1704 1702 quam
1731 1627 1783 1683 id
1822 1627 1964 1697 quod
1991 1634 2072 1682 est
2102 1627 2155 1681 in

570 1733 723 1793 titulo
746 1729 1167 1801 quinquagesimi
1193 1728 1349 1793 sexti,
1383 1744 1402 1779 ι
1434 1725 1493 1779 lu
1514 1724 1697 1787 ﬁnem,
1725 1736 1793 1777 ne
1811 1733 2151 1788 corrumpas;

569 1825 672 1893 ipsi
715 1822 898 1886 David,
927 1820 979 1874 in
1011 1818 1146 1874 tituli
1177 1817 1597 1887 inscriptionem,
1633 1826 1757 1868 cum
1783 1810 1991 1881 fugeret
2018 1824 2048 1863 a
2080 1810 2157 1862 fa-

572 1915 654 1968 cie
681 1912 809 1967 Saitl
837 1913 889 1966 in
916 1911 1224 1981 speluncam
1255 1927 1268 1963 :
1303 1928 1322 1962 ›
1364 1917 1419 1963 et
1459 1907 1510 1961 in
1549 1904 1705 1960 titulo
1730 1900 2155 1974 quinquagesimi

573 2007 723 2070 noni,
757 2024 775 2057 ι
808 2004 863 2059 ln
888 2006 1068 2071 ﬁnem,
1099 2004 1182 2059 his
1202 2004 1217 2035 ¹
1246 2002 1337 2073 qui
1367 1998 1807 2064 immutabuntur,
1841 1998 1894 2052 in
1920 1997 2055 2052 tituli
2077 1997 2158 2051 in-

576 2098 942 2166 scriptionem,
972 2096 1072 2165 ipsi
1093 2095 1279 2160 David,
1313 2094 1367 2148 in
1384 2092 1702 2156 doctrinam,
1734 2106 1855 2146 cum
1884 2089 2158 2145 succendit

576 2188 1029 2258 MeSOpotamiam,
1057 2186 1287 2258 Syriam,
1310 2195 1365 2241 et
1383 2184 1591 2256 Syriam
1620 2182 1801 2250 Sobal,
1820 2192 1874 2238 et
1895 2184 2158 2238 convertit

572 2279 729 2344 Joab,
771 2288 825 2333 et
848 2279 1107 2347 percussit
1133 2278 1187 2332 in
1217 2277 1353 2333 valle
1380 2277 1667 2333 salinarum
1710 2275 1991 2331 duodecim
2027 2277 2148 2330 mil-

575 2371 683 2424 lia?
712 2388 733 2420 ι
780 2368 913 2424 Nam
958 2378 1151 2439 praitcr
1192 2368 1244 2424 id
1283 2368 1425 2440 quod
1465 2369 1693 2438 positum
1732 2376 1833 2432 est,
1870 2386 1888 2418 ι
1920 2368 1974 2423 1η
2019 2368 2157 2422 tituli

574 2462 995 2531 inscriptionem,
1033 2479 1053 2513 ι
1083 2470 1156 2529 et,
1195 2479 1213 2512 ‹
1244 2460 1345 2531 ipsi
1374 2458 1561 2524 David,
1592 2478 1612 2512 ι
1654 2467 1729 2527 et,
1761 2476 1781 2510 ‹
1815 2458 1867 2513 in
1904 2458 2094 2525 ﬁnem;
2132 2478 2150 2510 ι

575 2561 767 2608 cetera
813 2554 882 2607 ita
914 2553 1125 2609 diversa
1165 2562 1310 2617 sunt,
1357 2560 1414 2607 ut
1454 2552 1543 2607 ille
1583 2551 1775 2607 habeat
1803 2551 2156 2607 humilitatem

572 2645 763 2715 David,
790 2647 889 2701 iste
911 2644 1276 2701 fortitudinem
1298 2662 1312 2711 ;
1337 2645 1426 2700 ille
1448 2644 1645 2717 fugam,
1673 2645 1772 2700 iste
1792 2644 2059 2699 victorias.
2090 2644 2157 2698 Et

578 2749 753 2799 tamen
797 2757 864 2796 ex
918 2742 1142 2796 istorum
1187 2741 1413 2795 duorum
1468 2738 1853 2809 posterioribus
1894 2737 2155 2807 partibus,

575 2847 801 2902 quorum
831 2842 937 2886 tam
963 2832 1158 2888 diversi
1190 2833 1323 2887 tituli
1367 2841 1509 2896 sunt,
1542 2831 1776 2901 psalmus
1804 2831 1904 2885 iste
1942 2845 2158 2900 compo-

578 2922 742 2978 nitur.
785 2922 888 2978 Ubi
937 2923 1265 2994 signiﬁcatur
1307 2923 1372 2977 ad
1403 2938 1566 2977 unum
1605 2921 1803 2991 aliquid
1838 2936 2158 2977 concurrere

577 3024 885 3084 utrumque,
944 3031 1048 3070 non
1100 3016 1380 3085 superﬁcie
1424 3014 1679 3080 historiae,
1733 3013 1827 3069 sed
1884 3015 2158 3071 altitudine

577 3107 890 3177 prophetizc,
928 3107 1189 3177 c0pulatis
1232 3106 1503 3176 utriusque
1549 3105 1742 3161 ﬁnibus
1795 3106 1847 3158 in
1888 3104 1988 3160 hoc
2027 3120 2155 3175 uno,

576 3197 729 3268 cujus
756 3208 840 3253 est
860 3199 1063 3265 titulus,
1094 3198 1355 3251 Canticum
1384 3198 1587 3267 psalmi,
1616 3197 1713 3267 ipsi
1734 3195 1902 3249 David
1920 3215 1939 3262 ;
1970 3206 2160 3251 neutro

576 3288 653 3343 illi
680 3289 836 3343 titulo
864 3289 1073 3356 similis,
1106 3299 1300 3358 prmter
1325 3289 1466 3359 quod
1494 3288 1580 3343 hic
1604 3288 1763 3343 etiam
1793 3288 2024 3358 positum
2053 3299 2155 3357 est,

577 3381 677 3452 ipsi
706 3380 891 3435 David.
924 3381 1187 3450 Quoniam
1210 3381 1391 3435 multis
1411 3381 1650 3451 partibus
1672 3390 1726 3435 et
1754 3379 1935 3434 multis
1964 3380 2155 3447 modis,

578 3472 717 3527 sicut
741 3472 806 3527 ad
836 3472 1087 3527 Hebraeos
1116 3472 1352 3541 Epistula
1378 3472 1632 3542 loquitur,
1680 3471 1804 3526 olim
1847 3471 1987 3525 Deus
2016 3471 2160 3525 locu-

581 3570 667 3615 tus
710 3572 792 3616 est
833 3562 1080 3618 Patribus
1118 3579 1211 3631 per
1250 3561 1543 3632 Prophetas
1589 3561 1769 3632 (Hebr.
1798 3578 1837 3627 ι,
1868 3561 1952 3633 1);
2003 3566 2157 3617 eum”

584 3662 761 3707 tamen
781 3654 989 3708 locutus
1012 3662 1093 3707 est
1113 3668 1268 3723 quem
1296 3653 1439 3707 misit
1458 3662 1663 3722 postea,
1694 3660 1749 3705 ut
1764 3652 2161 3720 complerentur

582 3743 796 3814 eloquia
846 3742 1230 3814 PrOphetarum
1270 3762 1282 3797 :
1319 3744 1571 3812 Quotquot
1619 3743 1753 3796 enim
1805 3744 2161 3813 promissiones

581 3834 696 3903 Dei,
730 3836 782 3889 in
804 3835 893 3890 illo
918 3836 1070 3889 etiam
1098 3833 1163 3906 (ll
1193 3834 1309 3889 Cor.
1342 3851 1380 3903 ι,
1409 3833 1523 3906 20).

992 4045 1074 4108 ΙΝ
1115 4044 1496 4107 PSALMUM
1538 4043 1731 4105 CVIII

1135 4162 1552 4219 ENARRATIO.

651 4282 701 4334 l.
734 4279 999 4334 Psalmum
1030 4280 1189 4335 istum
1227 4278 1296 4334 de
1321 4275 1536 4332 Christo
1577 4277 1773 4333 habere
1802 4278 2158 4349 prophetiam,

579 4372 817 4443 quisquis
841 4374 1003 4426 Actus
1031 4372 1403 4442 Apostolorum
1431 4370 1657 4426 ﬁdeliter
1696 4371 1849 4441 legit,
1887 4373 2159 4442 agnoscit;

581 4463 667 4517 ubi
694 4462 759 4516 de
785 4459 976 4515 Christi
1009 4460 1259 4516 traditore
1287 4460 1421 4515 Juda
1452 4461 1824 4529 pr0phetatum
1864 4475 1982 4516 esse
2020 4461 2161 4531 quod

581 4552 667 4608 hic
692 4553 945 4623 scriptum
975 4561 1076 4616 est,
1104 4550 1258 4605 Fiant
1284 4551 1389 4606 dies
1414 4553 1522 4621 ejus
1548 4553 1716 4623 pauci,
1749 4560 1795 4605 et
1819 4553 2163 4623 episcopatum

579 4649 688 4716 ejus
725 4647 937 4717 accipiat
981 4646 1138 4710 alter,
1172 4643 1384 4715 quando
1430 4644 1673 4700 Matthias
1717 4646 1768 4700 in
1810 4645 1982 4701 locum
2011 4648 2161 4705 Iuda:

577 4738 853 4793 ordinatus
879 4778 892 4806 ,
923 4750 1145 4791 numero
1184 4736 1559 4807 Apostolorum
1586 4735 1931 4792 duodecimus
1966 4738 2158 4809 adjun-

578 4842 694 4887 ctus
722 4840 803 4886 est
827 4831 960 4901 (Act.
986 4847 1021 4895 ι,
1050 4828 1237 4902 15ο26)
1263 4871 1277 4896 ,
1310 4827 1585 4883 evidenter
1608 4838 1843 4898 apparet.
1869 4828 1973 4885 Sed
2010 4830 2052 4884 si
2094 4831 2160 4889 de

577 4926 668 4979 illo
697 4938 802 4978 uno
844 4922 1059 4977 homine
1100 4919 1278 4975 omnia
1305 4935 1424 4991 quae
1462 4919 1548 4974 hic
1590 4919 1643 4973 in
1689 4920 1829 4973 malo
1870 4920 2009 4975 dicta
2040 4931 2163 4977 sunt

578 5018 870 5087 intelligere
889 5029 1165 5079 conemur,
1179 5012 1527 5083 expositionis
1543 5013 1679 5067 ratio
1699 5028 1805 5067 non
1828 5014 2158 5081 omnimodo,

578 5118 669 5162 aut
690 5110 773 5161 vix
799 5107 993 5161 valebit
1019 5120 1338 5169 occurrere;
1366 5106 1409 5160 si
1430 5113 1604 5159 autem
1631 5106 1699 5160 de
1723 5106 1813 5160 tali
1840 5121 2038 5175 genere
2061 5107 2160 5161 bo-

580 5200 783 5255 minum
821 5198 1079 5252 malorum
1100 5239 1114 5263 ,
1140 5196 1191 5252 id
1224 5206 1306 5251 est
1336 5196 1664 5251 inimicorum
1689 5195 1887 5251 Christi
1921 5197 2159 5267 ingrato—

578 5302 806 5357 rumque
841 5287 1139 5342 Judaeorum
1160 5328 1175 5353 ,
1208 5290 1385 5343 omnia
1426 5287 1557 5341 mihi
1587 5287 1834 5342 videntur
1862 5304 2018 5359 posse
2047 5292 2159 5345 cla-

578 5381 690 5437 rius
724 5378 936 5450 aperiri.
977 5378 1124 5434 Sicut
1169 5380 1311 5435 enim
1358 5380 1598 5451 quaedam
1643 5380 1890 5435 dicuntur
1930 5397 2050 5451 quae
2090 5383 2156 5437 atl

579 5472 872 5544 apostolum
900 5470 1114 5526 Petrum
1142 5472 1354 5542 proprie
1395 5473 1660 5542 pertinere
1703 5473 2014 5543 videantur,
2061 5492 2158 5532 nec

580 5578 755 5623 tamen
780 5565 978 5621 habent
993 5565 1251 5621 illustrem
1272 5567 1616 5632 intellectum,
1646 5568 1748 5624 nisi
1772 5583 1895 5624 cum
1920 5568 2159 5625 referun-

538 5683 548 5711 ³
641 5686 659 5715 ι
696 5681 881 5745 Aliquot
901 5687 1032 5743 Mss,
1064 5693 1153 5748 pro
1192 5680 1311 5732 his:
1347 5691 1397 5733 et
1430 5681 1573 5746 paulo
1608 5689 1733 5746 post,
1776 5684 2158 5747 Mesopotamiam

785 5806 1021 5857 meliores
1032 5814 1135 5857 Mss.
1165 5807 1247 5856 Alii
1273 5820 1407 5869 vero,
1431 5807 1480 5857 in
1504 5820 1611 5858 eum
1632 5820 1649 5858 .°
1672 5807 1803 5867 Edd.,
1828 5806 1879 5858 in
1900 5821 1970 5857 eo.

2256 439 2340 485 tur
2369 428 2434 483 ad
2461 421 2756 484 Ecclesiam
2781 473 2796 497 ,
2826 431 2978 501 cujus
3004 430 3093 485 ille
3121 433 3419 501 agnoscitur
3451 434 3505 489 in
3538 435 3701 507 ﬁgura
3744 456 3829 510 ge.

2253 532 2422 578 stasse
2450 536 2733 592 personam
2750 564 2766 591 ,
2794 527 3011 594 propter
3038 525 3317 593 primatum
3342 541 3504 597 quem
3526 528 3583 583 in
3608 529 3827 602 discipu.

2253 613 2320 668 lis
2357 613 2573 680 habuit;
2601 615 2755 669 sicuti
2784 623 2896 679 est,
2941 614 3051 669 Tibi
3079 616 3213 689 dabq
3236 617 3397 673 claves
3428 622 3572 690 regni
3602 623 3828 681 cwlorum

2255 704 2465 776 (Matth.
2496 720 2605 770 xvr,
2630 706 2742 778 l9),
2764 715 2818 762 et
2845 708 2890 763 si
2919 723 3025 778 qua
3054 708 3350 777 hujusmodi
3380 729 3393 765 :
3426 712 3501 766 ita
3524 712 3688 769 Iudas
3712 733 3827 789 per-

2255 811 2439 852 sonam
2470 798 2861 869 quodammodo
2890 802 3115 856 sustinet
3148 802 3488 859 inimicorum
3517 806 3711 863 Christi
3739 810 3829 865 Ju-

2255 890 2490 946 daeorum
2509 932 2524 957 ,
2566 892 2655 963 qui
2680 902 2734 948 et
2767 900 2892 948 tunc
2920 893 3139 949 oderant
3166 892 3435 950 Christum
3457 938 3473 959 ,
3506 906 3563 952 et
3588 915 3722 956 nunc
3746 919 3832 974 per

2256 984 2644 1038 successionem
2692 994 3066 1054 perseverante
3104 1001 3299 1056 genere
3346 987 3518 1057 ipsius
3559 990 3829 1059 impietatis

2256 1072 2502 1129 oderunt.
2537 1074 2611 1129 De
2634 1075 2825 1145 quibus
2850 1074 3153 1131 hominibus
3178 1086 3231 1132 et
3259 1077 3326 1133 de
3354 1095 3464 1148 quo
3487 1082 3682 1151 populo
3717 1100 3829 1154 pos.

2257 1174 2381 1219 sunt
2410 1180 2515 1219 non
2553 1166 2988 1223 inconvenienter
3017 1168 3271 1238 intelligi,
3300 1185 3407 1225 non
3438 1172 3612 1226 solum
3641 1189 3701 1229 ea
3728 1192 3830 1246 qua:

2258 1259 2491 1329 apertius
2519 1258 2585 1313 de
2611 1259 2738 1329 ipsis
2762 1260 2811 1314 in
2846 1260 2948 1315 hoc
2978 1261 3182 1331 psalmo
3202 1261 3451 1332 legimus,
3478 1278 3666 1320 verum
3687 1269 3830 1327 etiam

2259 1352 2347 1406 illa
2381 1368 2500 1423 qua:
2548 1354 2758 1423 prOprie
2795 1354 2861 1408 de
2898 1355 3014 1424 ipso
3053 1354 3185 1409 Juda
3211 1355 3467 1409 dicuntur
3509 1362 3829 1428 expressius;

2259 1443 2409 1497 sicuti
2440 1452 2521 1498 est
2545 1443 2684 1514 quod
2711 1445 3157 1510 commemoravi,
3191 1444 3345 1498 Fiant
3373 1445 3483 1500 dies
3510 1449 3621 1518 ejus
3650 1452 3789 1518 pauci
3807 1493 3822 1519 ,

2260 1546 2305 1590 et
2329 1536 2668 1607 episcOpatum
2698 1539 2805 1607 ejus
2831 1539 3041 1607 accipiat
3065 1538 3211 1592 alter.
3241 1538 3395 1606 Quod
3422 1541 3725 1608 apparebit,
3749 1544 3830 1598 ad-

2256 1629 2474 1698 juvante
2504 1631 2762 1697 Domino,
2794 1646 2913 1687 cum
2941 1632 3007 1686 ad
3031 1647 3124 1687 eos
3150 1646 3337 1688 versus
3368 1633 3632 1688 tractandi
3658 1635 3831 1695 ordine

2261 1722 2585 1777 venerimus.

2331 1812 2384 1866 2.
2429 1810 2577 1885 [vers.
2606 1812 2686 1885 2.]
2715 1813 2901 1884 Incipit
2923 1829 3052 1885 ergo
3083 1815 3153 1868 ita
3182 1807 3428 1870 Psalmus
3454 1833 3468 1869 :
3492 1813 3633 1871 Deus
3652 1818 3831 1875 laudem

2260 1922 2424 1959 meum
2449 1923 2511 1962 ne
2540 1909 2790 1973 tacueris;
2816 1910 2934 1978 quia
2961 1924 3017 1962 os
3042 1909 3317 1978 peccatoris
3346 1919 3394 1963 et
3426 1924 3484 1963 os
3513 1909 3673 1966 dolosi
3697 1928 3824 1983 super

2261 2014 2339 2052 me
2367 2009 2593 2068 apertum
2627 2010 2719 2053 est.
2751 1998 2905 2055 Unde
2941 2012 3160 2071 apparet
3196 2009 3249 2054 et
3273 2000 3466 2055 falsam
3495 2016 3616 2057 esse
3640 2004 3825 2075 vitupe-

2262 2090 2522 2145 rationem
2549 2106 2705 2161 quam
2734 2106 2841 2145 non
2866 2100 3006 2147 tacet
3034 2100 3278 2162 peccator
3306 2101 3363 2148 et
3391 2092 3612 2149 dolosus
3634 2136 3647 2158 ,
3675 2104 3725 2150 et
3750 2112 3820 2151 ve-

2261 2196 2374 2237 ram
2415 2196 2532 2237 esse
2577 2181 2783 2237 laudem
2824 2198 2982 2254 quam
3022 2198 3126 2238 non
3167 2193 3304 2238 tacet
3338 2183 3505 2239 Deus.
3546 2184 3682 2241 Deus
3704 2187 3828 2243 enim

2262 2292 2442 2343 verax,
2473 2278 2643 2331 omnis
2665 2286 2841 2332 autem
2865 2279 3023 2332 homo
3045 2278 3267 2332 mendax
3293 2276 3475 2347 (Rom.
3499 2294 3577 2344 Ill,
3604 2278 3656 2348 4)
3678 2296 3692 2344 ;
3715 2281 3821 2350 quia

2263 2383 2367 2423 non
2396 2377 2479 2423 est
2508 2368 2667 2423 homo
2698 2384 2879 2435 verax,
2910 2369 3011 2424 nisi
3042 2369 3094 2423 in
3123 2384 3226 2438 quo
3259 2369 3499 2439 loquitur
3523 2369 3680 2425 Deus.
3708 2370 3827 2428 Laus

2262 2473 2436 2516 autem
2460 2462 2685 2516 maxima
2709 2472 2791 2517 est
2814 2462 3064 2533 unigeniti
3084 2462 3203 2517 Filii
3226 2462 3340 2528 Dei,
3364 2478 3471 2533 qua
3506 2465 3523 2494 ¹
3559 2463 3655 2518 hoc
3676 2464 3825 2533 ipsum

2262 2553 2403 2623 quod
2431 2562 2508 2607 est
2532 2593 2545 2617 ,
2578 2553 2879 2622 unigenitus
2911 2554 3000 2609 Dei
3040 2553 3208 2611 Filius
3244 2553 3589 2624 prirdicatur.
3622 2554 3723 2610 lloc
3745 2570 3824 2609 au-

2264 2652 2371 2699 tem
2393 2659 2497 2699 non
2524 2646 2831 2716 apparebat,
2850 2645 2941 2701 sed
2967 2653 3256 2717 apparente
3283 2645 3598 2701 inﬁrmitate
3621 2647 3728 2716 ejus
3754 2648 3822 2701 la-

2265 2736 2425 2803 tebat,
2457 2753 2577 2793 cum
2606 2753 2666 2793 os
2696 2738 2988 2807 peccatoris
3013 2746 3068 2793 et
3086 2752 3147 2792 os
3171 2737 3340 2791 dolosi
3364 2753 3531 2809 super
3550 2753 3667 2792 eum
3686 2753 3822 2808 aper-

2266 2837 2375 2882 tum
2406 2838 2520 2894 est;
2549 2840 2603 2884 et
2630 2830 2746 2884 ideo
2767 2829 2895 2884 illud
2923 2838 3162 2900 apertum
3190 2840 3300 2896 est,
3328 2831 3456 2901 quia
3480 2841 3658 2901 operta
3678 2830 3823 2885 virtus

2266 2922 2422 2991 hujus
2453 2922 2566 2977 fuit.
2607 2923 2731 2977 Ideo
2759 2932 2939 2978 autem
2969 2923 3097 2978 dicit
3122 2965 3136 2989 ,
3178 2923 3423 2994 Apertum
3463 2934 3535 2977 est
3563 2940 3618 2977 os
3645 2924 3822 2991 dolosi,

2263 3014 2384 3082 quia
2405 3014 2581 3068 odium
2605 3013 2744 3084 quod
2765 3013 2888 3069 dolo
2920 3015 3212 3085 tegebatur,
3234 3014 3413 3084 erupit
3436 3014 3487 3070 in
3510 3029 3706 3069 vocem.
3731 3013 3822 3068 Hoc

2264 3106 2422 3162 etiam
2457 3108 2506 3161 in
2536 3107 2984 3177 consequentibus
3011 3107 3252 3161 versibus
3284 3107 3497 3178 planius
3528 3108 3731 3163 dicitur.

2334 3200 2387 3254 5.
2420 3198 2565 3271 [vers.
2590 3197 2668 3271 5.]
2695 3197 2871 3252 Loculi
2893 3207 3008 3252 sunt
3033 3200 3296 3252 adversum
3319 3216 3400 3253 me
3422 3200 3593 3270 lingua
3617 3199 3773 3254 dolosa
3796 3212 3814 3253 :

2270 3301 2388 3348 tunc
2426 3295 2606 3363 utique
2631 3293 2840 3363 quando
2878 3309 2998 3348 eum
3029 3303 3276 3364 tanquam
3310 3296 3622 3365 magistrum
3653 3294 3822 3349 bonum

2264 3386 2499 3455 captiosa
2530 3386 2831 3439 adulatione
2853 3385 3157 3439 laudabant.
3183 3384 3333 3440 Unde
3364 3386 3495 3441 alibi
3520 3386 3703 3441 dicitur
3731 3382 3820 3439 :Et

2265 3479 2349 3544 qui
2369 3477 2644 3531 laudabant
2686 3494 2782 3543 me,
2811 3477 3049 3532 adversus
3073 3494 3149 3531 me
3168 3478 3417 3549 jurabant
3442 3476 3610 3550 (Psal.
3635 3493 3712 3544 c1,
3736 3477 3765 3532 9
3788 3481 3819 3547 ).

2268 3569 2467 3625 Deinde
2495 3570 2614 3639 quia
2639 3578 2925 3639 eruperunt
2951 3570 3240 3625 clamantes
3265 3612 3279 3635 ,
3312 3570 3585 3642 Cruciﬁge,
3616 3569 3820 3637 cruci/iac

2267 3658 2457 3732 (Joan.
2491 3676 2571 3725 ις,
2601 3659 2704 3726 6);
2746 3670 2959 3715 secutus
3008 3660 3280 3731 adjunxit,
3315 3660 3376 3715 Et
3411 3662 3709 3717 sermonibus
3734 3659 3819 3713 odii

2266 3754 2695 3807 circumdederunt
2723 3770 2818 3808 me.
2855 3753 2929 3808 Illi
2960 3755 3045 3825 qui
3093 3756 3268 3825 lingua
3301 3755 3512 3823 dolosa,
3546 3756 3689 3827 quasi
3728 3768 3814 3809 non

2266 3845 2393 3911 odii,
2426 3844 2519 3898 sed
2549 3845 2846 3899 dilectionis
2877 3845 3036 3899 verba
3076 3845 3236 3900 locuti
3266 3856 3392 3901 sunt
3418 3865 3434 3913 ;
3466 3848 3584 3903 ideo
3608 3847 3818 3900 adversus

2266 3951 2361 3998 me,
2392 3936 2511 4005 quia
2540 3935 2949 3990 bocinsidiando
2979 3934 3277 4003 faciebant;
3304 3948 3487 4009 postea
3517 3937 3813 4000 sermonibus,

2268 4044 2371 4081 non
2399 4027 2545 4081 falsae
2587 4036 2640 4082 ct
2684 4026 2881 4083 dolosrr.
2911 4027 3205 4081 dilectionis
3230 4071 3243 4094 ,
3287 4030 3379 4083 sed
3413 4030 3581 4100 aperti
3620 4028 3713 4083 odii
3733 4027 3814 4079 cir-

2268 4120 2629 4174 cumdederunt
2654 4137 2750 4187 nte,
2781 4131 2823 4173 et
2845 4132 3257 4191 erpugnaverunt
3280 4138 3357 4174 nte
3373 4123 3552 4192 gratis.
3578 4121 3715 4176 Sicut
3735 4132 3813 4172 au-

2270 4221 2374 4267 tem
2406 4212 2474 4283 pii
2514 4212 2682 4281 gratis
2709 4221 2887 4266 amant
2912 4211 3213 4278 Christum,
3248 4215 3324 4267 sic
3352 4214 3499 4285 impii
3529 4212 3684 4284 gratis
3707 4208 3813 4264 ode-

2267 4317 2417 4373 runt;
2464 4308 2583 4378 quia
2627 4306 2761 4361 sicut
2812 4306 3005 4360 veritas
3045 4306 3190 4360 nullo
3237 4316 3384 4361 extra
3412 4323 3531 4364 eam
3574 4303 3811 4377 proposito

2268 4398 2548 4454 commodo
2568 4408 2785 4469 propter
2821 4398 3047 4467 seipsam
3091 4400 3357 4469 expetitur
3396 4400 3467 4454 ab
3510 4397 3727 4469 optimis,
3753 4394 3808 4447 ita

2271 4491 2515 4561 iniquitas
2544 4505 2572 4544 a
2601 4490 2861 4560 pessimis.
2905 4489 3055 4545 Unde
3095 4500 3147 4543 et
3188 4490 3322 4559 apud
3352 4499 3593 4545 auctores
3619 4484 3807 4542 smcnla-

2270 4585 2403 4638 rinm
2448 4584 2740 4637 litterarum
2783 4581 2979 4637 dictmn
3027 4590 3107 4636 est
3149 4582 3220 4636 de
3274 4582 3500 4653 quodam
3542 4581 3749 4653 pessimo
3793 4592 3804 4629 :

2270 4674 2500 4729 Cratuito
2540 4676 2704 4745 potius
2742 4675 2903 4727 malus
2946 4684 3093 4739 atque
3126 4673 3344 4729 crudelis
3371 4674 3519 4746 erat(
3540 4668 3806 4749 Salust.,de

2273 4767 2416 4821 Bello
2446 4766 2647 4837 Catil.).

2339 4862 2391 4916 4.
2422 4861 2570 4935 [vers.
2594 4859 2673 4934 4.]
2695 4860 2797 4915 Pro
2819 4877 2896 4927 eo,
2916 4861 3102 4932 inquit,
3130 4870 3183 4913 ut
3208 4861 3468 4931 diligerent
3492 4876 3584 4923 me,
3606 4853 3803 4911 detrahe-

2268 4954 2387 5008 bant
2434 4954 2576 5007 nti/ti.
2605 4952 2709 5009 Sex
2749 4962 2871 5006 sunt
2901 4954 2951 5006 in
2982 4952 3083 5007 isto
3113 4967 3309 5022 genere
3362 4949 3674 5011 differentiae,
3703 4955 3800 5013 qua

2268 5052 2698 5100 commemorata:
2732 5042 3077 5097 animadverti
3123 5041 3373 5097 facillime
3412 5046 3622 5113 possunt
3662 5029 3797 5090 :red-

2269 5138 2393 5193 dere
2425 5137 2558 5191 bona
2610 5151 2703 5205 pro
2734 5135 2917 5199 malis,
2952 5150 3056 5189 non
3092 5132 3317 5188 reddere
3360 5134 3490 5188 mala
3527 5143 3617 5202 pro
3640 5122 3794 5180 malis:

2268 5229 2493 5285 reddere
2539 5229 2673 5283 bona
2708 5243 2804 5298 pro
2842 5226 3015 5292 bonis,
3065 5225 3286 5280 reddere
3328 5224 3461 5279 mala
3507 5236 3596 5293 pro
3639 5214 3793 5275 malis;

2268 5337 2372 5376 non
2425 5319 2651 5376 reddere
2694 5320 2828 5373 bona
2879 5331 2974 5389 pro
3026 5316 3210 5383 bonis,
3274 5314 3495 5371 reddere
3555 5307 3677 5366 mala
3717 5313 3793 5374 pro

2268 5413 2438 5468 bonis.
2507 5413 2703 5467 llorum
2734 5410 2840 5465 duo
2873 5410 3057 5481 prima,
3105 5409 3362 5463 bonorum
3399 5414 3547 5469 sunt,
3571 5406 3791 5457 eteorum

2266 5507 2492 5562 duorum
2545 5505 2689 5575 prius
2728 5504 2948 5568 melius;
3000 5512 3265 5573 postrema
3300 5502 3405 5557 duo
3442 5485 3676 5556 malorum
3700 5529 3713 5551 ,
3748 5493 3789 5575 ει

2265 5616 2448 5655 eorum
2496 5597 2760 5668 posterius
2795 5595 3061 5661 deterius;
3088 5595 3194 5649 duo
3236 5592 3404 5648 m‘edia
3451 5574 3788 5662 qundammod0

2267 5692 2582 5756 mediorum,
2610 5688 2702 5745 sed
2731 5703 2913 5743 eorum
2937 5688 3080 5757 prius
3097 5687 3445 5759 propinquum
3464 5679 3620 5742 bonis,
3639 5677 3781 5741 [ms'c'

2330 5808 2346 5838 ¹
2384 5812 2453 5853 Fr.
2484 5812 2619 5854 \‘en..
2642 5801 2754 5865 quin
2797 5808 2927 5862 Ima,
2953 5800 3049 5865 qui.
3170 5807 3224 5850 Μ.

4094 764 4095 835 ι

4093 886 4095 979 l

4076 1744 4085 1827 ι
