4188 6448
609 386 752 444 1155

609 511 854 558 ventura.
912 499 1080 570 Quem
1141 487 1354 553 modum
1414 493 1586 549 futura
1653 491 2007 565 prmdicendi,
2055 490 2198 545 velut

607 595 787 666 specie
808 593 944 650 male
971 589 1207 663 optandi,
1229 588 1443 659 quidam
1473 603 1577 642 non
1606 586 1982 657 intelligentes,
2013 592 2199 656 putant

607 690 789 746 odium
829 687 971 753 odio,
1014 695 1066 742 et
1111 679 1251 739 maio
1285 683 1467 738 animo
1505 679 1702 737 malum
1733 681 1965 736 animum
2005 679 2194 735 reddi:

604 784 852 856 quoniam
884 795 1067 836 revera
1099 793 1386 850 paucorum
1415 785 1496 832 est
1538 775 1886 847 dignoscere,
1929 771 2197 846 quomodo

601 879 810 951 placeat
849 891 1004 946 pcena
1031 873 1334 946 iniquorum
1373 871 1667 927 accusatori
1709 868 2009 925 inimicitias
2038 881 2194 923 exsa-
2243 895 2248 903 -

600 980 778 1027 turare
808 969 1039 1042 cupienti
1063 1012 1078 1037 ,
1107 977 1160 1023 et
1186 983 1341 1040 quam
1373 965 1527 1040 longe
1553 965 1656 1020 alio
1687 964 1844 1022 tnodo
1872 963 2075 1035 placeat
2109 963 2197 1034 ju-

599 1064 702 1120 dici
747 1074 892 1120 recta
942 1063 1214 1117 voluntate
1267 1068 1484 1132 peccata
1544 1060 1803 1134 punienti.
1856 1059 1946 1115 Ille
2000 1059 2195 1131 quippe

598 1154 773 1212 reddit
803 1153 999 1208 malum
1030 1169 1126 1224 pro
1161 1151 1299 1207 malo
1323 1167 1336 1218 ;
1362 1152 1461 1208 iste
1485 1161 1662 1206 autem
1689 1152 1845 1207 etiam
1874 1168 1993 1205 cum
2024 1151 2194 1206 vindi-

598 1256 701 1311 cat,
750 1262 852 1301 non
899 1243 1070 1301 reddit
1113 1246 1308 1299 malum
1349 1259 1447 1318 pro
1490 1244 1661 1310 malo,
1707 1243 1955 1316 quoniam
1991 1244 2193 1315 justum

597 1339 772 1396 reddit
803 1340 998 1410 injusto
1022 1359 1034 1394 :
1061 1339 1202 1411 quod
1224 1349 1400 1393 autem
1424 1337 1624 1408 justum
1652 1345 1752 1404 est,
1785 1338 1967 1409 utique
1993 1337 2190 1393 bonum

597 1440 695 1487 est.
751 1431 910 1488 Punit
948 1447 1076 1502 ergo
1129 1447 1234 1486 non
1282 1429 1635 1486 delectatione
1685 1430 1874 1486 alienae
1921 1431 2188 1498 miserim,

596 1524 734 1596 quod
778 1532 859 1579 est
895 1525 1090 1579 malum
1143 1541 1237 1596 pro
1282 1523 1455 1589 malo;
1505 1526 1598 1581 sed
1636 1523 1922 1582 dilectione
1948 1526 2186 1597 justitize,

595 1618 732 1690 quod
760 1628 840 1673 est
861 1619 1056 1673 bonum
1087 1635 1182 1691 pro
1213 1619 1372 1675 malo.
1399 1620 1581 1692 Itaque
1616 1637 1710 1676 nec
1741 1620 1926 1676 lumini
1954 1620 2189 1692 Scriptu-

593 1724 772 1766 rarum
803 1711 1193 1766 calumnientur
1221 1712 1346 1767 cteci
1368 1755 1383 1778 ,
1413 1713 1692 1786 opinantes
1722 1712 1860 1784 quod
1896 1713 2034 1768 Deus
2061 1729 2188 1785 pec-

593 1811 709 1856 cata
749 1818 854 1856 non
881 1803 1096 1873 puniat;
1130 1818 1228 1858 nec
1253 1803 1401 1875 quasi
1430 1803 1625 1858 malum
1653 1819 1749 1877 pro
1781 1805 1922 1859 malo
1961 1805 2146 1860 reddat
2171 1849 2184 1873 ,

591 1895 690 1950 sibi
723 1894 1060 1949 blandiantur
1106 1895 1304 1966 injusti.
1346 1883 1637 1952 Audiamus
1676 1914 1802 1969 ergo
1843 1897 2036 1954 deinde
2062 1898 2188 1970 quid

591 1985 803 2042 divinus
853 2003 1032 2043 sermo
1083 1995 1367 2051 contexat;
1420 1997 1473 2044 et
1527 1991 1576 2043 in
1624 1990 1801 2045 verbis
1851 1989 2002 2061 quasi
2048 1991 2185 2046 mala

591 2081 840 2152 Optantis,
866 2081 1220 2152 intelligamus
1245 2082 1493 2152 prtedicla
1519 2071 1915 2153 prophetantis;
1942 2093 1994 2140 et
2017 2084 2183 2140 Deum

590 2172 724 2244 iusta
754 2171 1133 2227 retribuentem
1157 2214 1172 2239 ,
1195 2171 1472 2228 sublevata
1501 2173 1554 2229 in
1580 2173 1696 2244 ejus
1729 2183 1981 2230 aeternam
2013 2174 2182 2247 legem

589 2273 767 2319 mente
792 2279 1092 2319 cernamus.

657 2355 710 2412 8.
754 2354 918 2429 [vers.
959 2353 1053 2428 6.]
1082 2355 1338 2412 Constitue
1382 2374 1535 2430 super
1590 2373 1705 2411 eum
1748 2368 2081 2429 peccatorem,
2137 2369 2184 2414 et

589 2447 816 2502 diabolus
851 2455 944 2501 stet
972 2466 1004 2501 a
1042 2447 1232 2502 dextris
1267 2449 1394 2520 ejus.
1425 2449 1555 2506 Cum
1596 2451 1838 2520 superius
1868 2451 2081 2521 querela
2114 2449 2179 2507 de

589 2539 823 2613 pluribus
849 2539 1030 2607 fuerit,
1063 2558 1203 2597 nunc
1233 2542 1298 2597 de
1330 2558 1436 2598 uno
1462 2544 1695 2614 loquitur
1717 2543 1979 2599 Psalmus.
2012 2544 2180 2614 Supe-

590 2632 701 2686 rius
730 2641 906 2686 autem
946 2631 1189 2687 dixerat:
1238 2631 1421 2687 Locuti
1461 2643 1578 2688 sunt
1603 2635 1866 2689 adversum
1902 2652 1978 2689 me
2007 2634 2180 2708 lingua

588 2723 782 2790 dolosa,
812 2733 856 2777 et
879 2723 1190 2778 sermonibus
1218 2725 1323 2778 odii
1342 2725 1779 2780 circumdederunt
1811 2744 1888 2781 me
1909 2770 1922 2795 ,
1955 2737 2000 2781 et
2023 2745 2181 2798 expu-

588 2825 861 2887 gnaverunt
889 2833 966 2869 me
1000 2818 1192 2887 gratis:
1222 2834 1314 2888 pro
1335 2834 1391 2872 eo
1418 2828 1472 2872 ut
1501 2819 1765 2890 diligerent
1800 2836 1878 2874 me
1897 2861 1910 2885 ,
1942 2819 2178 2874 detrahe-

588 2910 704 2964 bant
730 2911 884 2974 milii;
915 2925 1004 2982 ego
1039 2919 1206 2964 autem
1237 2911 1442 2966 orabam
1465 2929 1484 2966 :
1515 2922 1561 2966 et
1604 2923 1876 2983 posuerunt
1914 2912 2178 2968 adversum

583 3019 661 3057 me
691 3002 825 3056 mala
850 3020 940 3074 pro
967 3001 1128 3069 bonis,
1158 3013 1205 3057 et
1232 3003 1402 3058 odium
1429 3021 1521 3077 pro
1551 3005 1816 3059 dilectione
1837 3022 1963 3058 mea.
1988 3005 2176 3060 Omnia

584 3095 649 3151 de
677 3096 934 3166 pluribus.
966 3095 1116 3152 Nunc
1143 3112 1271 3152 vero
1296 3096 1424 3168 quid
1451 3097 1594 3168 digni
1621 3106 1801 3153 essent
1829 3113 1923 3167 pro
1959 3097 2042 3152 his
2074 3098 2175 3152 ini-

583 3189 868 3261 quitatibus
917 3190 1066 3258 suis,
1116 3185 1320 3262 etquid
1365 3189 1443 3244 eis
1473 3189 1654 3246 divino
1696 3190 1897 3262 judicio
1942 3192 2174 3247 futurum

581 3294 722 3338 esset
748 3285 1131 3353 prmnuntians,
1165 3281 1440 3350 Constitue,
1474 3284 1662 3356 inquit,
1695 3302 1846 3358 super
1867 3304 1978 3341 eum
1999 3304 2174 3357 pecca-

584 3387 741 3430 torem
773 3393 790 3430 :
822 3385 1071 3447 tanquam
1102 3375 1380 3433 intendens
1408 3377 1458 3430 in
1491 3393 1611 3432 eum
1637 3378 1726 3454 qui
1754 3394 1812 3434 se
1857 3378 2070 3434 tradidit
2098 3389 2175 3434 ta-

582 3467 721 3522 libus
741 3507 756 3531 ,
787 3467 854 3521 dc
881 3468 1124 3539 qualibus
1155 3469 1262 3522 suis
1294 3468 1522 3524 inimicis
1550 3469 1861 3546 loquebatur
1906 3471 2170 3542 superius.

582 3560 714 3615 Cum
741 3559 902 3632 igitur
930 3561 1014 3615 hic
1054 3561 1243 3615 Judam
1282 3561 1590 3616 traditorem
1628 3562 1919 3617 secundum
1943 3565 2174 3634 scriptu-

582 3666 695 3706 ram
719 3651 946 3705 Actuum
971 3652 1344 3721 Apostolorum
1369 3651 1629 3722 supplicio
1650 3651 1830 3708 debito
1856 3657 2176 3726 prtenuntict

583 3743 906 3813 puniendum
932 3743 1063 3816 (Act.
1093 3760 1141 3809 ι,
1165 3743 1290 3816 20);
1324 3745 1448 3818 quid
1472 3753 1571 3810 est,
1603 3744 1858 3802 Constitue
1885 3764 2036 3820 super
2064 3767 2176 3803 eum

581 3847 892 3907 peccatorem
917 3878 930 3900 ,
964 3838 1063 3890 nisi
1095 3853 1214 3890 cum
1263 3853 1417 3908 quem
1457 3839 1698 3906 sequenti
1748 3854 1903 3895 versu
1943 3839 2170 3905 indicat,

578 3944 700 3986 cum
731 3926 889 3997 dicit,
923 3927 991 3982 Et
1017 3927 1248 3984 diabolus
1273 3939 1367 3983 stet
1391 3946 1424 3983 a
1456 3927 1646 3984 dextris
1681 3927 1836 4002 ejus?
1858 3930 1970 3987 iioc
2000 3932 2174 4005 itaque

581 4026 795 4092 meruit,
826 4027 881 4080 ut
911 4039 1070 4096 super
1097 4039 1155 4080 se
1197 4025 1387 4081 habeat
1412 4025 1681 4080 diabolum
1702 4067 1715 4090 ,
1749 4019 1800 4079 id
1827 4033 1929 4091 est,
1961 4023 2173 4081 diabolo

579 4117 826 4171 subditus
869 4117 968 4182 sit,
998 4117 1087 4186 qui
1118 4101 1329 4172 Christo
1375 4115 1618 4172 subditus
1663 4132 1782 4173 esse
1830 4117 2019 4172 noluit.
2063 4119 2174 4174 Stet

580 4217 758 4264 autem
789 4225 820 4262 a
849 4210 1039 4263 dextris
1063 4211 1170 4282 ejus
1195 4251 1210 4274 ,
1239 4209 1435 4266 dictum
1462 4219 1581 4275 est,
1609 4211 1729 4281 quia
1770 4227 1932 4283 opera
1971 4210 2171 4268 diaboli

581 4301 871 4373 praeposuit
897 4301 1146 4372 operibus
1177 4302 1287 4357 Dei.
1319 4302 1430 4358 Hoc
1459 4303 1601 4358 enim
1632 4303 1822 4374 cuique
1848 4319 1953 4359 non
1986 4305 2174 4360 innue-

580 4396 685 4449 rito
714 4393 959 4449 dextrum
995 4394 1209 4462 dicitur,
1256 4395 1396 4466 quod
1427 4398 1717 4466 praeponit;
1766 4399 1903 4452 sicut
1942 4398 2172 4456 sinistrae

580 4487 767 4543 dextra
798 4487 1141 4558 praeponitur.
1177 4487 1300 4542 ideo
1327 4498 1380 4543 et
1423 4487 1490 4543 de
1522 4488 1626 4543 illis
1666 4489 1754 4560 qui
1784 4490 1964 4544 smculi
2013 4490 2172 4560 hujus

578 4579 773 4654 gaudia
804 4587 1172 4651 praeponentes
1215 4580 1356 4648 Deo,
1386 4580 1594 4636 beatum
1633 4580 1881 4637 dixerunt
1917 4583 2169 4653 populum

579 4675 666 4731 cui
694 4673 808 4730 haec
833 4682 987 4740 sunt,
1017 4673 1311 4730 rectissime
1352 4674 1550 4730 dictum
1581 4683 1664 4732 est
1684 4717 1697 4740 ,
1729 4673 1948 4731 Dextera
1996 4694 2170 4732 eorum

579 4767 784 4822 dextera
820 4767 1118 4838 iniquitatis.
1153 4766 1334 4833 Unde,
1367 4767 1509 4838 quod
1539 4767 1786 4824 dixerunt
1827 4769 2040 4825 beatum
2069 4788 2168 4842 po-

579 4860 760 4932 pulum
782 4859 866 4916 cui
890 4859 1003 4916 haec
1028 4868 1169 4925 sunt,
1194 4874 1254 4916 os
1275 4875 1458 4915 eorum
1483 4860 1717 4916 locutum
1739 4871 1821 4917 est
1847 4864 2167 4929 vanitatem;

577 4952 718 5023 quod
743 4953 812 5010 de
843 4953 944 5008 illis
973 4968 1131 5024 supra
1158 4953 1360 5010 dictum
1389 4961 1492 5008 est.
1519 4952 1680 5021 Cujus
1708 4962 1885 5009 autem
1916 4971 1976 5011 os
1999 4956 2170 5028 loqui-

580 5055 664 5102 tur
694 5047 990 5111 veritatem,
1023 5055 1205 5102 contra
1238 5045 1363 5102 illud
1392 5045 1530 5117 quod
1561 5046 1812 5102 dixerunt
1842 5048 1926 5106 isti
1957 5049 2169 5106 beatum

577 5137 831 5210 populum
866 5139 949 5194 cui
975 5138 1088 5194 hazc
1117 5149 1280 5206 sunt,
1311 5138 1471 5194 debet
1499 5138 1658 5191 etiam
1691 5139 1801 5208 ipse
1826 5140 2004 5194 dicere
2029 5141 2170 5211 quod

577 5232 634 5288 in
661 5231 848 5288 eodem
881 5233 1084 5302 psalmo
1113 5233 1353 5305 sequitur
1372 5274 1389 5299 ,
1423 5232 1610 5287 Beatus
1640 5234 1860 5303 papulas
1891 5235 2033 5305 cujus
2063 5233 2171 5289 Do-

577 5323 744 5379 minus
770 5323 900 5378 Deus
927 5327 1147 5395 ipsorum
1171 5325 1336 5394 (Psal.
1368 5341 1567 5391 CXLIII,
1596 5327 1680 5391 11,
1716 5325 1806 5397 15)
1835 5345 1847 5379 :
1878 5326 2000 5381 huic
2027 5328 2168 5384 cnim

577 5435 684 5476 non
730 5417 976 5473 diabolus
1020 5427 1101 5473 est
1129 5436 1157 5473 a
1205 5420 1427 5486 dextris,
1460 5420 1552 5475 sed
1602 5420 1889 5476 Dominus:
1937 5421 2072 5476 sicut
2118 5432 2172 5478 et

575 5512 701 5570 alibi
719 5511 864 5578 dicit,
889 5509 1225 5567 Providebam
1245 5511 1517 5566 Dominum
1543 5512 1597 5566 in
1620 5521 1884 5583 conspectu
1907 5531 2014 5568 meo
2036 5532 2170 5570 sem-

575 5623 684 5680 per,
715 5606 955 5677 quoniam
989 5621 1022 5660 a
1048 5604 1237 5660 dextris
1261 5614 1334 5658 est
1362 5603 1485 5658 mihi
1508 5647 1524 5672 ,
1554 5621 1616 5659 ne
1639 5621 1951 5660 commoveor
1979 5605 1997 5678 (
2021 5607 2167 5663 Psal.

575 5713 666 5762 xv,
712 5699 746 5755 8
765 5700 804 5769 ).
854 5697 1104 5754 Diabolus
1130 5712 1259 5769 ergo
1301 5697 1447 5753 stetit
1473 5713 1504 5753 a
1534 5696 1736 5753 dextris
1765 5699 1882 5768 ejus
1903 5742 1917 5765 ,
1952 5701 2170 5771 quando

577 5793 868 5863 pra-posuit
910 5793 1186 5848 avaritiam
1233 5791 1545 5862 sapientiae,
1593 5801 1647 5846 et
1690 5792 1966 5863 pecuniam
2015 5795 2172 5851 saluti

575 5900 709 5958 sute,
763 5897 818 5943 ut
848 5903 966 5944 eum
998 5889 1258 5958 traderet,
1289 5903 1320 5944 a
1346 5904 1450 5960 quo
1474 5886 1657 5945 debuit
1681 5888 1972 5961 possideri,
2006 5905 2074 5946 ne
2103 5891 2170 5946 ab

1867 377 1923 432 S.
1955 365 2318 432 AUGUS'ilNI
2364 372 2660 430 EPISCOPI

3736 396 3852 457 “'56

2311 486 2400 540 illo
2429 487 2815 581 possideretur,
2857 492 3010 563 cujus
3039 503 3200 567 opera
3233 497 3346 570 ipse
3371 498 3604 561 Christus
3633 508 3804 581 solvit,
3830 529 3854 573 ι

2308 593 2413 648 quo
2442 577 2609 635 noluit
2636 580 2918 652 possideri.

2313 741 2318 756 ι
2379 671 2431 726 9.
2474 669 2640 748 [veri
2687 674 2780 750 7.]
2819 671 2944 733 Cum
2979 677 3270 751 judicatur,
3319 691 3460 742 exeat
3508 693 3852 756 condemnatus.

2304 757 2486 822 Noluit
2515 765 2654 824 enirn
2687 771 2805 825 talis
2829 787 2949 828 esse
2973 774 3058 829 cui
3085 773 3368 846 diceretur,
3397 781 3543 838 Intra
3569 785 3618 840 in
3643 793 3856 860 gaudium

2305 859 2498 917 domini
2523 863 2629 930 tui;
2655 865 2748 920 sed
2780 867 2896 922 talis
2926 867 2995 924 de
3025 886 3129 939 quo
3155 871 3370 943 dicitur,
3397 859 3791 948 Prtijiciteiillum
3813 887 3856 944 in

2305 956 2531 1010 tenebras
2558 958 2825 1012 exteriores
2854 957 3069 1031 (Matth.
3106 978 3229 1030 xxv,
3254 963 3346 1028 21,
3370 967 3482 1038 30).
3507 965 3573 1023 Et
3597 976 3746 1029 oratio
3766 980 3857 1048 ejus

2304 1046 2392 1114 ﬁat
2436 1048 2486 1100 in
2532 1059 2814 1118 peccatum.
2864 1049 3126 1117 Quoniam
3164 1069 3267 1109 non
3297 1065 3377 1110 ρει
3401 1055 3541 1126 justa
3569 1055 3745 1132 oratio,
3773 1046 3856 1124 nisi

2301 1154 2398 1210 per
2440 1136 2744 1208 Christum,
2794 1158 2952 1213 quem
2997 1137 3235 1202 vendidit
3279 1148 3606 1208 immanitate
3641 1160 3856 1224 peccati:

2300 1233 2474 1287 oratio
2503 1242 2680 1289 autem
2721 1253 2839 1306 quce
2870 1247 2975 1291 non
3010 1238 3065 1292 tit
3094 1253 3189 1309 per
3215 1237 3484 1297 Christum
3510 1286 3526 1311 ,
3571 1261 3670 1300 non
3708 1251 3854 1306 solum

2299 1339 2405 1379 non
2434 1335 2608 1396 potest
2630 1325 2810 1383 delere
2833 1337 3130 1406 peccatum,
3158 1333 3252 1388 sed
3277 1334 3438 1390 etiam
3469 1336 3581 1406 ipsa
3607 1339 3730 1396 litin
3757 1359 3856 1413 pec-

2298 1426 2494 1471 catum.
2539 1418 2763 1485 Quando
2808 1424 2984 1477 autem
3029 1421 3192 1480 Judas
3238 1426 3306 1480 ita
3339 1441 3498 1484 orare
3530 1430 3778 1500 potuerit,
3809 1435 3854 1490 ut

2297 1510 2469 1563 oratio
2495 1510 2610 1580 ejus
2635 1512 2651 1544 ¹
2679 1511 2832 1567 ﬁeret
2861 1509 2912 1567 in
2944 1525 3238 1584 peccatum,
3271 1518 3438 1587 quaeri
3471 1529 3656 1590 potest.
3684 1519 3852 1594 credo,

2296 1609 2582 1672 antequam
2611 1603 2892 1659 Dominum
2919 1606 3170 1674 traderet,
3198 1607 3250 1664 et
3275 1609 3342 1666 de
3373 1609 3467 1665 illo
3499 1611 3740 1669 tradendo
3764 1617 3854 1686 jam

2297 1694 2555 1765 cogitaret
2583 1715 2594 1750 :
2621 1712 2726 1752 non
2751 1700 2891 1754 enim
2915 1701 3025 1770 jam
3053 1709 3261 1771 poterat
3287 1717 3447 1760 orare
3480 1721 3572 1776 per
3595 1707 3852 1766 Christum.

2296 1785 2426 1844 Nam
2461 1799 2805 1864 posteaquam
2835 1791 2986 1848 illum
3017 1793 3252 1863 tradidit,
3285 1813 3517 1869 eumque
3544 1797 3790 1869 paenituit,
3817 1805 3853 1861 si

2295 1897 2389 1953 per
2418 1883 2689 1940 Christum
2722 1894 2920 1954 oraret,
2957 1888 3334 1962 indulgentiam
3364 1901 3610 1964 rogaret;
3639 1897 3679 1951 si
3706 1897 3852 1955 indul-

2291 1976 2523 2045 gentiam
2553 1988 2802 2048 rogaret,
2849 1983 2996 2050 Spem
3042 1981 3301 2048 haberet;
3349 1985 3396 2039 si
3441 1999 3591 2056 spem
3629 1988 3849 2060 haberet,

2292 2067 2714 2124 misericordiam
2747 2080 3021 2142 speraret;
3075 2074 3119 2128 si
3152 2076 3575 2133 misericordiam
3603 2091 3848 2152 speraret,

2291 2168 2398 2213 non
2450 2159 2551 2214 sibl
2600 2157 2975 2231 desperatione
3019 2165 3213 2220 collum
3259 2165 3472 2238 liga’ret.
3508 2165 3726 2226 Proinde
3750 2185 3848 2229 cum

2289 2250 2545 2320 dixisset,
2593 2251 2719 2308 Cum
2750 2251 3038 2326 judicatur,
3084 2269 3226 2313 exeat
3264 2259 3665 2329 condemnatus;
3704 2279 3762 2321 ne
3794 2261 3848 2322 ab

2288 2344 2605 2402 imminente
2636 2348 3081 2405 eondcmnatione
3106 2359 3390 2422 putaretur
3418 2351 3478 2410 se
3507 2355 3728 2425 potuisse
3751 2369 3848 2413 ora-

2289 2437 2433 2494 tione
2458 2438 2704 2505 liberare,
2730 2456 2886 2510 quam
2914 2440 3174 2497 didicerat
3198 2458 3316 2499 cum
3339 2446 3712 2520 condiscipulis
3735 2449 3844 2518 suis,

2287 2531 2375 2586 ubi
2408 2531 2620 2599 dicitur,
2654 2530 2862 2588 Dimitte
2891 2531 3032 2589 nobis
3071 2537 3238 2592 debita
3280 2549 3491 2608 nostra,
3532 2542 3656 2597 sicut
3695 2553 3735 2598 et
3773 2551 3847 2600 nos

2286 2624 2582 2678 dimittimus
2628 2623 2927 2682 debitoribus
2963 2629 3185 2684 nostris:
3228 2629 3293 2684 Et
3321 2635 3490 2688 oratio
3515 2636 3641 2706 ejus,
3681 2637 3842 2707 inquit,

2284 2713 2375 2783 ﬁat
2417 2713 2470 2768 in
2511 2726 2806 2786 peccatum;
2854 2719 2976 2788 quia
3011 2736 3112 2775 non
3153 2720 3210 2777 iit
3250 2735 3345 2794 per
3385 2723 3687 2796 Christum,
3713 2729 3842 2800 quem

2285 2805 2454 2860 noluit
2482 2806 2667 2877 sequi,
2702 2808 2795 2863 sed
2827 2811 3094 2884 persequi.

2356 2893 2442 2952 10.
2487 2896 2634 2971 [vers.
2666 2899 2744 2972 8.]
2787 2897 2942 2956 Fiant
2967 2903 3073 2957 dies
3104 2905 3213 2976 ejus
3243 2909 3420 2977 pauci.
3452 2907 3572 2965 Dies
3593 2913 3694 2984 ejus
3715 2911 3841 2979 dixit,

2285 2989 2399 3045 dies
2439 2991 2770 3061 apostolatus
2816 2991 2966 3064 ejus;
3014 2998 3101 3068 qui
3150 3001 3301 3068 pauci
3347 2999 3599 3070 fuerunt,
3631 3005 3842 3075 quoniam

2282 3094 2403 3139 ante
2436 3087 2734 3155 passionem
2769 3088 2976 3145 Domini
3017 3092 3220 3149 scelere
3251 3095 3423 3165 ipsius
3455 3107 3508 3152 et
3537 3112 3698 3154 morte
3735 3115 3842 3153 con-

2282 3179 2476 3248 sumpti
2506 3189 2647 3234 sunt.
2680 3180 2742 3235 Et
2775 3190 3023 3254 tanquam
3055 3183 3344 3253 diceretur,
3375 3189 3520 3257 Quid
3548 3206 3668 3262 ergo
3693 3190 3768 3246 iiet
3789 3189 3842 3247 de

2282 3271 2643 3327 sacratissimo
2672 3289 2896 3328 numero
2923 3273 3275 3345 duodenario,
3309 3273 3361 3333 in
3397 3295 3506 3351 quo
3534 3297 3636 3337 non
3679 3279 3840 3337 frustra

2285 3363 2547 3420 Dominus
2585 3357 2868 3423 duodecim
2901 3367 3096 3426 habere
3129 3373 3329 3441 primos
3361 3371 3646 3444 Apostolos
3674 3369 3842 3431 voluit?

2280 3459 2533 3513 continuo
2569 3460 2828 3530 subjecit,
2875 3459 2944 3515 Et
2977 3462 3319 3535 episcopatum
3345 3467 3464 3536 ejus
3491 3469 3694 3539 accipiat
3718 3470 3838 3522 alter.

2281 3547 2552 3619 Tanquam
2582 3551 2787 3619 dicens,
2815 3553 2881 3607 Et
2913 3554 3022 3624 ipse
3051 3571 3147 3625 pro
3171 3569 3266 3610 suo
3299 3559 3497 3614 merito
3528 3559 3771 3630 puniatur,
3799 3552 3840 3614 et

2279 3639 2654 3708 illenumcrus,
2681 3646 3010 3714 suppleatur.
3032 3646 3181 3716 Quod
3206 3649 3248 3702 si
3277 3649 3398 3719 quis
3431 3649 3836 3721 quemadmodum

2279 3730 2474 3787 factum
2506 3733 2591 3801 sit,
2624 3734 2762 3790 scire
2791 3733 3078 3802 desiderat,
3117 3738 3279 3793 Actus
3307 3740 3680 3810 Apostolorum
3707 3741 3834 3812 legat.

2353 3824 2438 3878 11.
2485 3821 2632 3896 [vers
2663 3825 2742 3899 9.]
2786 3825 2941 3881 Fiant
2981 3827 3076 3897 lilii
3116 3831 3222 3901 ejus
3256 3832 3513 3902 arpliani,
3541 3843 3584 3888 et
3613 3849 3728 3888 uxor
3751 3827 3838 3902 ejus

2278 3915 2449 3968 vidua.
2478 3915 2672 3986 Utique
2715 3929 2927 3974 mortuo
2975 3919 3090 3990 ipso
3118 3961 3130 3988 ,
3175 3931 3228 3976 et
3266 3917 3356 3978 illii
3385 3925 3507 3996 ejits
3536 3924 3768 3997 orphani,
3795 3921 3838 3978 et

2278 4012 2413 4064 usot'
2436 4007 2551 4079 ejus
2579 4011 2786 4067 viduata
2818 4023 2917 4066 est.

2352 4102 2436 4155 i2.
2482 4100 2631 4176 [vers
2673 4103 2784 4176 -i0.]
2830 4100 3082 4160 Nutantes
3122 4111 3500 4180 transferantur
3524 4112 3615 4182 ﬁlii
3651 4112 3775 4180 ejus,
3800 4118 3836 4162 et

2278 4193 2578 4249 mendicent.
2624 4193 2880 4250 Nutantes
2925 4196 3122 4253 dictum
3166 4209 3283 4268 est,
3332 4201 3523 4258 Incerti
3565 4219 3661 4274 quo
3701 4205 3832 4268 eant,

2277 4285 2423 4340 omni
2469 4284 2714 4356 prmsidio
2757 4287 3012 4344 destituti.
3063 4287 3353 4362 Ejiciantur
3379 4291 3448 4347 de
3487 4291 3836 4348 habitationibus

2276 4378 2402 4432 suis.
2434 4375 2693 4449 Exposuit
2722 4377 2861 4450 quod
2890 4398 3048 4452 supra
3081 4383 3309 4452 dixerat,
3341 4392 3722 4459 transferantur.
3746 4377 3834 4439 llos

2277 4479 2453 4526 autent
2485 4481 2650 4527 totum
2678 4475 2948 4543 quomodo
2979 4479 3128 4532 uxori
3159 4479 3272 4549 ejus
3304 4478 3537 4553 ﬁliisque
3564 4471 3829 4553 contigerit,

2283 4575 2570 4636 sequentes
2598 4566 2832 4621 indicant
2862 4585 3066 4624 versus.

2349 4659 2434 4713 l5.
2477 4657 2626 4730 [vers.
2664 4659 2751 4725 11,
2792 4656 2900 4733 12.]
2943 4659 3213 4717 εει-τιτθίω-
3240 4668 3495 4735 fenerator
3519 4681 3703 4722 omnem
3728 4661 3826 4718 sub-

2275 4753 2514 4806 stantiam
2544 4754 2651 4824 ejus
2670 4794 2686 4821 ,
2721 4761 2766 4806 et
2794 4753 3036 4819 diripiant
3076 4755 3227 4809 alieni
3256 4756 3448 4813 labores
3473 4760 3600 4831 ejus.
3647 4754 3754 4811 Non
3777 4741 3827 4806 sit

2276 4845 2355 4899 illi
2384 4846 2590 4914 attjuto'r
2612 4863 2628 4899 :
2652 4845 2716 4898 ad
2748 4841 2993 4899 tuendam
3023 4846 3136 4916 ejus
3167 4850 3530 4917 posteritatem
3555 4847 3703 4913 dicit;
3730 4844 3826 4898 ideo

2276 4937 2534 5008 Sequitur,
2573 4935 2684 4990 Nec
2713 4937 2776 4991 sit
2807 4939 2891 5008 qui
2918 4938 3210 4993 misereatur
3241 4940 3450 5012 pupillis
3477 4943 3603 5011 ejus.

2349 5031 2433 5086 14.
2480 5029 2628 5104 [ιαενδ.
2665 5027 2773 5104 15.]
2816 5031 2919 5087 Sed
2949 5033 3072 5103 quia
3110 5044 3324 5102 possent
3351 5037 3508 5090 etiam
3541 5031 3707 5106 pupilli
3730 5029 3824 5084 sine

2276 5123 2519 5195 adjutore
2545 5134 2594 5179 et
2623 5125 2737 5179 sine
2768 5133 2945 5180 tutore
2979 5125 3029 5178 in
3063 5128 3314 5182 rerumnis
3343 5137 3397 5183 ct
3425 5135 3652 5199 egestate
3677 5135 3821 5180 tamen

2275 5232 2556 5285 crescere,
2605 5229 2656 5270 et
2697 5233 2863 5287 genus
2896 5219 3277 5289 propagatione
3316 5233 3562 5283 servare;
3594 5215 3816 5287 sequitur.

2275 5319 2329 5365 et
2356 5310 2502 5376 dicit,
2537 5298 2687 5362 Fiant
2715 5310 2819 5362 nati
2840 5310 2947 5380 ejus
2965 5311 3016 5363 in
3042 5309 3315 5378 interitum,
3339 5313 3386 5364 in
3415 5307 3714 5382 generatione
3737 5316 3816 5355 tum

2277 5403 2503 5457 deleatur
2527 5417 2704 5454 nomen
2733 5403 2839 5472 ejus
2866 5417 2884 5454 :
2926 5399 2978 5456 id
3016 5412 3099 5456 est
3123 5444 3138 5469 ,
3183 5391 3320 5472 quod
3346 5401 3410 5457 de
3441 5397 3527 5455 illo
3550 5402 3818 5470 generatum

2277 5505 2378 5561 cst,
2403 5496 2512 5566 jam
2541 5509 2644 5548 non
2676 5501 2914 5564 generet,
2945 5501 2998 5548 et
3025 5495 3130 5549 cito
3161 5503 3411 5549 transeat.

2352 5590 2436 5646 15.
2479 5588 2639 5662 [vers.
2686 5585 2796 5661 14.]
2838 5587 2941 5643 Sed
2982 5585 3107 5659 quid
3141 5598 3221 5643 est
3248 5587 3384 5660 quod
3414 5584 3599 5642 deinde
3626 5573 3814 5666 subjun-

2279 5687 2390 5758 git‘?
2426 5683 2493 5740 In
2519 5685 2808 5738 memoriam
2833 5679 3004 5738 redeat
3032 5683 3269 5754 iniquitas
3294 5693 3491 5756 patrum
3518 5681 3619 5751 ejus
3641 5673 3687 5728 in
3712 5685 3814 5726 con-

2279 5791 2448 5853 spectu
2481 5779 2720 5844 Domini,
2761 5787 2808 5833 et
2852 5788 3108 5850 peceatum
3139 5773 3310 5831 matris
3341 5779 3445 5849 ejus
3475 5789 3567 5829 non
3597 5769 3810 5824 deleatur.

2346 5899 2360 5930 ί
2400 5903 2470 5946 Er.
2500 5903 2549 5946 et
2574 5900 2700 5956 Lov.,
2728 5905 2819 5943 non
2837 5888 2990 5958 fieret.
3021 5891 3182 5953 Abest,
3208 5903 3319 5954 non,
3341 5889 3400 5940 ab
3423 5895 3519 5936 Am.
3544 5891 3592 5935 et
3612 5894 3636 5932 a
3655 5884 3747 5928 Mss.
