4188 6436
337 427 468 487 “37

336 551 414 604 Au
447 541 854 614 intelligendum
879 545 960 596 est
983 579 997 603 ,
1041 545 1096 592 ut
1128 533 1413 590 reddantur
1439 533 1485 586 ei
1520 537 1732 602 peccata
1760 525 1921 580 etiam

335 648 617 718 parentum
672 633 950 718 suorum?“
978 630 1039 685 Ei
1087 629 1282 702 quippe
1326 641 1433 681 non
1477 617 1922 718 rediluntanqui

335 709 492 792 fuerit
538 739 774 786 mutatus
821 727 872 788 in
903 709 1147 789 Christo,
1180 732 1233 776 et
1261 718 1481 790 coeperit
1511 731 1630 771 esse
1658 729 1760 768 non
1789 709 1924 766 filius

339 827 642 896 iniquorum
669 863 685 889 ,
727 835 830 876 non
862 819 1092 877 imitatus
1121 827 1296 869 mores
1325 826 1507 866 eorum
1538 827 1548 860 :
1575 807 1693 878 quia
1719 814 1771 861 et
1799 803 1922 896 illud

337 895 616 974 verissime
661 913 913 982 scriptum
958 917 1076 974 est,
1126 904 1353 961 Reddam
1398 911 1598 974 peccata
1646 908 1845 970 patrum
1871 895 1924 949 in

333 1011 502 1083 ﬁlios;
533 1019 587 1063 et
617 1005 742 1061 illud
773 995 915 1078 quod
944 1018 1037 1074 per
1066 998 1376 1070 pr0phetam
1406 995 1596 1050 dicitur
1618 1036 1631 1061 ,
1662 991 1728 1047 Et
1754 991 1925 1046 anima

338 1106 501 1184 patris
523 1119 636 1158 mea
661 1112 752 1170 cst,
772 1108 815 1155 et
841 1100 1009 1152 anima
1031 1096 1124 1166 filii
1146 1112 1253 1149 mea
1281 1105 1386 1157 est;
1412 1091 1580 1145 anima
1606 1104 1719 1159 qua:
1743 1101 1923 1156 pecca-

333 1176 482 1264 verit,
510 1201 625 1269 ipsa
650 1196 912 1252 morietur.
942 1193 1055 1249 Hoc
1083 1191 1276 1276 quippe
1300 1188 1497 1243 dictum
1525 1197 1604 1241 est
1629 1183 1695 1238 de
1728 1182 1808 1235 his
1833 1176 1923 1249 qui

332 1303 720 1354 convertuntur
745 1289 811 1344 ad
844 1291 1029 1354 Deum,
1062 1296 1242 1341 etnon
1273 1283 1542 1338 imitantur
1564 1277 1698 1333 mala
1729 1289 1923 1366 paren-

334 1401 447 1447 tum
476 1402 729 1451 suorum;
758 1381 898 1455 quod
926 1382 1038 1451 ipse
1069 1379 1325 1450 propheta
1357 1373 1628 1430 evidenter
1653 1367 1883 1424 ostendit
1907 1384 1920 1420 :

332 1485 466 1541 dicit
507 1482 650 1536 enim
684 1486 960 1548 parentum
989 1471 1292 1542 iniquitates
1327 1467 1404 1522 eis
1442 1481 1546 1522 non
1576 1463 1764 1518 obesse
1787 1503 1802 1528 ,
1834 1459 1922 1530 qui

330 1575 594 1647 justitiam
634 1568 875 1628 faciendo
913 1565 1198 1622 dissimiles
1238 1561 1431 1616 fuerint
1460 1557 1665 1632 (Ezeeli.
1695 1570 1840 1619 xvm,
1871 1555 1921 1616 4,

333 1667 452 1738 20).
487 1663 623 1720 Illud
648 1670 825 1717 autem
854 1654 994 1732 quOd
1031 1655 1230 1710 dictum
1275 1661 1355 1707 est
1379 1694 1393 1719 ,
1448 1649 1676 1703 Reddam
1723 1653 1926 1738 peccata

337 1737 542 1830 patrum
582 1758 636 1810 in
681 1755 816 1824 ﬁlios
835 1793 851 1819 ,
881 1751 1114 1809 additum
1142 1756 1242 1812 est,
1270 1745 1354 1816 qui
1385 1743 1595 1798 oderunt
1626 1757 1702 1793 me
1730 1737 1921 1811 (Exod.

337 1868 431 1920 xx,
463 1850 520 1921 5)
541 1890 557 1916 ,
588 1847 689 1903 hoc
717 1855 827 1911 est,
872 1843 1008 1897 sicut
1039 1855 1124 1894 me
1153 1837 1376 1894 oderant
1411 1844 1655 1905 parentes
1697 1847 1880 1886 eorum
1910 1848 1921 1883 :

335 1954 394 1998 ut
436 1934 1189 2012 quemadmodum'bouorum
1232 1928 1458 1984 imitatio
1505 1926 1626 1980 facit
1667 1933 1722 1979 ut
1765 1924 1924 1979 etiam

336 2034 555 2106 pr0pria
587 2041 800 2103 peccata
831 2027 1109 2082 deleantur
1129 2063 1144 2089 ,
1192 2022 1266 2077 sic
1307 2017 1564 2074 malorum
1595 2015 1819 2070 imitatio
1847 2013 1924 2106 fa-l

334 2103 452 2184 ciat
471 2134 530 2181 ut
558 2138 662 2180 non
690 2120 859 2178 solum
892 2133 985 2174 sua
1011 2157 1024 2182 ,
1057 2115 1148 2170 sed
1180 2114 1337 2168 etiam
1366 2126 1549 2166 eorum
1581 2123 1712 2180 quos
1740 2103 1924 2160 imitati

333 2230 502 2284 sunt,
553 2216 743 2272 merita
773 2213 1081 2269 sortiantur.
1124 2209 1177 2263 Si
1223 2221 1348 2276 ergo
1374 2203 1536 2260 Judas
1569 2210 1770 2257 teneret
1799 2197 1928 2253 illud

332 2313 401 2368 ad
432 2308 579 2382 quod
607 2317 823 2364 vocatus
849 2312 952 2370 est,
982 2302 1127 2357 nullo
1154 2297 1314 2353 modo
1335 2287 1398 2350 ad
1422 2311 1540 2349 cum
1564 2294 1644 2347 vel
1675 2308 1764 2346 sua
1793 2306 1931 2362 prie-

336 2408 497 2463 terita
521 2445 538 2472 ,
583 2402 665 2458 vel
711 2408 992 2472 parentum
1020 2392 1271 2472 iniquitas
1302 2390 1587 2461 pertineret
1613 2408 1622 2441 :
1649 2385 1770 2457 quia
1801 2399 1929 2454 ergo

332 2516 441 2556 non
473 2495 652 2554 tenuit
675 2492 1012 2562 adoptionem
1036 2489 1089 2543 in
1111 2485 1308 2540 familia
1334 2482 1446 2548 Dei,
1478 2477 1570 2535 sed
1597 2477 1926 2550 iniquitatem

329 2590 534 2649 vetusti
574 2587 786 2658 generis
813 2584 990 2657 potius
1016 2579 1204 2650 elegit;
1246 2575 1407 2632 rediit
1438 2574 1686 2644 iniquitas
1718 2580 1926 2640 patrum

326 2684 449 2754 ejus
480 2683 535 2736 iu
564 2686 856 2747 conspectu
884 2672 1128 2736 Domini,
1176 2678 1233 2726 ut
1262 2669 1314 2723 in
1343 2681 1406 2722 eo
1441 2664 1599 2721 etiam
1630 2662 1742 2733 ipsa
1773 2663 1927 2732 puni-

323 2785 518 2839 retur;
549 2781 606 2827 et
629 2777 901 2844 peccatum
929 2764 1115 2820 matris
1138 2762 1254 2831 ejus
1281 2775 1386 2815 non
1408 2767 1488 2812 est
1509 2758 1561 2811 in
1586 2771 1651 2811 eo
1670 2755 1924 2844 deletum.

402 2831 691 2936 16.7[verm
723 2856 838 2932 15.]
882 2856 1034 2912 Fiant
1072 2864 1246 2910 contra
1288 2849 1564 2905 Dominum
1604 2864 1797 2917 semper
1828 2861 1846 2900 :
1877 2831 1927 2900 id

315 2971 408 3016 est
430 3002 448 3024 ,
488 2966 670 3030 patres
696 2953 810 3023 ejus
842 2960 902 3030 et
935 2958 1105 3004 mater
1139 2939 1255 3018 ejus
1303 2946 1428 3016 [iant
1455 2951 1630 2996 contra
1656 2937 1929 2994 Dominum

312 3029 561 3122 semper,
612 3062 716 3101 non
749 3055 806 3100 ut
837 3029 1064 3098 Domino
1092 3038 1439 3094 adversentur
1461 3077 1474 3100 ,
1523 3032 1614 3089 sed
1656 3043 1709 3086 ut
1739 3031 1927 3086 merita

312 3159 528 3202 eorum
578 3140 806 3212 pessima
855 3151 958 3192 non
1010 3131 1353 3188 obliviscatur
1397 3129 1448 3184 in
1492 3128 1593 3182 isto
1639 3123 1925 3190 Dominus,

311 3255 454 3295 cum
491 3236 567 3292 illi
595 3243 646 3288 et
669 3233 777 3304 ipsa
808 3228 1086 3285 retribuet.
1107 3224 1293 3280 Contra
1319 3221 1591 3276 Dominum
1613 3215 1751 3272 enim
1775 3216 1924 3281 dixit,

311 3332 378 3388 lu
435 3334 742 3398 conspectu
795 3321 1055 3379 Domini:
1091 3333 1212 3374 nam
1257 3325 1309 3370 et
1353 3316 1440 3370 alii
1488 3313 1805 3383 interpretes
1853 3307 1929 3364 sic

313 3421 764 3482 transtulerunt,
799 3416 954 3471 Fiant
982 3415 1032 3470 in
1061 3421 1325 3483 conspectu
1355 3407 1561 3462 Domini
1585 3421 1810 3476 semper;
1839 3403 1927 3457 alii

313 3529 493 3578 vero,
530 3510 686 3564 Fiant
711 3523 880 3562 coram
909 3505 1122 3559 Domino
1152 3519 1344 3571 semper
1374 3517 1390 3554 :
1416 3499 1550 3554 sicut
1578 3497 1700 3551 alibi
1729 3495 1926 3550 dictum

316 3617 443 3674 cst,
478 3603 703 3658 Posuisti
731 3601 1017 3670 iniquitates
1047 3607 1244 3651 nostras
1270 3596 1321 3648 in
1347 3601 1611 3663 conspectu
1643 3600 1728 3644 tuo
1757 3589 1926 3662 (Psal.

320 3712 540 3755 Luxu
561 3737 575 3762 ,
608 3693 684 3763 8).
715 3692 926 3763 Semper
954 3698 1130 3744 autem
1170 3686 1327 3753 dicit,
1376 3693 1434 3739 ut
1470 3685 1584 3739 sine
1617 3681 1929 3738 remissione

321 3791 400 3844 sit
437 3796 646 3846 tantum
677 3781 802 3837 illud
831 3781 1005 3836 scelus
1029 3820 1044 3847 ,
1077 3786 1131 3834 et
1169 3777 1280 3842 hic,
1333 3785 1385 3830 et
1413 3777 1461 3830 iu
1507 3774 1682 3830 futuro
1712 3773 1924 3830 smculo.

328 3882 612 3952 Dispereat
642 3879 703 3931 de
727 3886 859 3930 terra
896 3877 1134 3928 memoria
1160 3888 1331 3926 eorum
1358 3887 1374 3923 :
1403 3878 1608 3941 patrum
1649 3869 1847 3923 scilicet
1875 3877 1928 3923 et

328 3971 532 4028 matris
555 3969 690 4038 ejus.
712 3966 1016 4022 Memoriam
1041 3963 1168 4020 dicit
1191 3978 1398 4028 eorum,
1424 3978 1540 4031 quac
1567 3961 1617 4014 in
1641 3961 1927 4032 propagine

329 4059 703 4135 generationis
753 4057 1046 4112 custoditur
1078 4074 1088 4110 :
1123 4056 1260 4111 hanc
1303 4052 1638 4124 prophetavit
1676 4051 1743 4107 de
1787 4060 1926 4105 terra

333 4155 669 4228 perituram,
701 4151 820 4222 quia
850 4159 902 4204 et
927 4150 1038 4220 ipse
1063 4147 1224 4203 Judas
1245 4189 1260 4215 ,
1302 4154 1356 4201 ct
1395 4145 1487 4200 filii
1517 4144 1632 4214 ejus
1658 4141 1745 4215 qui
1775 4151 1928 4198 erant

336 4258 596 4320 tanquam
621 4243 875 4300 memoria
902 4250 1108 4311 patrum
1134 4247 1187 4294 et
1209 4238 1390 4292 matris
1415 4236 1551 4307 ejus,
1575 4237 1689 4292 sine
1711 4249 1926 4291 succes-

341 4340 493 4396 sione
520 4336 686 4410 prolis
708 4378 722 4404 ,
756 4336 895 4390 sicut
923 4332 1167 4403 superius
1199 4333 1394 4387 dictum
1422 4338 1537 4398 est,
1572 4330 1623 4386 in
1667 4329 1925 4385 brevitate

344 4431 497 4490 Inius
527 4425 886 4500 generationis
910 4424 1158 4480 exstincti
1183 4431 1322 4477 sunt.

413 4523 500 4577 i7.
548 4505 683 4574 Dicit
721 4517 910 4588 aliquis
943 4534 954 4568 :
989 4515 1233 4571 Etiamne
1278 4513 1377 4568 hoc
1418 4513 1484 4568 ad
1523 4530 1734 4586 pmnam
1777 4511 1924 4570 Judae

345 4613 612 4682 pertinere
641 4597 962 4664 credendum
1003 4616 1118 4674 est,
1146 4605 1284 4677 quod
1319 4613 1434 4676 post
1464 4606 1577 4675 ejus
1605 4601 1827 4662 mortem
1859 4605 1921 4660 ad

342 4701 737 4757 mendicitatem
761 4714 894 4753 uxor
924 4697 1036 4768 ejus
1066 4706 1115 4750 ct
1147 4697 1233 4750 filii
1263 4706 1640 4768 pervenerunt,
1674 4706 1727 4752 et
1752 4707 1923 4752 trans-

342 4796 425 4849 lati
455 4801 602 4857 sunt,
638 4790 789 4860 ejecti
820 4789 884 4844 de
911 4773 1322 4844 habitationibus
1349 4789 1458 4842 suis
1483 4832 1499 4857 ,
1528 4795 1797 4844 scrutante
1841 4788 1921 4844 fe-

342 4895 588 4941 neratore
618 4898 830 4937 omnem
881 4879 1227 4936 substantiam
1275 4881 1418 4950 ejus,
1462 4891 1513 4935 et
1554 4880 1922 4950 diripientihns

341 4978 529 5032 alienis
575 4990 762 5029 omnes
803 4965 1012 5027 labores
1055 4971 1206 5040 ejus,
1260 4971 1472 5026 nemine
1512 4971 1795 5041 adjuvante
1826 4987 1922 5026 nec

341 5068 629 5123 miserante
658 5066 884 5135 pupillos
925 5064 1042 5134 ejus
1066 5105 1079 5127 ,
1109 5073 1162 5117 et
1193 5062 1330 5132 quod
1377 5064 1482 5116 cito
1531 5072 1654 5117 sunt
1682 5062 1796 5120 sine
1823 5079 1920 5135 po-

339 5161 494 5217 steris
534 5159 776 5214 mortui?
825 5155 1091 5226 Numquid
1137 5157 1294 5210 etiam
1343 5154 1410 5210 de
1453 5153 1533 5210 his
1579 5172 1695 5226 quae
1725 5155 1776 5210 in
1812 5157 1922 5211 suis

339 5263 456 5323 post
503 5260 728 5305 mortem
784 5248 1042 5319 cujusque
1095 5248 1442 5317 contingunt,
1500 5247 1634 5301 ullus
1685 5258 1921 5302 mortuos

337 5337 504 5415 tangit
527 5331 718 5397 dolor?
748 5348 838 5394 aut
865 5339 977 5394 haec
1004 5339 1191 5394 saltent
1217 5338 1350 5392 scire
1382 5336 1597 5406 putandi
1623 5347 1763 5404 sunt,
1790 5355 1924 5408 quo-

337 5454 452 5493 rum
504 5450 696 5490 sensus
737 5432 860 5488 alibi
911 5441 993 5487 est
1035 5447 1130 5502 pro
1180 5431 1424 5498 meritis,
1473 5446 1565 5485 seu
1607 5431 1775 5498 bene,
1827 5447 1920 5487 seu

337 5528 514 5586 male?
548 5526 645 5585 Cui
685 5523 984 5598 respoadeo
1038 5540 1280 5596 magnam
1324 5523 1536 5594 quidem
1596 5540 1715 5580 esse
1770 5542 1919 5598 qua)-

336 5621 590 5689 stionem,
667 5619 766 5674 nec
815 5619 867 5672 in
918 5603 1197 5688 praesentia
1252 5616 1639 5686 disserendam,
1675 5613 1814 5688 quod
1855 5619 1922 5674 sit

335 5715 516 5787 operis
565 5709 898 5786 proiixiOris,
949 5719 1163 5776 utrum,
1211 5709 1291 5764 vel
1332 5720 1625 5781 quatenus,
1667 5711 1747 5765 vel
1794 5727 1923 5782 quo-

336 5805 498 5866 modo
539 5821 603 5862 ea
642 5822 761 5877 qua:
789 5806 930 5860 circa
972 5820 1071 5860 nos
1117 5813 1376 5875 aguntur,
1429 5804 1672 5860 noverint
1705 5803 1922 5876 spiritus

340 5910 694 5960 mortuorum.
727 5899 1135 5960 Verumtamen,
1167 5896 1306 5968 quod
1336 5896 1567 5954 breviter
1591 5897 1692 5953 dlcl
1724 5910 1915 5969 potest,

1374 405 1768 470 ENARRATIO
1805 407 1868 463 IN
1910 405 2231 464 PSALMUM
2269 409 2445 467 CVIII.

3475 408 3614 469 “38

2029 548 2074 602 si
2105 549 2245 602 nulla
2284 549 2386 608 illis
2416 559 2558 606 esset
2585 565 2709 608 cura
2740 550 2806 608 de
2832 549 3016 616 nobis,
3059 566 3164 607 non
3194 539 3403 612 diceret
3429 550 3613 608 Domi-

2030 654 2130 693 nus
2161 640 2358 695 dixisse
2399 642 2544 696 illum
2570 642 2789 712 divitem
2821 643 2909 713 qui
2954 651 3214 699 tormenta
3243 645 3381 714 apud
3413 644 3616 700 inferos

2032 732 2333 800 patiebatur
2368 752 2380 788 :
2416 733 2590 788 Habeo
2631 735 2698 788 ibi
2727 737 2941 809 quinque
2969 737 3181 806 fratres,
3214 751 3276 789 ne
3309 744 3354 790 et
3390 735 3490 808 ipsi
3526 753 3612 789 ve-

2031 826 2173 878 niant
2200 825 2253 878 in
2292 826 2455 879 locant
2496 827 2628 881 hunc
2673 837 3048 882 tormentorum.
3081 827 3187 883 Sed
3214 826 3616 898 quomodolibet

2032 917 2327 989 intelligant
2371 920 2457 989 qui
2511 919 2612 974 hoc
2651 920 2803 974 aliter
2857 921 3148 992 intelligere
3209 930 3503 987 conantur,
3561 925 3618 976 et

2031 1011 2150 1082 quia
2199 1009 2468 1066 fatendum
2516 1022 2597 1067 est
2637 1028 2740 1067 nou
2773 1027 2893 1068 esse
2922 1027 3252 1082 consequens
3285 1022 3340 1067 ut
3371 1011 3413 1066 si
3441 1011 3617 1067 sciunt

2032 1103 2226 1158 mortui
2259 1118 2387 1156 suos
2416 1105 2626 1169 vivere,
2664 1103 2786 1173 quia
2814 1118 2912 1158 nec
2941 1104 2991 1158 in
3035 1103 3164 1158 locis
3203 1119 3479 1174 poenarum
3520 1117 3617 1159 eos

2030 1195 2213 1250 vident
2234 1238 2247 1258 ,
2281 1196 2366 1250 ubi
2403 1196 2549 1251 dives
2579 1198 2664 1250 ille
2698 1206 2811 1252 erat
2835 1238 2848 1261 ,
2881 1211 2979 1250 nec
3005 1197 3056 1251 in
3094 1196 3276 1265 requie
3302 1195 3573 1249 beatorum
3595 1235 3613 1263 ,

2031 1288 2119 1342 ubi
2161 1288 2416 1344 Lazarum
2459 1299 2512 1344 et
2541 1289 2805 1346 Abraham
2837 1290 3078 1360 quamvis
3103 1289 3257 1359 longe
3299 1287 3618 1358 agnoscebat

2033 1379 2199 1453 (an.
2231 1398 2337 1447 xvi,
2366 1381 2435 1435 ΞΒ
2460 1423 2474 1447 ,
2507 1381 2578 1436 25
2597 1383 2636 1451 ),
2667 1382 2788 1436 ideo
2809 1396 2901 1436 eos
2930 1385 3088 1438 etiam
3119 1398 3236 1453 quae
3264 1383 3402 1435 circa
3428 1397 3615 1438 eorum

2033 1473 2223 1528 charos
2255 1484 2477 1545 aguntur
2514 1474 2599 1528 vel
2645 1474 2759 1528 laeta
2791 1474 2872 1528 vel
2903 1475 3068 1530 tristia
3098 1474 3234 1528 scire
3262 1489 3483 1528 necesse
3509 1473 3614 1528 sit:

2032 1564 2134 1620 hoc
2164 1566 2282 1621 dico
2306 1607 2322 1632 ,
2359 1580 2553 1635 paucos
2583 1581 2699 1620 esse
2727 1567 2842 1634 ejus
2867 1567 3027 1622 animi
3070 1566 3313 1621 homines
3339 1607 3350 1630 ,
3382 1566 3468 1634 qui
3496 1572 3618 1636 post

2030 1668 2257 1712 mortem
2287 1672 2435 1712 suam
2482 1657 2606 1729 quid
2638 1660 2746 1712 suis
2776 1658 2897 1713 boni
2950 1659 3138 1714 malive
3168 1659 3440 1730 contingat
3460 1700 3476 1724 ,
3505 1659 3616 1714 sal-

2033 1758 2138 1804 tem
2183 1749 2309 1804 dum
2337 1750 2555 1818 vivunt,
2604 1752 2902 1821 negligant,
2949 1760 3107 1821 atque
3137 1751 3354 1805 omnino
3379 1759 3617 1806 contem-

2030 1849 2196 1906 nant;
2240 1841 2434 1896 multos
2479 1850 2654 1898 autem
2674 1882 2689 1908 ,
2733 1841 2874 1914 quod
2905 1841 3099 1896 indicat
3128 1842 3284 1896 etiam
3318 1850 3460 1896 tanta
3490 1856 3616 1897 cura

2029 1936 2468 1994 commendanda:
2499 1937 2696 1992 ultimae
2730 1937 3016 1992 voluntatis
3054 1945 3107 1991 et
3148 1937 3617 2008 qualiumcumque

2033 2037 2472 2085 testamentorum
2499 2071 2514 2097 ,
2549 2029 2677 2083 satis
2704 2045 2860 2100 agere
2891 2038 2948 2082 ut
2975 2043 3094 2083 cum
3125 2027 3358 2083 defuncti
3386 2028 3619 2096 fuerint,

2031 2121 2142 2176 suis
2172 2119 2307 2176 bene
2355 2121 2442 2174 sit.
2491 2121 2926 2178 Permansionem
2972 2135 3099 2176 vero
3143 2121 3466 2191 posteritatis
3509 2136 3619 2176 suae

2034 2229 2130 2285 per
2159 2215 2523 2270 successiones
2545 2215 2943 2286 generationum
2975 2215 3071 2269 soli
3106 2213 3438 2270 laudabiliter
3463 2231 3618 2285 sper-

2032 2315 2185 2374 nunt,
2208 2307 2296 2376 qui
2323 2306 2528 2378 seipsos
2550 2305 2828 2361 abscidunt
2855 2314 3071 2378 propter
3090 2322 3311 2376 regnum
3333 2304 3616 2374 caelorum,

2031 2405 2086 2452 ct
2105 2395 2241 2452 filios
2261 2413 2386 2453 suos
2412 2398 2515 2454 hoc
2542 2397 2715 2453 facere
2738 2399 2986 2468 cupiunt,
3015 2408 3332 2470 exoptantve
3363 2400 3620 2472 martyrio

2032 2490 2316 2558 coronari,
2348 2491 2419 2544 ita
2465 2499 2525 2546 ut
2569 2490 2745 2546 nullus
2780 2505 2966 2544 eorum
3011 2491 3060 2544 in
3111 2501 3250 2546 terra
3303 2499 3617 2544 remaneat:

2031 2582 2210 2636 cazteri
2241 2590 2416 2636 autem
2444 2595 2629 2636 omnes
2650 2623 2664 2646 ,
2693 2591 2784 2636 aut
2815 2597 2946 2652 pene
2973 2597 3190 2647 omnes,
3224 2583 3403 2638 felices
3433 2583 3619 2638 volunt

2032 2686 2157 2726 suos
2187 2671 2386 2727 essein
2417 2671 2515 2728 hac
2559 2673 2662 2726 vita
2694 2683 2812 2742 post
2859 2684 3083 2728 mortem
3126 2690 3309 2738 suam,
3360 2683 3414 2729 ct
3462 2690 3615 2730 suum

2031 2779 2198 2835 genus
2227 2764 2442 2820 interire
2475 2765 2678 2821 nolunt.
2704 2766 3037 2836 Quapropter
3063 2766 3203 2838 quod
3231 2765 3366 2822 Juda
3397 2767 3502 2822 tam
3533 2768 3618 2823 iu-

2032 2854 2257 2910 feliciter
2286 2865 2526 2920 mortuo,
2577 2857 2646 2910 ita
2689 2873 2822 2912 uxor
2852 2857 3004 2912 vidua
3037 2865 3090 2914 et
3122 2857 3209 2912 filii
3239 2858 3354 2928 ejus
3395 2859 3620 2928 orphani

2032 2958 2443 3016 remanserunt,
2484 2959 2541 3004 ut
2580 2949 2880 3006 feneratore
2911 2961 3181 3006 scrutante
3228 2957 3442 3008 omnem
3489 2953 3618 3010 sub.

2031 3041 2278 3094 stantiam
2311 3041 2427 3110 ejus
2451 3083 2465 3106 ,
2495 3050 2547 3096 et
2581 3041 2952 3114 diripientihns
2978 3044 3167 3098 alienis
3211 3044 3421 3099 labores
3463 3045 3578 3114 ejus
3600 3087 3615 3113 ,

2032 3132 2099 3188 de
2125 3134 2233 3189 suis
2257 3131 2666 3189 habitationibus
2688 3135 3026 3205 ejicerenlur,
3052 3152 3150 3190 nec
3169 3136 3398 3208 aliquem
3431 3137 3617 3209 pupilli

2033 3224 2147 3296 ejus
2174 3227 2513 3281 miserantem
2543 3227 2873 3287 invenirent,
2920 3236 2973 3284 et
3023 3228 3072 3281 iu
3121 3243 3221 3282 una
3269 3230 3614 3298 generatione

2031 3317 2145 3372 sine
2165 3319 2390 3388 posteris
2409 3318 2682 3373 interirent
2702 3335 2715 3384 ς
2733 3319 2776 3374 si
2805 3319 2915 3373 lucc
2937 3321 3169 3374 sentiunt
3191 3321 3404 3386 mortui,
3428 3335 3618 3376 cumu-

2032 3410 2116 3465 lus
2143 3412 2400 3465 malorum
2433 3420 2547 3476 est;
2581 3411 2624 3468 si
2653 3411 2764 3466 haec
2787 3427 2889 3466 non
2921 3404 3173 3479 sentiunt,
3206 3412 3431 3467 formido
3465 3413 3612 3468 vivo-

2031 3518 2169 3559 rum.
2210 3503 2265 3560 Si
2296 3513 2472 3560 autem
2505 3514 2684 3561 movet
2712 3506 2980 3575 quomodo
3013 3508 3238 3577 potuerit
3266 3507 3462 3563 habere
3487 3508 3616 3564 sub-

2031 3596 2280 3652 stantiam
2313 3613 2469 3669 quam
2499 3597 2775 3653 fenerator
2799 3609 3128 3654 scrutaretur
3152 3642 3166 3665 ,
3197 3600 3460 3671 alienique
3489 3601 3618 3656 diri-

2031 3699 2236 3759 perent,
2294 3689 2505 3759 quando
2547 3690 2658 3761 jam
2700 3705 2823 3745 cum
2867 3690 2985 3745 aliis
3036 3691 3279 3746 undecim
3333 3691 3614 3748 Dominum

2031 3783 2382 3852 sequebatur;
2429 3769 2612 3837 credat
2641 3799 2762 3837 eum
2791 3784 2966 3837 omnia
3012 3799 3131 3854 quae
3163 3783 3388 3836 habebat
3430 3784 3497 3836 ita
3530 3783 3614 3837 di-

2031 3873 2242 3926 misisse
2275 3872 2395 3928 filiis
2423 3883 2475 3927 et
2507 3873 2676 3937 uxori,
2715 3882 2771 3926 ut
2797 3889 2898 3925 non
2929 3872 3050 3926 inde
3077 3871 3353 3925 sinceriter
3380 3871 3459 3926 vel
3491 3887 3612 3940 pcr-

2031 3972 2337 4018 severanter
2351 3963 2618 4017 vinculum
2641 3961 2944 4031 cupiditatis
2964 3962 3266 4031 abruperit:
3295 3962 3380 4032 qui
3401 3963 3607 4016 etiamsi

2031 4069 2091 4107 ea
2120 4054 2262 4107 velut
2290 4053 2521 4108 vendere
2560 4053 2832 4107 videretur
2869 4051 3230 4106 distribueuda
3270 4052 3610 4124 pauperibus,

2031 4143 2268 4215 profecto
2295 4142 2496 4198 faceret
2526 4143 2668 4214 quod
2698 4144 2929 4198 Anauias
2960 4155 3077 4214 post
3109 4144 3314 4198 Domini
3342 4146 3614 4199 ascensio-

2030 4252 2152 4291 nem
2185 4234 2317 4308 (Act.
2343 4251 2395 4302 v,
2426 4236 2448 4288 1
2474 4245 2518 4288 et
2537 4234 2615 4307 ἓ).
2643 4233 2824 4307 Neque
2851 4237 2990 4290 enim
3020 4245 3278 4291 metueret
3303 4253 3367 4291 ne
3387 4235 3485 4291 hoc
3507 4238 3612 4293 Do-

2029 4333 2202 4386 minus
2252 4329 2526 4384 divinitate
2573 4337 2955 4400 cognosceret,
3002 4345 3159 4400 quem
3218 4329 3324 4384 falli
3377 4331 3611 4400 putabat,

2029 4420 2242 4490 quando
2295 4435 2356 4474 ea
2408 4435 2526 4492 qua:
2583 4419 2950 4488 mittebantur,
2984 4419 3050 4475 de
3101 4420 3288 4475 loculis
3343 4420 3616 4476 auferebat

2029 4509 2207 4584 (Joan.
2240 4528 2334 4580 xu,
2369 4511 2443 4584 6).

2102 4604 2187 4658 18.
2231 4602 2378 4678 [vers.
2406 4601 2588 4676 6-15.]
2637 4601 2739 4658 Sed
2767 4603 2876 4674 jam
2909 4603 3203 4668 videamus,
3234 4605 3275 4658 si
3311 4621 3610 4674 possumus,

2028 4705 2279 4768 quantum
2317 4695 2569 4749 Dominus
2599 4692 2836 4765 adjuvat,
2874 4695 3140 4765 quomodo
3186 4696 3280 4748 ista
3327 4697 3613 4753 convenire

2027 4788 2230 4859 possint
2259 4789 2414 4842 etiam
2449 4790 2498 4841 in
2529 4787 2780 4859 p0pulum
2811 4787 3139 4854 Iudaeorum,
3187 4789 3338 4859 cujus
3382 4789 3610 4844 inimici-

2028 4881 2114 4934 tia:
2128 4890 2310 4934 contra
2339 4878 2610 4934 dominum
2630 4881 2882 4949 pertinaci
2904 4879 3027 4934 odio
3054 4889 3485 4949 permanserunt:
3514 4897 3608 4934 cu-

2021 4973 2110 5047 jus
2127 4974 2302 5044 populi
2325 4973 2556 5027 diximus
2579 4973 2767 5028 .Indani
2793 4976 2842 5027 i'n
2867 4974 3026 5044 figura
3053 4973 3280 5052 gessisse
3307 4989 3609 5044 personam,

2027 5069 2161 5121 sicut
2192 5067 2443 5122 Ecclesiae
2472 5067 2920 5138 gessitapostolus
2948 5065 3152 5119 Petrus.
3183 5063 3439 5119 Constitue
3462 5085 3612 5136 super

2025 5179 2136 5216 eum
2155 5172 2482 5230 peccatorem,
2512 5171 2558 5216 et
2579 5161 2807 5214 diabolus
2829 5169 2916 5212 stet
2933 5176 2964 5212 a
2986 5159 3175 5213 dextris
3195 5163 3322 5230 ejus.
3349 5149 3612 5227 Quemad-

2025 5255 2240 5308 modum
2274 5254 2325 5306 in
2351 5252 2506 5318 Juda,
2541 5255 2614 5305 sic
2643 5253 2692 5304 in
2723 5252 2823 5304 isto
2851 5250 3044 5320 populo
3068 5250 3468 5320 intelligendum
3496 5264 3607 5319 est;

2025 5347 2112 5416 qui
2145 5345 2359 5415 repulso
2397 5361 2426 5398 a
2469 5359 2524 5397 se
2557 5343 2770 5396 Christo
2801 5341 2972 5397 factus
2999 5354 3079 5398 est
3105 5345 3350 5400 subditus
3377 5347 3608 5412 diabolo,

2027 5437 2177 5507 cujus
2209 5436 2580 5505 persuasiones
2613 5434 2663 5489 in
2695 5435 2939 5490 omnibus
2970 5434 3146 5506 pravis
3177 5447 3229 5490 et
3258 5438 3484 5492 terrenis
3513 5453 3609 5491 cu-

2027 5530 2332 5602 piditatibus
2379 5528 2664 5598 prmposuit
2711 5537 2924 5583 mtcrntc
2953 5529 3128 5583 saluti.
3162 5529 3287 5583 Cum
3319 5529 3607 5601 judicatur,

2029 5632 2169 5677 exeat
2197 5621 2560 5675 condemnatus
2603 5637 2622 5675 :
2659 5620 2780 5692 quia
2815 5622 2864 5676 in
2894 5623 3128 5694 nequitia
3151 5631 3203 5676 et
3226 5621 3274 5676 in
3303 5621 3611 5678 infidelitate

2030 5707 2320 5785 persistens
2350 5712 2675 5768 tliezaurizat
2705 5713 2803 5768 sibi
2835 5714 2965 5768 iram
2996 5715 3049 5768 in
3079 5713 3165 5768 die
3209 5714 3301 5768 ira:
3329 5723 3383 5769 et
3412 5715 3612 5771 revela-

2031 5805 2338 5876 tionisjnsti
2365 5806 2548 5877 judicii
2593 5806 2720 5872 Dei,
2749 5806 2837 5878 qui
2887 5807 3072 5862 reddet
3097 5806 3379 5878 unicuique
3422 5823 3614 5864 secun-

2031 5898 2154 5953 dum
2187 5914 2345 5968 opera
2375 5900 2489 5967 ejus
2518 5898 2696 5968 (Rom.
2731 5915 2762 5952 ιι
2790 5941 2803 5964 ,
2836 5899 2890 5968 5,
2917 5897 2991 5968 6).
3026 5897 3091 5952 Et
3119 5899 3279 5953 oratio
3308 5901 3418 5968 ejus
3447 5901 3536 5970 ﬁat
3562 5904 3611 5960 in
