4188 6446
642 354 777 413 “39

639 480 931 547 peccatum;
970 474 1095 547 quia
1120 487 1225 530 non
1255 471 1315 527 lit
1337 484 1433 545 per
1456 468 1807 533 mediatorem
1838 468 1932 525 Dei
1956 476 2011 524 et
2051 468 2228 523 homi-

1846 352 1903 409 S.
1946 349 2307 409 AL'GUSTINI
2352 349 2653 408 EPISCOPI

3768 383 3871 429 HIC

2341 467 2457 536 ejus
2503 466 2857 537 iniquitatem.
2888 466 2975 523 Sic
3013 470 3156 525 enim
3182 472 3263 527 eis
3289 472 3450 539 dicit,
3481 494 3499 527 ι
3536 476 3874 543 Testimonium

639 569 842 625 minum
862 609 879 636 ,
906 567 1176 623 hominem
1204 562 1389 619 Jesum
1412 560 1685 619 Christum
1716 561 1759 636 (l
1793 560 1936 617 eTim.
1964 578 2038 631 ιι,
2066 562 2146 631 5),
2178 570 2237 617 et
2338 557 2467 612 estis
2518 557 2913 630 vobismetipsis
2938 601 2953 627 ,
2995 562 3117 633 quia
3162 563 3259 618 ﬁlii
3306 566 3432 622 estis
3462 581 3642 624 eorum
3662 574 3743 641 qui
3766 574 3876 633 pro.

639 660 969 717 sacerdotem
1002 657 1055 712 in
1081 664 1340 712 aeternum
1368 654 1662 712 secundum
1687 655 1932 712 ordinem
1956 654 2234 712 Melchise-

637 754 736 806 dec
764 749 935 821 (Psal.
959 764 1069 815 atx,
1090 748 1170 820 4).
1191 745 1347 803 Fiant
1372 748 1480 804 dies
1497 750 1606 820 ejus
1631 748 1801 819 pauci.
1821 747 2125 804 Secundum
2141 763 2231 805 re-

636 859 798 917 gnum
829 842 1198 913 accipiendum
1227 851 1330 910 est,
1363 844 1485 914 quia
1512 858 1618 899 non
1646 842 1735 898 diu
1767 852 1947 913 postea
1977 859 2229 914 perseve-

634 937 773 991 ravit
792 951 1014 1008 regnum
1043 935 1371 993 Judaaorum.
1407 934 1471 991 Et
1498 938 1847 1008 episcopatum
1875 938 1984 1009 ejus
2014 937 2231 1006 accipiat

634 1028 781 1084 alter.
830 1028 1007 1099 ipsum
1038 1028 1322 1084 Dominum
1367 1026 1639 1084 Christum
1672 1044 1777 1083 non
1817 1029 2231 1100 incongruenter

636 1120 856 1191 intelligi
880 1120 1131 1176 existimo
1147 1120 1514 1192 episcopatum
1539 1119 1723 1191 populi
1747 1119 2077 1186 Judaeorum,
2105 1121 2229 1192 quia

633 1214 701 1270 de
729 1213 867 1269 tribu
904 1214 1036 1269 Juda
1067 1213 1235 1269 lactus
1261 1221 1344 1269 est
1372 1213 1665 1269 secundum
1695 1228 1913 1269 carnem
1946 1230 1959 1266 :
1992 1222 2048 1269 et
2080 1214 2227 1283 Apo-

636 1306 805 1362 stolus
828 1305 920 1371 ait,
954 1304 1079 1359 Dico
1105 1306 1237 1361 enim
1254 1303 1509 1361 Christum
1528 1305 1810 1359 ministrum
1837 1306 1996 1376 fuisse
2014 1306 2230 1359 circum-

636 1399 844 1453 cisionis
871 1408 1075 1468 propter
1098 1398 1353 1452 veritatem
1373 1395 1491 1467 Dei,
1509 1396 1577 1451 ad
1600 1398 1979 1467 confirmandos
2006 1399 2227 1468 promis-

634 1495 799 1549 siones
835 1502 1038 1564 patrum
1082 1492 1259 1563 (Rom.
1290 1507 1375 1558 xv,
1398 1492 1496 1563 .8).
1548 1492 1614 1547 Et
1654 1492 1769 1562 ipse
1806 1492 1921 1547 ait:
1969 1490 2092 1547 Non
2117 1510 2229 1546 sum

636 1587 815 1640 missus
844 1626 857 1649 ,
916 1585 1015 1639 nisi
1066 1585 1133 1637 ad
1198 1600 1312 1639 oues
1363 1599 1476 1655 qua:
1525 1584 1783 1653 perierunt
1829 1583 2010 1637 domus
2062 1581 2229 1638 Israel

635 1675 845 1744 (Matth.
880 1691 947 1729 xv
970 1718 985 1743 ,
1010 1674 1139 1747 24);
1172 1674 1297 1744 quia
1326 1674 1430 1729 illis
1455 1672 1699 1729 exhibuit
1726 1673 1778 1728 in
1808 1688 1970 1729 carne
1994 1688 2231 1744 praesen-

633 1767 781 1825 tiam.
814 1769 881 1824 Et
904 1769 1037 1840 Magi
1060 1769 1151 1838 qui
1176 1768 1242 1824 ab
1270 1768 1477 1823 oriente
1504 1776 1787 1834 venerunt,
1819 1767 1920 1823 hoc
1942 1767 2225 1823 dixerunt:

639 1857 736 1913 Ubi
764 1868 836 1913 est
861 1860 947 1928 qui
970 1868 1121 1913 natus
1145 1867 1217 1913 est
1240 1874 1331 1913 rea:
1352 1856 1653 1913 Iudaeorum
1681 1855 1788 1929 (Id.
1826 1873 1898 1924 ιι,
1938 1860 1998 1925 1,
2038 1858 2120 1929 2).
2164 1858 2230 1913 Et

635 1952 737 2008 hoc
777 1952 828 2007 in
870 1952 1020 2007 titulo
1064 1952 1319 2023 scriptum
1348 1958 1467 2006 erat
1507 1964 1669 2021 super
1697 1950 2009 2005 crucifixum
2044 1968 2057 2005 :
2087 1949 2230 2005 unde

635 2046 762 2103 illud
792 2056 997 2103 mutare
1019 2045 1321 2101 volentibus
1348 2059 1457 2099 non
1482 2043 1676 2099 l'rustra
1697 2042 1974 2113 respondit
2005 2042 2227 2109 Pilatus,

638 2139 787 2208 Quod
828 2139 1026 2210 scripsi,
1072 2138 1249 2209 scripsi
1291 2134 1474 2209 (Joan.
1516 2139 1627 2204 xix,
1671 2136 1879 2205 19-22).
1914 2135 2064 2191 Hunc
2102 2152 2230 2207 ergo

633 2232 995 2303 episcopatum
1024 2228 1202 2301 populi
1231 2228 1560 2295 Judaeorum,
1586 2227 1639 2283 id
1660 2238 1739 2283 est
1763 2227 2047 2284 Dominum
2074 2228 2231 2283 Chri-

635 2333 775 2381 stum
802 2324 1009 2394 accepit
1027 2322 1181 2390 alter,
1211 2322 1263 2376 id
1289 2330 1373 2378 est
1398 2322 1626 2393 papulas
1651 2320 1922 2377 Gentium.
1956 2320 2112 2375 Fiant
2134 2323 2232 2390 ﬁlii

636 2417 747 2488 ejus
795 2415 1013 2486 orphani
1060 2431 1079 2470 :
1129 2413 1197 2469 de
1232 2413 1425 2485 quibus
1466 2412 1679 2480 dicitur,
1724 2412 1847 2468 Filii
1892 2424 2060 2468 autem
2090 2414 2231 2485 regni

635 2508 776 2563 ibunt
804 2509 858 2562 in
881 2506 1107 2562 tenebras
1128 2506 1399 2562 exteriores
1418 2506 1631 2577 (Matth.
1656 2507 1766 2572 vin,
1799 2506 1910 2578 l2).
1937 2503 2082 2562 Facti
2110 2516 2231 2562 sunt

635 2613 812 2661 autem
854 2602 1078 2672 orphaui
1110 2600 1308 2657 amisso
1347 2601 1465 2672 ipso
1500 2616 1686 2673 regno,
1735 2601 1883 2671 quasi
1930 2609 2079 2671 patre
2106 2616 2230 2671 per-

636 2696 786 2762 dito;
831 2710 1133 2767 quanquam
1178 2704 1231 2750 et
1272 2695 1437 2749 Deum
1494 2703 1699 2764 patrem
1748 2694 1885 2749 bene
1924 2694 2229 2764 intelligun-

638 2798 725 2844 tur
749 2788 992 2843 amisisse
1024 2804 1038 2842 :
1072 2788 1172 2855 Qui
1196 2788 1328 2842 enim
1350 2786 1543 2843 Filium
1564 2804 1662 2841 non
1693 2787 1862 2855 habet,
1895 2788 1970 2842 ait
2000 2786 2226 2854 Veritas,

636 2899 729 2937 nec
751 2880 956 2936 Patrem
980 2882 1124 2957 habet
1152 2881 1172 2951 (
1198 2880 1397 2936 lJoan.
1430 2898 1486 2945 ιι,
1517 2880 1643 2952 24).
1672 2880 1739 2935 Et
1766 2898 1894 2936 uxor
1917 2883 2026 2952 ejus
2047 2882 2226 2935 uidua.

639 2975 788 3033 Uxor
812 2976 962 3045 regni
1009 2974 1161 3045 plebs
1190 2974 1406 3045 intelligi
1440 2982 1649 3044 potest,
1681 2975 1767 3028 cui
1808 2989 1960 3045 reges
2004 2973 2231 3028 subditze

639 3070 985 3127 dominantur
1014 3088 1027 3125 :
1052 3070 1209 3125 vidua
1236 3084 1364 3125 vero
1390 3068 1525 3124 facta
1556 3077 1640 3124 est
1668 3069 1867 3123 amisso
1898 3069 2013 3138 ipso
2042 3082 2227 3138 regno.

645 3161 905 3218 Nutantes
930 3165 1305 3235 transferantur
1326 3162 1423 3231 ﬁlii
1447 3162 1576 3233 ejus,
1603 3170 1651 3216 et
1666 3160 1969 3215 mendicent.
1992 3157 2231 3215 Nutave-

642 3264 767 3311 runt
804 3255 1053 3326 periculis
1078 3294 1093 3322 ,
1148 3255 1459 3326 urgentibus
1504 3252 1747 3308 hostibus
1778 3251 2022 3307 translati
2063 3262 2187 3306 sunt
2215 3292 2231 3318 ,

640 3346 891 3403 debellati
930 3347 1022 3401 lilii
1044 3348 1194 3417 regni
1234 3344 1565 3401 Judaeorum.
1595 3344 1731 3413 Quid
1754 3354 1837 3400 est
1859 3354 2038 3400 autem
2084 3360 2235 3400 men-

643 3440 843 3507 dicare,
876 3440 975 3495 nisi
1007 3440 1073 3495 ad
1096 3439 1371 3494 hominum
1396 3438 1817 3494 misericordiam
1845 3439 2024 3494 vivere
2052 3480 2067 3506 ,
2097 3438 2236 3493 sicut

643 3531 827 3585 vivunt
855 3529 955 3585 sub
982 3545 1166 3585 earum
1190 3531 1424 3600 gentium
1452 3529 1667 3599 regibus
1690 3571 1704 3595 ,
1739 3529 1789 3583 in
1831 3543 1963 3599 quas
1994 3528 2234 3583 translati

642 3620 799 3676 sunt?
826 3619 1115 3692 Ejiciantur
1134 3621 1196 3675 de
1225 3619 1613 3674 habitationibus
1632 3620 1757 3674 suis.
1787 3619 1863 3675 lla
1907 3620 2103 3675 factum
2126 3630 2228 3675 est.

644 3713 909 3769 Scrntetur
932 3717 1187 3785 fenerator
1212 3730 1411 3767 omnem
1443 3712 1776 3766 substantiam
1815 3715 1926 3784 ejus
1966 3730 1985 3767 :
2016 3712 2066 3768 id
2110 3722 2193 3769 est
2218 3754 2232 3779 ,

642 3807 823 3878 populi
853 3807 989 3876 ejus.
1021 3805 1120 3862 Ubi
1153 3806 1282 3860 nihil
1311 3805 1503 3861 melius
1525 3805 1851 3877 intelligitur,
1876 3820 2034 3875 quam
2056 3805 2235 3860 debita

643 3914 828 3954 eorum
858 3913 964 3954 non
996 3897 1354 3964 dimittantur,
1386 3897 1508 3969 quia
1556 3897 1607 3951 in
1650 3896 1766 3951 solo
1809 3895 2023 3951 Christo
2052 3897 2235 3951 dimit-

643 3998 847 4057 tuntur,
892 4006 1050 4061 quem
1081 3998 1432 4061 respuerunt;
1478 3988 1569 4061 qui
1599 3989 1757 4044 etiam
1810 3987 1988 4043 dicere
2016 3988 2233 4055 docuit,

645 4082 862 4138 Dimitte
899 4084 1041 4138 nobis
1094 4082 1258 4138 debita
1299 4090 1471 4137 nostra
1498 4123 1514 4148 ,
1543 4082 1671 4135 sicut
1718 4090 1763 4136 et
1803 4097 1894 4135 nos
1940 4081 2237 4136 dimittimus

645 4178 950 4233 debitoribus
1005 4179 1189 4234 nostris
1242 4176 1475 4248 (Matth.
1503 4192 1577 4243 vt,
1614 4173 1743 4245 l2).
1797 4175 2010 4229 Omnem
2057 4185 2235 4231 autem

644 4270 974 4323 substantiam
1025 4271 1133 4341 ejus
1177 4268 1379 4323 dictum
1428 4276 1548 4332 est,
1599 4282 1810 4322 omnem
1865 4267 2025 4321 vitam
2074 4268 2233 4336 ejus;

646 4368 707 4415 ut
734 4360 781 4414 ei
816 4359 956 4415 nulla
986 4360 1199 4426 debita,
1241 4358 1291 4413 id
1323 4368 1439 4425 est,
1482 4358 1624 4413 nulla
1675 4367 1889 4428 peccata
1950 4357 2233 4413 donentur.

650 4449 717 4505 Et
764 4451 1007 4522 diripiant
1044 4450 1194 4504 alieni
1230 4448 1422 4504 labores
1465 4451 1618 4521 ejus:
1664 4448 1907 4503 diabolus
1957 4458 2011 4502 et
2059 4448 2235 4518 angeli

649 4543 802 4617 ejus;
827 4543 948 4613 quia
976 4557 1081 4596 non
1116 4540 1476 4597 thesaurizant
1505 4541 1556 4595 in
1602 4540 1738 4595 oculo
1766 4538 1855 4609 qui
1903 4553 2009 4593 non
2036 4538 2236 4595 habent

646 4634 939 4696 Christum.
968 4632 1089 4688 Non
1119 4636 1182 4689 sit
1216 4634 1295 4688 illi
1317 4632 1541 4704 adjutor.
1571 4631 1702 4701 Quis
1731 4631 1943 4701 adjutor
1970 4640 2053 4686 est
2072 4633 2120 4687 ei
2150 4634 2236 4689 cui

646 4723 893 4790 Christus
924 4740 1029 4782 non
1056 4727 1176 4781 est?
1205 4724 1314 4779 Nec
1340 4724 1404 4780 sit
1438 4726 1525 4795 qui
1554 4724 1846 4779 misereatur
1876 4724 2084 4794 pupillis
2105 4726 2232 4794 ejus.

648 4819 748 4887 Qui
779 4828 931 4889 patre
953 4817 1182 4890 perdito,
1212 4816 1261 4872 id
1284 4825 1368 4871 est
1395 4831 1578 4887 regno,
1611 4815 1689 4871 sic
1712 4822 2121 4881 remanserunt,
2145 4824 2237 4871 aut

647 4913 849 4969 amisso
876 4911 1008 4980 Deo,
1032 4910 1185 4982 cujus
1209 4910 1402 4966 Filium
1425 4908 1692 4982 persecuti
1733 4916 1859 4963 sunt
1884 4916 1937 4963 et
1965 4908 2232 4977 oderunt,

646 5023 754 5064 non
798 5015 879 5063 est
921 5007 1012 5080 qui
1046 5022 1229 5063 eorum
1272 5007 1609 5073 misereatur,
1657 5019 1762 5060 non
1790 5005 1856 5059 ad
1889 5005 2235 5074 temporalem

645 5102 807 5157 vitam
837 5099 1149 5156 sumendam
1188 5099 1268 5155 vel
1296 5098 1718 5165 sustentandam,
1751 5097 1843 5152 sed
1871 5096 1935 5150 ad
1954 5112 2133 5151 veram
2156 5096 2237 5151 vi-

649 5200 779 5258 tam,
806 5190 858 5245 id
879 5200 960 5247 est
987 5200 1258 5246 aeternam.
1294 5188 1452 5245 Fiant
1481 5189 1587 5243 nati
1604 5189 1711 5259 ejus
1732 5190 1785 5241 in
1808 5188 2063 5241 interitum
2087 5203 2105 5240 :
2128 5188 2233 5241 uti-

646 5297 750 5353 que
780 5281 833 5336 in
878 5282 1149 5337 interitum
1194 5283 1596 5354 sempiternum.
1648 5279 1714 5334 In
1762 5281 2083 5352 generatione
2131 5296 2236 5335 una

648 5375 878 5430 deleatur
906 5390 1085 5428 nomen
1110 5375 1241 5446 ejus.
1266 5374 1398 5443 Quia
1428 5374 1664 5445 generati
1696 5381 1840 5439 sunt,
1874 5388 1978 5427 non
2006 5388 2234 5443 regene-

648 5468 772 5536 rati,
804 5466 924 5523 ideo
952 5466 1004 5521 in
1028 5480 1128 5521 una
1150 5469 1491 5537 generatione
1518 5467 1762 5523 delentur
1786 5484 1800 5521 :
1824 5482 1946 5521 nam
1971 5467 2021 5520 in
2044 5466 2231 5534 altera,

645 5562 699 5619 id
737 5571 821 5618 est
849 5561 903 5617 in
931 5561 1349 5633 regeneratione,
1374 5563 1418 5617 si
1447 5576 1564 5617 eam
1597 5570 1979 5633 cognoscerent
2003 5570 2055 5616 et
2082 5572 2232 5617 tene-

645 5668 807 5729 rent,
855 5674 963 5715 non
990 5658 1317 5714 delerentur.
1360 5655 1426 5712 In
1456 5659 1751 5714 memoriam
1778 5662 1948 5713 redeat
1994 5658 2232 5727 iniquitas

647 5760 848 5820 patrum
898 5753 1007 5824 ejus
1054 5753 1107 5806 in
1145 5760 1412 5820 conspectu
1444 5748 1650 5805 Domini
1692 5768 1709 5805 :
1742 5759 1798 5806 ut
1826 5748 2015 5805 reddat
2056 5748 2231 5805 eidem

647 5845 842 5917 populo
871 5845 1126 5900 Dominus
1152 5846 1510 5916 perseveranti
1546 5844 1595 5897 iu
1622 5843 1815 5897 malitia
1839 5842 1997 5897 etiam
2019 5849 2226 5913 patrum

2337 653 2527 724 phetas
2578 655 2889 713 occiderunt
2931 676 2945 713 :
2986 678 3006 712 ι
3041 668 3096 714 ει
3125 660 3282 730 paulo
3306 672 3424 732 post
3448 665 3540 732 ait,
3574 685 3593 720 ι
3618 667 3684 724 Ut
3733 677 3878 735 veniat

2335 760 2503 814 super
2531 761 2626 803 vos
2652 749 2827 803 omnis
2872 751 3088 822 sanguis
3118 751 3296 823 justus
3330 754 3419 826 qui
3440 755 3633 814 effusus
3654 771 3728 817 est
3743 780 3879 836 super

2334 844 2535 894 terram
2566 882 2583 908 ,
2626 855 2657 895 a
2700 843 2957 913 sanguine
2998 843 3133 899 Abel
3158 844 3288 915 justi
3317 861 3484 919 usque
3508 848 3573 904 ad
3604 856 3875 925 sanguinem

2335 929 2628 987 Zachariae.
2686 934 2753 989 Et
2790 944 3069 1006 peccatum
3107 938 3293 993 matris
3322 938 3435 1009 ejus
3469 956 3573 996 non
3595 942 3827 1003 deleatur.
3858 970 3874 1003 ι

2334 1024 2617 1082 Peccatum
2638 1026 2936 1085 Jerusalem
2964 1072 2978 1097 ,
3010 1046 3130 1101 qua:
3160 1032 3325 1087 servit
3350 1048 3470 1088 cum
3502 1034 3620 1091 ﬁliis
3641 1040 3755 1105 suis,
3782 1059 3876 1113 qua:

2334 1116 2586 1173 interﬁcit
2611 1118 2929 1190 Prophetas,
2957 1131 3009 1176 et
3032 1121 3230 1193 lapidat
3250 1124 3443 1180 missos
3461 1124 3527 1180 ad
3556 1142 3613 1183 se
3634 1127 3731 1200 (Id.
3753 1149 3873 1204 mn,

2341 1210 2431 1275 51,
2462 1211 2555 1277 35,
2585 1212 2653 1268 37
2672 1211 2713 1285 ).
2742 1211 2898 1268 Fiant
2927 1224 3105 1269 contra
3133 1213 3408 1271 Dominum
3427 1235 3638 1290 semper,
3667 1222 3874 1293 iniquitas

2332 1311 2387 1358 et
2427 1314 2707 1375 peccatum
2749 1320 2969 1373 eorum;
3004 1307 3055 1363 id
3086 1317 3202 1376 est,
3230 1317 3293 1364 ut
3320 1326 3351 1365 a
3392 1322 3675 1383 conspectu
3706 1316 3875 1377 Domini

2332 1410 2438 1449 non
2454 1396 2787 1465 aboleantur,
2806 1398 2915 1454 Deo
2942 1398 2993 1453 in
3016 1408 3272 1455 aeternum
3296 1400 3614 1458 vindicante.
3639 1403 3699 1459 Et
3715 1407 3876 1478 disper-

2332 1497 2412 1541 eat
2441 1488 2504 1542 de
2533 1498 2667 1543 terra
2693 1490 2934 1544 memoria
2963 1508 3156 1545 eorum.
3182 1491 3345 1547 Terra
3368 1492 3485 1559 Dei,
3515 1509 3637 1565 ager
3663 1496 3745 1552 Dei
3772 1511 3838 1554 est
3863 1519 3874 1567 ;

2331 1596 2458 1654 ager
2491 1583 2581 1637 Dei
2607 1626 2622 1651 ,
2653 1583 2889 1639 Ecclesia
2920 1584 3011 1641 Dei
3038 1594 3120 1640 est
3152 1604 3165 1639 :
3196 1586 3263 1641 de
3305 1602 3410 1658 qua
3442 1596 3579 1643 terra
3609 1590 3751 1659 periit
3786 1610 3876 1648 Ine-

2334 1675 2502 1729 moria
2533 1690 2739 1741 eorum,
2763 1677 2854 1745 qui
2889 1678 2903 1707 ¹
2932 1692 3053 1731 cum
3080 1688 3263 1733 essent
3290 1680 3425 1733 rami
3464 1681 3739 1748 naturales,
3778 1700 3875 1754 pro-

2333 1776 2452 1838 pter
2480 1767 2843 1823 inﬁdelitatem
2874 1769 3027 1824 fracti
3058 1780 3181 1824 sunt
3205 1770 3383 1841 (Rom.
3413 1787 3489 1839 x1,
3516 1771 3604 1833 20.
3629 1773 3732 1848 2i).

2409 1862 2493 1918 l9.
2527 1860 2686 1934 [uers.
2722 1862 2809 1930 16,
2837 1861 2963 1937 17.]
2997 1862 3105 1918 Pro
3130 1880 3188 1919 eo
3215 1865 3352 1936 quod
3380 1882 3483 1920 non
3509 1876 3579 1921 est
3598 1870 3876 1941 recordatus,

2335 1957 2419 2011 vel
2447 1956 2535 2011 ille
2562 1956 2750 2026 Iudas,
2779 1958 2862 2013 vel
2896 1958 3010 2029 ipse
3039 1958 3285 2028 populus,
3310 1964 3480 2030 facere
3508 1961 3876 2020 misericordiam.

2332 2045 2439 2103 Sed
2466 2048 2656 2103 melius
2686 2047 2753 2103 de
2790 2050 2984 2118 populo
3026 2049 3287 2121 accipitur
3322 2050 3467 2119 quod
3496 2051 3600 2117 ait,
3629 2068 3719 2106 non
3739 2063 3801 2107 est
3820 2072 3877 2110 re-
3926 2044 3933 2049 ’

2336 2141 2571 2195 cordatus
2601 2158 2619 2193 :
2645 2156 2767 2195 nam
2795 2140 2841 2195 si
2869 2139 3139 2196 Christum
3169 2141 3363 2196 occidit
3390 2184 3408 2210 ,
3440 2143 3625 2197 saltem
3669 2147 3876 2200 recorda-

2334 2243 2482 2288 retur
2532 2233 2880 2303 pamitendo,
2938 2242 2993 2288 et
3044 2232 3243 2288 laceret
3296 2234 3708 2289 misericordiam
3751 2250 3877 2307 super

2334 2326 2573 2381 membra
2603 2326 2717 2395 ejus
2738 2367 2752 2393 ,
2782 2339 2901 2395 qua:
2934 2326 3467 2394 perseverantissime
3496 2338 3777 2395 persecutus
3797 2338 3875 2384 est.

2332 2419 2456 2475 Ideo
2481 2420 2611 2475 dicit
2636 2420 2757 2490 quia
2784 2428 3075 2489 persecutus
3104 2428 3175 2473 est
3204 2421 3465 2474 hominem
3488 2422 3679 2491 inapam
3704 2430 3745 2475 et
3762 2439 3875 2475 men-

2334 2513 2522 2567 dicum.
2554 2513 2735 2567 Potest
2785 2512 3001 2582 quidem
3044 2512 3209 2582 accipi
3256 2512 3325 2569 de
3352 2512 3526 2580 Juda;
3558 2514 3672 2585 quia
3699 2530 3787 2570 non
3815 2524 3878 2571 est

2334 2602 2651 2673 dedignatus
2675 2602 2932 2657 Dominus
2958 2617 3159 2673 pauper
3180 2604 3316 2670 lieri,
3344 2620 3472 2659 cum
3511 2604 3654 2662 dives
3680 2614 3816 2671 esset,
3834 2615 3877 2662 ut

2335 2696 2475 2749 illius
2498 2703 2811 2765 paupertate
2833 2708 2929 2749 nos
2949 2694 3242 2750 ditaremur
3268 2694 3351 2768 (ll
3376 2694 3497 2751 Cor.
3522 2714 3628 2764 VIII,
3658 2698 3740 2766 9).
3760 2698 3876 2753 Men-

2334 2789 2512 2843 dicum
2560 2798 2737 2843 autem
2783 2788 3050 2859 quomodo
3102 2789 3393 2859 intelligam
3427 2831 3441 2855 ,
3468 2791 3567 2845 nisi
3618 2789 3740 2846 forte
3783 2792 3876 2864 quia

2335 2882 2466 2937 dixit
2490 2883 2695 2937 mulieri
2716 2882 3083 2950 Samaritanae,
3108 2882 3191 2937 Da
3211 2885 3334 2938 mihi
3354 2885 3529 2940 bibere
3549 2886 3715 2957 (Joaa.
3739 2904 3797 2955 tv,
3818 2887 3875 2957 7),

2335 2984 2389 3030 et
2420 2975 2471 3029 in
2500 2990 2659 3030 cruce
2687 2976 2794 3040 ait,
2824 2976 2955 3030 Sitio
2985 2976 3107 3047 (Id.
3140 2993 3247 3037 xix.
3279 2977 3382 3048 28)
3409 2980 3434 3033 ?
3458 2978 3559 3035 Sed
3588 2980 3716 3051 quod
3739 2982 3877 3051 sequi-

2338 3075 2425 3122 tur
2450 3066 2717 3138 quomodo
2745 3068 3037 3138 accipiatur
3066 3070 3116 3123 in
3165 3069 3281 3140 ipso
3310 3071 3489 3139 capite
3526 3083 3726 3140 nostro,
3752 3073 3793 3127 id
3817 3082 3877 3128 est

2338 3158 2417 3213 sui
2466 3158 2702 3228 corporis
2728 3158 3010 3215 Salvatore
3038 3202 3053 3226 ,
3084 3176 3240 3230 quem
3286 3161 3456 3217 Judas
3479 3173 3765 3233 persecutus
3787 3173 3876 3233 est,

2337 3265 2444 3303 non
2500 3250 2733 3305 invenio.
2787 3249 2918 3306 Cum
2959 3252 3101 3306 enim
3150 3252 3405 3321 dixisset,
3452 3254 3519 3308 Et
3545 3266 3800 3326 persecutus
3822 3264 3879 3309 est

2339 3341 2586 3395 hominem
2615 3343 2815 3415 inopem
2840 3352 2885 3397 et
2916 3345 3197 3397 mendicum
3227 3385 3242 3411 ,
3296 3344 3498 3415 adjecit
3539 3358 3687 3418 atque
3711 3348 3801 3411 ait,
3828 3344 3879 3399 Et

2338 3448 2691 3506 compunctum
2718 3438 2869 3490 corde
2890 3438 3195 3506 morti/icore
3218 3456 3237 3504 ;
3260 3438 3312 3492 id
3340 3450 3449 3506 est,
3473 3448 3528 3494 ut
3549 3439 3875 3495 mortificarct:

2342 3542 2462 3581 nam
2490 3527 2704 3597 quidam
2734 3529 2891 3581 etiam
2919 3528 2995 3583 sic
3022 3539 3146 3583 sunt
3176 3530 3535 3600 interpretati.
3566 3531 3876 3602 Compunctus

2340 3628 2515 3673 autem
2555 3618 2716 3673 corde
2744 3635 2848 3673 non
2876 3620 3011 3675 solet
3034 3618 3134 3675 dici
3161 3663 3174 3686 ,
3205 3620 3306 3674 nisi
3336 3621 3569 3677 stimulis
3594 3632 3876 3693 peccatorum

2340 3712 2392 3765 in
2421 3710 2602 3765 dolore
2622 3710 2915 3780 paenitendi
2939 3727 2953 3776 ;
2977 3712 3113 3765 sicut
3133 3711 3199 3766 de
3227 3713 3331 3767 illis
3349 3714 3554 3769 dictum
3577 3722 3669 3777 est,
3686 3713 3765 3784 qui
3783 3726 3875 3767 cum

2339 3802 2611 3857 audissent
2640 3804 2921 3873 Apostolus
2970 3812 3090 3873 post
3114 3804 3320 3858 Domini
3356 3807 3714 3862 ascensionem
3735 3846 3748 3872 ,
3771 3820 3877 3858 com-

2342 3899 2514 3966 puncti
2558 3904 2675 3949 sunt
2733 3896 2917 3959 corde,
2947 3896 3034 3965 qui
3088 3897 3393 3952 occiderant
3440 3899 3724 3953 Dominum.
3764 3896 3875 3963 Quos

2340 3988 2601 4041 allocutus
2630 3995 2713 4041 est
2738 3988 3076 4042 beatissimus
3103 3987 3292 4043 Petrus
3316 3988 3505 4045 dicens
3530 3990 3661 4044 inter
3682 3997 3839 4043 canere
3864 4002 3874 4036 ε

2340 4079 2485 4150 Agite
2513 4080 2871 4151 paenitentiam,
2891 4089 2935 4133 et
2964 4080 3245 4149 baptizatur
3270 4083 3609 4151 unusquisque
3631 4090 3814 4133 vestrum
3836 4077 3875 4129 in

2339 4172 2541 4225 nomine
2570 4170 2773 4224 Domini
2825 4169 2951 4225 Iesu
2979 4172 3198 4239 Christi,
3230 4181 3274 4226 et
3302 4173 3611 4228 dimittentur
3637 4170 3758 4226 vobis
3790 4183 3876 4239 pec-

2340 4274 2453 4318 cata
2480 4274 2645 4319 uestra
2675 4264 2827 4335 (Act.
2855 4280 2912 4331 ιι,
2942 4265 3031 4331 57,
3064 4266 3132 4320 58
3155 4268 3191 4333 ).
3226 4266 3332 4321 Sed
3361 4267 3611 4337 quoniam
3636 4264 3773 4320 iidem
3800 4260 3874 4331 ipsi

2341 4358 2577 4413 membra
2607 4359 2723 4427 ejus
2748 4356 2868 4412 facti
2901 4366 3061 4423 sunt,
3092 4359 3242 4427 cujus
3286 4360 3339 4414 in
3366 4360 3514 4431 ligno
3532 4360 3747 4416 membra
3776 4360 3874 4409 lite-

2341 4462 2465 4505 runt
2492 4493 2506 4516 ,
2536 4452 2761 4521 populus
2808 4450 3113 4505 Judaiorum
3160 4466 3262 4507 non
3312 4463 3393 4508 est
3424 4453 3715 4509 recordatus
3736 4450 3872 4503 facere

2340 4541 2757 4597 misericordiam
2790 4559 2803 4607 ;
2836 4551 3142 4612 persecutus
3194 4554 3277 4598 est
3316 4546 3583 4601 hominem
3630 4545 3809 4613 in0pem
3831 4547 3872 4593 et

2342 4636 2669 4701 mendicum,
2703 4635 2795 4690 sed
2823 4635 2873 4689 in
2907 4636 3163 4691 membris
3193 4637 3303 4691 suis
3343 4655 3354 4690 :
3386 4638 3453 4692 de
3479 4637 3661 4707 quibus
3681 4634 3870 4689 dicturus

2340 4736 2442 4796 est,
2472 4728 2609 4798 quod
2632 4728 2822 4782 attinet
2841 4727 2906 4781 ad
2931 4729 3043 4797 ipsa
3060 4742 3221 4797 opera
3242 4728 3633 4793 misericordia),
3654 4746 3671 4777 ‹
3692 4721 3871 4792 Quando

2339 4822 2431 4875 uni
2458 4837 2523 4876 ex
2564 4821 2796 4875 minimis
2823 4822 2955 4876 meis
2982 4836 3086 4876 non
3114 4820 3347 4890 fecistis,
3376 4822 3503 4877 mihi
3530 4838 3629 4877 non
3656 4817 3820 4875 fecistis
3851 4831 3865 4863 ι

2345 4912 2570 4985 (Matth.
2604 4929 2730 4977 xxv,
2760 4914 2828 4968 45
2854 4915 2894 4982 ).
2929 4932 2946 4964 ι
2985 4913 3049 4967 Ει
3074 4925 3449 4984 compunctum
3495 4913 3647 4969 corde
3691 4904 3871 4965 mortiﬁ-

2339 5020 2462 5061 care
2486 5023 2498 5056 :
2536 5026 2554 5057 ›
2587 5006 2738 5075 plane
2762 5025 2780 5057 ‹
2816 5015 3191 5076 compunctum
3219 5007 3399 5073 corde,
3426 5026 3445 5060 ι
3472 5006 3562 5062 sed
3590 5005 3637 5059 in
3664 4996 3870 5057 membris

2340 5098 2471 5153 suis.
2502 5097 2575 5152 De
2607 5096 2689 5151 his
2735 5106 2910 5153 autem
2952 5098 3039 5168 qui
3069 5098 3334 5168 persecuti
3375 5106 3529 5163 sunt,
3565 5106 3618 5150 ut
3654 5101 3869 5159 compun-

2339 5200 2481 5248 ctum
2510 5190 2673 5246 corde
2702 5190 3104 5255 mortificarent,
3135 5200 3252 5247 erat
3277 5200 3331 5247 et
3357 5191 3543 5248 Saulus
3580 5181 3868 5243 consentiens

2338 5284 2392 5340 in
2424 5300 2609 5340 necem
2640 5283 2893 5355 Stephani
2935 5284 3235 5354 compuncti
3262 5285 3422 5339 corde
3454 5282 3603 5355 (Act.
3631 5293 3729 5341 vn,
3752 5269 3864 5340 59):

2340 5378 2459 5448 quia
2505 5385 2559 5432 et
2590 5378 2702 5447 ipse
2745 5376 3046 5446 Stephanus
3075 5376 3141 5432 de
3168 5377 3273 5433 illis
3315 5385 3428 5432 erat
3471 5375 3556 5446 qui
3611 5360 3866 5437 οοῐηραηθίί

2340 5482 2462 5527 sunt
2486 5471 2666 5527 corde.
2696 5470 2800 5526 Sed
2828 5470 3018 5527 Saulus
3038 5472 3347 5526 recordatus
3370 5478 3451 5527 est
3478 5468 3644 5523 facere
3688 5455 3861 5517 miseri-

2339 5564 2609 5629 cordiam;
2636 5573 2689 5619 et
2728 5563 2817 5634 qui
2847 5578 3003 5618 mane
3041 5563 3312 5635 rapiebat,
3343 5562 3405 5618 ad
3427 5570 3691 5632 vesperum
3715 5544 3861 5606 diviSil

2339 5670 2489 5713 escas
2518 5655 2539 5728 (
2565 5653 2693 5711 Gen.
2723 5670 2851 5710 xux
2870 5697 2885 5723 ,
2928 5652 3040 5725 27)
3073 5634 3169 5709 :iet
3207 5655 3320 5725 ipse
3344 5655 3675 5722 compunctus
3695 5634 3859 5697 corde.

2338 5748 2581 5805 utetiam
2610 5746 2666 5803 in
2694 5746 2785 5802 illo
2810 5746 2909 5817 ipsi
2937 5755 3384 5817 persequerentur
3420 5743 3650 5813 inopem,
3671 5731 3870 5789 volentes

2404 5867 2420 5897 ¹
2455 5862 2587 5927 Edd.,
2607 5862 2734 5926 quia.
2766 5868 2816 5910 Αι
2837 5867 2964 5920 Mss,
2987 5859 3083 5923 qni.
