  <div class='ocr_page' id='page_1' title='image "/cluster/home/n/w/nwhite01/storage/ocr_20150623/37/uva.x000827106/218.png"; bbox 0 0 4188 6436; ppageno 0'>
   <div class='ocr_carea' id='block_1_1' title="bbox 338 414 465 473">
    <p class='ocr_par' dir='ltr' id='par_1_1' title="bbox 338 414 465 473">
     <span class='ocr_line' id='line_1_1' title="bbox 338 414 465 473; baseline -0.031 0"><span class='ocrx_word' id='word_1_1' title='bbox 338 414 465 473; x_wconf 66' lang='lat' dir='ltr'><strong>1M!</strong></span> 
     </span>
    </p>
   </div>
   <div class='ocr_carea' id='block_1_2' title="bbox 338 506 1930 591">
    <p class='ocr_par' dir='ltr' id='par_1_2' title="bbox 338 506 1930 591">
     <span class='ocr_line' id='line_1_2' title="bbox 338 506 1930 591; baseline -0.015 -10"><span class='ocrx_word' id='word_1_2' title='bbox 338 521 659 583; x_wconf 84' lang='lat' dir='ltr'><strong>mortiﬁcare</strong></span> <span class='ocrx_word' id='word_1_3' title='bbox 703 522 1082 591; x_wconf 80' lang='lat' dir='ltr'><strong>compunctum</strong></span> <span class='ocrx_word' id='word_1_4' title='bbox 1130 512 1311 568; x_wconf 86' lang='lat' dir='ltr'><strong>corde.</strong></span> <span class='ocrx_word' id='word_1_5' title='bbox 1342 510 1453 566; x_wconf 85' lang='lat' dir='ltr'><strong>lIoc</strong></span> <span class='ocrx_word' id='word_1_6' title='bbox 1480 510 1677 581; x_wconf 84' lang='lat' dir='ltr'><strong>quippe</strong></span> <span class='ocrx_word' id='word_1_7' title='bbox 1702 506 1930 563; x_wconf 86' lang='lat' dir='ltr'><strong>oderant</strong></span> 
     </span>
    </p>
   </div>
   <div class='ocr_carea' id='block_1_3' title="bbox 337 598 1935 682">
    <p class='ocr_par' dir='ltr' id='par_1_3' title="bbox 337 598 1935 682">
     <span class='ocr_line' id='line_1_3' title="bbox 337 598 1935 682; baseline -0.013 -9"><span class='ocrx_word' id='word_1_8' title='bbox 337 617 391 673; x_wconf 88' lang='lat' dir='ltr'><strong>in</strong></span> <span class='ocrx_word' id='word_1_9' title='bbox 415 614 584 671; x_wconf 90' lang='lat' dir='ltr'><strong>Paulo</strong></span> <span class='ocrx_word' id='word_1_10' title='bbox 608 609 873 682; x_wconf 75' lang='lat' dir='ltr'><strong>apostolo,</strong></span> <span class='ocrx_word' id='word_1_11' title='bbox 901 609 1023 679; x_wconf 86' lang='lat' dir='ltr'><strong>quia</strong></span> <span class='ocrx_word' id='word_1_12' title='bbox 1051 610 1405 676; x_wconf 77' lang='lat' dir='ltr'><strong>compunctus</strong></span> <span class='ocrx_word' id='word_1_13' title='bbox 1424 601 1588 657; x_wconf 90' lang='lat' dir='ltr'><strong>corde</strong></span> <span class='ocrx_word' id='word_1_14' title='bbox 1611 598 1935 671; x_wconf 76' lang='lat' dir='ltr'><strong>przedicahat</strong></span> 
     </span>
    </p>
   </div>
   <div class='ocr_carea' id='block_1_4' title="bbox 339 696 1937 785">
    <p class='ocr_par' dir='ltr' id='par_1_4' title="bbox 339 696 1937 785">
     <span class='ocr_line' id='line_1_4' title="bbox 339 696 1937 785; baseline -0.011 -19"><span class='ocrx_word' id='word_1_15' title='bbox 339 726 493 785; x_wconf 84' lang='lat' dir='ltr'><strong>quem</strong></span> <span class='ocrx_word' id='word_1_16' title='bbox 548 708 724 764; x_wconf 88' lang='lat' dir='ltr'><strong>fuerat</strong></span> <span class='ocrx_word' id='word_1_17' title='bbox 778 712 903 761; x_wconf 84' lang='lat' dir='ltr'><strong>ante</strong></span> <span class='ocrx_word' id='word_1_18' title='bbox 956 710 1285 775; x_wconf 86' lang='lat' dir='ltr'><strong>persecutus.</strong></span> <span class='ocrx_word' id='word_1_19' title='bbox 1350 698 1568 769; x_wconf 90' lang='lat' dir='ltr'><strong>Inopem</strong></span> <span class='ocrx_word' id='word_1_20' title='bbox 1617 696 1812 766; x_wconf 88' lang='lat' dir='ltr'><strong>quippe</strong></span> <span class='ocrx_word' id='word_1_21' title='bbox 1883 702 1937 749; x_wconf 91' lang='lat' dir='ltr'><strong>et</strong></span> 
     </span>
    </p>
   </div>
   <div class='ocr_carea' id='block_1_5' title="bbox 306 787 1936 919">
    <p class='ocr_par' dir='ltr' id='par_1_5' title="bbox 306 787 1936 919">
     <span class='ocr_line' id='line_1_5' title="bbox 306 787 1936 919; baseline -0.012 -58"><span class='ocrx_word' id='word_1_22' title='bbox 306 802 644 919; x_wconf 57' lang='lat' dir='ltr'><strong>(mendicum</strong></span> <span class='ocrx_word' id='word_1_23' title='bbox 685 808 741 857; x_wconf 91' lang='lat' dir='ltr'><strong>et</strong></span> <span class='ocrx_word' id='word_1_24' title='bbox 803 803 1177 868; x_wconf 88' lang='lat' dir='ltr'><strong>compunctum</strong></span> <span class='ocrx_word' id='word_1_25' title='bbox 1221 790 1381 848; x_wconf 87' lang='lat' dir='ltr'><strong>corde</strong></span> <span class='ocrx_word' id='word_1_26' title='bbox 1425 792 1477 846; x_wconf 90' lang='lat' dir='ltr'><strong>in</strong></span> <span class='ocrx_word' id='word_1_27' title='bbox 1529 788 1784 845; x_wconf 88' lang='lat' dir='ltr'><strong>membris</strong></span> <span class='ocrx_word' id='word_1_28' title='bbox 1825 787 1936 843; x_wconf 91' lang='lat' dir='ltr'><strong>suis</strong></span> 
     </span>
     <span class='ocr_line' id='line_1_6' title="bbox 349 880 1895 919; baseline 0 0"><span class='ocrx_word' id='word_1_29' title='bbox 349 906 385 919; x_wconf 76' lang='grc' dir='ltr'><strong>,ι</strong></span> <span class='ocrx_word' id='word_1_30' title='bbox 414 897 529 919; x_wconf 61' lang='lat'><strong>2---</strong></span> <span class='ocrx_word' id='word_1_31' title='bbox 564 903 620 919; x_wconf 75' lang='grc' dir='ltr'><strong>.-ι</strong></span> <span class='ocrx_word' id='word_1_32' title='bbox 650 890 993 919; x_wconf 65' lang='grc' dir='ltr'><strong>..Α-ιξαηηηηο</strong></span> <span class='ocrx_word' id='word_1_33' title='bbox 1057 899 1381 919; x_wconf 57' lang='lat' dir='ltr'><strong>“moguntina</strong></span> <span class='ocrx_word' id='word_1_34' title='bbox 1432 882 1628 919; x_wconf 67' lang='lat' dir='ltr'><strong>onﬂiuil</strong></span> <span class='ocrx_word' id='word_1_35' title='bbox 1661 881 1729 919; x_wconf 71' lang='grc' dir='ltr'><strong>Δρ</strong></span> <span class='ocrx_word' id='word_1_36' title='bbox 1758 880 1895 919; x_wconf 71' lang='grc' dir='ltr'><strong>οηδΙΛ</strong></span> 
     </span>
    </p>
   </div>
   <div class='ocr_carea' id='block_1_6' title="bbox 317 880 1933 969">
    <p class='ocr_par' dir='ltr' id='par_1_6' title="bbox 317 880 1933 969">
     <span class='ocr_line' id='line_1_7' title="bbox 317 880 1933 969; baseline -0.012 -16"><span class='ocrx_word' id='word_1_37' title='bbox 317 880 390 969; x_wconf 54' lang='grc' dir='ltr'><strong>[ει</strong></span> <span class='ocrx_word' id='word_1_38' title='bbox 414 897 532 966; x_wconf 87' lang='lat' dir='ltr'><strong>ipse</strong></span> <span class='ocrx_word' id='word_1_39' title='bbox 564 903 625 950; x_wconf 92' lang='lat' dir='ltr'><strong>ut</strong></span> <span class='ocrx_word' id='word_1_40' title='bbox 650 890 997 949; x_wconf 85' lang='lat' dir='ltr'><strong>mortiﬁcaret</strong></span> <span class='ocrx_word' id='word_1_41' title='bbox 1018 930 1035 957; x_wconf 92' lang='lat'><strong>,</strong></span> <span class='ocrx_word' id='word_1_42' title='bbox 1057 899 1403 959; x_wconf 90' lang='lat' dir='ltr'><strong>persequens,</strong></span> <span class='ocrx_word' id='word_1_43' title='bbox 1431 882 1632 938; x_wconf 84' lang='lat' dir='ltr'><strong>audivit</strong></span> <span class='ocrx_word' id='word_1_44' title='bbox 1661 881 1729 937; x_wconf 92' lang='lat' dir='ltr'><strong>de</strong></span> <span class='ocrx_word' id='word_1_45' title='bbox 1758 880 1895 936; x_wconf 75' lang='lat' dir='ltr'><strong>cmlo</strong></span> <span class='ocrx_word' id='word_1_46' title='bbox 1917 921 1933 948; x_wconf 92' lang='lat'><strong>,</strong></span> 
     </span>
    </p>
   </div>
   <div class='ocr_carea' id='block_1_7' title="bbox 329 976 1939 1056">
    <p class='ocr_par' dir='ltr' id='par_1_7' title="bbox 329 976 1939 1056">
     <span class='ocr_line' id='line_1_8' title="bbox 329 976 1939 1056; baseline -0.012 -10"><span class='ocrx_word' id='word_1_47' title='bbox 329 976 522 1054; x_wconf 35' lang='lat' dir='ltr'><strong>‘Saute,</strong></span> <span class='ocrx_word' id='word_1_48' title='bbox 557 986 741 1052; x_wconf 88' lang='lat' dir='ltr'><strong>Saule,</strong></span> <span class='ocrx_word' id='word_1_49' title='bbox 767 984 890 1056; x_wconf 88' lang='lat' dir='ltr'><strong>quid</strong></span> <span class='ocrx_word' id='word_1_50' title='bbox 917 999 997 1037; x_wconf 90' lang='lat' dir='ltr'><strong>me</strong></span> <span class='ocrx_word' id='word_1_51' title='bbox 1023 979 1376 1051; x_wconf 80' lang='lat' dir='ltr'><strong>persequeris?</strong></span> <span class='ocrx_word' id='word_1_52' title='bbox 1401 988 1455 1033; x_wconf 88' lang='lat' dir='ltr'><strong>et</strong></span> <span class='ocrx_word' id='word_1_53' title='bbox 1482 976 1654 1031; x_wconf 88' lang='lat' dir='ltr'><strong>factus</strong></span> <span class='ocrx_word' id='word_1_54' title='bbox 1682 988 1939 1044; x_wconf 88' lang='lat' dir='ltr'><strong>compun-</strong></span> 
     </span>
    </p>
   </div>
   <div class='ocr_carea' id='block_1_8' title="bbox 341 1071 1936 1150">
    <p class='ocr_par' dir='ltr' id='par_1_8' title="bbox 341 1071 1936 1150">
     <span class='ocr_line' id='line_1_9' title="bbox 341 1071 1936 1150; baseline -0.012 -10"><span class='ocrx_word' id='word_1_55' title='bbox 341 1094 456 1140; x_wconf 88' lang='lat' dir='ltr'><strong>ctus</strong></span> <span class='ocrx_word' id='word_1_56' title='bbox 478 1081 666 1149; x_wconf 87' lang='lat' dir='ltr'><strong>corde,</strong></span> <span class='ocrx_word' id='word_1_57' title='bbox 694 1079 859 1150; x_wconf 84' lang='lat' dir='ltr'><strong>coepit</strong></span> <span class='ocrx_word' id='word_1_58' title='bbox 890 1076 1014 1134; x_wconf 88' lang='lat' dir='ltr'><strong>talia</strong></span> <span class='ocrx_word' id='word_1_59' title='bbox 1043 1075 1174 1145; x_wconf 80' lang='lat' dir='ltr'><strong>pati,</strong></span> <span class='ocrx_word' id='word_1_60' title='bbox 1203 1072 1382 1145; x_wconf 82' lang='lat' dir='ltr'><strong>qualia</strong></span> <span class='ocrx_word' id='word_1_61' title='bbox 1424 1071 1650 1127; x_wconf 79' lang='lat' dir='ltr'><strong>faciebat</strong></span> <span class='ocrx_word' id='word_1_62' title='bbox 1677 1082 1936 1140; x_wconf 85' lang='lat' dir='ltr'><strong>compun-</strong></span> 
     </span>
    </p>
   </div>
   <div class='ocr_carea' id='block_1_9' title="bbox 328 1159 1142 1249">
    <p class='ocr_par' dir='ltr' id='par_1_9' title="bbox 328 1159 1142 1249">
     <span class='ocr_line' id='line_1_10' title="bbox 328 1159 1142 1249; baseline -0.016 -14"><span class='ocrx_word' id='word_1_63' title='bbox 328 1159 441 1235; x_wconf 40' lang='lat' dir='ltr'><strong>‘ctis</strong></span> <span class='ocrx_word' id='word_1_64' title='bbox 462 1176 630 1232; x_wconf 92' lang='lat' dir='ltr'><strong>corde</strong></span> <span class='ocrx_word' id='word_1_65' title='bbox 661 1173 818 1249; x_wconf 83' lang='lat' dir='ltr'><strong>(Act.</strong></span> <span class='ocrx_word' id='word_1_66' title='bbox 845 1188 920 1237; x_wconf 69' lang='grc' dir='ltr'><strong>ιιι,</strong></span> <span class='ocrx_word' id='word_1_67' title='bbox 953 1168 1081 1224; x_wconf 70' lang='grc'><strong>1-24</strong></span> <span class='ocrx_word' id='word_1_68' title='bbox 1102 1168 1142 1239; x_wconf 92' lang='grc'><strong>).</strong></span> 
     </span>
    </p>
   </div>
   <div class='ocr_carea' id='block_1_10' title="bbox 412 1254 1934 1343">
    <p class='ocr_par' dir='ltr' id='par_1_10' title="bbox 412 1254 1934 1343">
     <span class='ocr_line' id='line_1_11' title="bbox 412 1254 1934 1343; baseline -0.012 -16"><span class='ocrx_word' id='word_1_69' title='bbox 412 1271 503 1327; x_wconf 83' lang='lat'><strong>20.</strong></span> <span class='ocrx_word' id='word_1_70' title='bbox 538 1267 691 1343; x_wconf 85' lang='lat' dir='ltr'><strong>[vers.</strong></span> <span class='ocrx_word' id='word_1_71' title='bbox 723 1261 838 1338; x_wconf 78' lang='lat' dir='ltr'><strong>l8.]</strong></span> <span class='ocrx_word' id='word_1_72' title='bbox 862 1262 1061 1319; x_wconf 86' lang='lat' dir='ltr'><strong>Deinde</strong></span> <span class='ocrx_word' id='word_1_73' title='bbox 1094 1259 1333 1332; x_wconf 87' lang='lat' dir='ltr'><strong>sequitur</strong></span> <span class='ocrx_word' id='word_1_74' title='bbox 1370 1259 1612 1314; x_wconf 90' lang='lat' dir='ltr'><strong>Psalmus</strong></span> <span class='ocrx_word' id='word_1_75' title='bbox 1646 1274 1658 1309; x_wconf 91' lang='lat'><strong>:</strong></span> <span class='ocrx_word' id='word_1_76' title='bbox 1696 1254 1764 1309; x_wconf 87' lang='lat' dir='ltr'><strong>Et</strong></span> <span class='ocrx_word' id='word_1_77' title='bbox 1801 1254 1934 1310; x_wconf 82' lang='lat' dir='ltr'><strong>dile-</strong></span> 
     </span>
    </p>
   </div>
   <div class='ocr_carea' id='block_1_11' title="bbox 341 1346 1939 1422">
    <p class='ocr_par' dir='ltr' id='par_1_11' title="bbox 341 1346 1939 1422">
     <span class='ocr_line' id='line_1_12' title="bbox 341 1346 1939 1422; baseline -0.011 -2"><span class='ocrx_word' id='word_1_78' title='bbox 341 1365 416 1421; x_wconf 66' lang='lat' dir='ltr'><strong>xit</strong></span> <span class='ocrx_word' id='word_1_79' title='bbox 462 1359 893 1422; x_wconf 88' lang='lat' dir='ltr'><strong>maledictionem,</strong></span> <span class='ocrx_word' id='word_1_80' title='bbox 929 1365 975 1409; x_wconf 90' lang='lat' dir='ltr'><strong>et</strong></span> <span class='ocrx_word' id='word_1_81' title='bbox 1021 1354 1179 1408; x_wconf 79' lang='lat' dir='ltr'><strong>veniet</strong></span> <span class='ocrx_word' id='word_1_82' title='bbox 1223 1352 1288 1407; x_wconf 91' lang='lat' dir='ltr'><strong>ei.</strong></span> <span class='ocrx_word' id='word_1_83' title='bbox 1336 1350 1647 1420; x_wconf 85' lang='lat' dir='ltr'><strong>Quanquam</strong></span> <span class='ocrx_word' id='word_1_84' title='bbox 1694 1356 1748 1402; x_wconf 85' lang='lat' dir='ltr'><strong>et</strong></span> <span class='ocrx_word' id='word_1_85' title='bbox 1774 1346 1939 1402; x_wconf 85' lang='lat' dir='ltr'><strong>Judas</strong></span> 
     </span>
    </p>
   </div>
   <div class='ocr_carea' id='block_1_12' title="bbox 342 1442 1942 1512">
    <p class='ocr_par' dir='ltr' id='par_1_12' title="bbox 342 1442 1942 1512">
     <span class='ocr_line' id='line_1_13' title="bbox 342 1442 1942 1512; baseline -0.009 -2"><span class='ocrx_word' id='word_1_86' title='bbox 342 1453 783 1511; x_wconf 86' lang='lat' dir='ltr'><strong>maledictionem</strong></span> <span class='ocrx_word' id='word_1_87' title='bbox 827 1448 1089 1512; x_wconf 79' lang='lat' dir='ltr'><strong>dilexerit,</strong></span> <span class='ocrx_word' id='word_1_88' title='bbox 1136 1453 1191 1501; x_wconf 91' lang='lat' dir='ltr'><strong>et</strong></span> <span class='ocrx_word' id='word_1_89' title='bbox 1233 1443 1458 1499; x_wconf 74' lang='lat' dir='ltr'><strong>iurando</strong></span> <span class='ocrx_word' id='word_1_90' title='bbox 1503 1443 1570 1497; x_wconf 92' lang='lat' dir='ltr'><strong>de</strong></span> <span class='ocrx_word' id='word_1_91' title='bbox 1616 1442 1838 1508; x_wconf 82' lang='lat' dir='ltr'><strong>loculis,</strong></span> <span class='ocrx_word' id='word_1_92' title='bbox 1886 1449 1942 1496; x_wconf 91' lang='lat' dir='ltr'><strong>et</strong></span> 
     </span>
    </p>
   </div>
   <div class='ocr_carea' id='block_1_13' title="bbox 342 1534 1942 1610">
    <p class='ocr_par' dir='ltr' id='par_1_13' title="bbox 342 1534 1942 1610">
     <span class='ocr_line' id='line_1_14' title="bbox 342 1534 1942 1610; baseline -0.009 -7"><span class='ocrx_word' id='word_1_93' title='bbox 342 1548 636 1604; x_wconf 88' lang='lat' dir='ltr'><strong>Dominum</strong></span> <span class='ocrx_word' id='word_1_94' title='bbox 665 1540 950 1599; x_wconf 86' lang='lat' dir='ltr'><strong>vendendo</strong></span> <span class='ocrx_word' id='word_1_95' title='bbox 976 1548 1136 1610; x_wconf 88' lang='lat' dir='ltr'><strong>atque</strong></span> <span class='ocrx_word' id='word_1_96' title='bbox 1167 1537 1427 1592; x_wconf 85' lang='lat' dir='ltr'><strong>tradendo</strong></span> <span class='ocrx_word' id='word_1_97' title='bbox 1451 1551 1465 1601; x_wconf 95' lang='lat'><strong>;</strong></span> <span class='ocrx_word' id='word_1_98' title='bbox 1500 1545 1677 1589; x_wconf 88' lang='lat' dir='ltr'><strong>tamen</strong></span> <span class='ocrx_word' id='word_1_99' title='bbox 1703 1534 1942 1603; x_wconf 88' lang='lat' dir='ltr'><strong>apertius</strong></span> 
     </span>
    </p>
   </div>
   <div class='ocr_carea' id='block_1_14' title="bbox 341 1626 1942 1712">
    <p class='ocr_par' dir='ltr' id='par_1_14' title="bbox 341 1626 1942 1712">
     <span class='ocr_line' id='line_1_15' title="bbox 341 1626 1942 1712; baseline -0.009 -18"><span class='ocrx_word' id='word_1_100' title='bbox 341 1639 575 1712; x_wconf 78' lang='lat' dir='ltr'><strong>populus</strong></span> <span class='ocrx_word' id='word_1_101' title='bbox 622 1636 714 1693; x_wconf 88' lang='lat' dir='ltr'><strong>ille</strong></span> <span class='ocrx_word' id='word_1_102' title='bbox 758 1633 946 1689; x_wconf 81' lang='lat' dir='ltr'><strong>dilexit</strong></span> <span class='ocrx_word' id='word_1_103' title='bbox 1001 1629 1451 1693; x_wconf 81' lang='lat' dir='ltr'><strong>maledictionem,</strong></span> <span class='ocrx_word' id='word_1_104' title='bbox 1494 1626 1706 1697; x_wconf 86' lang='lat' dir='ltr'><strong>quando</strong></span> <span class='ocrx_word' id='word_1_105' title='bbox 1749 1626 1882 1680; x_wconf 81' lang='lat' dir='ltr'><strong>dixit</strong></span> <span class='ocrx_word' id='word_1_106' title='bbox 1923 1639 1942 1679; x_wconf 92' lang='lat'><strong><em>:</em></strong></span> 
     </span>
    </p>
   </div>
   <div class='ocr_carea' id='block_1_15' title="bbox 340 1717 1939 1806">
    <p class='ocr_par' dir='ltr' id='par_1_15' title="bbox 340 1717 1939 1806">
     <span class='ocr_line' id='line_1_16' title="bbox 340 1717 1939 1806; baseline -0.011 -15"><span class='ocrx_word' id='word_1_107' title='bbox 340 1734 572 1806; x_wconf 85' lang='lat' dir='ltr'><strong>Sanguis</strong></span> <span class='ocrx_word' id='word_1_108' title='bbox 602 1733 712 1802; x_wconf 88' lang='lat' dir='ltr'><strong>ejus</strong></span> <span class='ocrx_word' id='word_1_109' title='bbox 741 1746 892 1800; x_wconf 81' lang='lat' dir='ltr'><strong>super</strong></span> <span class='ocrx_word' id='word_1_110' title='bbox 928 1743 1019 1781; x_wconf 87' lang='lat' dir='ltr'><strong>nos</strong></span> <span class='ocrx_word' id='word_1_111' title='bbox 1066 1735 1113 1780; x_wconf 91' lang='lat' dir='ltr'><strong>et</strong></span> <span class='ocrx_word' id='word_1_112' title='bbox 1140 1741 1291 1792; x_wconf 90' lang='lat' dir='ltr'><strong>super</strong></span> <span class='ocrx_word' id='word_1_113' title='bbox 1322 1723 1455 1791; x_wconf 84' lang='lat' dir='ltr'><strong>ﬁlios</strong></span> <span class='ocrx_word' id='word_1_114' title='bbox 1504 1730 1700 1775; x_wconf 86' lang='lat' dir='ltr'><strong>nostros</strong></span> <span class='ocrx_word' id='word_1_115' title='bbox 1722 1717 1939 1790; x_wconf 83' lang='lat' dir='ltr'><strong>(Matth.</strong></span> 
     </span>
    </p>
   </div>
   <div class='ocr_carea' id='block_1_16' title="bbox 337 1812 1939 1896">
    <p class='ocr_par' dir='ltr' id='par_1_16' title="bbox 337 1812 1939 1896">
     <span class='ocr_line' id='line_1_17' title="bbox 337 1812 1939 1896; baseline -0.012 -12"><span class='ocrx_word' id='word_1_116' title='bbox 337 1843 511 1893; x_wconf 74' lang='lat' dir='ltr'><strong>nm,</strong></span> <span class='ocrx_word' id='word_1_117' title='bbox 534 1825 657 1896; x_wconf 79' lang='lat'><strong>25).</strong></span> <span class='ocrx_word' id='word_1_118' title='bbox 682 1823 749 1879; x_wconf 85' lang='lat' dir='ltr'><strong>Et</strong></span> <span class='ocrx_word' id='word_1_119' title='bbox 788 1821 947 1877; x_wconf 88' lang='lat' dir='ltr'><strong>noluit</strong></span> <span class='ocrx_word' id='word_1_120' title='bbox 987 1818 1399 1880; x_wconf 80' lang='lat' dir='ltr'><strong>benedictionem,</strong></span> <span class='ocrx_word' id='word_1_121' title='bbox 1425 1826 1470 1868; x_wconf 89' lang='lat' dir='ltr'><strong>et</strong></span> <span class='ocrx_word' id='word_1_122' title='bbox 1517 1812 1833 1885; x_wconf 87' lang='lat' dir='ltr'><strong>elongabitur</strong></span> <span class='ocrx_word' id='word_1_123' title='bbox 1872 1812 1939 1866; x_wconf 90' lang='lat' dir='ltr'><strong>ab</strong></span> 
     </span>
    </p>
   </div>
   <div class='ocr_carea' id='block_1_17' title="bbox 334 1907 1944 1985">
    <p class='ocr_par' dir='ltr' id='par_1_17' title="bbox 334 1907 1944 1985">
     <span class='ocr_line' id='line_1_18' title="bbox 334 1907 1944 1985; baseline -0.009 -9"><span class='ocrx_word' id='word_1_124' title='bbox 334 1938 414 1976; x_wconf 88' lang='lat' dir='ltr'><strong>eo.</strong></span> <span class='ocrx_word' id='word_1_125' title='bbox 444 1919 517 1974; x_wconf 85' lang='lat' dir='ltr'><strong>Et</strong></span> <span class='ocrx_word' id='word_1_126' title='bbox 564 1916 733 1972; x_wconf 81' lang='lat' dir='ltr'><strong>Judas</strong></span> <span class='ocrx_word' id='word_1_127' title='bbox 772 1913 1009 1985; x_wconf 89' lang='lat' dir='ltr'><strong>quidem,</strong></span> <span class='ocrx_word' id='word_1_128' title='bbox 1052 1912 1174 1983; x_wconf 84' lang='lat' dir='ltr'><strong>quia</strong></span> <span class='ocrx_word' id='word_1_129' title='bbox 1217 1910 1487 1966; x_wconf 81' lang='lat' dir='ltr'><strong>Christum</strong></span> <span class='ocrx_word' id='word_1_130' title='bbox 1531 1908 1721 1974; x_wconf 88' lang='lat' dir='ltr'><strong>noluit,</strong></span> <span class='ocrx_word' id='word_1_131' title='bbox 1754 1907 1807 1961; x_wconf 92' lang='lat' dir='ltr'><strong>in</strong></span> <span class='ocrx_word' id='word_1_132' title='bbox 1838 1921 1944 1977; x_wconf 89' lang='lat' dir='ltr'><strong>quo</strong></span> 
     </span>
    </p>
   </div>
   <div class='ocr_carea' id='block_1_18' title="bbox 338 2001 1943 2073">
    <p class='ocr_par' dir='ltr' id='par_1_18' title="bbox 338 2001 1943 2073">
     <span class='ocr_line' id='line_1_19' title="bbox 338 2001 1943 2073; baseline -0.008 -2"><span class='ocrx_word' id='word_1_133' title='bbox 338 2023 426 2071; x_wconf 90' lang='lat' dir='ltr'><strong>est</strong></span> <span class='ocrx_word' id='word_1_134' title='bbox 462 2021 674 2068; x_wconf 63' lang='lat' dir='ltr'><strong>interna</strong></span> <span class='ocrx_word' id='word_1_135' title='bbox 717 2007 1048 2069; x_wconf 88' lang='lat' dir='ltr'><strong>benedictio;</strong></span> <span class='ocrx_word' id='word_1_136' title='bbox 1104 2005 1199 2061; x_wconf 90' lang='lat' dir='ltr'><strong>sed</strong></span> <span class='ocrx_word' id='word_1_137' title='bbox 1237 2004 1470 2073; x_wconf 86' lang='lat' dir='ltr'><strong>apertius</strong></span> <span class='ocrx_word' id='word_1_138' title='bbox 1517 2003 1686 2057; x_wconf 88' lang='lat' dir='ltr'><strong>noluit</strong></span> <span class='ocrx_word' id='word_1_139' title='bbox 1724 2001 1943 2058; x_wconf 88' lang='lat' dir='ltr'><strong>benedi-</strong></span> 
     </span>
    </p>
   </div>
   <div class='ocr_carea' id='block_1_19' title="bbox 328 2096 1945 2175">
    <p class='ocr_par' dir='ltr' id='par_1_19' title="bbox 328 2096 1945 2175">
     <span class='ocr_line' id='line_1_20' title="bbox 328 2096 1945 2175; baseline -0.008 -11"><span class='ocrx_word' id='word_1_140' title='bbox 328 2107 580 2165; x_wconf 87' lang='lat' dir='ltr'><strong>ctionem</strong></span> <span class='ocrx_word' id='word_1_141' title='bbox 617 2102 845 2175; x_wconf 87' lang='lat' dir='ltr'><strong>populus</strong></span> <span class='ocrx_word' id='word_1_142' title='bbox 870 2100 1199 2166; x_wconf 75' lang='lat' dir='ltr'><strong>Judzeorum,</strong></span> <span class='ocrx_word' id='word_1_143' title='bbox 1233 2098 1316 2154; x_wconf 91' lang='lat' dir='ltr'><strong>cui</strong></span> <span class='ocrx_word' id='word_1_144' title='bbox 1344 2096 1476 2152; x_wconf 83' lang='lat' dir='ltr'><strong>dixit</strong></span> <span class='ocrx_word' id='word_1_145' title='bbox 1504 2098 1590 2151; x_wconf 92' lang='lat' dir='ltr'><strong>ille</strong></span> <span class='ocrx_word' id='word_1_146' title='bbox 1618 2096 1945 2151; x_wconf 91' lang='lat' dir='ltr'><strong>illuminatus</strong></span> 
     </span>
    </p>
   </div>
   <div class='ocr_carea' id='block_1_20' title="bbox 319 2191 1946 2265">
    <p class='ocr_par' dir='ltr' id='par_1_20' title="bbox 319 2191 1946 2265">
     <span class='ocr_line' id='line_1_21' title="bbox 319 2191 1946 2265; baseline -0.008 -7"><span class='ocrx_word' id='word_1_147' title='bbox 319 2219 353 2258; x_wconf 90' lang='lat' dir='ltr'><strong>a</strong></span> <span class='ocrx_word' id='word_1_148' title='bbox 388 2202 638 2257; x_wconf 87' lang='lat' dir='ltr'><strong>Domino</strong></span> <span class='ocrx_word' id='word_1_149' title='bbox 669 2214 687 2255; x_wconf 91' lang='lat'><strong>:</strong></span> <span class='ocrx_word' id='word_1_150' title='bbox 722 2195 986 2265; x_wconf 85' lang='lat' dir='ltr'><strong>Numquid</strong></span> <span class='ocrx_word' id='word_1_151' title='bbox 1013 2204 1055 2249; x_wconf 85' lang='lat' dir='ltr'><strong>et</strong></span> <span class='ocrx_word' id='word_1_152' title='bbox 1083 2212 1167 2249; x_wconf 85' lang='lat' dir='ltr'><strong>vos</strong></span> <span class='ocrx_word' id='word_1_153' title='bbox 1196 2193 1344 2247; x_wconf 82' lang='lat' dir='ltr'><strong>vultis</strong></span> <span class='ocrx_word' id='word_1_154' title='bbox 1369 2192 1608 2262; x_wconf 81' lang='lat' dir='ltr'><strong>discipuli</strong></span> <span class='ocrx_word' id='word_1_155' title='bbox 1652 2193 1762 2264; x_wconf 82' lang='lat' dir='ltr'><strong>ejus</strong></span> <span class='ocrx_word' id='word_1_156' title='bbox 1791 2191 1946 2261; x_wconf 79' lang='lat' dir='ltr'><strong>ﬁeri?</strong></span> 
     </span>
    </p>
   </div>
   <div class='ocr_carea' id='block_1_21' title="bbox 312 2284 1942 2355">
    <p class='ocr_par' dir='ltr' id='par_1_21' title="bbox 312 2284 1942 2355">
     <span class='ocr_line' id='line_1_22' title="bbox 312 2284 1942 2355; baseline -0.008 -3"><span class='ocrx_word' id='word_1_157' title='bbox 312 2296 393 2353; x_wconf 84' lang='lat' dir='ltr'><strong>Et</strong></span> <span class='ocrx_word' id='word_1_158' title='bbox 427 2292 622 2350; x_wconf 86' lang='lat' dir='ltr'><strong>noluit</strong></span> <span class='ocrx_word' id='word_1_159' title='bbox 648 2289 1095 2355; x_wconf 84' lang='lat' dir='ltr'><strong>benedictionem,</strong></span> <span class='ocrx_word' id='word_1_160' title='bbox 1126 2297 1180 2343; x_wconf 90' lang='lat' dir='ltr'><strong>et</strong></span> <span class='ocrx_word' id='word_1_161' title='bbox 1210 2302 1306 2355; x_wconf 92' lang='lat' dir='ltr'><strong>pro</strong></span> <span class='ocrx_word' id='word_1_162' title='bbox 1334 2285 1621 2341; x_wconf 89' lang='lat' dir='ltr'><strong>maledicto</strong></span> <span class='ocrx_word' id='word_1_163' title='bbox 1644 2284 1856 2349; x_wconf 88' lang='lat' dir='ltr'><strong>habuit;</strong></span> <span class='ocrx_word' id='word_1_164' title='bbox 1887 2293 1942 2340; x_wconf 89' lang='lat' dir='ltr'><strong>et</strong></span> 
     </span>
    </p>
   </div>
   <div class='ocr_carea' id='block_1_22' title="bbox 306 2376 1940 2458">
    <p class='ocr_par' dir='ltr' id='par_1_22' title="bbox 306 2376 1940 2458">
     <span class='ocr_line' id='line_1_23' title="bbox 306 2376 1940 2458; baseline -0.009 -13"><span class='ocrx_word' id='word_1_165' title='bbox 306 2384 650 2458; x_wconf 80' lang='lat' dir='ltr'><strong>respondit,</strong></span> <span class='ocrx_word' id='word_1_166' title='bbox 682 2382 759 2437; x_wconf 87' lang='lat' dir='ltr'><strong>Tu</strong></span> <span class='ocrx_word' id='word_1_167' title='bbox 794 2383 863 2436; x_wconf 86' lang='lat' dir='ltr'><strong>sis</strong></span> <span class='ocrx_word' id='word_1_168' title='bbox 889 2380 1166 2451; x_wconf 80' lang='lat' dir='ltr'><strong>discipulus</strong></span> <span class='ocrx_word' id='word_1_169' title='bbox 1194 2379 1302 2449; x_wconf 82' lang='lat' dir='ltr'><strong>ejus</strong></span> <span class='ocrx_word' id='word_1_170' title='bbox 1326 2376 1505 2448; x_wconf 80' lang='lat' dir='ltr'><strong>(Joan.</strong></span> <span class='ocrx_word' id='word_1_171' title='bbox 1539 2393 1613 2443; x_wconf 84' lang='lat' dir='ltr'><strong>Ix,</strong></span> <span class='ocrx_word' id='word_1_172' title='bbox 1637 2377 1706 2430; x_wconf 91' lang='lat'><strong>27</strong></span> <span class='ocrx_word' id='word_1_173' title='bbox 1728 2385 1773 2431; x_wconf 91' lang='lat' dir='ltr'><strong>et</strong></span> <span class='ocrx_word' id='word_1_174' title='bbox 1800 2376 1892 2445; x_wconf 87' lang='lat'><strong>28)</strong></span> <span class='ocrx_word' id='word_1_175' title='bbox 1926 2393 1940 2431; x_wconf 91' lang='lat'>:</span> 
     </span>
    </p>
   </div>
   <div class='ocr_carea' id='block_1_23' title="bbox 301 2468 1945 2550">
    <p class='ocr_par' dir='ltr' id='par_1_23' title="bbox 301 2468 1945 2550">
     <span class='ocr_line' id='line_1_24' title="bbox 301 2468 1945 2550; baseline -0.009 -12"><span class='ocrx_word' id='word_1_176' title='bbox 301 2493 369 2538; x_wconf 87' lang='lat' dir='ltr'><strong>et</strong></span> <span class='ocrx_word' id='word_1_177' title='bbox 396 2481 583 2550; x_wconf 79' lang='lat' dir='ltr'><strong>longe</strong></span> <span class='ocrx_word' id='word_1_178' title='bbox 622 2476 756 2532; x_wconf 86' lang='lat' dir='ltr'><strong>facta</strong></span> <span class='ocrx_word' id='word_1_179' title='bbox 799 2483 881 2531; x_wconf 91' lang='lat' dir='ltr'><strong>est</strong></span> <span class='ocrx_word' id='word_1_180' title='bbox 906 2476 972 2530; x_wconf 91' lang='lat' dir='ltr'><strong>ab</strong></span> <span class='ocrx_word' id='word_1_181' title='bbox 1014 2488 1080 2528; x_wconf 88' lang='lat' dir='ltr'><strong>eo</strong></span> <span class='ocrx_word' id='word_1_182' title='bbox 1122 2470 1444 2537; x_wconf 87' lang='lat' dir='ltr'><strong>benedictio,</strong></span> <span class='ocrx_word' id='word_1_183' title='bbox 1493 2470 1615 2541; x_wconf 87' lang='lat' dir='ltr'><strong>quia</strong></span> <span class='ocrx_word' id='word_1_184' title='bbox 1664 2468 1945 2525; x_wconf 85' lang='lat' dir='ltr'><strong>transitum</strong></span> 
     </span>
    </p>
   </div>
   <div class='ocr_carea' id='block_1_24' title="bbox 301 2562 1948 2631">
    <p class='ocr_par' dir='ltr' id='par_1_24' title="bbox 301 2562 1948 2631">
     <span class='ocr_line' id='line_1_25' title="bbox 301 2562 1948 2631; baseline -0.011 1"><span class='ocrx_word' id='word_1_185' title='bbox 301 2574 459 2631; x_wconf 73' lang='lat' dir='ltr'><strong>fecit.</strong></span> <span class='ocrx_word' id='word_1_186' title='bbox 485 2571 564 2627; x_wconf 87' lang='lat' dir='ltr'><strong>ad</strong></span> <span class='ocrx_word' id='word_1_187' title='bbox 592 2570 814 2627; x_wconf 86' lang='lat' dir='ltr'><strong>Gentes.</strong></span> <span class='ocrx_word' id='word_1_188' title='bbox 864 2565 933 2622; x_wconf 85' lang='lat' dir='ltr'><strong>Et</strong></span> <span class='ocrx_word' id='word_1_189' title='bbox 975 2566 1140 2621; x_wconf 81' lang='lat' dir='ltr'><strong>induit</strong></span> <span class='ocrx_word' id='word_1_190' title='bbox 1182 2564 1586 2619; x_wconf 86' lang='lat' dir='ltr'><strong>maledictionem</strong></span> <span class='ocrx_word' id='word_1_191' title='bbox 1633 2563 1763 2617; x_wconf 80' lang='lat' dir='ltr'><strong>sicut</strong></span> <span class='ocrx_word' id='word_1_192' title='bbox 1800 2562 1948 2616; x_wconf 82' lang='lat' dir='ltr'><strong>vesti—</strong></span> 
     </span>
    </p>
   </div>
   <div class='ocr_carea' id='block_1_25' title="bbox 300 2656 1947 2728">
    <p class='ocr_par' dir='ltr' id='par_1_25' title="bbox 300 2656 1947 2728">
     <span class='ocr_line' id='line_1_26' title="bbox 300 2656 1947 2728; baseline -0.009 -4"><span class='ocrx_word' id='word_1_193' title='bbox 300 2678 579 2723; x_wconf 77' lang='lat' dir='ltr'><strong>mentum</strong></span> <span class='ocrx_word' id='word_1_194' title='bbox 614 2664 771 2719; x_wconf 88' lang='lat' dir='ltr'><strong>:sive</strong></span> <span class='ocrx_word' id='word_1_195' title='bbox 817 2660 1003 2727; x_wconf 87' lang='lat' dir='ltr'><strong>Judas,</strong></span> <span class='ocrx_word' id='word_1_196' title='bbox 1055 2660 1168 2715; x_wconf 82' lang='lat' dir='ltr'><strong>sive</strong></span> <span class='ocrx_word' id='word_1_197' title='bbox 1212 2659 1303 2713; x_wconf 91' lang='lat' dir='ltr'><strong>ille</strong></span> <span class='ocrx_word' id='word_1_198' title='bbox 1352 2658 1600 2728; x_wconf 90' lang='lat' dir='ltr'><strong>populus.</strong></span> <span class='ocrx_word' id='word_1_199' title='bbox 1633 2656 1704 2711; x_wconf 88' lang='lat' dir='ltr'><strong>Et</strong></span> <span class='ocrx_word' id='word_1_200' title='bbox 1741 2657 1947 2711; x_wconf 81' lang='lat' dir='ltr'><strong>intravit</strong></span> 
     </span>
    </p>
   </div>
   <div class='ocr_carea' id='block_1_26' title="bbox 298 2748 1944 2827">
    <p class='ocr_par' dir='ltr' id='par_1_26' title="bbox 298 2748 1944 2827">
     <span class='ocr_line' id='line_1_27' title="bbox 298 2748 1944 2827; baseline -0.009 -11"><span class='ocrx_word' id='word_1_201' title='bbox 298 2762 464 2817; x_wconf 81' lang='lat' dir='ltr'><strong>sicut</strong></span> <span class='ocrx_word' id='word_1_202' title='bbox 521 2773 662 2827; x_wconf 88' lang='lat' dir='ltr'><strong>aqua</strong></span> <span class='ocrx_word' id='word_1_203' title='bbox 705 2756 760 2809; x_wconf 89' lang='lat' dir='ltr'><strong>in</strong></span> <span class='ocrx_word' id='word_1_204' title='bbox 798 2754 1036 2808; x_wconf 85' lang='lat' dir='ltr'><strong>interiora</strong></span> <span class='ocrx_word' id='word_1_205' title='bbox 1072 2754 1197 2822; x_wconf 89' lang='lat' dir='ltr'><strong>ejus.</strong></span> <span class='ocrx_word' id='word_1_206' title='bbox 1232 2750 1372 2822; x_wconf 90' lang='lat' dir='ltr'><strong>Ergo</strong></span> <span class='ocrx_word' id='word_1_207' title='bbox 1418 2758 1473 2805; x_wconf 90' lang='lat' dir='ltr'><strong>et</strong></span> <span class='ocrx_word' id='word_1_208' title='bbox 1514 2748 1645 2804; x_wconf 85' lang='lat' dir='ltr'><strong>foris</strong></span> <span class='ocrx_word' id='word_1_209' title='bbox 1672 2757 1728 2804; x_wconf 90' lang='lat' dir='ltr'><strong>et</strong></span> <span class='ocrx_word' id='word_1_210' title='bbox 1770 2749 1944 2814; x_wconf 90' lang='lat' dir='ltr'><strong>intus;</strong></span> 
     </span>
    </p>
   </div>
   <div class='ocr_carea' id='block_1_27' title="bbox 299 2841 1944 2913">
    <p class='ocr_par' dir='ltr' id='par_1_27' title="bbox 299 2841 1944 2913">
     <span class='ocr_line' id='line_1_28' title="bbox 299 2841 1944 2913; baseline -0.007 -5"><span class='ocrx_word' id='word_1_211' title='bbox 299 2852 468 2909; x_wconf 83' lang='lat' dir='ltr'><strong>foris</strong></span> <span class='ocrx_word' id='word_1_212' title='bbox 508 2850 657 2907; x_wconf 88' lang='lat' dir='ltr'><strong>sicut</strong></span> <span class='ocrx_word' id='word_1_213' title='bbox 692 2848 1089 2910; x_wconf 88' lang='lat' dir='ltr'><strong>vestimentum,</strong></span> <span class='ocrx_word' id='word_1_214' title='bbox 1118 2845 1261 2899; x_wconf 87' lang='lat' dir='ltr'><strong>intus</strong></span> <span class='ocrx_word' id='word_1_215' title='bbox 1304 2843 1441 2897; x_wconf 90' lang='lat' dir='ltr'><strong>sicut</strong></span> <span class='ocrx_word' id='word_1_216' title='bbox 1485 2857 1620 2913; x_wconf 86' lang='lat' dir='ltr'><strong>aqua</strong></span> <span class='ocrx_word' id='word_1_217' title='bbox 1652 2841 1944 2913; x_wconf 89' lang='lat' dir='ltr'><strong>:quoniam</strong></span> 
     </span>
    </p>
   </div>
   <div class='ocr_carea' id='block_1_28' title="bbox 304 2936 1947 3017">
    <p class='ocr_par' dir='ltr' id='par_1_28' title="bbox 304 2936 1947 3017">
     <span class='ocr_line' id='line_1_29' title="bbox 304 2936 1947 3017; baseline -0.008 -14"><span class='ocrx_word' id='word_1_218' title='bbox 304 2949 371 3004; x_wconf 87' lang='lat' dir='ltr'><strong>in</strong></span> <span class='ocrx_word' id='word_1_219' title='bbox 407 2944 555 3017; x_wconf 83' lang='lat' dir='ltr'><strong>ejus</strong></span> <span class='ocrx_word' id='word_1_220' title='bbox 580 2941 767 2998; x_wconf 87' lang='lat' dir='ltr'><strong>incidit</strong></span> <span class='ocrx_word' id='word_1_221' title='bbox 792 2939 1073 3011; x_wconf 90' lang='lat' dir='ltr'><strong>judicium,</strong></span> <span class='ocrx_word' id='word_1_222' title='bbox 1108 2936 1198 3008; x_wconf 89' lang='lat' dir='ltr'><strong>qui</strong></span> <span class='ocrx_word' id='word_1_223' title='bbox 1237 2945 1413 3007; x_wconf 89' lang='lat' dir='ltr'><strong>potest</strong></span> <span class='ocrx_word' id='word_1_224' title='bbox 1440 2945 1491 2992; x_wconf 92' lang='lat' dir='ltr'><strong>et</strong></span> <span class='ocrx_word' id='word_1_225' title='bbox 1522 2950 1719 3006; x_wconf 90' lang='lat' dir='ltr'><strong>corpus</strong></span> <span class='ocrx_word' id='word_1_226' title='bbox 1745 2944 1800 2992; x_wconf 91' lang='lat' dir='ltr'><strong>et</strong></span> <span class='ocrx_word' id='word_1_227' title='bbox 1826 2937 1947 2991; x_wconf 88' lang='lat' dir='ltr'><strong>ani-</strong></span> 
     </span>
    </p>
   </div>
   <div class='ocr_carea' id='block_1_29' title="bbox 305 3029 1949 3103">
    <p class='ocr_par' dir='ltr' id='par_1_29' title="bbox 305 3029 1949 3103">
     <span class='ocr_line' id='line_1_30' title="bbox 305 3029 1949 3103; baseline -0.007 -7"><span class='ocrx_word' id='word_1_228' title='bbox 305 3054 491 3098; x_wconf 84' lang='lat' dir='ltr'><strong>mam</strong></span> <span class='ocrx_word' id='word_1_229' title='bbox 544 3035 796 3092; x_wconf 90' lang='lat' dir='ltr'><strong>occidere</strong></span> <span class='ocrx_word' id='word_1_230' title='bbox 840 3033 893 3087; x_wconf 91' lang='lat' dir='ltr'><strong>in</strong></span> <span class='ocrx_word' id='word_1_231' title='bbox 941 3031 1184 3103; x_wconf 88' lang='lat' dir='ltr'><strong>gehenna</strong></span> <span class='ocrx_word' id='word_1_232' title='bbox 1215 3029 1430 3100; x_wconf 80' lang='lat' dir='ltr'><strong>(Matth.</strong></span> <span class='ocrx_word' id='word_1_233' title='bbox 1474 3046 1529 3093; x_wconf 85' lang='lat' dir='ltr'><strong>x,</strong></span> <span class='ocrx_word' id='word_1_234' title='bbox 1578 3029 1709 3102; x_wconf 80' lang='lat'><strong>28);</strong></span> <span class='ocrx_word' id='word_1_235' title='bbox 1753 3043 1949 3101; x_wconf 89' lang='lat' dir='ltr'><strong>corpus</strong></span> 
     </span>
    </p>
   </div>
   <div class='ocr_carea' id='block_1_30' title="bbox 308 3123 1945 3197">
    <p class='ocr_par' dir='ltr' id='par_1_30' title="bbox 308 3123 1945 3197">
     <span class='ocr_line' id='line_1_31' title="bbox 308 3123 1945 3197; baseline -0.007 -8"><span class='ocrx_word' id='word_1_236' title='bbox 308 3133 503 3197; x_wconf 83' lang='lat' dir='ltr'><strong>foris,</strong></span> <span class='ocrx_word' id='word_1_237' title='bbox 533 3128 801 3184; x_wconf 69' lang='lat' dir='ltr'><strong>animam’</strong></span> <span class='ocrx_word' id='word_1_238' title='bbox 832 3127 991 3180; x_wconf 92' lang='lat' dir='ltr'><strong>intus.</strong></span> <span class='ocrx_word' id='word_1_239' title='bbox 1022 3124 1089 3179; x_wconf 86' lang='lat' dir='ltr'><strong>Et</strong></span> <span class='ocrx_word' id='word_1_240' title='bbox 1117 3126 1245 3178; x_wconf 86' lang='lat' dir='ltr'><strong>sicut</strong></span> <span class='ocrx_word' id='word_1_241' title='bbox 1277 3124 1444 3178; x_wconf 91' lang='lat' dir='ltr'><strong>oleum</strong></span> <span class='ocrx_word' id='word_1_242' title='bbox 1490 3123 1544 3177; x_wconf 89' lang='lat' dir='ltr'><strong>in</strong></span> <span class='ocrx_word' id='word_1_243' title='bbox 1592 3123 1783 3177; x_wconf 86' lang='lat' dir='ltr'><strong>ossibus</strong></span> <span class='ocrx_word' id='word_1_244' title='bbox 1817 3123 1945 3193; x_wconf 83' lang='lat' dir='ltr'><strong>ejus.</strong></span> 
     </span>
    </p>
   </div>
   <div class='ocr_carea' id='block_1_31' title="bbox 309 3214 1947 3281">
    <p class='ocr_par' dir='ltr' id='par_1_31' title="bbox 309 3214 1947 3281">
     <span class='ocr_line' id='line_1_32' title="bbox 309 3214 1947 3281; baseline -0.006 0"><span class='ocrx_word' id='word_1_245' title='bbox 309 3221 604 3281; x_wconf 84' lang='lat' dir='ltr'><strong>Ostendit</strong></span> <span class='ocrx_word' id='word_1_246' title='bbox 641 3236 763 3277; x_wconf 90' lang='lat' dir='ltr'><strong>eum</strong></span> <span class='ocrx_word' id='word_1_247' title='bbox 810 3234 931 3273; x_wconf 91' lang='lat' dir='ltr'><strong>cum</strong></span> <span class='ocrx_word' id='word_1_248' title='bbox 960 3216 1315 3272; x_wconf 89' lang='lat' dir='ltr'><strong>delectatione</strong></span> <span class='ocrx_word' id='word_1_249' title='bbox 1346 3214 1684 3279; x_wconf 73' lang='lat' dir='ltr'><strong>malet-acere,</strong></span> <span class='ocrx_word' id='word_1_250' title='bbox 1716 3224 1771 3271; x_wconf 89' lang='lat' dir='ltr'><strong>et</strong></span> <span class='ocrx_word' id='word_1_251' title='bbox 1796 3230 1947 3272; x_wconf 91' lang='lat' dir='ltr'><strong>com-</strong></span> 
     </span>
    </p>
   </div>
   <div class='ocr_carea' id='block_1_32' title="bbox 316 3308 1947 3390">
    <p class='ocr_par' dir='ltr' id='par_1_32' title="bbox 316 3308 1947 3390">
     <span class='ocr_line' id='line_1_33' title="bbox 316 3308 1947 3390; baseline -0.007 -15"><span class='ocrx_word' id='word_1_252' title='bbox 316 3331 547 3390; x_wconf 84' lang='lat' dir='ltr'><strong>parare</strong></span> <span class='ocrx_word' id='word_1_253' title='bbox 601 3313 701 3369; x_wconf 86' lang='lat' dir='ltr'><strong>sibi</strong></span> <span class='ocrx_word' id='word_1_254' title='bbox 752 3310 1204 3374; x_wconf 87' lang='lat' dir='ltr'><strong>maledictionem,</strong></span> <span class='ocrx_word' id='word_1_255' title='bbox 1243 3308 1347 3365; x_wconf 84' lang='lat' dir='ltr'><strong>hoc</strong></span> <span class='ocrx_word' id='word_1_256' title='bbox 1391 3317 1494 3376; x_wconf 89' lang='lat' dir='ltr'><strong>est,</strong></span> <span class='ocrx_word' id='word_1_257' title='bbox 1544 3323 1756 3379; x_wconf 87' lang='lat' dir='ltr'><strong>poenam</strong></span> <span class='ocrx_word' id='word_1_258' title='bbox 1788 3318 1947 3365; x_wconf 83' lang='lat' dir='ltr'><strong>aeter-</strong></span> 
     </span>
    </p>
   </div>
   <div class='ocr_carea' id='block_1_33' title="bbox 320 3400 1951 3478">
    <p class='ocr_par' dir='ltr' id='par_1_33' title="bbox 320 3400 1951 3478">
     <span class='ocr_line' id='line_1_34' title="bbox 320 3400 1951 3478; baseline -0.006 -14"><span class='ocrx_word' id='word_1_259' title='bbox 320 3424 511 3474; x_wconf 78' lang='lat' dir='ltr'><strong>nam;</strong></span> <span class='ocrx_word' id='word_1_260' title='bbox 545 3406 673 3478; x_wconf 89' lang='lat' dir='ltr'><strong>quia</strong></span> <span class='ocrx_word' id='word_1_261' title='bbox 720 3402 1023 3459; x_wconf 76' lang='lat' dir='ltr'><strong>benedictio</strong></span> <span class='ocrx_word' id='word_1_262' title='bbox 1064 3402 1169 3456; x_wconf 87' lang='lat' dir='ltr'><strong>vita</strong></span> <span class='ocrx_word' id='word_1_263' title='bbox 1197 3409 1395 3456; x_wconf 60' lang='lat' dir='ltr'><strong>aeterna</strong></span> <span class='ocrx_word' id='word_1_264' title='bbox 1425 3409 1527 3455; x_wconf 89' lang='lat' dir='ltr'><strong>est.</strong></span> <span class='ocrx_word' id='word_1_265' title='bbox 1560 3400 1715 3455; x_wconf 86' lang='lat' dir='ltr'><strong>Modo</strong></span> <span class='ocrx_word' id='word_1_266' title='bbox 1754 3400 1951 3471; x_wconf 89' lang='lat' dir='ltr'><strong>quippe</strong></span> 
     </span>
    </p>
   </div>
   <div class='ocr_carea' id='block_1_34' title="bbox 329 3493 1951 3565">
    <p class='ocr_par' dir='ltr' id='par_1_34' title="bbox 329 3493 1951 3565">
     <span class='ocr_line' id='line_1_35' title="bbox 329 3493 1951 3565; baseline -0.008 -3"><span class='ocrx_word' id='word_1_267' title='bbox 329 3501 649 3562; x_wconf 83' lang='lat' dir='ltr'><strong>malefacta</strong></span> <span class='ocrx_word' id='word_1_268' title='bbox 676 3498 959 3563; x_wconf 88' lang='lat' dir='ltr'><strong>delectant,</strong></span> <span class='ocrx_word' id='word_1_269' title='bbox 990 3496 1129 3553; x_wconf 90' lang='lat' dir='ltr'><strong>sicut</strong></span> <span class='ocrx_word' id='word_1_270' title='bbox 1174 3510 1308 3565; x_wconf 87' lang='lat' dir='ltr'><strong>aqua</strong></span> <span class='ocrx_word' id='word_1_271' title='bbox 1349 3494 1401 3548; x_wconf 93' lang='lat' dir='ltr'><strong>in</strong></span> <span class='ocrx_word' id='word_1_272' title='bbox 1429 3494 1703 3559; x_wconf 89' lang='lat' dir='ltr'><strong>interiora,</strong></span> <span class='ocrx_word' id='word_1_273' title='bbox 1733 3502 1789 3549; x_wconf 91' lang='lat' dir='ltr'><strong>et</strong></span> <span class='ocrx_word' id='word_1_274' title='bbox 1812 3493 1951 3549; x_wconf 90' lang='lat' dir='ltr'><strong>sicut</strong></span> 
     </span>
    </p>
   </div>
   <div class='ocr_carea' id='block_1_35' title="bbox 330 3585 1950 3657">
    <p class='ocr_par' dir='ltr' id='par_1_35' title="bbox 330 3585 1950 3657">
     <span class='ocr_line' id='line_1_36' title="bbox 330 3585 1950 3657; baseline -0.009 -3"><span class='ocrx_word' id='word_1_275' title='bbox 330 3597 538 3654; x_wconf 85' lang='lat' dir='ltr'><strong>oleum</strong></span> <span class='ocrx_word' id='word_1_276' title='bbox 570 3593 625 3648; x_wconf 92' lang='lat' dir='ltr'><strong>in</strong></span> <span class='ocrx_word' id='word_1_277' title='bbox 672 3590 919 3655; x_wconf 89' lang='lat' dir='ltr'><strong>ossibus;</strong></span> <span class='ocrx_word' id='word_1_278' title='bbox 947 3588 1041 3643; x_wconf 91' lang='lat' dir='ltr'><strong>sed</strong></span> <span class='ocrx_word' id='word_1_279' title='bbox 1071 3587 1193 3643; x_wconf 90' lang='lat' dir='ltr'><strong>ideo</strong></span> <span class='ocrx_word' id='word_1_280' title='bbox 1222 3585 1522 3642; x_wconf 88' lang='lat' dir='ltr'><strong>maledictio</strong></span> <span class='ocrx_word' id='word_1_281' title='bbox 1551 3593 1793 3652; x_wconf 83' lang='lat' dir='ltr'><strong>vocatur,</strong></span> <span class='ocrx_word' id='word_1_282' title='bbox 1826 3586 1950 3657; x_wconf 88' lang='lat' dir='ltr'><strong>quia</strong></span> 
     </span>
    </p>
   </div>
   <div class='ocr_carea' id='block_1_36' title="bbox 334 3678 1951 3751">
    <p class='ocr_par' dir='ltr' id='par_1_36' title="bbox 334 3678 1951 3751">
     <span class='ocr_line' id='line_1_37' title="bbox 334 3678 1951 3751; baseline -0.006 -6"><span class='ocrx_word' id='word_1_283' title='bbox 334 3688 554 3746; x_wconf 79' lang='lat' dir='ltr'><strong>talibus</strong></span> <span class='ocrx_word' id='word_1_284' title='bbox 583 3686 719 3740; x_wconf 90' lang='lat' dir='ltr'><strong>Deus</strong></span> <span class='ocrx_word' id='word_1_285' title='bbox 744 3690 1004 3738; x_wconf 89' lang='lat' dir='ltr'><strong>tormenta</strong></span> <span class='ocrx_word' id='word_1_286' title='bbox 1035 3680 1303 3751; x_wconf 70' lang='lat' dir='ltr'><strong>prmdixit.</strong></span> <span class='ocrx_word' id='word_1_287' title='bbox 1333 3678 1603 3750; x_wconf 86' lang='lat' dir='ltr'><strong>Tanquam</strong></span> <span class='ocrx_word' id='word_1_288' title='bbox 1648 3679 1700 3732; x_wconf 92' lang='lat' dir='ltr'><strong>in</strong></span> <span class='ocrx_word' id='word_1_289' title='bbox 1741 3678 1951 3735; x_wconf 89' lang='lat' dir='ltr'><strong>ossibus</strong></span> 
     </span>
    </p>
   </div>
   <div class='ocr_carea' id='block_1_37' title="bbox 340 3770 1953 3838">
    <p class='ocr_par' dir='ltr' id='par_1_37' title="bbox 340 3770 1953 3838">
     <span class='ocr_line' id='line_1_38' title="bbox 340 3770 1953 3838; baseline -0.006 -2"><span class='ocrx_word' id='word_1_290' title='bbox 340 3790 537 3838; x_wconf 83' lang='lat' dir='ltr'><strong>autem</strong></span> <span class='ocrx_word' id='word_1_291' title='bbox 570 3777 745 3832; x_wconf 86' lang='lat' dir='ltr'><strong>oleum</strong></span> <span class='ocrx_word' id='word_1_292' title='bbox 792 3785 875 3830; x_wconf 90' lang='lat' dir='ltr'><strong>est</strong></span> <span class='ocrx_word' id='word_1_293' title='bbox 918 3771 1240 3836; x_wconf 87' lang='lat' dir='ltr'><strong>maledictio,</strong></span> <span class='ocrx_word' id='word_1_294' title='bbox 1274 3786 1394 3825; x_wconf 92' lang='lat' dir='ltr'><strong>cum</strong></span> <span class='ocrx_word' id='word_1_295' title='bbox 1444 3770 1690 3826; x_wconf 86' lang='lat' dir='ltr'><strong>homines</strong></span> <span class='ocrx_word' id='word_1_296' title='bbox 1739 3770 1861 3825; x_wconf 90' lang='lat' dir='ltr'><strong>inde</strong></span> <span class='ocrx_word' id='word_1_297' title='bbox 1892 3785 1953 3827; x_wconf 90' lang='lat' dir='ltr'><strong>se</strong></span> 
     </span>
    </p>
   </div>
   <div class='ocr_carea' id='block_1_38' title="bbox 344 3862 1953 3940">
    <p class='ocr_par' dir='ltr' id='par_1_38' title="bbox 344 3862 1953 3940">
     <span class='ocr_line' id='line_1_39' title="bbox 344 3862 1953 3940; baseline -0.007 -11"><span class='ocrx_word' id='word_1_298' title='bbox 344 3874 528 3929; x_wconf 81' lang='lat' dir='ltr'><strong>fortes</strong></span> <span class='ocrx_word' id='word_1_299' title='bbox 558 3877 765 3940; x_wconf 89' lang='lat' dir='ltr'><strong>putant,</strong></span> <span class='ocrx_word' id='word_1_300' title='bbox 801 3866 925 3938; x_wconf 88' lang='lat' dir='ltr'><strong>quia</strong></span> <span class='ocrx_word' id='word_1_301' title='bbox 968 3865 1092 3920; x_wconf 82' lang='lat' dir='ltr'><strong>licet</strong></span> <span class='ocrx_word' id='word_1_302' title='bbox 1133 3863 1212 3919; x_wconf 90' lang='lat' dir='ltr'><strong>eis</strong></span> <span class='ocrx_word' id='word_1_303' title='bbox 1255 3862 1394 3917; x_wconf 88' lang='lat' dir='ltr'><strong>mala</strong></span> <span class='ocrx_word' id='word_1_304' title='bbox 1436 3872 1685 3932; x_wconf 86' lang='lat' dir='ltr'><strong>tanquam</strong></span> <span class='ocrx_word' id='word_1_305' title='bbox 1735 3862 1953 3933; x_wconf 88' lang='lat' dir='ltr'><strong>impune</strong></span> 
     </span>
    </p>
   </div>
   <div class='ocr_carea' id='block_1_39' title="bbox 348 3963 719 4022">
    <p class='ocr_par' dir='ltr' id='par_1_39' title="bbox 348 3963 719 4022">
     <span class='ocr_line' id='line_1_40' title="bbox 348 3963 719 4022; baseline -0.022 0"><span class='ocrx_word' id='word_1_306' title='bbox 348 3963 719 4022; x_wconf 86' lang='lat' dir='ltr'><strong>committere.</strong></span> 
     </span>
    </p>
   </div>
   <div class='ocr_carea' id='block_1_40' title="bbox 426 4044 1955 4128">
    <p class='ocr_par' dir='ltr' id='par_1_40' title="bbox 426 4044 1955 4128">
     <span class='ocr_line' id='line_1_41' title="bbox 426 4044 1955 4128; baseline -0.01 -17"><span class='ocrx_word' id='word_1_307' title='bbox 426 4057 524 4113; x_wconf 78' lang='lat' dir='ltr'><strong>2i.</strong></span> <span class='ocrx_word' id='word_1_308' title='bbox 548 4054 702 4128; x_wconf 79' lang='lat' dir='ltr'><strong>[vers.</strong></span> <span class='ocrx_word' id='word_1_309' title='bbox 734 4051 847 4124; x_wconf 70' lang='lat'><strong>19.]</strong></span> <span class='ocrx_word' id='word_1_310' title='bbox 877 4049 996 4105; x_wconf 86' lang='lat' dir='ltr'><strong>Fiat</strong></span> <span class='ocrx_word' id='word_1_311' title='bbox 1026 4059 1070 4103; x_wconf 89' lang='lat' dir='ltr'><strong>et</strong></span> <span class='ocrx_word' id='word_1_312' title='bbox 1094 4048 1223 4103; x_wconf 85' lang='lat' dir='ltr'><strong>sicut</strong></span> <span class='ocrx_word' id='word_1_313' title='bbox 1266 4046 1609 4100; x_wconf 86' lang='lat' dir='ltr'><strong>vestimentum</strong></span> <span class='ocrx_word' id='word_1_314' title='bbox 1642 4061 1741 4116; x_wconf 90' lang='lat' dir='ltr'><strong>quo</strong></span> <span class='ocrx_word' id='word_1_315' title='bbox 1788 4044 1955 4114; x_wconf 85' lang='lat' dir='ltr'><strong>aperi-</strong></span> 
     </span>
    </p>
   </div>
   <div class='ocr_carea' id='block_1_41' title="bbox 359 4134 1952 4217">
    <p class='ocr_par' dir='ltr' id='par_1_41' title="bbox 359 4134 1952 4217">
     <span class='ocr_line' id='line_1_42' title="bbox 359 4134 1952 4217; baseline -0.012 -10"><span class='ocrx_word' id='word_1_316' title='bbox 359 4162 467 4207; x_wconf 90' lang='lat' dir='ltr'><strong>tur.</strong></span> <span class='ocrx_word' id='word_1_317' title='bbox 512 4149 645 4205; x_wconf 89' lang='lat' dir='ltr'><strong>Cum</strong></span> <span class='ocrx_word' id='word_1_318' title='bbox 691 4144 936 4217; x_wconf 89' lang='lat' dir='ltr'><strong>superius</strong></span> <span class='ocrx_word' id='word_1_319' title='bbox 971 4142 1079 4211; x_wconf 88' lang='lat' dir='ltr'><strong>jam</strong></span> <span class='ocrx_word' id='word_1_320' title='bbox 1126 4138 1318 4194; x_wconf 85' lang='lat' dir='ltr'><strong>dixerit</strong></span> <span class='ocrx_word' id='word_1_321' title='bbox 1365 4136 1432 4191; x_wconf 88' lang='lat' dir='ltr'><strong>de</strong></span> <span class='ocrx_word' id='word_1_322' title='bbox 1459 4136 1796 4200; x_wconf 88' lang='lat' dir='ltr'><strong>vestimento,</strong></span> <span class='ocrx_word' id='word_1_323' title='bbox 1827 4134 1952 4205; x_wconf 89' lang='lat' dir='ltr'><strong>quid</strong></span> 
     </span>
    </p>
   </div>
   <div class='ocr_carea' id='block_1_42' title="bbox 361 4227 1958 4324">
    <p class='ocr_par' dir='ltr' id='par_1_42' title="bbox 361 4227 1958 4324">
     <span class='ocr_line' id='line_1_43' title="bbox 361 4227 1958 4324; baseline -0.014 -23"><span class='ocrx_word' id='word_1_324' title='bbox 361 4253 443 4302; x_wconf 88' lang='lat' dir='ltr'><strong>est</strong></span> <span class='ocrx_word' id='word_1_325' title='bbox 473 4240 615 4315; x_wconf 86' lang='lat' dir='ltr'><strong>quod</strong></span> <span class='ocrx_word' id='word_1_326' title='bbox 643 4235 875 4309; x_wconf 78' lang='lat' dir='ltr'><strong>repetit?</strong></span> <span class='ocrx_word' id='word_1_327' title='bbox 898 4235 979 4290; x_wconf 84' lang='lat' dir='ltr'><strong>An</strong></span> <span class='ocrx_word' id='word_1_328' title='bbox 1006 4233 1125 4304; x_wconf 89' lang='lat' dir='ltr'><strong>quia</strong></span> <span class='ocrx_word' id='word_1_329' title='bbox 1165 4231 1397 4324; x_wconf 75' lang='lat' dir='ltr'><strong>dixerat,</strong></span> <span class='ocrx_word' id='word_1_330' title='bbox 1426 4228 1604 4284; x_wconf 86' lang='lat' dir='ltr'><strong>Induit</strong></span> <span class='ocrx_word' id='word_1_331' title='bbox 1649 4227 1958 4282; x_wconf 86' lang='lat' dir='ltr'><strong>maledictio-</strong></span> 
     </span>
    </p>
   </div>
   <div class='ocr_carea' id='block_1_43' title="bbox 365 4322 1956 4393">
    <p class='ocr_par' dir='ltr' id='par_1_43' title="bbox 365 4322 1956 4393">
     <span class='ocr_line' id='line_1_44' title="bbox 365 4322 1956 4393; baseline -0.011 -1"><span class='ocrx_word' id='word_1_332' title='bbox 365 4354 481 4393; x_wconf 86' lang='lat' dir='ltr'><strong>nem</strong></span> <span class='ocrx_word' id='word_1_333' title='bbox 523 4335 653 4389; x_wconf 84' lang='lat' dir='ltr'><strong>sicut</strong></span> <span class='ocrx_word' id='word_1_334' title='bbox 682 4331 1043 4393; x_wconf 85' lang='lat' dir='ltr'><strong>vestimentum,</strong></span> <span class='ocrx_word' id='word_1_335' title='bbox 1084 4322 1261 4381; x_wconf 71' lang='lat' dir='ltr'><strong>ditl&#39;ert</strong></span> <span class='ocrx_word' id='word_1_336' title='bbox 1285 4323 1353 4379; x_wconf 92' lang='lat' dir='ltr'><strong>ab</strong></span> <span class='ocrx_word' id='word_1_337' title='bbox 1376 4338 1442 4380; x_wconf 91' lang='lat' dir='ltr'><strong>eo</strong></span> <span class='ocrx_word' id='word_1_338' title='bbox 1468 4322 1815 4377; x_wconf 88' lang='lat' dir='ltr'><strong>vestimentum</strong></span> <span class='ocrx_word' id='word_1_339' title='bbox 1858 4337 1956 4391; x_wconf 89' lang='lat' dir='ltr'><strong>quo</strong></span> 
     </span>
    </p>
   </div>
   <div class='ocr_carea' id='block_1_44' title="bbox 368 4413 1958 4492">
    <p class='ocr_par' dir='ltr' id='par_1_44' title="bbox 368 4413 1958 4492">
     <span class='ocr_line' id='line_1_45' title="bbox 368 4413 1958 4492; baseline -0.012 -7"><span class='ocrx_word' id='word_1_340' title='bbox 368 4446 476 4486; x_wconf 85' lang='lat' dir='ltr'><strong>non</strong></span> <span class='ocrx_word' id='word_1_341' title='bbox 516 4424 775 4492; x_wconf 89' lang='lat' dir='ltr'><strong>induitur,</strong></span> <span class='ocrx_word' id='word_1_342' title='bbox 808 4421 905 4478; x_wconf 90' lang='lat' dir='ltr'><strong>sed</strong></span> <span class='ocrx_word' id='word_1_343' title='bbox 953 4418 1222 4491; x_wconf 88' lang='lat' dir='ltr'><strong>aperitur?</strong></span> <span class='ocrx_word' id='word_1_344' title='bbox 1265 4415 1506 4471; x_wconf 87' lang='lat' dir='ltr'><strong>Induitur</strong></span> <span class='ocrx_word' id='word_1_345' title='bbox 1546 4414 1687 4469; x_wconf 86' lang='lat' dir='ltr'><strong>enim</strong></span> <span class='ocrx_word' id='word_1_346' title='bbox 1734 4413 1958 4485; x_wconf 90' lang='lat' dir='ltr'><strong>quisque</strong></span> 
     </span>
    </p>
   </div>
   <div class='ocr_carea' id='block_1_45' title="bbox 371 4505 1954 4588">
    <p class='ocr_par' dir='ltr' id='par_1_45' title="bbox 371 4505 1954 4588">
     <span class='ocr_line' id='line_1_46' title="bbox 371 4505 1954 4588; baseline -0.011 -11"><span class='ocrx_word' id='word_1_347' title='bbox 371 4522 569 4587; x_wconf 89' lang='lat' dir='ltr'><strong>tunica,</strong></span> <span class='ocrx_word' id='word_1_348' title='bbox 599 4516 839 4588; x_wconf 88' lang='lat' dir='ltr'><strong>operitur</strong></span> <span class='ocrx_word' id='word_1_349' title='bbox 864 4512 1045 4584; x_wconf 88' lang='lat' dir='ltr'><strong>pallio.</strong></span> <span class='ocrx_word' id='word_1_350' title='bbox 1068 4510 1135 4566; x_wconf 89' lang='lat' dir='ltr'><strong>Et</strong></span> <span class='ocrx_word' id='word_1_351' title='bbox 1172 4508 1302 4580; x_wconf 89' lang='lat' dir='ltr'><strong>quid</strong></span> <span class='ocrx_word' id='word_1_352' title='bbox 1326 4517 1409 4563; x_wconf 87' lang='lat' dir='ltr'><strong>est</strong></span> <span class='ocrx_word' id='word_1_353' title='bbox 1438 4507 1560 4573; x_wconf 89' lang='lat' dir='ltr'><strong>hoc,</strong></span> <span class='ocrx_word' id='word_1_354' title='bbox 1584 4506 1684 4561; x_wconf 90' lang='lat' dir='ltr'><strong>nisi</strong></span> <span class='ocrx_word' id='word_1_355' title='bbox 1714 4505 1875 4561; x_wconf 91' lang='lat' dir='ltr'><strong>etiam</strong></span> <span class='ocrx_word' id='word_1_356' title='bbox 1898 4505 1954 4560; x_wconf 91' lang='lat' dir='ltr'><strong>in</strong></span> 
     </span>
    </p>
   </div>
   <div class='ocr_carea' id='block_1_46' title="bbox 370 4599 1958 4685">
    <p class='ocr_par' dir='ltr' id='par_1_46' title="bbox 370 4599 1958 4685">
     <span class='ocr_line' id='line_1_47' title="bbox 370 4599 1958 4685; baseline -0.012 -12"><span class='ocrx_word' id='word_1_357' title='bbox 370 4622 658 4685; x_wconf 87' lang='lat' dir='ltr'><strong>conspectu</strong></span> <span class='ocrx_word' id='word_1_358' title='bbox 702 4608 976 4666; x_wconf 90' lang='lat' dir='ltr'><strong>hominum</strong></span> <span class='ocrx_word' id='word_1_359' title='bbox 1021 4604 1089 4661; x_wconf 92' lang='lat' dir='ltr'><strong>de</strong></span> <span class='ocrx_word' id='word_1_360' title='bbox 1123 4603 1401 4673; x_wconf 85' lang='lat' dir='ltr'><strong>iniquitate</strong></span> <span class='ocrx_word' id='word_1_361' title='bbox 1434 4601 1696 4672; x_wconf 85' lang='lat' dir='ltr'><strong>gloriari?</strong></span> <span class='ocrx_word' id='word_1_362' title='bbox 1738 4599 1805 4654; x_wconf 86' lang='lat' dir='ltr'><strong>Et</strong></span> <span class='ocrx_word' id='word_1_363' title='bbox 1830 4600 1958 4655; x_wconf 86' lang='lat' dir='ltr'><strong>sicut</strong></span> 
     </span>
    </p>
   </div>
   <div class='ocr_carea' id='block_1_47' title="bbox 371 4692 1959 4777">
    <p class='ocr_par' dir='ltr' id='par_1_47' title="bbox 371 4692 1959 4777">
     <span class='ocr_line' id='line_1_48' title="bbox 371 4692 1959 4777; baseline -0.013 -11"><span class='ocrx_word' id='word_1_364' title='bbox 371 4726 523 4776; x_wconf 80' lang='lat' dir='ltr'><strong>zona,</strong></span> <span class='ocrx_word' id='word_1_365' title='bbox 551 4706 741 4777; x_wconf 90' lang='lat' dir='ltr'><strong>inquit,</strong></span> <span class='ocrx_word' id='word_1_366' title='bbox 769 4718 869 4774; x_wconf 86' lang='lat' dir='ltr'><strong>qua</strong></span> <span class='ocrx_word' id='word_1_367' title='bbox 896 4716 1095 4771; x_wconf 80' lang='lat' dir='ltr'><strong>semper</strong></span> <span class='ocrx_word' id='word_1_368' title='bbox 1122 4696 1466 4769; x_wconf 68' lang='lat' dir='ltr'><strong>praecingitur.</strong></span> <span class='ocrx_word' id='word_1_369' title='bbox 1514 4693 1743 4749; x_wconf 81' lang='lat' dir='ltr'><strong>Maxime</strong></span> <span class='ocrx_word' id='word_1_370' title='bbox 1788 4692 1959 4748; x_wconf 90' lang='lat' dir='ltr'><strong>homi-</strong></span> 
     </span>
    </p>
   </div>
   <div class='ocr_carea' id='block_1_48' title="bbox 372 4785 1953 4868">
    <p class='ocr_par' dir='ltr' id='par_1_48' title="bbox 372 4785 1953 4868">
     <span class='ocr_line' id='line_1_49' title="bbox 372 4785 1953 4868; baseline -0.013 -8"><span class='ocrx_word' id='word_1_371' title='bbox 372 4816 465 4860; x_wconf 89' lang='lat' dir='ltr'><strong>nes</strong></span> <span class='ocrx_word' id='word_1_372' title='bbox 480 4799 603 4856; x_wconf 90' lang='lat' dir='ltr'><strong>ideo</strong></span> <span class='ocrx_word' id='word_1_373' title='bbox 632 4793 1045 4868; x_wconf 64' lang='lat' dir='ltr'><strong>praecinguntur,</strong></span> <span class='ocrx_word' id='word_1_374' title='bbox 1064 4798 1124 4845; x_wconf 92' lang='lat' dir='ltr'><strong>ut</strong></span> <span class='ocrx_word' id='word_1_375' title='bbox 1142 4788 1208 4843; x_wconf 90' lang='lat' dir='ltr'><strong>ad</strong></span> <span class='ocrx_word' id='word_1_376' title='bbox 1225 4786 1553 4859; x_wconf 85' lang='lat' dir='ltr'><strong>Operandum</strong></span> <span class='ocrx_word' id='word_1_377' title='bbox 1576 4785 1683 4841; x_wconf 90' lang='lat' dir='ltr'><strong>sint</strong></span> <span class='ocrx_word' id='word_1_378' title='bbox 1700 4785 1953 4855; x_wconf 87' lang='lat' dir='ltr'><strong>aptiores,</strong></span> 
     </span>
    </p>
   </div>
   <div class='ocr_carea' id='block_1_49' title="bbox 372 4878 1960 4957">
    <p class='ocr_par' dir='ltr' id='par_1_49' title="bbox 372 4878 1960 4957">
     <span class='ocr_line' id='line_1_50' title="bbox 372 4878 1960 4957; baseline -0.011 -5"><span class='ocrx_word' id='word_1_379' title='bbox 372 4913 437 4952; x_wconf 91' lang='lat' dir='ltr'><strong>ne</strong></span> <span class='ocrx_word' id='word_1_380' title='bbox 478 4892 646 4948; x_wconf 88' lang='lat' dir='ltr'><strong>vestis</strong></span> <span class='ocrx_word' id='word_1_381' title='bbox 685 4888 891 4946; x_wconf 87' lang='lat' dir='ltr'><strong>sinibus</strong></span> <span class='ocrx_word' id='word_1_382' title='bbox 931 4883 1343 4957; x_wconf 62' lang='lat' dir='ltr'><strong>praepediantur.</strong></span> <span class='ocrx_word' id='word_1_383' title='bbox 1393 4881 1535 4952; x_wconf 82' lang='lat' dir='ltr'><strong>Ergo</strong></span> <span class='ocrx_word' id='word_1_384' title='bbox 1585 4878 1960 4935; x_wconf 89' lang='lat' dir='ltr'><strong>maledictione</strong></span> 
     </span>
    </p>
   </div>
   <div class='ocr_carea' id='block_1_50' title="bbox 368 4970 1961 5059">
    <p class='ocr_par' dir='ltr' id='par_1_50' title="bbox 368 4970 1961 5059">
     <span class='ocr_line' id='line_1_51' title="bbox 368 4970 1961 5059; baseline -0.014 -14"><span class='ocrx_word' id='word_1_385' title='bbox 368 5003 426 5045; x_wconf 76' lang='lat' dir='ltr'><strong>se</strong></span> <span class='ocrx_word' id='word_1_386' title='bbox 451 4983 751 5059; x_wconf 72' lang='lat' dir='ltr'><strong>pramingit,</strong></span> <span class='ocrx_word' id='word_1_387' title='bbox 784 4980 876 5051; x_wconf 88' lang='lat' dir='ltr'><strong>qui</strong></span> <span class='ocrx_word' id='word_1_388' title='bbox 914 4978 1110 5034; x_wconf 91' lang='lat' dir='ltr'><strong>malum</strong></span> <span class='ocrx_word' id='word_1_389' title='bbox 1137 4990 1245 5030; x_wconf 92' lang='lat' dir='ltr'><strong>non</strong></span> <span class='ocrx_word' id='word_1_390' title='bbox 1270 4972 1629 5044; x_wconf 89' lang='lat' dir='ltr'><strong>repentinum,</strong></span> <span class='ocrx_word' id='word_1_391' title='bbox 1657 4970 1751 5026; x_wconf 87' lang='lat' dir='ltr'><strong>sed</strong></span> <span class='ocrx_word' id='word_1_392' title='bbox 1781 4970 1961 5041; x_wconf 89' lang='lat' dir='ltr'><strong>dispo-</strong></span> 
     </span>
    </p>
   </div>
   <div class='ocr_carea' id='block_1_51' title="bbox 368 5063 1959 5148">
    <p class='ocr_par' dir='ltr' id='par_1_51' title="bbox 368 5063 1959 5148">
     <span class='ocr_line' id='line_1_52' title="bbox 368 5063 1959 5148; baseline -0.012 -11"><span class='ocrx_word' id='word_1_393' title='bbox 368 5082 531 5137; x_wconf 86' lang='lat' dir='ltr'><strong>situm</strong></span> <span class='ocrx_word' id='word_1_394' title='bbox 558 5073 880 5148; x_wconf 77' lang='lat' dir='ltr'><strong>aggreditur,</strong></span> <span class='ocrx_word' id='word_1_395' title='bbox 907 5078 963 5126; x_wconf 90' lang='lat' dir='ltr'><strong>et</strong></span> <span class='ocrx_word' id='word_1_396' title='bbox 1006 5069 1077 5124; x_wconf 90' lang='lat' dir='ltr'><strong>ita</strong></span> <span class='ocrx_word' id='word_1_397' title='bbox 1106 5067 1265 5123; x_wconf 86' lang='lat' dir='ltr'><strong>discit</strong></span> <span class='ocrx_word' id='word_1_398' title='bbox 1292 5063 1631 5129; x_wconf 81' lang='lat' dir='ltr'><strong>malefacere,</strong></span> <span class='ocrx_word' id='word_1_399' title='bbox 1659 5072 1718 5118; x_wconf 93' lang='lat' dir='ltr'><strong>ut</strong></span> <span class='ocrx_word' id='word_1_400' title='bbox 1745 5078 1959 5133; x_wconf 87' lang='lat' dir='ltr'><strong>semper</strong></span> 
     </span>
    </p>
   </div>
   <div class='ocr_carea' id='block_1_52' title="bbox 369 5157 1959 5246">
    <p class='ocr_par' dir='ltr' id='par_1_52' title="bbox 369 5157 1959 5246">
     <span class='ocr_line' id='line_1_53' title="bbox 369 5157 1959 5246; baseline -0.011 -17"><span class='ocrx_word' id='word_1_401' title='bbox 369 5181 588 5246; x_wconf 87' lang='lat' dir='ltr'><strong>paratus</strong></span> <span class='ocrx_word' id='word_1_402' title='bbox 615 5169 685 5225; x_wconf 86' lang='lat' dir='ltr'><strong>sit</strong></span> <span class='ocrx_word' id='word_1_403' title='bbox 717 5185 732 5223; x_wconf 91' lang='lat'><strong>:</strong></span> <span class='ocrx_word' id='word_1_404' title='bbox 759 5164 902 5222; x_wconf 90' lang='lat' dir='ltr'><strong>unde</strong></span> <span class='ocrx_word' id='word_1_405' title='bbox 928 5172 982 5220; x_wconf 91' lang='lat' dir='ltr'><strong>et</strong></span> <span class='ocrx_word' id='word_1_406' title='bbox 1008 5161 1096 5217; x_wconf 89' lang='lat' dir='ltr'><strong>hic</strong></span> <span class='ocrx_word' id='word_1_407' title='bbox 1124 5159 1219 5227; x_wconf 88' lang='lat' dir='ltr'><strong>ait,</strong></span> <span class='ocrx_word' id='word_1_408' title='bbox 1242 5157 1310 5214; x_wconf 88' lang='lat' dir='ltr'><strong>Et</strong></span> <span class='ocrx_word' id='word_1_409' title='bbox 1334 5158 1459 5212; x_wconf 84' lang='lat' dir='ltr'><strong>sicut</strong></span> <span class='ocrx_word' id='word_1_410' title='bbox 1476 5172 1607 5211; x_wconf 75' lang='lat' dir='ltr'><strong>zona</strong></span> <span class='ocrx_word' id='word_1_411' title='bbox 1632 5171 1733 5226; x_wconf 89' lang='lat' dir='ltr'><strong>qua</strong></span> <span class='ocrx_word' id='word_1_412' title='bbox 1764 5171 1959 5227; x_wconf 84' lang='lat' dir='ltr'><strong>semper</strong></span> 
     </span>
    </p>
   </div>
   <div class='ocr_carea' id='block_1_53' title="bbox 369 5262 713 5339">
    <p class='ocr_par' dir='ltr' id='par_1_53' title="bbox 369 5262 713 5339">
     <span class='ocr_line' id='line_1_54' title="bbox 369 5262 713 5339; baseline -0.023 -17"><span class='ocrx_word' id='word_1_413' title='bbox 369 5262 713 5339; x_wconf 66' lang='lat' dir='ltr'><strong>praecingitur.</strong></span> 
     </span>
    </p>
   </div>
   <div class='ocr_carea' id='block_1_54' title="bbox 438 5341 1960 5428">
    <p class='ocr_par' dir='ltr' id='par_1_54' title="bbox 438 5341 1960 5428">
     <span class='ocr_line' id='line_1_55' title="bbox 438 5341 1960 5428; baseline -0.011 -16"><span class='ocrx_word' id='word_1_414' title='bbox 438 5357 531 5412; x_wconf 87' lang='lat'><strong>22.</strong></span> <span class='ocrx_word' id='word_1_415' title='bbox 560 5354 710 5428; x_wconf 74' lang='lat' dir='ltr'><strong>(vers.</strong></span> <span class='ocrx_word' id='word_1_416' title='bbox 740 5349 857 5426; x_wconf 87' lang='lat'><strong>20.]</strong></span> <span class='ocrx_word' id='word_1_417' title='bbox 892 5347 1004 5403; x_wconf 85' lang='lat' dir='ltr'><strong>Hoc</strong></span> <span class='ocrx_word' id='word_1_418' title='bbox 1033 5363 1160 5419; x_wconf 83' lang='lat' dir='ltr'><strong>Opus</strong></span> <span class='ocrx_word' id='word_1_419' title='bbox 1198 5360 1371 5400; x_wconf 88' lang='lat' dir='ltr'><strong>eorum</strong></span> <span class='ocrx_word' id='word_1_420' title='bbox 1394 5342 1481 5414; x_wconf 87' lang='lat' dir='ltr'><strong>qui</strong></span> <span class='ocrx_word' id='word_1_421' title='bbox 1518 5342 1791 5397; x_wconf 87' lang='lat' dir='ltr'><strong>detrahunt</strong></span> <span class='ocrx_word' id='word_1_422' title='bbox 1835 5341 1960 5396; x_wconf 82' lang='lat' dir='ltr'><strong>mihi</strong></span> 
     </span>
    </p>
   </div>
   <div class='ocr_carea' id='block_1_55' title="bbox 367 5433 1961 5522">
    <p class='ocr_par' dir='ltr' id='par_1_55' title="bbox 367 5433 1961 5522">
     <span class='ocr_line' id='line_1_56' title="bbox 367 5433 1961 5522; baseline -0.008 -19"><span class='ocrx_word' id='word_1_423' title='bbox 367 5449 509 5522; x_wconf 77' lang='lat' dir='ltr'><strong>apud</strong></span> <span class='ocrx_word' id='word_1_424' title='bbox 536 5446 831 5502; x_wconf 87' lang='lat' dir='ltr'><strong>Dominum.</strong></span> <span class='ocrx_word' id='word_1_425' title='bbox 860 5440 976 5498; x_wconf 82' lang='lat' dir='ltr'><strong>Non</strong></span> <span class='ocrx_word' id='word_1_426' title='bbox 1002 5438 1157 5506; x_wconf 80' lang='lat' dir='ltr'><strong>dixit,</strong></span> <span class='ocrx_word' id='word_1_427' title='bbox 1192 5451 1397 5493; x_wconf 90' lang='lat' dir='ltr'><strong>merces</strong></span> <span class='ocrx_word' id='word_1_428' title='bbox 1427 5449 1650 5500; x_wconf 91' lang='lat' dir='ltr'><strong>eorum;</strong></span> <span class='ocrx_word' id='word_1_429' title='bbox 1683 5433 1801 5501; x_wconf 87' lang='lat' dir='ltr'><strong>sed,</strong></span> <span class='ocrx_word' id='word_1_430' title='bbox 1832 5450 1961 5505; x_wconf 76' lang='lat' dir='ltr'><strong>Opus</strong></span> 
     </span>
    </p>
   </div>
   <div class='ocr_carea' id='block_1_56' title="bbox 364 5529 1962 5603">
    <p class='ocr_par' dir='ltr' id='par_1_56' title="bbox 364 5529 1962 5603">
     <span class='ocr_line' id='line_1_57' title="bbox 364 5529 1962 5603; baseline -0.011 -1"><span class='ocrx_word' id='word_1_431' title='bbox 364 5558 545 5603; x_wconf 81' lang='lat' dir='ltr'><strong>eorum</strong></span> <span class='ocrx_word' id='word_1_432' title='bbox 582 5559 603 5597; x_wconf 90' lang='lat'><strong><em>:</em></strong></span> <span class='ocrx_word' id='word_1_433' title='bbox 641 5538 982 5597; x_wconf 86' lang='lat' dir='ltr'><strong>manifestum</strong></span> <span class='ocrx_word' id='word_1_434' title='bbox 1034 5542 1117 5591; x_wconf 90' lang='lat' dir='ltr'><strong>est</strong></span> <span class='ocrx_word' id='word_1_435' title='bbox 1159 5531 1302 5590; x_wconf 88' lang='lat' dir='ltr'><strong>enim</strong></span> <span class='ocrx_word' id='word_1_436' title='bbox 1345 5529 1487 5602; x_wconf 89' lang='lat' dir='ltr'><strong>quod</strong></span> <span class='ocrx_word' id='word_1_437' title='bbox 1525 5529 1864 5597; x_wconf 90' lang='lat' dir='ltr'><strong>indumento,</strong></span> <span class='ocrx_word' id='word_1_438' title='bbox 1905 5538 1962 5586; x_wconf 86' lang='lat' dir='ltr'><strong>et</strong></span> 
     </span>
    </p>
   </div>
   <div class='ocr_carea' id='block_1_57' title="bbox 365 5622 1957 5711">
    <p class='ocr_par' dir='ltr' id='par_1_57' title="bbox 365 5622 1957 5711">
     <span class='ocr_line' id='line_1_58' title="bbox 365 5622 1957 5711; baseline -0.013 -14"><span class='ocrx_word' id='word_1_439' title='bbox 365 5638 665 5711; x_wconf 84' lang='lat' dir='ltr'><strong>opertorio,</strong></span> <span class='ocrx_word' id='word_1_440' title='bbox 694 5642 750 5691; x_wconf 89' lang='lat' dir='ltr'><strong>et</strong></span> <span class='ocrx_word' id='word_1_441' title='bbox 779 5646 936 5704; x_wconf 80' lang='lat' dir='ltr'><strong>aqua,</strong></span> <span class='ocrx_word' id='word_1_442' title='bbox 964 5637 1021 5685; x_wconf 91' lang='lat' dir='ltr'><strong>et</strong></span> <span class='ocrx_word' id='word_1_443' title='bbox 1045 5628 1189 5695; x_wconf 89' lang='lat' dir='ltr'><strong>oleo,</strong></span> <span class='ocrx_word' id='word_1_444' title='bbox 1212 5634 1267 5683; x_wconf 88' lang='lat' dir='ltr'><strong>et</strong></span> <span class='ocrx_word' id='word_1_445' title='bbox 1309 5639 1463 5689; x_wconf 82' lang='lat' dir='ltr'><strong>zona,</strong></span> <span class='ocrx_word' id='word_1_446' title='bbox 1506 5623 1621 5694; x_wconf 84' lang='lat' dir='ltr'><strong>ipsa</strong></span> <span class='ocrx_word' id='word_1_447' title='bbox 1660 5638 1822 5695; x_wconf 89' lang='lat' dir='ltr'><strong>opera</strong></span> <span class='ocrx_word' id='word_1_448' title='bbox 1859 5622 1957 5679; x_wconf 85' lang='lat' dir='ltr'><strong>de-</strong></span> 
     </span>
    </p>
   </div>
   <div class='ocr_carea' id='block_1_58' title="bbox 366 5714 1959 5800">
    <p class='ocr_par' dir='ltr' id='par_1_58' title="bbox 366 5714 1959 5800">
     <span class='ocr_line' id='line_1_59' title="bbox 366 5714 1959 5800; baseline -0.013 -9"><span class='ocrx_word' id='word_1_449' title='bbox 366 5730 643 5796; x_wconf 79' lang='lat' dir='ltr'><strong>scribebat</strong></span> <span class='ocrx_word' id='word_1_450' title='bbox 670 5727 864 5800; x_wconf 86' lang='lat' dir='ltr'><strong>quibus</strong></span> <span class='ocrx_word' id='word_1_451' title='bbox 894 5732 1092 5780; x_wconf 68' lang='lat' dir='ltr'><strong>aeterna</strong></span> <span class='ocrx_word' id='word_1_452' title='bbox 1115 5718 1419 5776; x_wconf 88' lang='lat' dir='ltr'><strong>maledictio</strong></span> <span class='ocrx_word' id='word_1_453' title='bbox 1454 5726 1813 5788; x_wconf 86' lang='lat' dir='ltr'><strong>comparatur.</strong></span> <span class='ocrx_word' id='word_1_454' title='bbox 1842 5714 1959 5772; x_wconf 84' lang='lat' dir='ltr'><strong>Non</strong></span> 
     </span>
    </p>
   </div>
   <div class='ocr_carea' id='block_1_59' title="bbox 366 5808 1957 5901">
    <p class='ocr_par' dir='ltr' id='par_1_59' title="bbox 366 5808 1957 5901">
     <span class='ocr_line' id='line_1_60' title="bbox 366 5808 1957 5901; baseline -0.014 -14"><span class='ocrx_word' id='word_1_455' title='bbox 366 5842 501 5901; x_wconf 84' lang='lat' dir='ltr'><strong>ergo</strong></span> <span class='ocrx_word' id='word_1_456' title='bbox 539 5832 626 5881; x_wconf 88' lang='lat' dir='ltr'><strong>est</strong></span> <span class='ocrx_word' id='word_1_457' title='bbox 662 5837 801 5879; x_wconf 87' lang='lat' dir='ltr'><strong>unus</strong></span> <span class='ocrx_word' id='word_1_458' title='bbox 838 5817 1023 5885; x_wconf 80' lang='lat' dir='ltr'><strong>Judas,</strong></span> <span class='ocrx_word' id='word_1_459' title='bbox 1075 5813 1169 5870; x_wconf 88' lang='lat' dir='ltr'><strong>sed</strong></span> <span class='ocrx_word' id='word_1_460' title='bbox 1208 5812 1385 5877; x_wconf 89' lang='lat' dir='ltr'><strong>multi,</strong></span> <span class='ocrx_word' id='word_1_461' title='bbox 1412 5809 1479 5868; x_wconf 88' lang='lat' dir='ltr'><strong>de</strong></span> <span class='ocrx_word' id='word_1_462' title='bbox 1521 5810 1713 5881; x_wconf 89' lang='lat' dir='ltr'><strong>quibus</strong></span> <span class='ocrx_word' id='word_1_463' title='bbox 1744 5808 1957 5897; x_wconf 88' lang='lat' dir='ltr'><strong>dicitur,</strong></span> 
     </span>
    </p>
   </div>
   <div class='ocr_carea' id='block_1_60' title="bbox 432 5924 1329 5995">
    <p class='ocr_par' dir='ltr' id='par_1_60' title="bbox 432 5924 1329 5995">
     <span class='ocr_line' id='line_1_61' title="bbox 432 5924 1329 5995; baseline -0.02 -2"><span class='ocrx_word' id='word_1_464' title='bbox 432 5944 447 5975; x_wconf 74' lang='grc'><em>³</em></span> <span class='ocrx_word' id='word_1_465' title='bbox 486 5947 591 5991; x_wconf 84' lang='lat' dir='ltr'><strong>Duo</strong></span> <span class='ocrx_word' id='word_1_466' title='bbox 614 5934 829 5988; x_wconf 77' lang='lat' dir='ltr'><strong>melioris</strong></span> <span class='ocrx_word' id='word_1_467' title='bbox 849 5937 977 5984; x_wconf 79' lang='lat' dir='ltr'><strong>notae</strong></span> <span class='ocrx_word' id='word_1_468' title='bbox 998 5936 1088 5980; x_wconf 78' lang='lat' dir='ltr'><strong>Mss</strong></span> <span class='ocrx_word' id='word_1_469' title='bbox 1115 5967 1125 5995; x_wconf 90' lang='lat'><strong>,</strong></span> <span class='ocrx_word' id='word_1_470' title='bbox 1154 5924 1329 5977; x_wconf 81' lang='lat' dir='ltr'><strong>anima.</strong></span> 
     </span>
    </p>
   </div>
   <div class='ocr_carea' id='block_1_61' title="bbox 1437 372 2513 451">
    <p class='ocr_par' dir='ltr' id='par_1_61' title="bbox 1437 372 2513 451">
     <span class='ocr_line' id='line_1_62' title="bbox 1437 372 2513 451; baseline -0.007 0"><span class='ocrx_word' id='word_1_471' title='bbox 1437 388 1833 451; x_wconf 73' lang='lat' dir='ltr'><strong>ENARRATIO</strong></span> <span class='ocrx_word' id='word_1_472' title='bbox 1873 372 1935 445; x_wconf 64' lang='lat' dir='ltr'><strong>is</strong></span> <span class='ocrx_word' id='word_1_473' title='bbox 1977 388 2298 447; x_wconf 76' lang='lat' dir='ltr'><strong>PSALMUM</strong></span> <span class='ocrx_word' id='word_1_474' title='bbox 2337 387 2513 445; x_wconf 81' lang='lat' dir='ltr'><strong>cvm.</strong></span> 
     </span>
    </p>
   </div>
   <div class='ocr_carea' id='block_1_62' title="bbox 3491 400 3631 459">
    <p class='ocr_par' dir='ltr' id='par_1_62' title="bbox 3491 400 3631 459">
     <span class='ocr_line' id='line_1_63' title="bbox 3491 400 3631 459; baseline 0 -2"><span class='ocrx_word' id='word_1_475' title='bbox 3491 400 3631 459; x_wconf 65' lang='lat' dir='ltr'><strong>Hi2</strong></span> 
     </span>
    </p>
   </div>
   <div class='ocr_carea' id='block_1_63' title="bbox 2046 501 3626 586">
    <p class='ocr_par' dir='ltr' id='par_1_63' title="bbox 2046 501 3626 586">
     <span class='ocr_line' id='line_1_64' title="bbox 2046 501 3626 586; baseline 0.008 -31"><span class='ocrx_word' id='word_1_476' title='bbox 2046 501 2159 557; x_wconf 74' lang='lat' dir='ltr'><strong>Hoc</strong></span> <span class='ocrx_word' id='word_1_477' title='bbox 2193 520 2321 574; x_wconf 84' lang='lat' dir='ltr'><strong>opus</strong></span> <span class='ocrx_word' id='word_1_478' title='bbox 2365 521 2539 560; x_wconf 85' lang='lat' dir='ltr'><strong>eorum</strong></span> <span class='ocrx_word' id='word_1_479' title='bbox 2579 504 2665 576; x_wconf 80' lang='lat' dir='ltr'><strong>qui</strong></span> <span class='ocrx_word' id='word_1_480' title='bbox 2713 501 2979 561; x_wconf 78' lang='lat' dir='ltr'><strong>detrahunt</strong></span> <span class='ocrx_word' id='word_1_481' title='bbox 2999 511 3124 567; x_wconf 77' lang='lat' dir='ltr'><strong>mihi</strong></span> <span class='ocrx_word' id='word_1_482' title='bbox 3165 513 3305 586; x_wconf 81' lang='lat' dir='ltr'><strong>apud</strong></span> <span class='ocrx_word' id='word_1_483' title='bbox 3330 512 3626 573; x_wconf 74' lang='lat' dir='ltr'><strong>Dominum.</strong></span> 
     </span>
    </p>
   </div>
   <div class='ocr_carea' id='block_1_64' title="bbox 2039 594 3634 679">
    <p class='ocr_par' dir='ltr' id='par_1_64' title="bbox 2039 594 3634 679">
     <span class='ocr_line' id='line_1_65' title="bbox 2039 594 3634 679; baseline 0.011 -30"><span class='ocrx_word' id='word_1_484' title='bbox 2039 594 2353 666; x_wconf 86' lang='lat' dir='ltr'><strong>Quanquam</strong></span> <span class='ocrx_word' id='word_1_485' title='bbox 2373 605 2428 652; x_wconf 90' lang='lat' dir='ltr'><strong>et</strong></span> <span class='ocrx_word' id='word_1_486' title='bbox 2451 596 2672 668; x_wconf 90' lang='lat' dir='ltr'><strong>pluralis</strong></span> <span class='ocrx_word' id='word_1_487' title='bbox 2695 614 2953 656; x_wconf 88' lang='lat' dir='ltr'><strong>numerus</strong></span> <span class='ocrx_word' id='word_1_488' title='bbox 2977 600 3104 672; x_wconf 91' lang='lat' dir='ltr'><strong>poni</strong></span> <span class='ocrx_word' id='word_1_489' title='bbox 3128 608 3294 672; x_wconf 88' lang='lat' dir='ltr'><strong>potuit</strong></span> <span class='ocrx_word' id='word_1_490' title='bbox 3321 624 3419 679; x_wconf 87' lang='lat' dir='ltr'><strong>pro</strong></span> <span class='ocrx_word' id='word_1_491' title='bbox 3445 625 3634 667; x_wconf 80' lang='lat' dir='ltr'><strong>nume-</strong></span> 
     </span>
    </p>
   </div>
   <div class='ocr_carea' id='block_1_65' title="bbox 2040 688 3633 763">
    <p class='ocr_par' dir='ltr' id='par_1_65' title="bbox 2040 688 3633 763">
     <span class='ocr_line' id='line_1_66' title="bbox 2040 688 3633 763; baseline 0.011 -21"><span class='ocrx_word' id='word_1_492' title='bbox 2040 701 2104 743; x_wconf 90' lang='lat' dir='ltr'><strong>ro</strong></span> <span class='ocrx_word' id='word_1_493' title='bbox 2131 688 2415 759; x_wconf 78' lang='lat' dir='ltr'><strong>singulari;</strong></span> <span class='ocrx_word' id='word_1_494' title='bbox 2461 688 2615 757; x_wconf 90' lang='lat' dir='ltr'><strong>sicut,</strong></span> <span class='ocrx_word' id='word_1_495' title='bbox 2662 691 2875 749; x_wconf 79' lang='lat' dir='ltr'><strong>Herode</strong></span> <span class='ocrx_word' id='word_1_496' title='bbox 2917 703 3153 763; x_wconf 91' lang='lat' dir='ltr'><strong>mortuo,</strong></span> <span class='ocrx_word' id='word_1_497' title='bbox 3204 694 3403 753; x_wconf 89' lang='lat' dir='ltr'><strong>dictum</strong></span> <span class='ocrx_word' id='word_1_498' title='bbox 3441 713 3525 756; x_wconf 83' lang='lat' dir='ltr'><strong>est</strong></span> <span class='ocrx_word' id='word_1_499' title='bbox 3563 704 3633 761; x_wconf 90' lang='lat' dir='ltr'><strong>ab</strong></span> 
     </span>
    </p>
   </div>
   <div class='ocr_carea' id='block_1_66' title="bbox 2041 779 3635 863">
    <p class='ocr_par' dir='ltr' id='par_1_66' title="bbox 2041 779 3635 863">
     <span class='ocr_line' id='line_1_67' title="bbox 2041 779 3635 863; baseline 0.009 -30"><span class='ocrx_word' id='word_1_500' title='bbox 2041 780 2231 849; x_wconf 81' lang='lat' dir='ltr'><strong>angelo</strong></span> <span class='ocrx_word' id='word_1_501' title='bbox 2251 796 2264 832; x_wconf 92' lang='lat'>:</span> <span class='ocrx_word' id='word_1_502' title='bbox 2287 779 2477 835; x_wconf 78' lang='lat' dir='ltr'><strong>Mortui</strong></span> <span class='ocrx_word' id='word_1_503' title='bbox 2492 790 2608 837; x_wconf 85' lang='lat' dir='ltr'><strong>sunt</strong></span> <span class='ocrx_word' id='word_1_504' title='bbox 2623 782 2708 852; x_wconf 88' lang='lat' dir='ltr'><strong>qui</strong></span> <span class='ocrx_word' id='word_1_505' title='bbox 2722 784 3010 854; x_wconf 61' lang='lat' dir='ltr'><strong>quaerebant</strong></span> <span class='ocrx_word' id='word_1_506' title='bbox 3024 786 3247 841; x_wconf 85' lang='lat' dir='ltr'><strong>animam</strong></span> <span class='ocrx_word' id='word_1_507' title='bbox 3258 788 3403 858; x_wconf 87' lang='lat' dir='ltr'><strong>pueri</strong></span> <span class='ocrx_word' id='word_1_508' title='bbox 3420 788 3635 863; x_wconf 66' lang='lat' dir='ltr'><strong>(Matt/1.</strong></span> 
     </span>
    </p>
   </div>
   <div class='ocr_carea' id='block_1_67' title="bbox 2042 869 3633 952">
    <p class='ocr_par' dir='ltr' id='par_1_67' title="bbox 2042 869 3633 952">
     <span class='ocr_line' id='line_1_68' title="bbox 2042 869 3633 952; baseline 0.008 -25"><span class='ocrx_word' id='word_1_509' title='bbox 2042 885 2102 939; x_wconf 87' lang='lat' dir='ltr'><strong>ll,</strong></span> <span class='ocrx_word' id='word_1_510' title='bbox 2124 870 2241 942; x_wconf 88' lang='lat'><strong>20).</strong></span> <span class='ocrx_word' id='word_1_511' title='bbox 2274 869 2379 927; x_wconf 88' lang='lat' dir='ltr'><strong>Sed</strong></span> <span class='ocrx_word' id='word_1_512' title='bbox 2400 874 2490 943; x_wconf 88' lang='lat' dir='ltr'><strong>qui</strong></span> <span class='ocrx_word' id='word_1_513' title='bbox 2514 874 2687 945; x_wconf 88' lang='lat' dir='ltr'><strong>magis</strong></span> <span class='ocrx_word' id='word_1_514' title='bbox 2720 874 3009 932; x_wconf 89' lang='lat' dir='ltr'><strong>detrahunt</strong></span> <span class='ocrx_word' id='word_1_515' title='bbox 3034 877 3251 934; x_wconf 87' lang='lat' dir='ltr'><strong>Christo</strong></span> <span class='ocrx_word' id='word_1_516' title='bbox 3279 880 3419 952; x_wconf 89' lang='lat' dir='ltr'><strong>apud</strong></span> <span class='ocrx_word' id='word_1_517' title='bbox 3447 882 3633 939; x_wconf 85' lang='lat' dir='ltr'><strong>Domi-</strong></span> 
     </span>
    </p>
   </div>
   <div class='ocr_carea' id='block_1_68' title="bbox 2043 964 3632 1041">
    <p class='ocr_par' dir='ltr' id='par_1_68' title="bbox 2043 964 3632 1041">
     <span class='ocr_line' id='line_1_69' title="bbox 2043 964 3632 1041; baseline 0.009 -22"><span class='ocrx_word' id='word_1_518' title='bbox 2043 977 2193 1031; x_wconf 86' lang='lat' dir='ltr'><strong>num,</strong></span> <span class='ocrx_word' id='word_1_519' title='bbox 2225 964 2326 1019; x_wconf 92' lang='lat' dir='ltr'><strong>nisi</strong></span> <span class='ocrx_word' id='word_1_520' title='bbox 2352 964 2431 1019; x_wconf 91' lang='lat' dir='ltr'><strong>illi</strong></span> <span class='ocrx_word' id='word_1_521' title='bbox 2460 965 2550 1036; x_wconf 90' lang='lat' dir='ltr'><strong>qui</strong></span> <span class='ocrx_word' id='word_1_522' title='bbox 2576 965 2706 1037; x_wconf 85' lang='lat' dir='ltr'><strong>ipsis</strong></span> <span class='ocrx_word' id='word_1_523' title='bbox 2742 967 2923 1024; x_wconf 86' lang='lat' dir='ltr'><strong>verbis</strong></span> <span class='ocrx_word' id='word_1_524' title='bbox 2968 970 3180 1027; x_wconf 89' lang='lat' dir='ltr'><strong>Domini</strong></span> <span class='ocrx_word' id='word_1_525' title='bbox 3209 972 3518 1041; x_wconf 86' lang='lat' dir='ltr'><strong>detrahunt,</strong></span> <span class='ocrx_word' id='word_1_526' title='bbox 3544 975 3632 1032; x_wconf 86' lang='lat' dir='ltr'><strong>di-</strong></span> 
     </span>
    </p>
   </div>
   <div class='ocr_carea' id='block_1_69' title="bbox 2043 1059 3634 1139">
    <p class='ocr_par' dir='ltr' id='par_1_69' title="bbox 2043 1059 3634 1139">
     <span class='ocr_line' id='line_1_70' title="bbox 2043 1059 3634 1139; baseline 0.008 -26"><span class='ocrx_word' id='word_1_527' title='bbox 2043 1064 2229 1113; x_wconf 88' lang='lat' dir='ltr'><strong>centes</strong></span> <span class='ocrx_word' id='word_1_528' title='bbox 2257 1073 2364 1115; x_wconf 93' lang='lat' dir='ltr'><strong>non</strong></span> <span class='ocrx_word' id='word_1_529' title='bbox 2393 1073 2513 1115; x_wconf 85' lang='lat' dir='ltr'><strong>esse</strong></span> <span class='ocrx_word' id='word_1_530' title='bbox 2529 1059 2705 1130; x_wconf 91' lang='lat' dir='ltr'><strong>ipsum</strong></span> <span class='ocrx_word' id='word_1_531' title='bbox 2726 1076 2885 1133; x_wconf 90' lang='lat' dir='ltr'><strong>quem</strong></span> <span class='ocrx_word' id='word_1_532' title='bbox 2906 1062 3017 1119; x_wconf 79' lang='lat' dir='ltr'><strong>Lex</strong></span> <span class='ocrx_word' id='word_1_533' title='bbox 3040 1062 3249 1121; x_wconf 89' lang='lat' dir='ltr'><strong>Domini</strong></span> <span class='ocrx_word' id='word_1_534' title='bbox 3269 1074 3324 1122; x_wconf 91' lang='lat' dir='ltr'><strong>et</strong></span> <span class='ocrx_word' id='word_1_535' title='bbox 3348 1066 3634 1139; x_wconf 68' lang='lat' dir='ltr'><strong>Propheta:</strong></span> 
     </span>
    </p>
   </div>
   <div class='ocr_carea' id='block_1_70' title="bbox 2044 1150 3638 1227">
    <p class='ocr_par' dir='ltr' id='par_1_70' title="bbox 2044 1150 3638 1227">
     <span class='ocr_line' id='line_1_71' title="bbox 2044 1150 3638 1227; baseline 0.008 -24"><span class='ocrx_word' id='word_1_536' title='bbox 2044 1150 2503 1219; x_wconf 72' lang='lat' dir='ltr'><strong>pmnuntiarunt?</strong></span> <span class='ocrx_word' id='word_1_537' title='bbox 2531 1151 2602 1206; x_wconf 81' lang='lat' dir='ltr'><strong>Et</strong></span> <span class='ocrx_word' id='word_1_538' title='bbox 2630 1153 2718 1223; x_wconf 86' lang='lat' dir='ltr'><strong>qui</strong></span> <span class='ocrx_word' id='word_1_539' title='bbox 2748 1152 3043 1225; x_wconf 86' lang='lat' dir='ltr'><strong>loquuntur,</strong></span> <span class='ocrx_word' id='word_1_540' title='bbox 3066 1156 3257 1227; x_wconf 88' lang='lat' dir='ltr'><strong>inquit,</strong></span> <span class='ocrx_word' id='word_1_541' title='bbox 3294 1159 3431 1214; x_wconf 91' lang='lat' dir='ltr'><strong>mala</strong></span> <span class='ocrx_word' id='word_1_542' title='bbox 3457 1161 3638 1217; x_wconf 83' lang='lat' dir='ltr'><strong>adver-</strong></span> 
     </span>
    </p>
   </div>
   <div class='ocr_carea' id='block_1_71' title="bbox 2044 1244 3635 1322">
    <p class='ocr_par' dir='ltr' id='par_1_71' title="bbox 2044 1244 3635 1322">
     <span class='ocr_line' id='line_1_72' title="bbox 2044 1244 3635 1322; baseline 0.009 -25"><span class='ocrx_word' id='word_1_543' title='bbox 2044 1259 2131 1299; x_wconf 87' lang='lat' dir='ltr'><strong>sus</strong></span> <span class='ocrx_word' id='word_1_544' title='bbox 2176 1244 2396 1299; x_wconf 88' lang='lat' dir='ltr'><strong>animam</strong></span> <span class='ocrx_word' id='word_1_545' title='bbox 2450 1260 2617 1300; x_wconf 75' lang='lat' dir='ltr'><strong>nteant</strong></span> <span class='ocrx_word' id='word_1_546' title='bbox 2648 1261 2667 1301; x_wconf 91' lang='lat'><strong><em>:</em></strong></span> <span class='ocrx_word' id='word_1_547' title='bbox 2695 1247 2941 1317; x_wconf 86' lang='lat' dir='ltr'><strong>negando</strong></span> <span class='ocrx_word' id='word_1_548' title='bbox 2988 1263 3146 1316; x_wconf 90' lang='lat' dir='ltr'><strong>eum,</strong></span> <span class='ocrx_word' id='word_1_549' title='bbox 3193 1265 3315 1307; x_wconf 90' lang='lat' dir='ltr'><strong>cum</strong></span> <span class='ocrx_word' id='word_1_550' title='bbox 3360 1253 3635 1322; x_wconf 85' lang='lat' dir='ltr'><strong>voluisset,</strong></span> 
     </span>
    </p>
   </div>
   <div class='ocr_carea' id='block_1_72' title="bbox 2045 1336 3642 1416">
    <p class='ocr_par' dir='ltr' id='par_1_72' title="bbox 2045 1336 3642 1416">
     <span class='ocr_line' id='line_1_73' title="bbox 2045 1336 3642 1416; baseline 0.009 -27"><span class='ocrx_word' id='word_1_551' title='bbox 2045 1336 2282 1406; x_wconf 89' lang='lat' dir='ltr'><strong>potuisse</strong></span> <span class='ocrx_word' id='word_1_552' title='bbox 2308 1351 2623 1408; x_wconf 78' lang='lat' dir='ltr'><strong>resurgere;</strong></span> <span class='ocrx_word' id='word_1_553' title='bbox 2660 1353 2781 1393; x_wconf 91' lang='lat' dir='ltr'><strong>cum</strong></span> <span class='ocrx_word' id='word_1_554' title='bbox 2820 1339 2984 1406; x_wconf 89' lang='lat' dir='ltr'><strong>dicat,</strong></span> <span class='ocrx_word' id='word_1_555' title='bbox 3008 1340 3321 1398; x_wconf 81' lang='lat' dir='ltr'><strong>Potestatem</strong></span> <span class='ocrx_word' id='word_1_556' title='bbox 3363 1345 3520 1401; x_wconf 82' lang='lat' dir='ltr'><strong>habeo</strong></span> <span class='ocrx_word' id='word_1_557' title='bbox 3551 1364 3642 1416; x_wconf 86' lang='lat' dir='ltr'><strong>po-</strong></span> 
     </span>
    </p>
   </div>
   <div class='ocr_carea' id='block_1_73' title="bbox 2047 1427 3641 1501">
    <p class='ocr_par' dir='ltr' id='par_1_73' title="bbox 2047 1427 3641 1501">
     <span class='ocr_line' id='line_1_74' title="bbox 2047 1427 3641 1501; baseline 0.009 -21"><span class='ocrx_word' id='word_1_558' title='bbox 2047 1427 2199 1481; x_wconf 80' lang='lat' dir='ltr'><strong>rtendi</strong></span> <span class='ocrx_word' id='word_1_559' title='bbox 2242 1428 2464 1482; x_wconf 88' lang='lat' dir='ltr'><strong>animam</strong></span> <span class='ocrx_word' id='word_1_560' title='bbox 2508 1446 2693 1497; x_wconf 89' lang='lat' dir='ltr'><strong>meam,</strong></span> <span class='ocrx_word' id='word_1_561' title='bbox 2728 1438 2775 1485; x_wconf 87' lang='lat' dir='ltr'><strong>et</strong></span> <span class='ocrx_word' id='word_1_562' title='bbox 2801 1440 3095 1501; x_wconf 84' lang='lat' dir='ltr'><strong>potestatem</strong></span> <span class='ocrx_word' id='word_1_563' title='bbox 3133 1432 3291 1489; x_wconf 84' lang='lat' dir='ltr'><strong>habeo</strong></span> <span class='ocrx_word' id='word_1_564' title='bbox 3330 1435 3513 1492; x_wconf 82' lang='lat' dir='ltr'><strong>iterum</strong></span> <span class='ocrx_word' id='word_1_565' title='bbox 3551 1454 3641 1493; x_wconf 87' lang='lat' dir='ltr'><strong>su-</strong></span> 
     </span>
    </p>
   </div>
   <div class='ocr_carea' id='block_1_74' title="bbox 2047 1520 2787 1595">
    <p class='ocr_par' dir='ltr' id='par_1_74' title="bbox 2047 1520 2787 1595">
     <span class='ocr_line' id='line_1_75' title="bbox 2047 1520 2787 1595; baseline 0.007 -21"><span class='ocrx_word' id='word_1_566' title='bbox 2047 1522 2217 1576; x_wconf 88' lang='lat' dir='ltr'><strong>mendi</strong></span> <span class='ocrx_word' id='word_1_567' title='bbox 2239 1539 2349 1577; x_wconf 90' lang='lat' dir='ltr'><strong>eam</strong></span> <span class='ocrx_word' id='word_1_568' title='bbox 2376 1520 2555 1593; x_wconf 81' lang='lat' dir='ltr'><strong>(Joan.</strong></span> <span class='ocrx_word' id='word_1_569' title='bbox 2576 1537 2639 1587; x_wconf 86' lang='lat' dir='ltr'><strong>‘x,</strong></span> <span class='ocrx_word' id='word_1_570' title='bbox 2674 1523 2787 1595; x_wconf 75' lang='lat' dir='ltr'><strong>i8).</strong></span> 
     </span>
    </p>
   </div>
   <div class='ocr_carea' id='block_1_75' title="bbox 2117 1615 3638 1696">
    <p class='ocr_par' dir='ltr' id='par_1_75' title="bbox 2117 1615 3638 1696">
     <span class='ocr_line' id='line_1_76' title="bbox 2117 1615 3638 1696; baseline 0.007 -27"><span class='ocrx_word' id='word_1_571' title='bbox 2117 1615 2207 1672; x_wconf 83' lang='lat'><strong>25.</strong></span> <span class='ocrx_word' id='word_1_572' title='bbox 2234 1615 2385 1690; x_wconf 88' lang='lat' dir='ltr'><strong>[vers.</strong></span> <span class='ocrx_word' id='word_1_573' title='bbox 2413 1615 2529 1690; x_wconf 71' lang='lat'><strong>21.]</strong></span> <span class='ocrx_word' id='word_1_574' title='bbox 2564 1617 2630 1673; x_wconf 86' lang='lat' dir='ltr'><strong>Et</strong></span> <span class='ocrx_word' id='word_1_575' title='bbox 2659 1628 2734 1685; x_wconf 90' lang='lat' dir='ltr'><strong>tu,</strong></span> <span class='ocrx_word' id='word_1_576' title='bbox 2762 1618 2997 1689; x_wconf 88' lang='lat' dir='ltr'><strong>Domine,</strong></span> <span class='ocrx_word' id='word_1_577' title='bbox 3034 1620 3268 1688; x_wconf 88' lang='lat' dir='ltr'><strong>Domine,</strong></span> <span class='ocrx_word' id='word_1_578' title='bbox 3300 1627 3382 1696; x_wconf 78' lang='lat' dir='ltr'><strong>[ac</strong></span> <span class='ocrx_word' id='word_1_579' title='bbox 3426 1640 3638 1681; x_wconf 88' lang='lat' dir='ltr'><strong>mecum.</strong></span> 
     </span>
    </p>
   </div>
   <div class='ocr_carea' id='block_1_76' title="bbox 2050 1708 3641 1789">
    <p class='ocr_par' dir='ltr' id='par_1_76' title="bbox 2050 1708 3641 1789">
     <span class='ocr_line' id='line_1_77' title="bbox 2050 1708 3641 1789; baseline 0.008 -27"><span class='ocrx_word' id='word_1_580' title='bbox 2050 1708 2276 1777; x_wconf 84' lang='lat' dir='ltr'><strong>Quidam</strong></span> <span class='ocrx_word' id='word_1_581' title='bbox 2301 1710 2720 1766; x_wconf 91' lang='lat' dir='ltr'><strong>subaudiendam</strong></span> <span class='ocrx_word' id='word_1_582' title='bbox 2742 1722 3064 1782; x_wconf 88' lang='lat' dir='ltr'><strong>putaverunt</strong></span> <span class='ocrx_word' id='word_1_583' title='bbox 3083 1714 3500 1785; x_wconf 84' lang='lat' dir='ltr'><strong>misericordiam,</strong></span> <span class='ocrx_word' id='word_1_584' title='bbox 3524 1717 3641 1789; x_wconf 87' lang='lat' dir='ltr'><strong>qui-</strong></span> 
     </span>
    </p>
   </div>
   <div class='ocr_carea' id='block_1_77' title="bbox 2049 1801 3643 1872">
    <p class='ocr_par' dir='ltr' id='par_1_77' title="bbox 2049 1801 3643 1872">
     <span class='ocr_line' id='line_1_78' title="bbox 2049 1801 3643 1872; baseline 0.008 -16"><span class='ocrx_word' id='word_1_585' title='bbox 2049 1801 2171 1857; x_wconf 86' lang='lat' dir='ltr'><strong>dam</strong></span> <span class='ocrx_word' id='word_1_586' title='bbox 2201 1818 2333 1858; x_wconf 87' lang='lat' dir='ltr'><strong>vero</strong></span> <span class='ocrx_word' id='word_1_587' title='bbox 2378 1813 2431 1858; x_wconf 91' lang='lat' dir='ltr'><strong>et</strong></span> <span class='ocrx_word' id='word_1_588' title='bbox 2467 1803 2937 1872; x_wconf 90' lang='lat' dir='ltr'><strong>addiderunt;sed</strong></span> <span class='ocrx_word' id='word_1_589' title='bbox 2985 1806 3381 1865; x_wconf 88' lang='lat' dir='ltr'><strong>emendatiores</strong></span> <span class='ocrx_word' id='word_1_590' title='bbox 3430 1810 3643 1869; x_wconf 86' lang='lat' dir='ltr'><strong>codices</strong></span> 
     </span>
    </p>
   </div>
   <div class='ocr_carea' id='block_1_78' title="bbox 2049 1895 3643 1976">
    <p class='ocr_par' dir='ltr' id='par_1_78' title="bbox 2049 1895 3643 1976">
     <span class='ocr_line' id='line_1_79' title="bbox 2049 1895 3643 1976; baseline 0.006 -26"><span class='ocrx_word' id='word_1_591' title='bbox 2049 1895 2128 1951; x_wconf 89' lang='lat' dir='ltr'><strong>sic</strong></span> <span class='ocrx_word' id='word_1_592' title='bbox 2166 1895 2370 1952; x_wconf 87' lang='lat' dir='ltr'><strong>habent</strong></span> <span class='ocrx_word' id='word_1_593' title='bbox 2405 1914 2417 1951; x_wconf 91' lang='lat'><strong>:</strong></span> <span class='ocrx_word' id='word_1_594' title='bbox 2452 1896 2520 1951; x_wconf 88' lang='lat' dir='ltr'><strong>Et</strong></span> <span class='ocrx_word' id='word_1_595' title='bbox 2540 1906 2616 1964; x_wconf 91' lang='lat' dir='ltr'><strong>tu,</strong></span> <span class='ocrx_word' id='word_1_596' title='bbox 2643 1896 2879 1965; x_wconf 86' lang='lat' dir='ltr'><strong>Domine,</strong></span> <span class='ocrx_word' id='word_1_597' title='bbox 2910 1898 3147 1965; x_wconf 87' lang='lat' dir='ltr'><strong>Domine,</strong></span> <span class='ocrx_word' id='word_1_598' title='bbox 3172 1903 3256 1974; x_wconf 75' lang='lat' dir='ltr'><strong>{ac</strong></span> <span class='ocrx_word' id='word_1_599' title='bbox 3280 1918 3495 1972; x_wconf 87' lang='lat' dir='ltr'><strong>mecum,</strong></span> <span class='ocrx_word' id='word_1_600' title='bbox 3524 1921 3643 1976; x_wconf 66' lang='lat' dir='ltr'><strong>prov-</strong></span> 
     </span>
    </p>
   </div>
   <div class='ocr_carea' id='block_1_79' title="bbox 2050 1991 3642 2067">
    <p class='ocr_par' dir='ltr' id='par_1_79' title="bbox 2050 1991 3642 2067">
     <span class='ocr_line' id='line_1_80' title="bbox 2050 1991 3642 2067; baseline 0.007 -24"><span class='ocrx_word' id='word_1_601' title='bbox 2050 2000 2163 2062; x_wconf 84' lang='lat' dir='ltr'><strong>pter</strong></span> <span class='ocrx_word' id='word_1_602' title='bbox 2189 2007 2371 2045; x_wconf 85' lang='lat' dir='ltr'><strong>nomen</strong></span> <span class='ocrx_word' id='word_1_603' title='bbox 2411 2000 2570 2045; x_wconf 88' lang='lat' dir='ltr'><strong>tuum.</strong></span> <span class='ocrx_word' id='word_1_604' title='bbox 2605 1991 2758 2048; x_wconf 88' lang='lat' dir='ltr'><strong>Unde</strong></span> <span class='ocrx_word' id='word_1_605' title='bbox 2780 2008 2971 2049; x_wconf 90' lang='lat' dir='ltr'><strong>sensus</strong></span> <span class='ocrx_word' id='word_1_606' title='bbox 2995 1993 3152 2049; x_wconf 89' lang='lat' dir='ltr'><strong>altior</strong></span> <span class='ocrx_word' id='word_1_607' title='bbox 3176 2010 3286 2050; x_wconf 90' lang='lat' dir='ltr'><strong>non</strong></span> <span class='ocrx_word' id='word_1_608' title='bbox 3309 2004 3391 2051; x_wconf 91' lang='lat' dir='ltr'><strong>est</strong></span> <span class='ocrx_word' id='word_1_609' title='bbox 3418 2006 3642 2067; x_wconf 70' lang='lat' dir='ltr'><strong>praeter-</strong></span> 
     </span>
    </p>
   </div>
   <div class='ocr_carea' id='block_1_80' title="bbox 2049 2084 3642 2161">
    <p class='ocr_par' dir='ltr' id='par_1_80' title="bbox 2049 2084 3642 2161">
     <span class='ocr_line' id='line_1_81' title="bbox 2049 2084 3642 2161; baseline 0.006 -22"><span class='ocrx_word' id='word_1_610' title='bbox 2049 2084 2361 2152; x_wconf 89' lang='lat' dir='ltr'><strong>mittendus,</strong></span> <span class='ocrx_word' id='word_1_611' title='bbox 2395 2084 2466 2140; x_wconf 90' lang='lat' dir='ltr'><strong>ita</strong></span> <span class='ocrx_word' id='word_1_612' title='bbox 2495 2085 2695 2141; x_wconf 85' lang='lat' dir='ltr'><strong>dixisse</strong></span> <span class='ocrx_word' id='word_1_613' title='bbox 2724 2085 2918 2141; x_wconf 87' lang='lat' dir='ltr'><strong>Filium</strong></span> <span class='ocrx_word' id='word_1_614' title='bbox 2947 2086 3114 2154; x_wconf 89' lang='lat' dir='ltr'><strong>Patri,</strong></span> <span class='ocrx_word' id='word_1_615' title='bbox 3141 2086 3251 2141; x_wconf 87' lang='lat' dir='ltr'><strong>Fac</strong></span> <span class='ocrx_word' id='word_1_616' title='bbox 3275 2105 3493 2156; x_wconf 88' lang='lat' dir='ltr'><strong>meeum,</strong></span> <span class='ocrx_word' id='word_1_617' title='bbox 3517 2090 3642 2161; x_wconf 90' lang='lat' dir='ltr'><strong>quia</strong></span> 
     </span>
    </p>
   </div>
   <div class='ocr_carea' id='block_1_81' title="bbox 2050 2177 3643 2248">
    <p class='ocr_par' dir='ltr' id='par_1_81' title="bbox 2050 2177 3643 2248">
     <span class='ocr_line' id='line_1_82' title="bbox 2050 2177 3643 2248; baseline 0.005 -16"><span class='ocrx_word' id='word_1_618' title='bbox 2050 2177 2237 2233; x_wconf 90' lang='lat' dir='ltr'><strong>eadem</strong></span> <span class='ocrx_word' id='word_1_619' title='bbox 2268 2188 2393 2233; x_wconf 91' lang='lat' dir='ltr'><strong>sunt</strong></span> <span class='ocrx_word' id='word_1_620' title='bbox 2421 2193 2583 2248; x_wconf 91' lang='lat' dir='ltr'><strong>opera</strong></span> <span class='ocrx_word' id='word_1_621' title='bbox 2616 2178 2788 2234; x_wconf 90' lang='lat' dir='ltr'><strong>Patris</strong></span> <span class='ocrx_word' id='word_1_622' title='bbox 2812 2189 2866 2235; x_wconf 91' lang='lat' dir='ltr'><strong>et</strong></span> <span class='ocrx_word' id='word_1_623' title='bbox 2891 2178 3033 2235; x_wconf 90' lang='lat' dir='ltr'><strong>Filii.</strong></span> <span class='ocrx_word' id='word_1_624' title='bbox 3062 2178 3164 2236; x_wconf 89' lang='lat' dir='ltr'><strong>Ubi</strong></span> <span class='ocrx_word' id='word_1_625' title='bbox 3190 2181 3397 2238; x_wconf 89' lang='lat' dir='ltr'><strong>etiamsi</strong></span> <span class='ocrx_word' id='word_1_626' title='bbox 3428 2182 3643 2240; x_wconf 87' lang='lat' dir='ltr'><strong>miseri-</strong></span> 
     </span>
    </p>
   </div>
   <div class='ocr_carea' id='block_1_82' title="bbox 2050 2269 3642 2342">
    <p class='ocr_par' dir='ltr' id='par_1_82' title="bbox 2050 2269 3642 2342">
     <span class='ocr_line' id='line_1_83' title="bbox 2050 2269 3642 2342; baseline 0.005 -18"><span class='ocrx_word' id='word_1_627' title='bbox 2050 2269 2287 2324; x_wconf 90' lang='lat' dir='ltr'><strong>cordiam</strong></span> <span class='ocrx_word' id='word_1_628' title='bbox 2313 2269 2671 2341; x_wconf 86' lang='lat' dir='ltr'><strong>intelligamus</strong></span> <span class='ocrx_word' id='word_1_629' title='bbox 2697 2269 2717 2341; x_wconf 92' lang='lat'><strong>(</strong></span> <span class='ocrx_word' id='word_1_630' title='bbox 2738 2273 2977 2342; x_wconf 91' lang='lat' dir='ltr'><strong>sequitur</strong></span> <span class='ocrx_word' id='word_1_631' title='bbox 3003 2271 3168 2337; x_wconf 91' lang='lat' dir='ltr'><strong>enim,</strong></span> <span class='ocrx_word' id='word_1_632' title='bbox 3202 2273 3337 2342; x_wconf 84' lang='lat' dir='ltr'><strong>Quia</strong></span> <span class='ocrx_word' id='word_1_633' title='bbox 3364 2277 3535 2331; x_wconf 82' lang='lat' dir='ltr'><strong>suavis</strong></span> <span class='ocrx_word' id='word_1_634' title='bbox 3567 2286 3642 2332; x_wconf 84' lang='lat' dir='ltr'><strong>est</strong></span> 
     </span>
    </p>
   </div>
   <div class='ocr_carea' id='block_1_83' title="bbox 2050 2364 3643 2436">
    <p class='ocr_par' dir='ltr' id='par_1_83' title="bbox 2050 2364 3643 2436">
     <span class='ocr_line' id='line_1_84' title="bbox 2050 2364 3643 2436; baseline 0.006 -19"><span class='ocrx_word' id='word_1_635' title='bbox 2050 2364 2399 2419; x_wconf 88' lang='lat' dir='ltr'><strong>misericordia</strong></span> <span class='ocrx_word' id='word_1_636' title='bbox 2426 2364 2577 2436; x_wconf 90' lang='lat' dir='ltr'><strong>tua),</strong></span> <span class='ocrx_word' id='word_1_637' title='bbox 2608 2372 2663 2419; x_wconf 92' lang='lat' dir='ltr'><strong>et</strong></span> <span class='ocrx_word' id='word_1_638' title='bbox 2710 2364 2881 2435; x_wconf 90' lang='lat' dir='ltr'><strong>ipsam</strong></span> <span class='ocrx_word' id='word_1_639' title='bbox 2925 2365 3047 2436; x_wconf 91' lang='lat' dir='ltr'><strong>quia</strong></span> <span class='ocrx_word' id='word_1_640' title='bbox 3084 2381 3189 2422; x_wconf 92' lang='lat' dir='ltr'><strong>non</strong></span> <span class='ocrx_word' id='word_1_641' title='bbox 3239 2366 3394 2434; x_wconf 84' lang='lat' dir='ltr'><strong>dixit,</strong></span> <span class='ocrx_word' id='word_1_642' title='bbox 3440 2367 3549 2426; x_wconf 87' lang='lat' dir='ltr'><strong>Fac</strong></span> <span class='ocrx_word' id='word_1_643' title='bbox 3590 2370 3643 2428; x_wconf 88' lang='lat' dir='ltr'><strong>in</strong></span> 
     </span>
    </p>
   </div>
   <div class='ocr_carea' id='block_1_84' title="bbox 2051 2455 3642 2530">
    <p class='ocr_par' dir='ltr' id='par_1_84' title="bbox 2051 2455 3642 2530">
     <span class='ocr_line' id='line_1_85' title="bbox 2051 2455 3642 2530; baseline 0.006 -19"><span class='ocrx_word' id='word_1_644' title='bbox 2051 2472 2175 2523; x_wconf 90' lang='lat' dir='ltr'><strong>me;</strong></span> <span class='ocrx_word' id='word_1_645' title='bbox 2206 2457 2291 2513; x_wconf 90' lang='lat' dir='ltr'><strong>vel</strong></span> <span class='ocrx_word' id='word_1_646' title='bbox 2342 2455 2452 2513; x_wconf 84' lang='lat' dir='ltr'><strong>Fac</strong></span> <span class='ocrx_word' id='word_1_647' title='bbox 2496 2473 2657 2527; x_wconf 89' lang='lat' dir='ltr'><strong>super</strong></span> <span class='ocrx_word' id='word_1_648' title='bbox 2695 2473 2814 2523; x_wconf 89' lang='lat' dir='ltr'><strong>me;</strong></span> <span class='ocrx_word' id='word_1_649' title='bbox 2843 2457 2928 2514; x_wconf 89' lang='lat' dir='ltr'><strong>vel</strong></span> <span class='ocrx_word' id='word_1_650' title='bbox 2953 2458 3150 2530; x_wconf 91' lang='lat' dir='ltr'><strong>aliquid</strong></span> <span class='ocrx_word' id='word_1_651' title='bbox 3181 2459 3515 2530; x_wconf 88' lang='lat' dir='ltr'><strong>hujusmodi;</strong></span> <span class='ocrx_word' id='word_1_652' title='bbox 3548 2462 3642 2519; x_wconf 90' lang='lat' dir='ltr'><strong>sed</strong></span> 
     </span>
    </p>
   </div>
   <div class='ocr_carea' id='block_1_85' title="bbox 2051 2546 3641 2621">
    <p class='ocr_par' dir='ltr' id='par_1_85' title="bbox 2051 2546 3641 2621">
     <span class='ocr_line' id='line_1_86' title="bbox 2051 2546 3641 2621; baseline 0.004 -20"><span class='ocrx_word' id='word_1_653' title='bbox 2051 2548 2148 2614; x_wconf 90' lang='lat' dir='ltr'><strong>ait,</strong></span> <span class='ocrx_word' id='word_1_654' title='bbox 2176 2546 2289 2602; x_wconf 88' lang='lat' dir='ltr'><strong>Fac</strong></span> <span class='ocrx_word' id='word_1_655' title='bbox 2312 2565 2539 2614; x_wconf 87' lang='lat' dir='ltr'><strong>mecum;</strong></span> <span class='ocrx_word' id='word_1_656' title='bbox 2561 2548 2697 2605; x_wconf 90' lang='lat' dir='ltr'><strong>bene</strong></span> <span class='ocrx_word' id='word_1_657' title='bbox 2714 2548 3056 2620; x_wconf 79' lang='lat' dir='ltr'><strong>intelligimus</strong></span> <span class='ocrx_word' id='word_1_658' title='bbox 3075 2560 3131 2605; x_wconf 91' lang='lat' dir='ltr'><strong>et</strong></span> <span class='ocrx_word' id='word_1_659' title='bbox 3146 2551 3357 2607; x_wconf 90' lang='lat' dir='ltr'><strong>Patrem</strong></span> <span class='ocrx_word' id='word_1_660' title='bbox 3376 2561 3430 2608; x_wconf 89' lang='lat' dir='ltr'><strong>et</strong></span> <span class='ocrx_word' id='word_1_661' title='bbox 3446 2553 3641 2621; x_wconf 80' lang='lat' dir='ltr'><strong>Filium</strong></span> 
     </span>
    </p>
   </div>
   <div class='ocr_carea' id='block_1_86' title="bbox 2053 2639 3645 2703">
    <p class='ocr_par' dir='ltr' id='par_1_86' title="bbox 2053 2639 3645 2703">
     <span class='ocr_line' id='line_1_87' title="bbox 2053 2639 3645 2703; baseline 0.005 -8"><span class='ocrx_word' id='word_1_662' title='bbox 2053 2640 2211 2695; x_wconf 88' lang='lat' dir='ltr'><strong>simul</strong></span> <span class='ocrx_word' id='word_1_663' title='bbox 2278 2640 2457 2695; x_wconf 91' lang='lat' dir='ltr'><strong>facere</strong></span> <span class='ocrx_word' id='word_1_664' title='bbox 2512 2639 2935 2695; x_wconf 89' lang='lat' dir='ltr'><strong>misericordiam</strong></span> <span class='ocrx_word' id='word_1_665' title='bbox 2980 2641 3033 2696; x_wconf 91' lang='lat' dir='ltr'><strong>in</strong></span> <span class='ocrx_word' id='word_1_666' title='bbox 3073 2656 3199 2698; x_wconf 90' lang='lat' dir='ltr'><strong>vasa</strong></span> <span class='ocrx_word' id='word_1_667' title='bbox 3259 2642 3645 2703; x_wconf 61' lang='lat' dir='ltr'><strong>misericordia</strong></span> 
     </span>
    </p>
   </div>
   <div class='ocr_carea' id='block_1_87' title="bbox 2053 2730 3644 2808">
    <p class='ocr_par' dir='ltr' id='par_1_87' title="bbox 2053 2730 3644 2808">
     <span class='ocr_line' id='line_1_88' title="bbox 2053 2730 3644 2808; baseline 0.006 -23"><span class='ocrx_word' id='word_1_668' title='bbox 2053 2731 2230 2803; x_wconf 88' lang='lat' dir='ltr'><strong>(Rom.</strong></span> <span class='ocrx_word' id='word_1_669' title='bbox 2272 2747 2346 2799; x_wconf 71' lang='grc' dir='ltr'><strong>ιχ,</strong></span> <span class='ocrx_word' id='word_1_670' title='bbox 2390 2730 2503 2804; x_wconf 78' lang='lat'><strong>25).</strong></span> <span class='ocrx_word' id='word_1_671' title='bbox 2536 2730 2718 2788; x_wconf 90' lang='lat' dir='ltr'><strong>Potest</strong></span> <span class='ocrx_word' id='word_1_672' title='bbox 2767 2734 2869 2788; x_wconf 87' lang='lat' dir='ltr'><strong>hoc</strong></span> <span class='ocrx_word' id='word_1_673' title='bbox 2909 2734 3067 2789; x_wconf 89' lang='lat' dir='ltr'><strong>etiam</strong></span> <span class='ocrx_word' id='word_1_674' title='bbox 3112 2735 3191 2790; x_wconf 91' lang='lat' dir='ltr'><strong>sic</strong></span> <span class='ocrx_word' id='word_1_675' title='bbox 3230 2735 3451 2808; x_wconf 88' lang='lat' dir='ltr'><strong>intelligi</strong></span> <span class='ocrx_word' id='word_1_676' title='bbox 3486 2754 3500 2792; x_wconf 90' lang='lat'>:</span> <span class='ocrx_word' id='word_1_677' title='bbox 3532 2736 3644 2793; x_wconf 83' lang='lat' dir='ltr'><strong>Fac</strong></span> 
     </span>
    </p>
   </div>
   <div class='ocr_carea' id='block_1_88' title="bbox 2052 2823 3643 2899">
    <p class='ocr_par' dir='ltr' id='par_1_88' title="bbox 2052 2823 3643 2899">
     <span class='ocr_line' id='line_1_89' title="bbox 2052 2823 3643 2899; baseline 0.006 -22"><span class='ocrx_word' id='word_1_678' title='bbox 2052 2840 2267 2891; x_wconf 86' lang='lat' dir='ltr'><strong>mecum,</strong></span> <span class='ocrx_word' id='word_1_679' title='bbox 2300 2824 2354 2879; x_wconf 92' lang='lat' dir='ltr'><strong>id</strong></span> <span class='ocrx_word' id='word_1_680' title='bbox 2390 2833 2492 2892; x_wconf 91' lang='lat' dir='ltr'><strong>est,</strong></span> <span class='ocrx_word' id='word_1_681' title='bbox 2535 2823 2727 2896; x_wconf 88' lang='lat' dir='ltr'><strong>adjuva</strong></span> <span class='ocrx_word' id='word_1_682' title='bbox 2774 2840 2881 2881; x_wconf 90' lang='lat' dir='ltr'><strong>me.</strong></span> <span class='ocrx_word' id='word_1_683' title='bbox 2928 2824 3083 2893; x_wconf 90' lang='lat' dir='ltr'><strong>Quod</strong></span> <span class='ocrx_word' id='word_1_684' title='bbox 3108 2826 3161 2881; x_wconf 94' lang='lat' dir='ltr'><strong>in</strong></span> <span class='ocrx_word' id='word_1_685' title='bbox 3208 2828 3515 2899; x_wconf 90' lang='lat' dir='ltr'><strong>quotidiana</strong></span> <span class='ocrx_word' id='word_1_686' title='bbox 3560 2830 3643 2886; x_wconf 84' lang='lat' dir='ltr'><strong>lo-</strong></span> 
     </span>
    </p>
   </div>
   <div class='ocr_carea' id='block_1_89' title="bbox 2053 2917 3646 2995">
    <p class='ocr_par' dir='ltr' id='par_1_89' title="bbox 2053 2917 3646 2995">
     <span class='ocr_line' id='line_1_90' title="bbox 2053 2917 3646 2995; baseline 0.005 -22"><span class='ocrx_word' id='word_1_687' title='bbox 2053 2918 2251 2988; x_wconf 88' lang='lat' dir='ltr'><strong>quendi</strong></span> <span class='ocrx_word' id='word_1_688' title='bbox 2277 2917 2665 2974; x_wconf 91' lang='lat' dir='ltr'><strong>consuetudine</strong></span> <span class='ocrx_word' id='word_1_689' title='bbox 2692 2917 2977 2987; x_wconf 84' lang='lat' dir='ltr'><strong>habemus,</strong></span> <span class='ocrx_word' id='word_1_690' title='bbox 2999 2933 3122 2975; x_wconf 92' lang='lat' dir='ltr'><strong>cum</strong></span> <span class='ocrx_word' id='word_1_691' title='bbox 3144 2919 3213 2976; x_wconf 87' lang='lat' dir='ltr'><strong>de</strong></span> <span class='ocrx_word' id='word_1_692' title='bbox 3236 2919 3413 2992; x_wconf 88' lang='lat' dir='ltr'><strong>aliqua</strong></span> <span class='ocrx_word' id='word_1_693' title='bbox 3442 2937 3503 2980; x_wconf 90' lang='lat' dir='ltr'><strong>re</strong></span> <span class='ocrx_word' id='word_1_694' title='bbox 3525 2938 3646 2995; x_wconf 76' lang='lat' dir='ltr'><strong>quae</strong></span> 
     </span>
    </p>
   </div>
   <div class='ocr_carea' id='block_1_90' title="bbox 2053 3010 3646 3083">
    <p class='ocr_par' dir='ltr' id='par_1_90' title="bbox 2053 3010 3646 3083">
     <span class='ocr_line' id='line_1_91' title="bbox 2053 3010 3646 3083; baseline 0.006 -17"><span class='ocrx_word' id='word_1_695' title='bbox 2053 3012 2294 3083; x_wconf 88' lang='lat' dir='ltr'><strong>partibus</strong></span> <span class='ocrx_word' id='word_1_696' title='bbox 2324 3011 2525 3067; x_wconf 88' lang='lat' dir='ltr'><strong>nostris</strong></span> <span class='ocrx_word' id='word_1_697' title='bbox 2550 3020 2653 3074; x_wconf 86' lang='lat' dir='ltr'><strong>est.</strong></span> <span class='ocrx_word' id='word_1_698' title='bbox 2685 3010 2914 3069; x_wconf 89' lang='lat' dir='ltr'><strong>dicimus</strong></span> <span class='ocrx_word' id='word_1_699' title='bbox 2944 3030 2959 3069; x_wconf 90' lang='lat'><strong>:</strong></span> <span class='ocrx_word' id='word_1_700' title='bbox 2986 3012 3272 3070; x_wconf 88' lang='lat' dir='ltr'><strong>Nobiscum</strong></span> <span class='ocrx_word' id='word_1_701' title='bbox 3304 3013 3455 3072; x_wconf 88' lang='lat' dir='ltr'><strong>facit.</strong></span> <span class='ocrx_word' id='word_1_702' title='bbox 3486 3016 3646 3075; x_wconf 85' lang='lat' dir='ltr'><strong>Pater</strong></span> 
     </span>
    </p>
   </div>
   <div class='ocr_carea' id='block_1_91' title="bbox 2054 3107 3639 3184">
    <p class='ocr_par' dir='ltr' id='par_1_91' title="bbox 2054 3107 3639 3184">
     <span class='ocr_line' id='line_1_92' title="bbox 2054 3107 3639 3184; baseline 0.006 -21"><span class='ocrx_word' id='word_1_703' title='bbox 2054 3110 2249 3179; x_wconf 88' lang='lat' dir='ltr'><strong>quippe</strong></span> <span class='ocrx_word' id='word_1_704' title='bbox 2291 3107 2508 3179; x_wconf 86' lang='lat' dir='ltr'><strong>adjuvat</strong></span> <span class='ocrx_word' id='word_1_705' title='bbox 2535 3107 2749 3175; x_wconf 89' lang='lat' dir='ltr'><strong>Filium,</strong></span> <span class='ocrx_word' id='word_1_706' title='bbox 2783 3109 2836 3165; x_wconf 94' lang='lat' dir='ltr'><strong>in</strong></span> <span class='ocrx_word' id='word_1_707' title='bbox 2859 3119 3119 3181; x_wconf 87' lang='lat' dir='ltr'><strong>quantum</strong></span> <span class='ocrx_word' id='word_1_708' title='bbox 3158 3112 3301 3169; x_wconf 87' lang='lat' dir='ltr'><strong>Deus</strong></span> <span class='ocrx_word' id='word_1_709' title='bbox 3345 3113 3639 3184; x_wconf 85' lang='lat' dir='ltr'><strong>hominem,</strong></span> 
     </span>
    </p>
   </div>
   <div class='ocr_carea' id='block_1_92' title="bbox 2055 3202 3646 3273">
    <p class='ocr_par' dir='ltr' id='par_1_92' title="bbox 2055 3202 3646 3273">
     <span class='ocr_line' id='line_1_93' title="bbox 2055 3202 3646 3273; baseline 0.006 -16"><span class='ocrx_word' id='word_1_710' title='bbox 2055 3212 2272 3273; x_wconf 89' lang='lat' dir='ltr'><strong>propter</strong></span> <span class='ocrx_word' id='word_1_711' title='bbox 2324 3202 2550 3257; x_wconf 89' lang='lat' dir='ltr'><strong>formam</strong></span> <span class='ocrx_word' id='word_1_712' title='bbox 2601 3203 2786 3258; x_wconf 91' lang='lat' dir='ltr'><strong>servi:</strong></span> <span class='ocrx_word' id='word_1_713' title='bbox 2821 3204 2907 3259; x_wconf 91' lang='lat' dir='ltr'><strong>cui</strong></span> <span class='ocrx_word' id='word_1_714' title='bbox 2968 3203 3172 3260; x_wconf 90' lang='lat' dir='ltr'><strong>homini</strong></span> <span class='ocrx_word' id='word_1_715' title='bbox 3240 3205 3413 3273; x_wconf 90' lang='lat' dir='ltr'><strong>Deus,</strong></span> <span class='ocrx_word' id='word_1_716' title='bbox 3462 3217 3519 3264; x_wconf 90' lang='lat' dir='ltr'><strong>et</strong></span> <span class='ocrx_word' id='word_1_717' title='bbox 3557 3209 3646 3266; x_wconf 91' lang='lat' dir='ltr'><strong>cui</strong></span> 
     </span>
    </p>
   </div>
   <div class='ocr_carea' id='block_1_93' title="bbox 2055 3293 3646 3359">
    <p class='ocr_par' dir='ltr' id='par_1_93' title="bbox 2055 3293 3646 3359">
     <span class='ocr_line' id='line_1_94' title="bbox 2055 3293 3646 3359; baseline 0.007 -11"><span class='ocrx_word' id='word_1_718' title='bbox 2055 3293 2245 3349; x_wconf 81' lang='lat' dir='ltr'><strong>formae</strong></span> <span class='ocrx_word' id='word_1_719' title='bbox 2274 3294 2416 3350; x_wconf 89' lang='lat' dir='ltr'><strong>servi</strong></span> <span class='ocrx_word' id='word_1_720' title='bbox 2442 3296 2603 3351; x_wconf 90' lang='lat' dir='ltr'><strong>etiam</strong></span> <span class='ocrx_word' id='word_1_721' title='bbox 2635 3295 2893 3352; x_wconf 92' lang='lat' dir='ltr'><strong>Dominus</strong></span> <span class='ocrx_word' id='word_1_722' title='bbox 2922 3305 3005 3353; x_wconf 90' lang='lat' dir='ltr'><strong>est</strong></span> <span class='ocrx_word' id='word_1_723' title='bbox 3034 3297 3212 3354; x_wconf 88' lang='lat' dir='ltr'><strong>Pater.</strong></span> <span class='ocrx_word' id='word_1_724' title='bbox 3234 3298 3366 3354; x_wconf 88' lang='lat' dir='ltr'><strong>Nam</strong></span> <span class='ocrx_word' id='word_1_725' title='bbox 3398 3300 3451 3357; x_wconf 93' lang='lat' dir='ltr'><strong>in</strong></span> <span class='ocrx_word' id='word_1_726' title='bbox 3473 3299 3646 3359; x_wconf 81' lang='lat' dir='ltr'><strong>forma</strong></span> 
     </span>
    </p>
   </div>
   <div class='ocr_carea' id='block_1_94' title="bbox 2058 3384 3645 3463">
    <p class='ocr_par' dir='ltr' id='par_1_94' title="bbox 2058 3384 3645 3463">
     <span class='ocr_line' id='line_1_95' title="bbox 2058 3384 3645 3463; baseline 0.006 -22"><span class='ocrx_word' id='word_1_727' title='bbox 2058 3384 2175 3451; x_wconf 91' lang='lat' dir='ltr'><strong>Dei,</strong></span> <span class='ocrx_word' id='word_1_728' title='bbox 2229 3385 2395 3442; x_wconf 89' lang='lat' dir='ltr'><strong>Filius</strong></span> <span class='ocrx_word' id='word_1_729' title='bbox 2440 3386 2708 3457; x_wconf 90' lang='lat' dir='ltr'><strong>adjutorio</strong></span> <span class='ocrx_word' id='word_1_730' title='bbox 2748 3402 2854 3444; x_wconf 92' lang='lat' dir='ltr'><strong>non</strong></span> <span class='ocrx_word' id='word_1_731' title='bbox 2896 3387 3132 3462; x_wconf 87' lang='lat' dir='ltr'><strong>indiget;</strong></span> <span class='ocrx_word' id='word_1_732' title='bbox 3188 3390 3465 3463; x_wconf 78' lang='lat' dir='ltr'><strong>aequaliter</strong></span> <span class='ocrx_word' id='word_1_733' title='bbox 3501 3393 3645 3450; x_wconf 88' lang='lat' dir='ltr'><strong>enim</strong></span> 
     </span>
    </p>
   </div>
   <div class='ocr_carea' id='block_1_95' title="bbox 2055 3478 3649 3557">
    <p class='ocr_par' dir='ltr' id='par_1_95' title="bbox 2055 3478 3649 3557">
     <span class='ocr_line' id='line_1_96' title="bbox 2055 3478 3649 3557; baseline 0.006 -24"><span class='ocrx_word' id='word_1_734' title='bbox 2055 3492 2176 3533; x_wconf 90' lang='lat' dir='ltr'><strong>cum</strong></span> <span class='ocrx_word' id='word_1_735' title='bbox 2206 3478 2366 3534; x_wconf 91' lang='lat' dir='ltr'><strong>Patre</strong></span> <span class='ocrx_word' id='word_1_736' title='bbox 2403 3478 2743 3549; x_wconf 87' lang='lat' dir='ltr'><strong>omnipotens</strong></span> <span class='ocrx_word' id='word_1_737' title='bbox 2790 3490 2895 3547; x_wconf 90' lang='lat' dir='ltr'><strong>est,</strong></span> <span class='ocrx_word' id='word_1_738' title='bbox 2939 3495 3006 3536; x_wconf 83' lang='lat' dir='ltr'><strong>ex</strong></span> <span class='ocrx_word' id='word_1_739' title='bbox 3057 3496 3164 3553; x_wconf 92' lang='lat' dir='ltr'><strong>quo</strong></span> <span class='ocrx_word' id='word_1_740' title='bbox 3191 3491 3246 3538; x_wconf 89' lang='lat' dir='ltr'><strong>et</strong></span> <span class='ocrx_word' id='word_1_741' title='bbox 3284 3483 3401 3554; x_wconf 89' lang='lat' dir='ltr'><strong>ipse</strong></span> <span class='ocrx_word' id='word_1_742' title='bbox 3433 3484 3649 3557; x_wconf 86' lang='lat' dir='ltr'><strong>adjutor</strong></span> 
     </span>
    </p>
   </div>
   <div class='ocr_carea' id='block_1_96' title="bbox 2055 3570 3647 3634">
    <p class='ocr_par' dir='ltr' id='par_1_96' title="bbox 2055 3570 3647 3634">
     <span class='ocr_line' id='line_1_97' title="bbox 2055 3570 3647 3634; baseline 0.004 -7"><span class='ocrx_word' id='word_1_743' title='bbox 2055 3580 2139 3627; x_wconf 90' lang='lat' dir='ltr'><strong>est</strong></span> <span class='ocrx_word' id='word_1_744' title='bbox 2170 3570 2422 3627; x_wconf 87' lang='lat' dir='ltr'><strong>hominis.</strong></span> <span class='ocrx_word' id='word_1_745' title='bbox 2453 3571 2598 3629; x_wconf 87' lang='lat' dir='ltr'><strong>Sicut</strong></span> <span class='ocrx_word' id='word_1_746' title='bbox 2625 3573 2758 3627; x_wconf 86' lang='lat' dir='ltr'><strong>enim</strong></span> <span class='ocrx_word' id='word_1_747' title='bbox 2790 3570 2948 3629; x_wconf 87' lang='lat' dir='ltr'><strong>Pater</strong></span> <span class='ocrx_word' id='word_1_748' title='bbox 2974 3576 3184 3629; x_wconf 85' lang='lat' dir='ltr'><strong>suscitat</strong></span> <span class='ocrx_word' id='word_1_749' title='bbox 3213 3586 3439 3633; x_wconf 88' lang='lat' dir='ltr'><strong>mortuos</strong></span> <span class='ocrx_word' id='word_1_750' title='bbox 3479 3587 3529 3633; x_wconf 84' lang='lat' dir='ltr'><strong>et</strong></span> <span class='ocrx_word' id='word_1_751' title='bbox 3568 3579 3647 3634; x_wconf 89' lang='lat' dir='ltr'><strong>vi-</strong></span> 
     </span>
    </p>
   </div>
   <div class='ocr_carea' id='block_1_97' title="bbox 2054 3665 3643 3743">
    <p class='ocr_par' dir='ltr' id='par_1_97' title="bbox 2054 3665 3643 3743">
     <span class='ocr_line' id='line_1_98' title="bbox 2054 3665 3643 3743; baseline 0.006 -23"><span class='ocrx_word' id='word_1_752' title='bbox 2054 3667 2245 3736; x_wconf 82' lang='lat' dir='ltr'><strong>viﬁcat,</strong></span> <span class='ocrx_word' id='word_1_753' title='bbox 2274 3666 2347 3722; x_wconf 90' lang='lat' dir='ltr'><strong>sic</strong></span> <span class='ocrx_word' id='word_1_754' title='bbox 2380 3675 2430 3724; x_wconf 80' lang='lat' dir='ltr'><strong>et</strong></span> <span class='ocrx_word' id='word_1_755' title='bbox 2455 3665 2625 3723; x_wconf 87' lang='lat' dir='ltr'><strong>Filius</strong></span> <span class='ocrx_word' id='word_1_756' title='bbox 2666 3684 2791 3739; x_wconf 88' lang='lat' dir='ltr'><strong>quos</strong></span> <span class='ocrx_word' id='word_1_757' title='bbox 2820 3668 2924 3723; x_wconf 88' lang='lat' dir='ltr'><strong>vult</strong></span> <span class='ocrx_word' id='word_1_758' title='bbox 2969 3669 3188 3739; x_wconf 82' lang='lat' dir='ltr'><strong>viviﬁcat</strong></span> <span class='ocrx_word' id='word_1_759' title='bbox 3217 3668 3397 3741; x_wconf 80' lang='lat' dir='ltr'><strong>(Joan.</strong></span> <span class='ocrx_word' id='word_1_760' title='bbox 3426 3687 3483 3735; x_wconf 90' lang='lat' dir='ltr'><strong>v,</strong></span> <span class='ocrx_word' id='word_1_761' title='bbox 3509 3670 3600 3743; x_wconf 79' lang='lat' dir='ltr'><strong>2i)</strong></span> <span class='ocrx_word' id='word_1_762' title='bbox 3629 3692 3643 3730; x_wconf 89' lang='lat'><strong>:</strong></span> 
     </span>
    </p>
   </div>
   <div class='ocr_carea' id='block_1_98' title="bbox 2056 3758 3648 3830">
    <p class='ocr_par' dir='ltr' id='par_1_98' title="bbox 2056 3758 3648 3830">
     <span class='ocr_line' id='line_1_99' title="bbox 2056 3758 3648 3830; baseline 0.004 -16"><span class='ocrx_word' id='word_1_763' title='bbox 2056 3774 2158 3815; x_wconf 92' lang='lat' dir='ltr'><strong>nec</strong></span> <span class='ocrx_word' id='word_1_764' title='bbox 2203 3758 2336 3815; x_wconf 90' lang='lat' dir='ltr'><strong>alios</strong></span> <span class='ocrx_word' id='word_1_765' title='bbox 2384 3758 2563 3828; x_wconf 88' lang='lat' dir='ltr'><strong>Pater,</strong></span> <span class='ocrx_word' id='word_1_766' title='bbox 2591 3760 2724 3816; x_wconf 89' lang='lat' dir='ltr'><strong>alios</strong></span> <span class='ocrx_word' id='word_1_767' title='bbox 2765 3758 2951 3827; x_wconf 91' lang='lat' dir='ltr'><strong>Filius,</strong></span> <span class='ocrx_word' id='word_1_768' title='bbox 2980 3769 3073 3815; x_wconf 90' lang='lat' dir='ltr'><strong>aut</strong></span> <span class='ocrx_word' id='word_1_769' title='bbox 3099 3760 3255 3816; x_wconf 90' lang='lat' dir='ltr'><strong>aliter</strong></span> <span class='ocrx_word' id='word_1_770' title='bbox 3281 3761 3462 3830; x_wconf 89' lang='lat' dir='ltr'><strong>Pater,</strong></span> <span class='ocrx_word' id='word_1_771' title='bbox 3488 3763 3648 3821; x_wconf 89' lang='lat' dir='ltr'><strong>aliter</strong></span> 
     </span>
    </p>
   </div>
   <div class='ocr_carea' id='block_1_99' title="bbox 2058 3852 3644 3923">
    <p class='ocr_par' dir='ltr' id='par_1_99' title="bbox 2058 3852 3644 3923">
     <span class='ocr_line' id='line_1_100' title="bbox 2058 3852 3644 3923; baseline 0.003 -15"><span class='ocrx_word' id='word_1_772' title='bbox 2058 3852 2259 3918; x_wconf 86' lang='lat' dir='ltr'><strong>Filius;</strong></span> <span class='ocrx_word' id='word_1_773' title='bbox 2294 3852 2419 3923; x_wconf 84' lang='lat' dir='ltr'><strong>quia</strong></span> <span class='ocrx_word' id='word_1_774' title='bbox 2472 3861 2529 3908; x_wconf 91' lang='lat' dir='ltr'><strong>et</strong></span> <span class='ocrx_word' id='word_1_775' title='bbox 2573 3853 2763 3909; x_wconf 88' lang='lat' dir='ltr'><strong>eadem</strong></span> <span class='ocrx_word' id='word_1_776' title='bbox 2808 3852 2957 3921; x_wconf 88' lang='lat' dir='ltr'><strong>facit,</strong></span> <span class='ocrx_word' id='word_1_777' title='bbox 3000 3861 3057 3909; x_wconf 84' lang='lat' dir='ltr'><strong>et</strong></span> <span class='ocrx_word' id='word_1_778' title='bbox 3096 3854 3359 3909; x_wconf 90' lang='lat' dir='ltr'><strong>similiter.</strong></span> <span class='ocrx_word' id='word_1_779' title='bbox 3392 3854 3547 3913; x_wconf 88' lang='lat' dir='ltr'><strong>Unde</strong></span> <span class='ocrx_word' id='word_1_780' title='bbox 3589 3857 3644 3913; x_wconf 92' lang='lat' dir='ltr'><strong>in</strong></span> 
     </span>
    </p>
   </div>
   <div class='ocr_carea' id='block_1_100' title="bbox 2057 3944 3645 4016">
    <p class='ocr_par' dir='ltr' id='par_1_100' title="bbox 2057 3944 3645 4016">
     <span class='ocr_line' id='line_1_101' title="bbox 2057 3944 3645 4016; baseline 0.004 -17"><span class='ocrx_word' id='word_1_781' title='bbox 2057 3952 2317 4016; x_wconf 90' lang='lat' dir='ltr'><strong>quantum</strong></span> <span class='ocrx_word' id='word_1_782' title='bbox 2349 3944 2512 4001; x_wconf 90' lang='lat' dir='ltr'><strong>homo</strong></span> <span class='ocrx_word' id='word_1_783' title='bbox 2538 3954 2622 4002; x_wconf 88' lang='lat' dir='ltr'><strong>est</strong></span> <span class='ocrx_word' id='word_1_784' title='bbox 2650 3945 2821 4001; x_wconf 88' lang='lat' dir='ltr'><strong>Filius</strong></span> <span class='ocrx_word' id='word_1_785' title='bbox 2849 3945 2963 4011; x_wconf 90' lang='lat' dir='ltr'><strong>Dei,</strong></span> <span class='ocrx_word' id='word_1_786' title='bbox 2997 3945 3140 4002; x_wconf 86' lang='lat' dir='ltr'><strong>Deus</strong></span> <span class='ocrx_word' id='word_1_787' title='bbox 3169 3945 3447 4003; x_wconf 86' lang='lat' dir='ltr'><strong>suscitavit</strong></span> <span class='ocrx_word' id='word_1_788' title='bbox 3489 3947 3645 4005; x_wconf 89' lang='lat' dir='ltr'><strong>illum</strong></span> 
     </span>
    </p>
   </div>
   <div class='ocr_carea' id='block_1_101' title="bbox 2057 4036 3645 4107">
    <p class='ocr_par' dir='ltr' id='par_1_101' title="bbox 2057 4036 3645 4107">
     <span class='ocr_line' id='line_1_102' title="bbox 2057 4036 3645 4107; baseline 0.003 -15"><span class='ocrx_word' id='word_1_789' title='bbox 2057 4052 2089 4092; x_wconf 90' lang='lat' dir='ltr'><strong>a</strong></span> <span class='ocrx_word' id='word_1_790' title='bbox 2114 4038 2359 4104; x_wconf 86' lang='lat' dir='ltr'><strong>mortuis,</strong></span> <span class='ocrx_word' id='word_1_791' title='bbox 2389 4037 2492 4094; x_wconf 91' lang='lat' dir='ltr'><strong>hoc</strong></span> <span class='ocrx_word' id='word_1_792' title='bbox 2535 4044 2621 4093; x_wconf 88' lang='lat' dir='ltr'><strong>est</strong></span> <span class='ocrx_word' id='word_1_793' title='bbox 2648 4037 2826 4104; x_wconf 88' lang='lat' dir='ltr'><strong>Pater,</strong></span> <span class='ocrx_word' id='word_1_794' title='bbox 2863 4036 2950 4092; x_wconf 91' lang='lat' dir='ltr'><strong>cui</strong></span> <span class='ocrx_word' id='word_1_795' title='bbox 2979 4036 3110 4093; x_wconf 92' lang='lat' dir='ltr'><strong>dicit</strong></span> <span class='ocrx_word' id='word_1_796' title='bbox 3132 4038 3186 4094; x_wconf 91' lang='lat' dir='ltr'><strong>in</strong></span> <span class='ocrx_word' id='word_1_797' title='bbox 3229 4037 3479 4107; x_wconf 87' lang='lat' dir='ltr'><strong>Psalmis,</strong></span> <span class='ocrx_word' id='word_1_798' title='bbox 3507 4038 3645 4096; x_wconf 88' lang='lat' dir='ltr'><strong>Sus-</strong></span> 
     </span>
    </p>
   </div>
   <div class='ocr_carea' id='block_1_102' title="bbox 2058 4127 3643 4205">
    <p class='ocr_par' dir='ltr' id='par_1_102' title="bbox 2058 4127 3643 4205">
     <span class='ocr_line' id='line_1_103' title="bbox 2058 4127 3643 4205; baseline 0.003 -20"><span class='ocrx_word' id='word_1_799' title='bbox 2058 4130 2159 4185; x_wconf 86' lang='lat' dir='ltr'><strong>cita</strong></span> <span class='ocrx_word' id='word_1_800' title='bbox 2198 4146 2297 4198; x_wconf 90' lang='lat' dir='ltr'><strong>me,</strong></span> <span class='ocrx_word' id='word_1_801' title='bbox 2335 4138 2385 4185; x_wconf 86' lang='lat' dir='ltr'><strong>et</strong></span> <span class='ocrx_word' id='word_1_802' title='bbox 2426 4128 2636 4184; x_wconf 84' lang='lat' dir='ltr'><strong>reddam</strong></span> <span class='ocrx_word' id='word_1_803' title='bbox 2678 4129 2781 4186; x_wconf 81' lang='lat' dir='ltr'><strong>illis</strong></span> <span class='ocrx_word' id='word_1_804' title='bbox 2806 4127 2980 4203; x_wconf 88' lang='lat' dir='ltr'><strong>(Psal.</strong></span> <span class='ocrx_word' id='word_1_805' title='bbox 3015 4145 3106 4196; x_wconf 80' lang='lat' dir='ltr'><strong>xL,</strong></span> <span class='ocrx_word' id='word_1_806' title='bbox 3140 4129 3269 4202; x_wconf 83' lang='lat' dir='ltr'><strong>M):</strong></span> <span class='ocrx_word' id='word_1_807' title='bbox 3299 4129 3353 4187; x_wconf 92' lang='lat' dir='ltr'><strong>in</strong></span> <span class='ocrx_word' id='word_1_808' title='bbox 3382 4142 3643 4205; x_wconf 89' lang='lat' dir='ltr'><strong>quantum</strong></span> 
     </span>
    </p>
   </div>
   <div class='ocr_carea' id='block_1_103' title="bbox 2060 4222 3651 4297">
    <p class='ocr_par' dir='ltr' id='par_1_103' title="bbox 2060 4222 3651 4297">
     <span class='ocr_line' id='line_1_104' title="bbox 2060 4222 3651 4297; baseline 0.003 -19"><span class='ocrx_word' id='word_1_809' title='bbox 2060 4231 2240 4279; x_wconf 88' lang='lat' dir='ltr'><strong>autem</strong></span> <span class='ocrx_word' id='word_1_810' title='bbox 2284 4222 2422 4279; x_wconf 91' lang='lat' dir='ltr'><strong>Deus</strong></span> <span class='ocrx_word' id='word_1_811' title='bbox 2468 4231 2571 4288; x_wconf 88' lang='lat' dir='ltr'><strong>est,</strong></span> <span class='ocrx_word' id='word_1_812' title='bbox 2616 4224 2775 4278; x_wconf 85' lang='lat' dir='ltr'><strong>etiam</strong></span> <span class='ocrx_word' id='word_1_813' title='bbox 2820 4222 2936 4293; x_wconf 89' lang='lat' dir='ltr'><strong>ipse</strong></span> <span class='ocrx_word' id='word_1_814' title='bbox 2982 4238 3041 4279; x_wconf 91' lang='lat' dir='ltr'><strong>se</strong></span> <span class='ocrx_word' id='word_1_815' title='bbox 3086 4222 3396 4293; x_wconf 88' lang='lat' dir='ltr'><strong>suscitavit;</strong></span> <span class='ocrx_word' id='word_1_816' title='bbox 3429 4233 3651 4297; x_wconf 87' lang='lat' dir='ltr'><strong>propter</strong></span> 
     </span>
    </p>
   </div>
   <div class='ocr_carea' id='block_1_104' title="bbox 2061 4308 3649 4385">
    <p class='ocr_par' dir='ltr' id='par_1_104' title="bbox 2061 4308 3649 4385">
     <span class='ocr_line' id='line_1_105' title="bbox 2061 4308 3649 4385; baseline 0.003 -16"><span class='ocrx_word' id='word_1_817' title='bbox 2061 4315 2202 4385; x_wconf 88' lang='lat' dir='ltr'><strong>quod</strong></span> <span class='ocrx_word' id='word_1_818' title='bbox 2250 4308 2400 4383; x_wconf 87' lang='lat' dir='ltr'><strong>dicit,</strong></span> <span class='ocrx_word' id='word_1_819' title='bbox 2433 4312 2630 4369; x_wconf 88' lang='lat' dir='ltr'><strong>Solvite</strong></span> <span class='ocrx_word' id='word_1_820' title='bbox 2672 4314 2916 4384; x_wconf 85' lang='lat' dir='ltr'><strong>templum</strong></span> <span class='ocrx_word' id='word_1_821' title='bbox 2942 4314 3056 4383; x_wconf 84' lang='lat' dir='ltr'><strong>hoc,</strong></span> <span class='ocrx_word' id='word_1_822' title='bbox 3087 4324 3136 4370; x_wconf 90' lang='lat' dir='ltr'><strong>et</strong></span> <span class='ocrx_word' id='word_1_823' title='bbox 3174 4314 3342 4371; x_wconf 89' lang='lat' dir='ltr'><strong>triduo</strong></span> <span class='ocrx_word' id='word_1_824' title='bbox 3394 4316 3649 4373; x_wconf 88' lang='lat' dir='ltr'><strong>suscitabo</strong></span> 
     </span>
    </p>
   </div>
   <div class='ocr_carea' id='block_1_105' title="bbox 2060 4407 3650 4482">
    <p class='ocr_par' dir='ltr' id='par_1_105' title="bbox 2060 4407 3650 4482">
     <span class='ocr_line' id='line_1_106' title="bbox 2060 4407 3650 4482; baseline 0.003 -17"><span class='ocrx_word' id='word_1_825' title='bbox 2060 4410 2193 4465; x_wconf 89' lang='lat' dir='ltr'><strong>illud</strong></span> <span class='ocrx_word' id='word_1_826' title='bbox 2221 4408 2398 4479; x_wconf 80' lang='lat' dir='ltr'><strong>(Joan.</strong></span> <span class='ocrx_word' id='word_1_827' title='bbox 2442 4424 2500 4474; x_wconf 85' lang='lat' dir='ltr'><strong>ll,</strong></span> <span class='ocrx_word' id='word_1_828' title='bbox 2529 4407 2643 4474; x_wconf 79' lang='lat' dir='ltr'><strong>l9).</strong></span> <span class='ocrx_word' id='word_1_829' title='bbox 2689 4407 2845 4476; x_wconf 86' lang='lat' dir='ltr'><strong>Quod</strong></span> <span class='ocrx_word' id='word_1_830' title='bbox 2889 4408 3050 4465; x_wconf 89' lang='lat' dir='ltr'><strong>etiam</strong></span> <span class='ocrx_word' id='word_1_831' title='bbox 3098 4408 3186 4466; x_wconf 89' lang='lat' dir='ltr'><strong>hic</strong></span> <span class='ocrx_word' id='word_1_832' title='bbox 3232 4409 3570 4482; x_wconf 82' lang='lat' dir='ltr'><strong>signiﬁcavit,</strong></span> <span class='ocrx_word' id='word_1_833' title='bbox 3603 4412 3650 4469; x_wconf 90' lang='lat' dir='ltr'><strong>si</strong></span> 
     </span>
    </p>
   </div>
   <div class='ocr_carea' id='block_1_106' title="bbox 2062 4501 3651 4576">
    <p class='ocr_par' dir='ltr' id='par_1_106' title="bbox 2062 4501 3651 4576">
     <span class='ocr_line' id='line_1_107' title="bbox 2062 4501 3651 4576; baseline 0.003 -18"><span class='ocrx_word' id='word_1_834' title='bbox 2062 4504 2183 4576; x_wconf 88' lang='lat' dir='ltr'><strong>quis</strong></span> <span class='ocrx_word' id='word_1_835' title='bbox 2210 4502 2494 4574; x_wconf 89' lang='lat' dir='ltr'><strong>diligenter</strong></span> <span class='ocrx_word' id='word_1_836' title='bbox 2530 4501 2772 4559; x_wconf 88' lang='lat' dir='ltr'><strong>intendat</strong></span> <span class='ocrx_word' id='word_1_837' title='bbox 2804 4521 2817 4558; x_wconf 93' lang='lat'>:</span> <span class='ocrx_word' id='word_1_838' title='bbox 2850 4504 3077 4560; x_wconf 85' lang='lat' dir='ltr'><strong>scrutari</strong></span> <span class='ocrx_word' id='word_1_839' title='bbox 3124 4505 3271 4561; x_wconf 91' lang='lat' dir='ltr'><strong>enim</strong></span> <span class='ocrx_word' id='word_1_840' title='bbox 3310 4504 3469 4576; x_wconf 88' lang='lat' dir='ltr'><strong>jussit</strong></span> <span class='ocrx_word' id='word_1_841' title='bbox 3506 4505 3651 4563; x_wconf 89' lang='lat' dir='ltr'><strong>Scri-</strong></span> 
     </span>
    </p>
   </div>
   <div class='ocr_carea' id='block_1_107' title="bbox 2062 4596 3649 4669">
    <p class='ocr_par' dir='ltr' id='par_1_107' title="bbox 2062 4596 3649 4669">
     <span class='ocr_line' id='line_1_108' title="bbox 2062 4596 3649 4669; baseline 0.001 -15"><span class='ocrx_word' id='word_1_842' title='bbox 2062 4608 2265 4669; x_wconf 87' lang='lat' dir='ltr'><strong>pturas,</strong></span> <span class='ocrx_word' id='word_1_843' title='bbox 2283 4614 2402 4669; x_wconf 70' lang='lat' dir='ltr'><strong>qua:</strong></span> <span class='ocrx_word' id='word_1_844' title='bbox 2430 4596 2790 4655; x_wconf 88' lang='lat' dir='ltr'><strong>testimonium</strong></span> <span class='ocrx_word' id='word_1_845' title='bbox 2817 4596 3100 4668; x_wconf 90' lang='lat' dir='ltr'><strong>perhibent</strong></span> <span class='ocrx_word' id='word_1_846' title='bbox 3120 4598 3190 4654; x_wconf 91' lang='lat' dir='ltr'><strong>de</strong></span> <span class='ocrx_word' id='word_1_847' title='bbox 3217 4598 3309 4655; x_wconf 91' lang='lat' dir='ltr'><strong>illo</strong></span> <span class='ocrx_word' id='word_1_848' title='bbox 3329 4598 3436 4667; x_wconf 91' lang='lat' dir='ltr'><strong>(Id.</strong></span> <span class='ocrx_word' id='word_1_849' title='bbox 3456 4614 3507 4666; x_wconf 91' lang='lat' dir='ltr'><strong>v,</strong></span> <span class='ocrx_word' id='word_1_850' title='bbox 3532 4598 3649 4669; x_wconf 80' lang='lat'><strong>59),</strong></span> 
     </span>
    </p>
   </div>
   <div class='ocr_carea' id='block_1_108' title="bbox 2063 4690 3648 4761">
    <p class='ocr_par' dir='ltr' id='par_1_108' title="bbox 2063 4690 3648 4761">
     <span class='ocr_line' id='line_1_109' title="bbox 2063 4690 3648 4761; baseline 0.001 -15"><span class='ocrx_word' id='word_1_851' title='bbox 2063 4707 2170 4746; x_wconf 94' lang='lat' dir='ltr'><strong>non</strong></span> <span class='ocrx_word' id='word_1_852' title='bbox 2199 4691 2252 4746; x_wconf 90' lang='lat' dir='ltr'><strong>in</strong></span> <span class='ocrx_word' id='word_1_853' title='bbox 2279 4690 2565 4760; x_wconf 85' lang='lat' dir='ltr'><strong>superﬁcie</strong></span> <span class='ocrx_word' id='word_1_854' title='bbox 2588 4690 2922 4761; x_wconf 88' lang='lat' dir='ltr'><strong>pertransiri.</strong></span> <span class='ocrx_word' id='word_1_855' title='bbox 2950 4690 3066 4746; x_wconf 85' lang='lat' dir='ltr'><strong>Non</strong></span> <span class='ocrx_word' id='word_1_856' title='bbox 3092 4691 3236 4747; x_wconf 89' lang='lat' dir='ltr'><strong>enim</strong></span> <span class='ocrx_word' id='word_1_857' title='bbox 3277 4690 3648 4748; x_wconf 88' lang='lat' dir='ltr'><strong>tantummodo</strong></span> 
     </span>
    </p>
   </div>
   <div class='ocr_carea' id='block_1_109' title="bbox 2061 4781 3647 4856">
    <p class='ocr_par' dir='ltr' id='par_1_109' title="bbox 2061 4781 3647 4856">
     <span class='ocr_line' id='line_1_110' title="bbox 2061 4781 3647 4856; baseline -0.001 -16"><span class='ocrx_word' id='word_1_858' title='bbox 2061 4786 2158 4851; x_wconf 88' lang='lat' dir='ltr'><strong>ait,</strong></span> <span class='ocrx_word' id='word_1_859' title='bbox 2186 4783 2287 4851; x_wconf 87' lang='lat' dir='ltr'><strong>Tu,</strong></span> <span class='ocrx_word' id='word_1_860' title='bbox 2313 4782 2552 4849; x_wconf 86' lang='lat' dir='ltr'><strong>Domine,</strong></span> <span class='ocrx_word' id='word_1_861' title='bbox 2584 4781 2820 4853; x_wconf 89' lang='lat' dir='ltr'><strong>Domine,</strong></span> <span class='ocrx_word' id='word_1_862' title='bbox 2852 4784 2937 4856; x_wconf 79' lang='lat' dir='ltr'><strong>fac</strong></span> <span class='ocrx_word' id='word_1_863' title='bbox 2973 4801 3205 4852; x_wconf 84' lang='lat' dir='ltr'><strong>meeum;</strong></span> <span class='ocrx_word' id='word_1_864' title='bbox 3233 4784 3327 4841; x_wconf 86' lang='lat' dir='ltr'><strong>sed</strong></span> <span class='ocrx_word' id='word_1_865' title='bbox 3352 4786 3444 4851; x_wconf 91' lang='lat' dir='ltr'><strong>ait,</strong></span> <span class='ocrx_word' id='word_1_866' title='bbox 3481 4784 3547 4839; x_wconf 87' lang='lat' dir='ltr'><strong>Et</strong></span> <span class='ocrx_word' id='word_1_867' title='bbox 3573 4793 3647 4839; x_wconf 90' lang='lat' dir='ltr'><strong>tu.</strong></span> 
     </span>
    </p>
   </div>
   <div class='ocr_carea' id='block_1_110' title="bbox 2060 4876 3649 4950">
    <p class='ocr_par' dir='ltr' id='par_1_110' title="bbox 2060 4876 3649 4950">
     <span class='ocr_line' id='line_1_111' title="bbox 2060 4876 3649 4950; baseline 0.001 -15"><span class='ocrx_word' id='word_1_868' title='bbox 2060 4879 2200 4947; x_wconf 83' lang='lat' dir='ltr'><strong>Quid</strong></span> <span class='ocrx_word' id='word_1_869' title='bbox 2228 4887 2330 4944; x_wconf 89' lang='lat' dir='ltr'><strong>est,</strong></span> <span class='ocrx_word' id='word_1_870' title='bbox 2362 4876 2431 4933; x_wconf 90' lang='lat' dir='ltr'><strong>Et</strong></span> <span class='ocrx_word' id='word_1_871' title='bbox 2454 4888 2529 4945; x_wconf 90' lang='lat' dir='ltr'><strong>tu,</strong></span> <span class='ocrx_word' id='word_1_872' title='bbox 2560 4876 2662 4933; x_wconf 90' lang='lat' dir='ltr'><strong>nisi</strong></span> <span class='ocrx_word' id='word_1_873' title='bbox 2703 4877 2823 4949; x_wconf 89' lang='lat' dir='ltr'><strong>quia</strong></span> <span class='ocrx_word' id='word_1_874' title='bbox 2860 4887 2917 4934; x_wconf 88' lang='lat' dir='ltr'><strong>et</strong></span> <span class='ocrx_word' id='word_1_875' title='bbox 2940 4878 3075 4950; x_wconf 85' lang='lat' dir='ltr'><strong>ego?</strong></span> <span class='ocrx_word' id='word_1_876' title='bbox 3118 4877 3270 4945; x_wconf 92' lang='lat' dir='ltr'><strong>Quod</strong></span> <span class='ocrx_word' id='word_1_877' title='bbox 3317 4886 3495 4934; x_wconf 90' lang='lat' dir='ltr'><strong>autem</strong></span> <span class='ocrx_word' id='word_1_878' title='bbox 3540 4893 3649 4936; x_wconf 90' lang='lat' dir='ltr'><strong>non</strong></span> 
     </span>
    </p>
   </div>
   <div class='ocr_carea' id='block_1_111' title="bbox 2061 4966 3648 5041">
    <p class='ocr_par' dir='ltr' id='par_1_111' title="bbox 2061 4966 3648 5041">
     <span class='ocr_line' id='line_1_112' title="bbox 2061 4966 3648 5041; baseline -0.002 -14"><span class='ocrx_word' id='word_1_879' title='bbox 2061 4972 2228 5028; x_wconf 90' lang='lat' dir='ltr'><strong>semel</strong></span> <span class='ocrx_word' id='word_1_880' title='bbox 2271 4971 2507 5039; x_wconf 86' lang='lat' dir='ltr'><strong>Domine,</strong></span> <span class='ocrx_word' id='word_1_881' title='bbox 2548 4970 2644 5027; x_wconf 90' lang='lat' dir='ltr'><strong>sed</strong></span> <span class='ocrx_word' id='word_1_882' title='bbox 2691 4979 2941 5041; x_wconf 87' lang='lat' dir='ltr'><strong>repetens</strong></span> <span class='ocrx_word' id='word_1_883' title='bbox 2986 4970 3083 5034; x_wconf 88' lang='lat' dir='ltr'><strong>ait,</strong></span> <span class='ocrx_word' id='word_1_884' title='bbox 3127 4966 3369 5036; x_wconf 86' lang='lat' dir='ltr'><strong>Domine,</strong></span> <span class='ocrx_word' id='word_1_885' title='bbox 3397 4968 3648 5035; x_wconf 88' lang='lat' dir='ltr'><strong>Domine;</strong></span> 
     </span>
    </p>
   </div>
   <div class='ocr_carea' id='block_1_112' title="bbox 2062 5059 3649 5130">
    <p class='ocr_par' dir='ltr' id='par_1_112' title="bbox 2062 5059 3649 5130">
     <span class='ocr_line' id='line_1_113' title="bbox 2062 5059 3649 5130; baseline -0.003 -8"><span class='ocrx_word' id='word_1_886' title='bbox 2062 5066 2222 5122; x_wconf 88' lang='lat' dir='ltr'><strong>habet</strong></span> <span class='ocrx_word' id='word_1_887' title='bbox 2245 5065 2301 5121; x_wconf 90' lang='lat' dir='ltr'><strong>in</strong></span> <span class='ocrx_word' id='word_1_888' title='bbox 2330 5063 2433 5121; x_wconf 92' lang='lat' dir='ltr'><strong>hoc</strong></span> <span class='ocrx_word' id='word_1_889' title='bbox 2461 5062 2665 5121; x_wconf 90' lang='lat' dir='ltr'><strong>orantis</strong></span> <span class='ocrx_word' id='word_1_890' title='bbox 2689 5062 2937 5119; x_wconf 75' lang='lat' dir='ltr'><strong>affectum</strong></span> <span class='ocrx_word' id='word_1_891' title='bbox 2970 5078 2985 5115; x_wconf 92' lang='lat'><strong>:</strong></span> <span class='ocrx_word' id='word_1_892' title='bbox 3013 5061 3166 5117; x_wconf 91' lang='lat' dir='ltr'><strong>sicuti</strong></span> <span class='ocrx_word' id='word_1_893' title='bbox 3196 5071 3299 5128; x_wconf 91' lang='lat' dir='ltr'><strong>est,</strong></span> <span class='ocrx_word' id='word_1_894' title='bbox 3327 5059 3482 5130; x_wconf 86' lang='lat' dir='ltr'><strong>Deus,</strong></span> <span class='ocrx_word' id='word_1_895' title='bbox 3508 5060 3649 5118; x_wconf 85' lang='lat' dir='ltr'><strong>Deus</strong></span> 
     </span>
    </p>
   </div>
   <div class='ocr_carea' id='block_1_113' title="bbox 2061 5148 3651 5231">
    <p class='ocr_par' dir='ltr' id='par_1_113' title="bbox 2061 5148 3651 5231">
     <span class='ocr_line' id='line_1_114' title="bbox 2061 5148 3651 5231; baseline -0.003 -17"><span class='ocrx_word' id='word_1_896' title='bbox 2061 5148 2204 5214; x_wconf 85' lang='lat' dir='ltr'><strong>meus</strong></span> <span class='ocrx_word' id='word_1_897' title='bbox 2230 5156 2401 5231; x_wconf 88' lang='lat' dir='ltr'><strong>(Psal.</strong></span> <span class='ocrx_word' id='word_1_898' title='bbox 2446 5172 2558 5223; x_wconf 76' lang='lat' dir='ltr'><strong>XXI,</strong></span> <span class='ocrx_word' id='word_1_899' title='bbox 2593 5155 2671 5228; x_wconf 90' lang='lat'><strong>2).</strong></span> <span class='ocrx_word' id='word_1_900' title='bbox 2710 5153 2864 5223; x_wconf 89' lang='lat' dir='ltr'><strong>Quod</strong></span> <span class='ocrx_word' id='word_1_901' title='bbox 2898 5168 3046 5219; x_wconf 88' lang='lat' dir='ltr'><strong>vero,</strong></span> <span class='ocrx_word' id='word_1_902' title='bbox 3092 5168 3213 5209; x_wconf 89' lang='lat' dir='ltr'><strong>cum</strong></span> <span class='ocrx_word' id='word_1_903' title='bbox 3253 5152 3498 5221; x_wconf 82' lang='lat' dir='ltr'><strong>dixisset,</strong></span> <span class='ocrx_word' id='word_1_904' title='bbox 3539 5152 3651 5210; x_wconf 82' lang='lat' dir='ltr'><strong>Fac</strong></span> 
     </span>
    </p>
   </div>
   <div class='ocr_carea' id='block_1_114' title="bbox 2061 5246 3653 5319">
    <p class='ocr_par' dir='ltr' id='par_1_114' title="bbox 2061 5246 3653 5319">
     <span class='ocr_line' id='line_1_115' title="bbox 2061 5246 3653 5319; baseline -0.003 -13"><span class='ocrx_word' id='word_1_905' title='bbox 2061 5268 2277 5317; x_wconf 89' lang='lat' dir='ltr'><strong>mecum,</strong></span> <span class='ocrx_word' id='word_1_906' title='bbox 2309 5248 2532 5315; x_wconf 90' lang='lat' dir='ltr'><strong>addidit,</strong></span> <span class='ocrx_word' id='word_1_907' title='bbox 2561 5256 2767 5319; x_wconf 85' lang='lat' dir='ltr'><strong>propter</strong></span> <span class='ocrx_word' id='word_1_908' title='bbox 2795 5262 2975 5301; x_wconf 87' lang='lat' dir='ltr'><strong>nomen</strong></span> <span class='ocrx_word' id='word_1_909' title='bbox 3021 5256 3206 5313; x_wconf 88' lang='lat' dir='ltr'><strong>tuum;</strong></span> <span class='ocrx_word' id='word_1_910' title='bbox 3252 5246 3479 5318; x_wconf 85' lang='lat' dir='ltr'><strong>gratiam</strong></span> <span class='ocrx_word' id='word_1_911' title='bbox 3503 5262 3653 5304; x_wconf 87' lang='lat' dir='ltr'><strong>com-</strong></span> 
     </span>
    </p>
   </div>
   <div class='ocr_carea' id='block_1_115' title="bbox 2062 5336 3650 5411">
    <p class='ocr_par' dir='ltr' id='par_1_115' title="bbox 2062 5336 3650 5411">
     <span class='ocr_line' id='line_1_116' title="bbox 2062 5336 3650 5411; baseline -0.013 -10"><span class='ocrx_word' id='word_1_912' title='bbox 2062 5342 2354 5401; x_wconf 90' lang='lat' dir='ltr'><strong>mendavit.</strong></span> <span class='ocrx_word' id='word_1_913' title='bbox 2385 5340 2555 5396; x_wconf 86' lang='lat' dir='ltr'><strong>Nullis</strong></span> <span class='ocrx_word' id='word_1_914' title='bbox 2611 5337 2752 5395; x_wconf 90' lang='lat' dir='ltr'><strong>enim</strong></span> <span class='ocrx_word' id='word_1_915' title='bbox 2810 5351 3035 5409; x_wconf 89' lang='lat' dir='ltr'><strong>operum</strong></span> <span class='ocrx_word' id='word_1_916' title='bbox 3078 5336 3284 5395; x_wconf 89' lang='lat' dir='ltr'><strong>meritis</strong></span> <span class='ocrx_word' id='word_1_917' title='bbox 3336 5338 3650 5411; x_wconf 69' lang='lat' dir='ltr'><strong>prmceden-</strong></span> 
     </span>
    </p>
   </div>
   <div class='ocr_carea' id='block_1_116' title="bbox 2063 5428 3650 5493">
    <p class='ocr_par' dir='ltr' id='par_1_116' title="bbox 2063 5428 3650 5493">
     <span class='ocr_line' id='line_1_117' title="bbox 2063 5428 3650 5493; baseline -0.005 0"><span class='ocrx_word' id='word_1_918' title='bbox 2063 5437 2205 5493; x_wconf 89' lang='lat' dir='ltr'><strong>tibus</strong></span> <span class='ocrx_word' id='word_1_919' title='bbox 2248 5436 2303 5491; x_wconf 93' lang='lat' dir='ltr'><strong>in</strong></span> <span class='ocrx_word' id='word_1_920' title='bbox 2348 5442 2552 5491; x_wconf 91' lang='lat' dir='ltr'><strong>tantum</strong></span> <span class='ocrx_word' id='word_1_921' title='bbox 2612 5428 2986 5487; x_wconf 88' lang='lat' dir='ltr'><strong>celsitudinem</strong></span> <span class='ocrx_word' id='word_1_922' title='bbox 3030 5430 3281 5488; x_wconf 88' lang='lat' dir='ltr'><strong>subvecta</strong></span> <span class='ocrx_word' id='word_1_923' title='bbox 3328 5440 3411 5487; x_wconf 89' lang='lat' dir='ltr'><strong>est</strong></span> <span class='ocrx_word' id='word_1_924' title='bbox 3458 5430 3650 5487; x_wconf 87' lang='lat' dir='ltr'><strong>huma-</strong></span> 
     </span>
    </p>
   </div>
   <div class='ocr_carea' id='block_1_117' title="bbox 2063 5522 3652 5594">
    <p class='ocr_par' dir='ltr' id='par_1_117' title="bbox 2063 5522 3652 5594">
     <span class='ocr_line' id='line_1_118' title="bbox 2063 5522 3652 5594; baseline -0.004 -8"><span class='ocrx_word' id='word_1_925' title='bbox 2063 5546 2129 5586; x_wconf 93' lang='lat' dir='ltr'><strong>na</strong></span> <span class='ocrx_word' id='word_1_926' title='bbox 2160 5538 2370 5594; x_wconf 88' lang='lat' dir='ltr'><strong>natura,</strong></span> <span class='ocrx_word' id='word_1_927' title='bbox 2398 5534 2458 5586; x_wconf 87' lang='lat' dir='ltr'><strong>ut</strong></span> <span class='ocrx_word' id='word_1_928' title='bbox 2482 5533 2653 5581; x_wconf 91' lang='lat' dir='ltr'><strong>totum</strong></span> <span class='ocrx_word' id='word_1_929' title='bbox 2680 5524 2840 5581; x_wconf 87' lang='lat' dir='ltr'><strong>simul</strong></span> <span class='ocrx_word' id='word_1_930' title='bbox 2882 5523 3116 5581; x_wconf 82' lang='lat' dir='ltr'><strong>Verbum</strong></span> <span class='ocrx_word' id='word_1_931' title='bbox 3145 5533 3199 5581; x_wconf 90' lang='lat' dir='ltr'><strong>et</strong></span> <span class='ocrx_word' id='word_1_932' title='bbox 3240 5538 3386 5591; x_wconf 90' lang='lat' dir='ltr'><strong>caro,</strong></span> <span class='ocrx_word' id='word_1_933' title='bbox 3420 5522 3525 5579; x_wconf 90' lang='lat' dir='ltr'><strong>hoc</strong></span> <span class='ocrx_word' id='word_1_934' title='bbox 3568 5530 3652 5579; x_wconf 89' lang='lat' dir='ltr'><strong>est</strong></span> 
     </span>
    </p>
   </div>
   <div class='ocr_carea' id='block_1_118' title="bbox 2064 5613 3652 5692">
    <p class='ocr_par' dir='ltr' id='par_1_118' title="bbox 2064 5613 3652 5692">
     <span class='ocr_line' id='line_1_119' title="bbox 2064 5613 3652 5692; baseline -0.007 -11"><span class='ocrx_word' id='word_1_935' title='bbox 2064 5625 2206 5681; x_wconf 90' lang='lat' dir='ltr'><strong>Deus</strong></span> <span class='ocrx_word' id='word_1_936' title='bbox 2246 5633 2298 5681; x_wconf 91' lang='lat' dir='ltr'><strong>et</strong></span> <span class='ocrx_word' id='word_1_937' title='bbox 2342 5624 2525 5691; x_wconf 87' lang='lat' dir='ltr'><strong>homo,</strong></span> <span class='ocrx_word' id='word_1_938' title='bbox 2552 5619 2857 5692; x_wconf 89' lang='lat' dir='ltr'><strong>unigenitus</strong></span> <span class='ocrx_word' id='word_1_939' title='bbox 2895 5617 3063 5675; x_wconf 87' lang='lat' dir='ltr'><strong>Filius</strong></span> <span class='ocrx_word' id='word_1_940' title='bbox 3101 5613 3197 5673; x_wconf 81' lang='lat' dir='ltr'><strong>Dei</strong></span> <span class='ocrx_word' id='word_1_941' title='bbox 3223 5616 3508 5673; x_wconf 88' lang='lat' dir='ltr'><strong>diceretur.</strong></span> <span class='ocrx_word' id='word_1_942' title='bbox 3539 5613 3652 5671; x_wconf 81' lang='lat' dir='ltr'><strong>Hoc</strong></span> 
     </span>
    </p>
   </div>
   <div class='ocr_carea' id='block_1_119' title="bbox 2065 5709 3650 5785">
    <p class='ocr_par' dir='ltr' id='par_1_119' title="bbox 2065 5709 3650 5785">
     <span class='ocr_line' id='line_1_120' title="bbox 2065 5709 3650 5785; baseline -0.007 -8"><span class='ocrx_word' id='word_1_943' title='bbox 2065 5728 2243 5777; x_wconf 89' lang='lat' dir='ltr'><strong>autem</strong></span> <span class='ocrx_word' id='word_1_944' title='bbox 2271 5718 2469 5775; x_wconf 85' lang='lat' dir='ltr'><strong>factum</strong></span> <span class='ocrx_word' id='word_1_945' title='bbox 2512 5727 2618 5783; x_wconf 90' lang='lat' dir='ltr'><strong>est,</strong></span> <span class='ocrx_word' id='word_1_946' title='bbox 2649 5724 2709 5770; x_wconf 89' lang='lat' dir='ltr'><strong>ut</strong></span> <span class='ocrx_word' id='word_1_947' title='bbox 2751 5713 2936 5771; x_wconf 88' lang='lat' dir='ltr'><strong>abillo</strong></span> <span class='ocrx_word' id='word_1_948' title='bbox 2980 5713 3069 5785; x_wconf 90' lang='lat' dir='ltr'><strong>qui</strong></span> <span class='ocrx_word' id='word_1_949' title='bbox 3113 5718 3409 5777; x_wconf 85' lang='lat' dir='ltr'><strong>creaverat,</strong></span> <span class='ocrx_word' id='word_1_950' title='bbox 3457 5724 3553 5781; x_wconf 87' lang='lat' dir='ltr'><strong>per</strong></span> <span class='ocrx_word' id='word_1_951' title='bbox 3596 5709 3650 5766; x_wconf 89' lang='lat' dir='ltr'><strong>id</strong></span> 
     </span>
    </p>
   </div>
   <div class='ocr_carea' id='block_1_120' title="bbox 2065 5807 3648 5887">
    <p class='ocr_par' dir='ltr' id='par_1_120' title="bbox 2065 5807 3648 5887">
     <span class='ocr_line' id='line_1_121' title="bbox 2065 5807 3648 5887; baseline -0.006 -17"><span class='ocrx_word' id='word_1_952' title='bbox 2065 5813 2207 5887; x_wconf 93' lang='lat' dir='ltr'><strong>quod</strong></span> <span class='ocrx_word' id='word_1_953' title='bbox 2254 5829 2359 5869; x_wconf 93' lang='lat' dir='ltr'><strong>non</strong></span> <span class='ocrx_word' id='word_1_954' title='bbox 2407 5812 2665 5884; x_wconf 88' lang='lat' dir='ltr'><strong>perierat,</strong></span> <span class='ocrx_word' id='word_1_955' title='bbox 2714 5810 2767 5867; x_wconf 90' lang='lat' dir='ltr'><strong>id</strong></span> <span class='ocrx_word' id='word_1_956' title='bbox 2808 5808 2951 5882; x_wconf 90' lang='lat' dir='ltr'><strong>quod</strong></span> <span class='ocrx_word' id='word_1_957' title='bbox 2992 5807 3221 5880; x_wconf 88' lang='lat' dir='ltr'><strong>perierat</strong></span> <span class='ocrx_word' id='word_1_958' title='bbox 3266 5815 3598 5879; x_wconf 67' lang='lat' dir='ltr'><strong>quaereretur</strong></span> <span class='ocrx_word' id='word_1_959' title='bbox 3633 5820 3648 5861; x_wconf 89' lang='lat'>:</span> 
     </span>
    </p>
   </div>
   <div class='ocr_carea' id='block_1_121' title="bbox 2067 5900 3646 5978">
    <p class='ocr_par' dir='ltr' id='par_1_121' title="bbox 2067 5900 3646 5978">
     <span class='ocr_line' id='line_1_122' title="bbox 2067 5900 3646 5978; baseline -0.006 -13"><span class='ocrx_word' id='word_1_960' title='bbox 2067 5908 2210 5965; x_wconf 89' lang='lat' dir='ltr'><strong>unde</strong></span> <span class='ocrx_word' id='word_1_961' title='bbox 2233 5916 2286 5965; x_wconf 87' lang='lat' dir='ltr'><strong>et</strong></span> <span class='ocrx_word' id='word_1_962' title='bbox 2312 5906 2398 5963; x_wconf 90' lang='lat' dir='ltr'><strong>hic</strong></span> <span class='ocrx_word' id='word_1_963' title='bbox 2418 5905 2679 5978; x_wconf 88' lang='lat' dir='ltr'><strong>sequitur,</strong></span> <span class='ocrx_word' id='word_1_964' title='bbox 2702 5904 2833 5972; x_wconf 83' lang='lat' dir='ltr'><strong>Quia</strong></span> <span class='ocrx_word' id='word_1_965' title='bbox 2860 5902 3027 5959; x_wconf 83' lang='lat' dir='ltr'><strong>suavis</strong></span> <span class='ocrx_word' id='word_1_966' title='bbox 3055 5910 3128 5958; x_wconf 83' lang='lat' dir='ltr'><strong>est</strong></span> <span class='ocrx_word' id='word_1_967' title='bbox 3166 5900 3513 5958; x_wconf 81' lang='lat' dir='ltr'><strong>misericordia</strong></span> <span class='ocrx_word' id='word_1_968' title='bbox 3539 5910 3646 5956; x_wconf 80' lang='lat' dir='ltr'><strong>ma.</strong></span> 
     </span>
    </p>
   </div>
  </div>
