4188 6460
650 356 793 438 ms:

716 493 807 551 24.
841 490 990 567 [υοη.
1019 487 1135 564 22.]
1164 485 1347 543 Libera
1376 499 1473 549 me,
1496 481 1617 553 quia
1644 494 1828 554 egenus
1853 486 1897 534 et
1924 493 2117 549 pauper
2144 490 2234 546 ego

646 604 777 643 sum.
803 586 1025 658 Egestas
1050 592 1106 649 et
1130 584 1435 648 paupertas,
1468 572 1751 649 inﬁrmitas
1773 582 1875 639 est,
1896 588 1961 628 ex
1992 587 2096 649 qua
2116 586 2237 627 cru-

644 681 832 737 ciﬁxus
866 689 964 730 est.
996 671 1065 725 Et
1107 687 1194 726 cor
1240 686 1403 741 meum
1443 670 1799 743 conturbatum
1839 676 1913 722 est
1955 668 2089 722 intra
2137 684 2231 721 me.

640 774 754 827 Hoc
778 767 844 824 ad
865 765 996 835 illud
1022 763 1275 838 refertur,
1292 762 1437 836 quod
1456 764 1534 819 ait
1554 762 1943 837 prOpiuquante
1964 760 2231 831 passione,

642 864 819 933 Tristis
856 870 931 925 est
972 860 1145 919 anima
1181 876 1293 929 mea
1330 875 1486 931 usque
1514 857 1582 925 ad
1609 866 1820 925 mortem
1843 854 2057 929 (Matth.
2081 869 2231 925 χινι,

637 958 755 1028 38).

705 1051 795 1121 25.
821 1048 970 1125 [verm
988 1046 1107 1121 25.]
1120 1048 1266 1104 Sicut
1285 1046 1463 1115 umbra
1481 1062 1595 1101 cum
1623 1044 1860 1111 declinat,
1885 1043 2081 1100 ablatus
2100 1059 2231 1099 sum.

635 1146 751 1204 lloc
789 1146 959 1216 ipsam
991 1151 1217 1211 mortem
1247 1139 1581 1211 signiﬁcavit.
1615 1139 1763 1203 Sicut
1789 1138 1931 1205 enim
1960 1154 2025 1205 ex
2045 1138 2231 1203 umbra

637 1239 941 1305 declinante
962 1237 1021 1297 ﬁt
1043 1253 1170 1307 nos,
1188 1236 1267 1293 sic
1282 1250 1349 1299 ex
1368 1235 1578 1299 mortali
1591 1248 1752 1299 carne
1767 1231 1826 1288 ﬁt
1847 1248 2011 1297 mors.
2034 1230 2231 1297 Excus-

636 1351 723 1391 ωε
752 1350 864 1389 sum
889 1332 1018 1395 sicut
1050 1331 1274 1395 locum.
1306 1328 1418 1391 Hoc
1456 1328 1566 1396 jam
1594 1327 1655 1395 in,
1677 1324 1933 1391 membris
1961 1326 2096 1395 eius,
2130 1324 2230 1381 hoc

639 1435 721 1483 est
756 1423 1005 1491 ﬁdelibus
1052 1422 1189 1491 ejus,
1236 1418 1643 1481 conveniendus
1689 1418 1913 1488 intelligi
1955 1417 2226 1481 existimo.

636 1515 788 1584 Quod
831 1522 888 1569 ut.
932 1513 1207 1582 aliquanto
1254 1510 1491 1579 apertius
1535 1517 1776 1581 poneret,
1809 1508 1997 1573 maluit
2022 1508 2225 1577 dicere,

634 1609 759 1661 sicut
787 1604 1014 1672 locustw,
1039 1619 1201 1675 quam
1226 1602 1363 1657 sicut
1388 1602 1590 1657 locusta
1623 1618 1634 1653 :
1663 1600 1908 1673 quamvis
1930 1609 1983 1669 et
2005 1615 2227 1669 numero

634 1697 891 1769 singulari
921 1702 1145 1767 possent
1170 1694 1341 1764 accipi
1371 1693 1533 1751 etiam
1568 1692 1772 1759 multae,
1805 1692 1942 1747 sicut
1968 1691 2097 1747 illud
2119 1699 2222 1758 est,

634 1788 800 1865 Dixit,
832 1797 877 1842 et
908 1788 1038 1845 venit
1081 1785 1277 1857 locusta
1305 1783 1475 1857 (PsaL
1510 1800 1615 1859 civ,
1644 1784 1769 1856 54);
1802 1783 1897 1840 sed
1943 1793 2086 1840 esset
2125 1784 2223 1849 oh-

636 1881 869 1947 scurius.
900 1878 1126 1951 Excussi
1149 1888 1271 1932 sunt
1299 1892 1448 1949 ergo,
1476 1876 1528 1951 id
1554 1886 1655 1943 est,
1678 1874 1842 1946 fugati
1869 1892 1897 1929 a
1919 1876 2224 1949 persecuto-

634 1973 785 2031 ribus
812 1971 997 2041 iideles
1042 1970 1179 2039 ejus,
1210 1984 1439 2045 quorum
1478 1969 1562 2023 vel
1591 1967 1988 2043 multitudinem
2018 1968 2223 2039 signiﬁ-

631 2068 743 2129 cari
772 2064 941 2129 voluit
959 2063 1176 2137 nomine
1210 2064 1559 2137 locustarum,
1583 2061 1669 2118 vel
1698 2060 1839 2139 quod
1862 2060 2225 2127 transilierunt

630 2155 840 2235 deloco
864 2158 915 2225 in
945 2156 1144 2223 locum.

699 2250 790 2313 26.
822 2248 973 2327 [item
1004 2248 1121 2321 24.]
1148 2248 1331 2313 Genua,
1373 2265 1485 2323 mea
1519 2248 1777 2317 inﬁrmata
1814 2255 1984 2321 sunto
1997 2246 2218 2318 jejunio.

628 2344 879 2421 Legimus
930 2343 1211 2411 Dominum
1274 2340 1543 2405 Christum
1600 2340 1951 2413 quadraginta
2010 2339 2219 2397 dierum

628 2438 885 2513 habuisse
907 2435 1169 2507 jejunium
1200 2433 1411 2507 (Matth.
1444 2450 1520 2501 tv,
1550 2434 1641 2504 2):
1672 2432 1767 2497 sed
1812 2440 2085 2499 tantumne
2130 2447 2220 2487 va-

626 2535 727 2609 luit
748 2537 803 2589 in
848 2549 915 2591 eo
953 2534 1045 2589 illa
1088 2531 1284 2603 inedia,
1310 2540 1366 2601 ut
1405 2543 1580 2601 genua
1624 2527 1742 2598 ejus
1780 2525 2219 2589 inﬁrmarentur?

625 2628 708 2685 An
735 2636 791 2691 et,
831 2626 934 2689 hoc
983 2625 1035 2679 in
1075 2623 1332 2679 membris
1379 2622 1516 2693 eius,
1564 2622 1667 2685 hoc
1712 2626 1795 2679 est
1838 2617 2036 2691 sanctis
2077 2616 2214 2687 ejus,

624 2720 799 2792 aptius
822 2717 1166 2791 intelligitur?
1196 2715 1261 2770 Et
1291 2731 1410 2779 caro
1458 2730 1567 2773 mea
1596 2714 1865 2785 immutata
1896 2720 1969 2789 est
2012 2721 2217 2783 propter

625 2820 792 2883 oleum
822 2832 839 2869 :
865 2824 1084 2886 promer
1108 2812 1333 2883 gratiam
1352 2810 1703 2881 spiritualem.
1725 2808 1879 2867 Unde
1901 2817 1954 2862 et
1972 2805 2215 2875 Christus

623 2910 923 2980 appellatur
959 2924 993 2973 a
1026 2906 1315 2977 chrismate
1347 2924 1358 2959 :
1387 2903 1618 2965 chrisma
1666 2910 1842 2971 autem
1885 2900 2067 2955 unctio
2110 2907 2212 2955 est.

629 3004 773 3071 Caro.
813 3011 989 3072 autem
1031 3009 1249 3070 propter
1295 2999 1471 3067 oleum
1517 3011 1624 3063 non
1656 2995 1713 3061 in
1738 2994 1993 3059 deterius,
2036 2992 2131 3050 sed
2160 2992 2212 3046 in

622 3096 817 3169 melius
845 3096 1120 3165 innuptam
1150 3099 1252 3163 est,
1282 3089 1385 3163 hoc
1404 3098 1503 3154 est,
1534 3104 1565 3153 a
1591 3089 1779 3155 mortis
1808 3087 2132 3157 contumelia
2158 3086 2211 3143 in

619 3190 847 3265 gloriam
884 3184 1298 3251 inmortalitatis
1324 3197 1639 3253 exsturgeus.
1666 3180 1799 3237 Cum
1844 3181 2023 3255 itaque
2050 3180 2215 3235 dixis-

620 3291 723 3348 set,
758 3280 934 3339 Genua
977 3295 1093 3354 mea
1131 3278 1391 3351 iii/irritata
1439 3285 1555 3330 sunt
1586 3292 1621 3333 α
1634 3273 1855 3345 jejunio,
1884 3272 1974 3331 ubi
2004 3271 2212 3343 signiﬁ-

620 3384 797 3433 catum
848 3388 971 3443 esse,
1012 3372 1243 3447 arbitror
1269 3385 1362 3439 eos
1389 3369 1478 3443 qui
1510 3368 1565 3431 in,
1592 3367 1849 3437 membris
1889 3366 2006 3437 ejus
2046 3364 2211 3425 fortes

619 3466 965 3537 videbantur,
1000 3471 1251 3532 tanquam
1303 3459 1585 3530 praesentia
1617 3460 1765 3528 panis
1794 3474 1903 3526 quo
1943 3467 2211 3515 sustenta-

619 3558 815 3621 bantur
863 3556 1149 3619 abstracta,
1183 3553 1232 3609 in
1278 3552 1392 3621 eius
1440 3552 1687 3621 passione
1730 3550 1995 3617 defecisse
2042 3567 2209 3621 usque

619 3650 685 3706 ad
718 3649 1074 3720 negationem,
1111 3662 1227 3715 qum
1259 3644 1504 3714 apparuit
1530 3644 1581 3697 in
1614 3643 1806 3710 Petro;
1837 3651 2090 3717 tanquam
2139 3642 2209 3699 ad

618 3757 713 3801 eos
742 3738 1153 3811 conﬁrmandos,
1174 3753 1240 3794 ne
1267 3735 1662 3793 succumbendo
1692 3736 1903 3809 penitus
1930 3735 2203 3798 caderent,

618 3831 688 3888 Et
726 3848 845 3901 caro
877 3847 1008 3895 mea,
1062 3828 1253 3903 inquit,
1292 3829 1556 3895 immutata
1599 3835 1669 3881 est
1700 3835 1905 3897 propter
1934 3827 2120 3892 oleum,
2151 3834 2207 3885 ut

616 3940 710 3989 eos
738 3939 854 3993 mea
883 3931 1056 3989 morte
1082 3920 1416 3986 deﬁcientes,
1460 3934 1579 3974 mea
1607 3918 2001 3985 resurrectione
2028 3916 2207 3972 ﬁrma-

616 4035 753 4093 rent,
788 4026 845 4091 et
870 4018 1033 4073 misso
1064 4015 1266 4083 Spiritu
1293 4021 1477 4071 sancto
1510 4027 1823 4082 unguerem,
1848 4012 1939 4081 qui
1987 4026 2091 4067 non
2138 4009 2205 4065 ad

614 4126 710 4183 eos
739 4109 989 4181 venisset,
1024 4107 1120 4177 nisi
1172 4121 1273 4181 ego
1320 4105 1589 4159 ahiissem.
1635 4104 1747 4158 lloc
1785 4104 1927 4159 enim
1973 4101 2203 4167 dixerat,

618 4202 741 4267 Non
773 4209 932 4270 potest
969 4200 1055 4254 ille
1092 4199 1278 4267 uenire,
1306 4196 1403 4251 nisi
1448 4213 1539 4267 ego
1570 4196 1737 4251 abiero
1759 4193 1935 4268 (Joan.
1961 4210 2074 4264 xw,
2108 4194 2161 4265 7)
2188 4211 2201 4247 :

616 4304 674 4363 et
723 4293 1062 4363 Evangelista
1106 4292 1275 4355 dixit,
1326 4289 1570 4357 Nondum
1617 4299 1722 4343 erat
1765 4289 1989 4359 Spiritus
2032 4289 2200 4355 datus,

616 4388 736 4459 quia
775 4384 927 4440 Jesus
970 4382 1195 4443 nondum
1238 4383 1405 4452 fuerat
1448 4382 1760 4453 gloriﬁcatus
1793 4380 1905 4451 (Id.
1948 4396 2037 4447 vti,
2085 4380 2200 4450 39).

617 4479 865 4537 Nondum
897 4486 1011 4534 erat
1064 4478 1339 4531 immutata
1385 4490 1513 4535 caro
1542 4475 1677 4544 ejus.
1726 4472 1855 4528 Sive
1899 4482 2072 4527 autem
2106 4488 2201 4543 per

616 4554 813 4645 aquam
866 4578 1085 4647 propter
1125 4568 1453 4639 ablutionem
1507 4566 1597 4637 vel
1651 4566 2033 4643 irrigatiouem,
2090 4568 2202 4620 sive

618 4682 715 4738 per
742 4666 917 4722 oleum
954 4673 1171 4739 propter
1212 4660 1623 4727 exsultationem
1653 4667 1706 4715 et
1729 4656 2200 4727 inilammatmnmn

617 4761 927 4826 charitatis,
977 4738 1303 4827 signiﬁcetur
1346 4755 1577 4827 Spiritus
1627 4762 1877 4820 sanctus;
1931 4768 2039 4807 non
2080 4754 2201 4809 ideo

617 4864 700 4912 est
728 4870 757 4908 a
785 4854 965 4927 seipso
995 4851 1237 4921 diversus
1258 4894 1272 4917 ,
1303 4850 1426 4920 quia
1474 4850 1623 4921 signa
1652 4832 1860 4904 diversa
1890 4856 2031 4903 sunt.
2065 4834 2199 4904 Mul-

617 4960 728 5006 tum
754 4949 897 5005 enim
943 4947 1153 5021 diversa
1180 4955 1303 5017 sunt
1330 4947 1489 5023 etiam
1520 4944 1603 5002 leo
1629 4954 1687 5015 et
1721 4960 1907 5016 agnus,
1938 4954 1991 5003 et
2024 4954 2200 5000 tamen

616 5053 843 5113 tumque
869 5040 1200 5114 signiﬁcatus
1224 5046 1309 5096 est
1335 5038 1601 5111 Christus.
1627 5036 1736 5091 Leo
1763 5043 1981 5107 pr0pter
2018 5036 2158 5090 aliud
2180 5076 2195 5102 ,

613 5152 783 5209 agnus
816 5146 1031 5209 propter
1052 5134 1224 5199 aliud;
1260 5149 1365 5189 non
1393 5140 1573 5187 tamen
1604 5130 1743 5185 alius
1772 5146 1785 5182 :
1813 5129 1935 5199 quia
1966 5143 2065 5193 nec
2090 5128 2199 5184 for-

617 5231 687 5295 tis
735 5238 817 5287 est
860 5243 1049 5303 agnus,
1084 5241 1183 5283 nec
1230 5226 1488 5281 innocens
1516 5216 1639 5289 leo;
1672 5220 1914 5283 Christus
1940 5228 2119 5275 autem
2147 5227 2201 5273 et

614 5324 876 5382 innocens
903 5330 988 5389 est,
1015 5328 1075 5376 ut
1123 5334 1325 5395 agnus,
1355 5328 1411 5391 et
1440 5317 1593 5391 tortis
1622 5326 1677 5372 ut
1709 5316 1811 5383 leo.
1856 5314 1992 5368 Dicit
2020 5322 2195 5367 autem

612 5416 755 5490 apud
776 5415 964 5481 Isaiam
994 5414 1107 5484 ipse
1136 5413 1293 5479 iesus
1315 5412 1559 5487 Christus
1587 5428 1601 5465 :
1636 5409 1862 5482 Spiritus
1884 5406 2094 5463 Domini
2113 5424 2195 5463 su-

614 5530 703 5586 per
736 5527 836 5579 me,
863 5515 1069 5581 propter
1095 5506 1231 5578 quod.
1253 5506 1399 5563 unxit
1426 5521 1502 5561 me
1527 5504 1676 5578 (Isai.
1706 5518 1811 5568 in,
1836 5503 1925 5574 1.),

681 5606 769 5662 27.
801 5603 950 5679 [uers.
975 5599 1092 5675 25.]
1121 5598 1188 5656 Et
1235 5617 1325 5673 ego
1354 5604 1525 5673 factus
1564 5615 1675 5655 sum
1700 5596 2025 5679 opprobrium
2053 5595 2153 5649 illis
2180 5610 2197 5647 :

612 5715 707 5772 per
732 5678 961 5765 mortem
983 5694 1176 5752 crucis.
1208 5691 1439 5752 Christus
1464 5693 1609 5749 enim
1637 5708 1727 5747 nos
1746 5678 1963 5755 redemit
2001 5689 2061 5742 de
2090 5706 2196 5741 ma-

613 5792 795 5849 ledicto
824 5790 973 5864 Legi:
996 5830 1011 5855 ,
1049 5789 1209 5860 {actus
1248 5803 1340 5858 pro
1360 5785 1501 5847 nobis
1533 5785 1851 5849 maledictum
1881 5782 2069 5857 (Gatat.
2107 5798 2158 5835 ιιι
2181 5822 2193 5844 ,

613 5882 728 5961 15).
768 5882 1105 5941 Videruntnte
1127 5924 1142 5951 ,
1182 5892 1227 5937 ct
1255 5890 1509 5937 moverunt
1537 5880 1702 5949 capita
1744 5895 1852 5933 sua.
1887 5876 2016 5944 Quia
2049 5874 2196 5928 vitlec

1891 360 1946 415 S.
1988 350 2357 413 AUGUSTlNl
2381 352 2695 415 'EPlSCOPi

3758 383 3861 449 tibi

2350 482 2468 526 runt
2504 474 2838 544 pependisse,
2871 490 2976 533 non
3005 476 3249 534 viderunt
3270 484 3635 554 resurrexisse;
3662 491 3862 559 viderunt

2344 564 2557 633 quando
2609 581 2779 637 genua
2838 568 2951 637 ejus
3001 580 3122 625 sunt
3178 570 3469 641 inﬁrmata,
3526 594 3619 634 non
3664 584 3863 651 viderunt

2269 674 2281 745 ᾗ
2344 656 2556 726 quando
2586 667 2669 713 est
2693 673 2818 714 caro
2850 660 3150 717 immutata.

2412 749 2500 804 28.
2535 746 2684 823 [vers.
2718 750 2834 825 26.]
2860 753 3061 826 Adjuua
3088 773 3199 824 me,
3232 755 3444 814 Domine
3463 758 3589 817 Deus
3614 783 3763 837 meus,
3785 777 3863 828 δαί.

2340 860 2454 897 vum
2477 860 2556 898 me
2580 845 2662 915 {ac
2682 846 2952 902 secundum
2978 849 3374 906 misericordiam
3401 864 3553 919 tuam.
3604 858 3701 916 Hoc
3725 864 3776 919 ad
3804 879 3857 923 to-

2343 944 2452 991 tum
2480 936 2665 992 referri
2695 948 2905 1009 potest,
2936 940 2988 996 id
3012 953 3093 997 est
3118 951 3170 997 et
3194 942 3259 998 ad
3282 955 3436 1016 caput
3461 990 3473 1012 ,
3505 956 3555 1004 et
3584 950 3641 1005 ad
3669 969 3858 1028 corpus:

2339 1032 2404 1087 ad
2435 1042 2593 1103 caput
2617 1076 2630 1101 ,
2662 1046 2880 1105 propter
2908 1035 3132 1091 formam
3158 1038 3305 1094 servi
3329 1057 3342 1105 ;
3372 1039 3439 1097 ad
3457 1057 3663 1117 corpus,
3690 1064 3859 1122 propter

2340 1123 2482 1195 ipsos
2512 1140 2718 1179 servos.
2750 1125 2928 1181 Potuit
2956 1130 3098 1182 enim
3126 1141 3179 1185 et
3207 1130 3258 1187 in
3288 1131 3365 1188 eis
3392 1126 3565 1191 dicere
3587 1137 3712 1205 Deo,
3738 1162 3753 1196 ι
3782 1144 3858 1201 Atl-

2332 1219 2456 1285 juva
2490 1234 2610 1285 me,
2648 1236 2666 1269 ι
2704 1227 2777 1286 et,
2816 1239 2833 1270 ι
2867 1221 3068 1275 salvum
3117 1239 3202 1278 me
3232 1222 3349 1290 fac;
3390 1244 3408 1278 ι
3445 1227 3497 1284 in
3529 1231 3701 1300 quibus
3736 1234 3857 1293 Saulo

2337 1308 2504 1377 dixit,
2538 1329 2557 1363 ι
2586 1309 2724 1378 Quid
2758 1328 2843 1367 me
2895 1316 3237 1385 persequeris
3275 1335 3293 1368 ι
3329 1316 3467 1387 (Act.
3500 1335 3552 1376 ix
3578 1363 3590 1386 ,
3621 1322 3702 1394 4)?
3744 1327 3858 1394 Quod

2336 1410 2514 1456 autem
2545 1401 2787 1471 addidit,
2825 1421 2843 1455 ι
2882 1405 3179 1461 secundum
3212 1406 3624 1467 misericordiam
3655 1423 3805 1480 tuam;
3841 1440 3853 1472 ι

2334 1496 2562 1566 gratuita
2590 1497 2759 1567 gratia
2783 1508 3239 1554 commemoratur
3259 1542 3272 1568 ,
3304 1516 3409 1557 non
3456 1518 3517 1561 ex
3559 1520 3753 1581 operum
3786 1509 3857 1567 de-

2331 1585 2463 1644 hilo.

2402 1680 2493 1735 29.
2524 1679 2671 1753 [vers.
2701 1679 2815 1755 27.]
2850 1680 2917 1738 Et
2937 1684 3101 1739 sciant
3124 1686 3363 1755 quoniam
3384 1704 3558 1744 manus
3580 1699 3659 1747 tua
3694 1692 3856 1761 Ιιωε,ει

2330 1781 2416 1840 tu,
2453 1772 2701 1840 Domine,
2756 1776 2918 1845 fecisti
2946 1792 3074 1832 eam.
3128 1776 3203 1831 De
3233 1776 3317 1833 his
3351 1774 3525 1847 dixit,
3573 1782 3742 1850 sciant,
3788 1801 3858 1857 pro

2330 1868 2521 1939 quibus
2548 1869 2889 1924 smvientibus
2913 1876 2966 1925 et
2992 1869 3162 1925 oravit
3188 1887 3200 1934 ;
3232 1870 3359 1940 quia
3408 1871 3460 1925 in
3502 1873 3576 1927 eis
3601 1875 3766 1943 quibus
3802 1876 3858 1933 ia-

2329 1970 2446 2015 ctus
2471 1970 2552 2015 est
2575 1961 2919 2032 opprobrium
2946 1960 3285 2017 moventibus
3313 1962 3364 2016 in
3382 1962 3494 2031 ejus
3511 1962 3774 2023 illusionem
3794 1986 3859 2025 ca-

2330 2052 2435 2123 pita
2466 2066 2558 2106 sua
2580 2094 2595 2119 ,
2626 2060 2777 2107 erant
2819 2053 2980 2113 etiam
3032 2051 3087 2107 hi
3113 2054 3203 2125 qui
3235 2054 3287 2107 in
3320 2070 3442 2110 eum
3472 2065 3643 2124 postea
3666 2061 3857 2117 credide-

2327 2154 2469 2207 runt.
2528 2145 2741 2199 Discant
2791 2154 2967 2200 autem
3020 2144 3110 2216 qui
3157 2145 3382 2201 formam
3423 2144 3629 2209 humani
3668 2152 3857 2221 corporis

2327 2235 2439 2290 Deo
2470 2236 2725 2301 tribuunt,
2750 2236 3019 2307 quomodo
3050 2236 3245 2293 habeat
3268 2238 3410 2294 Deus
3433 2255 3655 2295 manum.
3681 2240 3726 2297 Si
3749 2245 3855 2298 enim

2327 2327 2466 2397 quod
2498 2326 2659 2391 facit,
2718 2343 2879 2382 manu
2920 2327 3064 2395 facit,
3110 2328 3371 2399 numquid
3415 2338 3466 2399 et
3496 2330 3652 2402 ipsam
3690 2348 3856 2388 manum

2325 2434 2475 2474 suam
2508 2436 2666 2473 manu
2696 2418 2858 2473 facit?
2897 2419 3177 2487 Quomodo
3199 2436 3331 2509 ergo
3360 2420 3446 2476 hic
3477 2421 3662 2476 dictum
3690 2431 3784 2489 est,
3809 2422 3858 2478 Et

2325 2510 2484 2575 sciant
2518 2504 2755 2581 quoniam
2783 2526 2961 2564 manus
2988 2519 3077 2564 tua
3103 2508 3230 2576 hazc,
3262 2504 3311 2565 et
3357 2522 3431 2579 tu,
3476 2512 3706 2576 Damiue,‘
3733 2515 3858 2584 fecisti

2326 2603 2471 2657 eam?
2498 2600 2857 2672 lntelligamus
2889 2603 3065 2671 itaque
3092 2617 3308 2657 manum
3342 2601 3434 2657 Dei
3464 2618 3579 2658 esse
3597 2602 3854 2658 Christum:

2325 2694 2463 2749 unde
2492 2694 2613 2748 alibi
2651 2693 2864 2759 dicitur,
2899 2692 2965 2747 Et
2996 2692 3256 2747 brachium
3287 2691 3497 2747 Domini
3526 2695 3605 2749 cui
3636 2695 3855 2749 revelatum

2324 2795 2396 2840 est
2430 2783 2586 2856 (lsai.
2620 2799 2728 2849 Lm,
2760 2785 2858 2855 1)?
2898 2782 3021 2838 Haec
3051 2799 3239 2838 manus
3272 2791 3331 2839 et
3371 2794 3503 2851 erat,
3538 2794 3587 2839 et
3615 2784 3853 2850 icciteam;

2322 2880 2463 2950 quia,
2498 2876 2565 2931 In
2586 2876 2832 2948 principio
2857 2886 2963 2931 erat
2994 2875 3232 2943 Verbum,
3261 2886 3311 2930 et
3343 2876 3553 2932 Verbum
3580 2895 3686 2931 caro
3709 2878 3853 2945 factum

2322 2980 2394 3026 est
2420 2964 2594 3042 (Joan.
2632 2986 2665 3034 ι,
2694 2969 2745 3033 1,
2776 2964 2862 3040 i4)
2898 2986 2910 3022 :
2944 2977 2995 3024 et
3036 2978 3150 3024 erat
3180 2970 3298 3025 sine
3354 2979 3588 3042 tempore
3612 2968 3852 3026 secundum

2320 3056 2673 3128 divinitatem,
2703 3071 2752 3115 et
2785 3062 2954 3116 tactus
2994 3071 3075 3117 est
3099 3060 3147 3118 ei
3181 3078 3244 3117 ex
3285 3064 3493 3119 semine
3526 3062 3671 3119 David
3698 3078 3852 3119 secun-

2319 3152 2444 3216 dum
2473 3168 2691 3208 carnem
2721 3148 2896 3222 (Rom.
2927 3168 2964 3218 ι,
2994 3153 3074 3223 5).

2391 3244 2477 3301 50.
2522 3242 2669 3317 [vers.
2698 3242 2816 3317 28.]
2846 3242 3152 3299 Maiedicent
3178 3245 3274 3312 illi,
3300 3256 3351 3299 et
3383 3255 3432 3299 tu
3459 3246 3710 3301 benedices.
3738 3245 3851 3300 Vana

2318 3347 2397 3395 est
2428 3352 2556 3407 ergo
2595 3344 2648 3391 et
2677 3335 2809 3391 falsa
2846 3336 3149 3393 maledictio
3175 3337 3407 3393 ﬁliorum
3454 3339 3725 3404 hominum,
3756 3339 3849 3393 (lili-

2315 3431 2552 3502 gentium
2585 3428 2895 3497 vanitatem,
2915 3437 2968 3485 et
2992 3430 3348 3499 quaerentium
3376 3433 3688 3487 mendacium
3715 3432 3849 3506 (Pici.

2315 3538 2394 3589 ιν,
2423 3522 2513 3593 '5);
2564 3522 2702 3575 Deus
2728 3529 2905 3577 autem
2938 3537 3058 3576 cum
3091 3521 3388 3589 benedicit,
3441 3525 3559 3579 iacit
3585 3524 3709 3595 quod
3734 3523 3847 3578 dicit.

2319 3616 2419 3684 Qui
2453 3617 2722 3686 insurgunt
2762 3616 2814 3668 in
2858 3632 2952 3682 me,
2986 3617 3419 3687 confundantur‘.
3465 3617 3531 3673 Ut
3558 3620 3685 3673 enim
3714 3617 3849 3672 insur-

2314 3717 2441 3780 gant
2483 3706 2680 3778 aliquid
2725 3724 2783 3762 se
2809 3708 3062 3763 adversus
3109 3724 3194 3763 me
3241 3710 3503 3779 proiicere
3543 3711 3846 3772 arbitrantur;

2316 3800 2410 3856 sed
2436 3815 2556 3854 cum
2584 3799 2843 3853 cxaltatus
2873 3796 3019 3853 fuero
3049 3814 3208 3868 super
3237 3801 3425 3866 cwlos,
3456 3811 3501 3857 et
3536 3816 3647 3857 esse
3669 3799 3849 3868 eruperit

2314 3907 2475 3965 super
2510 3907 2721 3946 omnem
2748 3898 2940 3945 terram
2968 3891 3135 3960 gloria
3163 3908 3301 3961 mea,
3334 3893 3720 3948 confundentur.
3750 3890 3847 3945 Ser-

2313 4004 2404 4042 vus
2428 3996 2595 4040 autem
2622 3996 2735 4039 tuus
2766 3984 3015 4038 tcetabitur
3046 4001 3063 4038 :
3094 3985 3206 4041 sive
3234 3985 3285 4039 in
3316 3986 3531 4042 dextera
3554 3986 3724 4052 Patris,
3762 3983 3848 4038 sive

2312 4080 2367 4136 in
2398 4079 2651 4135 membris
2698 4079 2807 4133 suis
2861 4077 3179 4143 laztantihus,
3228 4088 3282 4134 et
3311 4081 3451 4136 inter
3491 4081 3774 4136 tentationcs
3808 4075 3844 4127 in

2312 4186 2426 4241 spe,
2451 4182 2503 4227 et
2527 4179 2641 4239 post
2670 4170 2984 4224 tentationes
3012 4171 3060 4223 in
3093 4180 3373 4225 aeternum.

2383 4265 2469 4318 31.
2492 4262 2636 4335 [vers
2659 4261 2771 4335 29.]
2790 4260 3078 4315 Induantur
3093 4263 3180 4331 qui
3195 4263 3467 4318 detrahunt
3483 4265 3597 4317 milii
3613 4262 3842 4333 pudorem:

2311 4356 2363 4412 id
2390 4365 2490 4421 est,
2525 4355 2718 4425 pudeat
2747 4370 2839 4410 eos
2866 4355 3163 4409 detraxisse
3194 4355 3345 4409 mihi.
3387 4356 3489 4411 Sed
3520 4358 3612 4410 hoc
3638 4356 3780 4424 potest
3804 4356 3845 4405 et

2310 4446 2365 4501 in
2391 4446 2530 4501 bono
2560 4446 2746 4515 accipi,
2791 4444 2916 4500 dum
2959 4446 3311 4517 corriguntur.
3369 4447 3432 4500 Et
3458 4446 3725 4517 operiuntur
3744 4445 3842 4496 sicut

2310 4537 2585 4610 diploidem
2624 4538 2968 4607 confusionem
2997 4555 3158 4591 situm.
3215 4539 3412 4609 Dipiois
3450 4538 3637 4608 duplex
3665 4534 3839 4605 pallium

2308 4641 2410 4686 est.
2452 4632 2581 4685 Nam
2630 4630 2842 4699 quidam
2890 4631 3047 4684 etiam
3095 4631 3169 4684 sic
3205 4631 3535 4700 interpretati
3563 4636 3683 4683 sunt
3714 4627 3838 4680 istum

2308 4739 2523 4781 versum
2549 4744 2561 4777 :
2596 4724 2660 4777 Et
2690 4724 2981 4794 aperiantur
3004 4724 3132 4777 sicut
3170 4724 3380 4793 pallium
3411 4724 3593 4796 dupla
3625 4717 3840 4790 confinio-

2310 4836 2421 4873 nem
2445 4836 2608 4873 suam.
2664 4817 2976 4888 illiciiigillll‘
3002 4826 3199 4884 autem,
3242 4804 3626 4873 confundantur
3651 4823 3697 4869 et
3726 4813 3839 4866 intus

2308 4920 2364 4967 et
2395 4910 2540 4977 foris,
2569 4909 2619 4964 id
2643 4919 2723 4963 est
2752 4917 2803 4963 et
2823 4925 2999 4962 coram
3036 4909 3144 4964 Deo
3164 4919 3217 4964 et
3244 4925 3424 4965 coram
3453 4906 3746 4965 hominibus.

2379 5000 2467 5062 32.
2512 5002 2661 5077 [vers.
2695 5002 2807 5076 50.]
2848 5003 3131 5072 Conﬁtebar
3154 5002 3374 5057 Domino
3402 5005 3548 5057 nimis
3569 5004 3617 5055 in
3642 5016 3716 5054 ore
3732 5010 3837 5049 meo.

2310 5098 2480 5154 Nimis
2508 5098 2610 5152 diei
2634 5099 2768 5152 solet
2790 5096 2840 5150 in
2866 5097 3246 5151 consuetudine
3272 5096 3529 5151 sermonis
3556 5091 3707 5157 latini,
3725 5083 3836 5159 Quod

2308 5192 2425 5263 plus
2453 5201 2534 5246 est
2553 5206 2709 5261 quam
2739 5188 2897 5244 debet
2922 5207 2933 5241 :
2963 5190 3047 5243 cui
3073 5189 3391 5243 contrarium
3414 5196 3492 5243 est
3516 5199 3702 5256 parum,
3724 5174 3836 5249 quod

2308 5286 2484 5341 minus
2510 5296 2591 5340 est
2617 5299 2775 5354 quam
2797 5282 2972 5337 debet.
3003 5280 3105 5337 Sed
3134 5282 3299 5345 nimis,
3330 5294 3499 5350 graece
3518 5283 3630 5343 ἄγαν
3650 5272 3833 5329 dicitur;

2307 5379 2407 5435 iste
2431 5387 2609 5433 autem
2647 5391 2832 5431 versus
2862 5390 2966 5430 non
3005 5373 3165 5429 habet
3195 5378 3330 5440 ἄγαν,
3384 5370 3477 5427 sed
3505 5369 3652 5424 habet
3676 5364 3832 5434 upupa.

2307 5473 2458 5541 Quod
2504 5470 2717 5542 quidam
2751 5468 2914 5523 nostri
2946 5467 3021 5523 sic
3048 5464 3373 5535 interpretati
3401 5469 3541 5526 sunt,
3586 5466 3636 5511 ut
3665 5468 3749 5524 pro
3782 5461 3833 5542 ea

2308 5539 2568 5638 ponerent
2618 5560 2902 5633 aliquando
2950 5560 3114 5624 nimis,
3165 5556 3445 5635 aliquando
3487 5552 3639 5608 ualde.
3677 5539 3833 5638 ΜΙξῦ

2308 5633 2455 5716 nimis
2495 5674 2591 5729 pro
2616 5674 2679 5713 eo
2710 5655 2851 5728 quod
2875 5663 2958 5711 est
2985 5654 3128 5708 valde
3156 5633 3491 5722 intelligatur,
3527 5649 3686 5717 potest
3790 5633 3832 5689 in

2310 5753 2465 5809 laude
2492 5728 2649 5823 poni;
2690 5764 2811 5805 nam
2843 5756 2896 5803 et
2932 5747 3030 5801 ista
3076 5744 3335 5801 confessio
3367 5740 3570 5796 laudem
3592 5728 3829 5805 signiﬁca!-

2310 5857 2321 5870 ’
2376 5874 2390 5903 ί
2427 5875 2499 5922 sic
2522 5880 2619 5920 Am.
2644 5875 2718 5917 lar.
2746 5872 2795 5916 et
2818 5863 2985 5927 plures
3142 5866 3194 5911 At
3214 5865 3341 5920 Lov.,
3367 5849 3707 5918 contenderim.

3852 5347 3861 5397 l
