4188 6432
389 328 527 386 1445

382 443 461 500 Ita
495 443 636 496 enim
678 435 964 508 sequitur:
1013 434 1084 489 Et
1125 433 1181 487 in
1232 431 1395 486 medio
1439 427 1714 483 multorum
1761 424 1980 480 laudabo

380 553 519 591 eum.
552 532 692 588 Dicit
735 533 897 585 etiam
945 531 997 584 in
1038 527 1144 582 alio
1172 526 1396 596 psalmo,
1444 521 1511 575 In
1551 521 1713 574 medio
1744 515 1986 572 Ecclesia

379 630 597 683 cantabo
616 637 662 680 te
687 623 860 692 (Psat.
895 638 1004 690 xxi,
1035 620 1155 689 ‘25).
1181 617 1286 675 Sed
1308 631 1429 672 cum
1456 616 1570 686 ipsa
1599 621 1779 667 cantat
1805 611 1986 666 Eccle-

380 726 486 791 sia,
515 737 634 794 quae
652 735 849 790 corpus
873 716 1188 782 estChriSti,
1222 712 1489 786 quomodo
1516 712 1567 766 in
1595 708 1772 763 medio
1797 706 1984 762 Eccle-

379 818 479 872 sia:
506 821 690 871 cantat
715 810 986 868 Ecclesia?
1013 810 1084 864 Ita
1111 818 1165 864 et
1185 809 1270 862 hic
1293 803 1442 862 multi
1469 819 1589 860 cum
1612 803 1720 858 sint
1743 801 1985 857 membra

379 909 606 975 Christi,
656 908 699 964 si
731 921 853 962 cum
881 905 980 976 ipsi
1007 903 1227 959 laudant
1249 902 1286 967 ί,
1323 899 1416 954 ille
1441 897 1639 960 laudat,
1664 896 1786 965 quia
1805 905 1985 947 mem-

383 1004 480 1058 bra
518 1001 644 1058 sunt
675 1003 829 1068 ejus;
868 997 1136 1069 quomodo
1179 996 1232 1050 in
1265 992 1442 1048 medio
1469 990 1754 1045 multorum
1783 985 1982 1049 laudat,

377 1096 599 1168 quando
643 1093 771 1165 ipsis
799 1091 977 1147 multis
1012 1088 1350 1144 laudantibus
1373 1085 1566 1140 dicitur
1592 1083 1707 1152 ipse
1729 1077 1985 1134 laudare?

379 1191 466 1244 An
497 1189 620 1245 ideo
646 1186 828 1243 laudat
859 1184 909 1240 in
941 1183 1118 1238 medio
1149 1181 1458 1246 multorum,
1491 1177 1613 1248 quia
1639 1179 1760 1231 cum
1792 1171 1985 1228 Eccle-

377 1284 461 1338 sia
511 1298 604 1337 sua
660 1288 743 1336 est
791 1279 879 1334 hic
931 1293 1102 1349 usque
1145 1276 1197 1330 in
1243 1273 1760 1331 consummationem
1803 1268 1984 1325 saeculi

378 1376 598 1437 (Matth.
635 1389 819 1437 xxvm,
859 1371 989 1445 20);
1031 1370 1246 1442 utquod
1275 1370 1366 1433 ait,
1408 1367 1462 1423 in
1488 1365 1654 1421 medio
1686 1365 1979 1431 multarunt,

378 1466 488 1522 hoc
514 1466 835 1535 accipiamus
861 1462 1000 1535 quod
1028 1461 1095 1516 ab
1120 1461 1321 1518 eisdem
1356 1458 1537 1514 multis
1567 1455 1899 1512 honoratur?
1928 1454 1985 1510 in

377 1559 567 1614 medie
587 1560 782 1629 quippe
805 1573 925 1613 esse
951 1552 1165 1622 dicitur,
1197 1555 1280 1610 cui
1305 1552 1478 1607 honor
1508 1550 1807 1620 praecipuus
1829 1548 1984 1602 exhi-

378 1652 562 1707 betur.
603 1651 658 1707 Si
689 1656 866 1704 autem
912 1662 1006 1703 eor
1051 1653 1133 1702 est
1167 1656 1418 1715 tanquam
1451 1642 1684 1697 hominis
1713 1639 1980 1705 medium;

374 1744 518 1800 nihil
549 1744 740 1801 melius
784 1741 1094 1812 intelligitur
1143 1738 1363 1802 dictum,
1418 1749 1577 1806 quam
1633 1735 1686 1788 in
1735 1732 1985 1788 cordibus

375 1839 672 1893 multorum
715 1834 944 1891 laudabo
985 1847 1130 1886 eum.
1175 1829 1392 1883 Habitat
1427 1828 1568 1883 enim
1604 1827 1852 1883 Chrisms
1889 1841 1986 1897 per

375 1931 545 1985 ﬁdem
574 1929 624 1982 in
647 1925 898 1982 cordibus
920 1923 1122 1978 nostris
1145 1917 1359 1992 (Ephes.
1391 1935 1470 1985 ιιι,
1504 1919 1593 1990 l7)
1620 1938 1631 1973 :
1666 1929 1719 1976 et
1740 1919 1859 1974 ideo
1887 1919 1981 1986 ait,

371 2024 438 2078 in
459 2038 546 2077 ore
569 2037 696 2085 meo,
726 2019 778 2074 id
805 2028 886 2074 est
914 2019 964 2072 in
994 2032 1089 2073 ore
1112 2014 1351 2086 corporis
1373 2015 1498 2078 mei,
1523 2014 1664 2084 quod
1691 2021 1773 2068 est
1801 2011 1984 2067 Eccle-

370 2115 484 2171 sia.
531 2112 704 2168 Corde
752 2109 894 2166 enim
941 2108 1179 2165 creditur
1218 2106 1286 2160 ad
1323 2105 1631 2176 justitiam;
1685 2120 1776 2160 ore
1804 2112 1982 2158 autem

372 2205 656 2264 confessio
688 2203 748 2258 ﬁt
775 2202 841 2258 ad
867 2203 1089 2257 salutem
1120 2198 1294 2271 (Rom.
1322 2216 1378 2260 ιι.
1410 2195 1524 2270 10).

459 2323 547 2378 35.
587 2318 754 2395 [vers.
785 2311 910 2392 31.]
953 2316 1084 2395 Quia
1123 2315 1278 2369 astitit
1317 2330 1348 2366 a
1377 2309 1566 2366 dextris
1608 2309 1862 2380 pauperis.
1907 2307 1981 2364 De

367 2414 520 2472 Juda
547 2413 745 2470 dictum
774 2420 909 2476 erat,
947 2407 1012 2462 Et
1042 2407 1274 2461 diabolus
1303 2413 1397 2459 stet
1426 2422 1456 2457 a
1486 2404 1676 2458 dextris
1704 2402 1856 2473 ejus;
1890 2400 1980 2471 qui

367 2524 510 2564 suas
550 2504 761 2562 divitias
802 2518 999 2575 augere
1024 2499 1190 2572 voluit
1230 2497 1444 2555 Christo
1475 2495 1692 2552 vendito
1727 2514 1739 2548 :
1771 2494 1858 2548 hic
1886 2509 1982 2547 au-

369 2609 491 2656 tem
543 2598 796 2654 Dominus
844 2595 1002 2649 astitit
1044 2602 1078 2649 a
1121 2591 1311 2646 dextris
1359 2589 1630 2660 pauperis,
1680 2596 1737 2641 ut
1783 2585 1979 2640 divitize

370 2691 634 2763 pauperis
676 2689 782 2745 sint
822 2688 935 2758 ipse
980 2685 1256 2740 Dominus.
1306 2682 1472 2736 Astitit
1509 2681 1702 2751 quippe
1729 2695 1759 2731 a
1789 2677 1980 2730 dextris

370 2785 653 2858 pauperis,
689 2799 794 2839 non
823 2794 878 2837 ut
909 2781 956 2836 ei
987 2775 1365 2850 multiplicaret
1395 2789 1564 2828 annos
1591 2773 1713 2826 vita:
1739 2769 1978 2841 quando-

367 2898 490 2954 que
522 2879 767 2936 ﬁnienda:
790 2921 803 2945 ,
834 2891 1006 2946 neque
1046 2883 1102 2928 ut
1146 2873 1260 2942 ejus
1288 2878 1505 2940 augeret
1532 2865 1809 2938 pecuniam
1833 2905 1848 2930 ,
1890 2871 1981 2917 aut

368 2993 507 3034 eum
541 2960 739 3042 iaceret
774 2971 1013 3043 corporis
1045 2969 1245 3022 viribus
1292 2965 1486 3020 fortem
1511 3004 1526 3026 ,
1556 2960 1640 3017 vel
1672 2959 1736 3014 ad
1770 2969 1980 3028 tempus

371 3067 706 3125 incnlumem
726 3084 739 3128 ;
759 3062 853 3120 sed
882 3075 933 3117 ut
961 3061 1152 3115 salvam
1179 3063 1385 3130 faceret,
1410 3056 1601 3128 inquit,
1626 3070 1656 3105 α
1682 3067 1981 3124 persequen-

369 3160 518 3218 tibus
547 3159 770 3215 animam
797 3173 975 3210 meam.
1001 3153 1158 3208 Salva
1193 3152 1248 3205 iit
1278 3159 1453 3204 autem
1481 3164 1510 3202 a
1539 3143 1979 3216 persequentibus

370 3259 561 3315 anima
585 3297 602 3326 ,
649 3254 692 3310 si
738 3268 842 3307 non
881 3249 957 3305 eis
987 3245 1352 3303 consentiatur
1391 3238 1456 3297 ad
1486 3241 1718 3305 malum;
1767 3253 1871 3292 non
1901 3236 1980 3290 eis

373 3360 563 3407 autem
594 3343 963 3407 consentitur,
997 3356 1117 3396 cum
1160 3335 1360 3392 assistit
1403 3335 1659 3388 Dominus
1700 3347 1726 3384 τι
1776 3329 1978 3385 dextris

375 3440 655 3517 pauperis,
688 3454 754 3492 ne
782 3437 893 3506 ipsa
926 3441 1269 3504 paupertate,
1303 3427 1353 3482 id
1384 3437 1464 3483 est
1493 3424 1977 3517 inﬁrmitate-suc-

377 3513 620 3592 cumbat.
655 3532 766 3586 lloc
795 3525 1114 3599 adjutorium
1149 3520 1443 3593 prmstitum
1471 3526 1554 3574 est
1581 3517 1792 3588 corpori
1817 3513 1976 3572 Chri-

377 3627 450 3685 sti
481 3628 535 3682 in
563 3621 760 3681 sanctis
789 3618 1114 3692 martyribus
1142 3613 1412 3670 omnibus.

386 3775 1305 3804 Μ...

866 3877 943 3938 ΙΝ
987 3869 1369 3935 PSALMUM
1412 3867 1552 3930 CIX

973 3993 1390 4068 ENARRATIO.

920 4133 1091 4176 εειιιίο
1123 4133 1188 4170 ΑΙ)
1219 4127 1445 4168 ΡιΕΒΕΜ.

458 4247 510 4300 1.
549 4242 820 4311 Quantum
862 4236 1121 4291 Dominus
1172 4231 1375 4296 donat,
1417 4227 1506 4298 qui
1560 4240 1658 4280 nos
1706 4223 1978 4278 ministros

385 4336 665 4395 constituit
705 4330 851 4386 verbi
908 4334 962 4382 et
1002 4323 1320 4381 sacramenti
1362 4320 1444 4376 sui
1495 4318 1696 4374 servire
1734 4317 1886 4371 vobis
1925 4315 1978 4370 in

385 4433 544 4500 adipe
575 4422 956 4482 misericordim
981 4435 1114 4485 sure,
1138 4414 1472 4484 suscepimus
1501 4411 1763 4481 psnlmum
1795 4409 1974 4475 istum,

383 4540 546 4596 quem
578 4520 738 4576 modo
767 4514 1101 4572 cantavimus
1124 4553 1138 4576 ,
1170 4509 1387 4564 brevem
1416 4517 1642 4560 numero
1667 4501 1975 4567 verbomm,

385 4595 641 4688 inagnum
687 4611 925 4684 pondere
970 4605 1387 4666 sententiarum,
1430 4599 1713 4669 adjuvante
1758 4596 1849 4651 illo
1890 4595 1980 4665 qui

385 4729 485 4768 vos
516 4710 643 4766 fecit
667 4707 920 4768 intentos,
949 4713 1006 4756 ut
1035 4707 1094 4756 et
1118 4712 1216 4753 nos
1243 4696 1398 4752 iaciat
1428 4694 1670 4758 idoneos,
1698 4691 1833 4746 sicut
1857 4703 1981 4760 pos-

386 4817 582 4862 sumus
602 4845 616 4867 ,
649 4797 991 4856 considerem
1019 4803 1178 4863 atque
1211 4797 1457 4845 tractare.
1491 4787 1646 4842 Vivat
1683 4785 1857 4840 anima
1885 4798 1980 4838 ve-

386 4907 501 4954 stra
527 4939 540 4963 ,
582 4902 638 4950 et
673 4892 856 4964 vigilet
905 4889 956 4942 in
1001 4887 1188 4942 Deum.
1244 4883 1478 4952 Tempus
1524 4879 1666 4934 enim
1707 4875 1984 4931 constituit

389 4993 535 5048 Deus
567 4985 850 5060 promissis
880 4983 1008 5046 suis,
1043 4989 1098 5036 et
1123 4989 1330 5046 tempus
1357 4975 1435 5030 eis
1465 4988 1580 5044 qure
1612 4970 1856 5042 promisit
1883 4969 1982 5023 im-

387 5083 624 5158 plendis.
652 5077 1072 5137 Promissionum
1101 5081 1312 5139 tempus
1337 5076 1453 5124 erat
1484 5074 1728 5158 tempore
1747 5061 1982 5132 Prophe-

391 5155 570 5232 iarum
611 5185 782 5242 usque
811 5168 878 5222 ad
910 5166 1170 5222 Joannem
1199 5160 1489 5229 Baptistam
1522 5173 1536 5209 :
1569 5156 1637 5210 ab
1677 5155 1768 5211 illo
1805 5165 1982 5208 autem

389 5277 453 5324 et
475 5266 733 5334 deinceps
761 5273 928 5331 usque
951 5258 1014 5312 ad
1044 5258 1223 5319 linem,
1249 5261 1460 5322 tempus
1483 5257 1567 5304 est
1592 5246 1842 5317 implendi
1865 5262 1984 5317 qua:

391 5355 659 5433 promissa
689 5362 833 5412 sunt.
878 5349 1078 5408 Fidelis
1108 5348 1247 5402 Deus
1283 5343 1374 5414 qui
1413 5357 1474 5397 se
1500 5347 1741 5433 nostrum
1773 5338 1983 5433 debito-

393 5431 513 5511 rem
540 5450 701 5514 fecit;
738 5461 842 5503 non
874 5440 1073 5514 aliquid
1100 5455 1128 5494 a
1160 5435 1316 5493 nobis
1343 5432 1653 5504 accipiendo
1673 5473 1687 5500 ,
1717 5431 1809 5487 sed
1841 5438 1984 5487 tanta

394 5546 554 5605 nobis
579 5539 958 5614 promittendo.
985 5533 1180 5590 Parum
1203 5537 1320 5587 erat
1340 5526 1642 5598 promissio,
1669 5522 1828 5579 etiam
1856 5523 1986 5580 scri-

394 5649 493 5713 pto
515 5647 576 5693 se
609 5634 779 5692 teneri
809 5623 1214 5691 voluit-,veluti-
1239 5621 1442 5678 iaciens
1468 5617 1746 5673 nobiscum
1781 5615 1986 5670 chriro—

393 5732 662 5810 graphum
717 5725 1106 5799 promissorum
1161 5715 1424 5804 statvam;
1487 5721 1546 5768 ut
1589 5725 1714 5768 cum
1759 5725 1823 5766 ea
1868 5725 1986 5781 quae

464 5869 482 5904 ³
519 5867 594 5918 sic
747 5863 802 5911 At
821 5856 957 5919 edd,
980 5853 1102 5907 sicut
1121 5849 1216 5916 ipsi
1237 5847 1450 5901 laudant.

1501 306 1899 368 ENARRATIO
1937 307 2004 368 lN
2041 298 2367 374 PSALMUM
2406 277 2542 372 CIX.

3543 316 3684 376 1446

2096 425 2343 494 promisit
2366 429 2576 481 solvere
2607 428 2891 500 inciperet,
2922 430 2974 486 in
3003 431 3268 502 scriptura
3296 430 3682 504 promissorum

2093 518 2558 576 consideraremus
2598 519 2840 574 ordinem
2883 525 3280 582 solvendorum.
3309 527 3546 598 Tempus
3575 527 3682 584 ita-

2095 624 2197 679 que
2225 609 2540 680 prophetiae,
2567 609 2844 682 praedictio
2869 619 2984 666 erat
3001 652 3014 676 ,
3048 619 3103 664 ut
3129 626 3268 680 sirpe
3291 617 3401 685 jam
3427 618 3682 686 diximus,

2094 704 2532 773 promissionum.
2562 704 2814 760 Promisit
2839 704 3064 759 salutem
3091 711 3368 771 aeternam,
3398 711 3683 768 etbeatam

2093 782 2257 854 vitam
2283 813 2404 853 cum
2437 797 2655 867 Angelis
2685 798 2800 852 sine
2825 796 2951 863 line,
2984 805 3039 852 et
3060 797 3431 859 haereditatem
3463 799 3683 856 immur-

2093 889 2419 956 cescibilem,
2452 889 2674 960 gloriam
2705 889 3113 959 sempiternam,
3140 891 3477 946 dulcedinem
3505 892 3684 948 vultus

2095 981 2196 1046 sui,
2229 980 2448 1036 domum
2482 981 2918 1037 sanctiﬁcationis
2958 996 3070 1035 sua:
3110 983 3164 1036 in
3194 984 3379 1050 emlis,
3407 1000 3472 1040 ex
3501 1000 3685 1041 resur-

2093 1072 2332 1127 rectione
2358 1089 2387 1126 a
2414 1074 2640 1128 mortuis
2661 1074 2860 1128 nullum
2888 1072 3144 1143 deinceps
3168 1076 3429 1130 inoriendi
3459 1086 3682 1134 metum.

2098 1165 2210 1219 lloe
2238 1175 2319 1220 est
2349 1167 2670 1234 promissum
2696 1165 2813 1234 ejus
2840 1175 3090 1234 tanquam
3118 1165 3294 1230 ﬁnale,
3319 1182 3426 1236 quo
3451 1168 3684 1226 decurrit

2095 1263 2278 1312 ucstra
2308 1258 2485 1313 omnis
2514 1259 2761 1324 intentio,
2787 1272 2893 1328 quo
2919 1274 3040 1312 eum
3063 1260 3386 1326 venerimus,
3417 1261 3546 1316 nihil
3573 1277 3684 1317 am-

2095 1350 2235 1420 plius
2282 1352 2652 1421 requiramus,
2699 1350 2832 1405 nihil
2873 1350 3103 1420 amplius
3145 1351 3442 1422 exigamus.
3473 1353 3580 1410 Sed
3618 1354 3684 1410 ad

2095 1443 2224 1498 illud
2265 1443 2408 1514 quod
2450 1443 2552 1498 erit
2599 1443 2652 1498 in
2685 1442 2791 1498 line
2833 1458 2943 1513 quo
2981 1442 3172 1500 ordine
3201 1443 3476 1511 veniatur,
3510 1461 3685 1516 neque

2096 1534 2195 1590 hoc
2245 1536 2409 1589 tacuit
2453 1535 2812 1605 promittendo
2857 1542 2910 1589 et
2957 1533 3385 1603 prmnutitiando.
3433 1536 3683 1592 Promisit

2095 1628 2240 1682 enim
2274 1626 2580 1682 hominibus
2607 1626 2940 1682 divinitatem
2962 1665 2977 1692 ,
3011 1625 3326 1681 mortalibus
3366 1626 3682 1682 immortali-

2093 1726 2257 1774 tatem
2279 1759 2294 1786 ,
2330 1718 2701 1788 peccatoribus
2736 1717 2860 1787 justi
2871 1718 3170 1775 iicationem
3191 1757 3208 1783 ,
3235 1717 3458 1788 abiectis
3485 1719 3683 1788 gloriﬁ-

2091 1812 2380 1868 cationem.
2425 1812 2691 1882 Quidquid
2737 1812 3014 1881 promisit,
3043 1811 3270 1882 indignis
3313 1813 3593 1882 promisit,
3626 1823 3683 1869 ut

2094 1921 2202 1960 non
2233 1906 2383 1976 quasi
2412 1907 2668 1977 operibus
2693 1921 2901 1961 merces
2925 1906 3331 1976 promitteretur
3349 1946 3364 1971 ,
3397 1906 3492 1960 sed
3515 1907 3683 1975 gratia

2091 2012 2121 2052 a
2155 1999 2369 2053 nomine
2389 2013 2487 2052 suo
2515 1999 2681 2068 gratis
2708 1997 2943 2053 daretur.
2977 1997 3111 2067 Quia
3137 2008 3190 2052 et
3215 1997 3318 2054 hoc
3345 1998 3515 2068 ipsum
3542 1999 3682 2069 quod

2085 2090 2230 2160 justo
2252 2091 2401 2155 vivit,
2433 2091 2483 2144 in
2508 2099 2764 2161 quantum
2795 2091 2956 2145 homo
2983 2099 3158 2160 potest
3182 2092 3326 2159 justo
3346 2093 3548 2158 vivere,
3576 2108 3682 2150 non

2091 2184 2267 2238 meriti
2299 2183 2537 2248 humani,
2570 2183 2662 2239 sed
2695 2183 2940 2240 beneﬁcii
2967 2194 3049 2240 est
3076 2184 3244 2240 divini
3270 2185 3310 2236 ί.
3345 2184 3512 2240 Nemo
3539 2185 3681 2241 enim

2085 2273 2230 2342 justo
2263 2275 2420 2340 vivit,
2451 2275 2552 2330 nisi
2590 2274 2941 2344 justilicatus,
2977 2275 3028 2330 id
3053 2285 3169 2342 est,
3206 2276 3383 2346 justus
3413 2275 3634 2332 eifectus
3667 2295 3680 2332 :

2090 2366 2158 2421 ab
2198 2367 2288 2422 illo
2326 2377 2508 2422 autem
2554 2368 2612 2422 iit
2652 2367 2812 2422 homo
2843 2367 3053 2438 justus,
3081 2368 3170 2437 qui
3209 2383 3477 2438 nunquam
3508 2375 3681 2438 potest

2086 2473 2210 2513 esse
2237 2457 2484 2526 injustus.
2515 2459 2664 2514 Sicut
2692 2460 2836 2514 enim
2864 2459 3078 2516 lucerna
3105 2475 3210 2513 non
3235 2475 3266 2514 a
3291 2460 3464 2529 seipsa
3488 2475 3680 2532 accen-
3767 2505 3770 2510 .

2087 2551 2269 2616 ditur,
2306 2552 2381 2606 ita
2431 2567 2532 2607 nec
2567 2551 2743 2606 anima
2789 2552 3020 2606 humana
3062 2552 3162 2606 sibi
3201 2560 3421 2622 praestat
3461 2552 3677 2620 lucem;

2085 2643 2183 2698 Sed
2213 2643 2406 2697 clamat
2428 2644 2496 2698 ad
2527 2644 2714 2710 Deum,
2749 2642 2826 2697 Tu
2863 2642 3176 2698 illuminabis
3207 2643 3468 2699 lucernam
3491 2661 3676 2714 meatu,

2086 2734 2308 2792 Domino
2332 2736 2502 2807 (Prol.
2535 2752 2664 2802 xvu,
2691 2737 2806 2798 29).

2157 2827 2211 2882 9.
2253 2827 2386 2883 Cum
2426 2844 2560 2899 ergo
2597 2829 2964 2898 peccatoribus
2995 2829 3316 2898 promissum
3344 2829 3413 2884 sit
3454 2844 3680 2900 regnum

2087 2923 2350 2977 cmlorum
2373 2965 2386 2988 ,
2415 2938 2520 2976 non
2548 2923 2601 2976 in
2634 2932 2857 2991 peccato
2885 2922 3338 2992 permanentibus,
3371 2923 3466 2978 sed
3492 2939 3521 2977 ιι
3550 2939 3680 2992 pec-

2085 3025 2209 3070 cato
2234 3015 2472 3071 ﬁberatis
2493 3057 2506 3080 ,
2536 3026 2590 3072 et
2630 3017 2850 3084 justitia‘.
2889 3016 3288 3082 servientibus;
3333 3017 3480 3086 quod
3506 3018 3678 3086 ipsqu

2086 3120 2145 3163 ut
2171 3111 2412 3181 possint,
2442 3111 2610 3182 gratia
2632 3152 2645 3173 ,
2682 3120 2740 3164 ut
2765 3110 3028 3176 diximus,
3057 3109 3410 3178 adjuvantur,
3441 3121 3495 3165 et
3521 3112 3588 3166 ab
3612 3127 3678 3166 eo

2085 3203 2174 3271 qui
2221 3217 2439 3273 semper
2484 3212 2566 3258 est
2609 3204 2866 3273 justus‘,
2907 3204 3270 3272 justiiieantur
3310 3221 3322 3256 :
3367 3203 3678 3260 incredibile

2087 3293 2368 3349 videbatur
2393 3304 2596 3350 tantam
2618 3297 2783 3350 Deum
2807 3311 2988 3350 curam
3013 3310 3200 3365 gerere
3225 3309 3325 3364 pro
3349 3295 3674 3362 hominibus,

2088 3385 2352 3457 hodieque
2379 3389 2467 3458 qui
2496 3388 2563 3443 de
2588 3389 2758 3458 gratia
2781 3389 2956 3443 divina
2980 3389 3288 3458 deeperaot,
3317 3398 3479 3458 atque
3501 3406 3529 3444 a
3559 3404 3678 3458 pes-

2085 3477 2237 3534 simis
2268 3479 2506 3533 moribus
2535 3480 2724 3534 nolunt
2761 3496 2820 3535 se
2853 3489 3168 3536 convertere
3200 3480 3268 3534 ad
3294 3480 3496 3544 Deum,
3530 3490 3587 3536 ut
3611 3481 3678 3536 ab

2085 3572 2176 3629 illo
2218 3573 2616 3643 justiticentur,
2664 3585 2718 3629 et
2764 3590 2858 3646 per
2903 3577 3020 3647 ejus
3066 3576 3447 3648 indulgentiam
3485 3576 3678 3632 deletis

2085 3667 2337 3722 omnibus
2380 3667 2614 3736 peccatis
2643 3667 2756 3721 suis
2795 3667 3050 3738 incipiant
3088 3668 3138 3722 in
3186 3668 3278 3722 illo
3303 3669 3484 3724 vivere
3508 3668 3674 3738 justo,

2083 3757 2178 3827 qui
2218 3774 2490 3828 nunquam
2523 3759 2653 3812 vixit
2693 3759 2922 3828 injuste,
2971 3758 3108 3814 hanc
3147 3758 3344 3813 habent
3384 3759 3674 3828 perniciem

2082 3853 2425 3922 cogitationis
2462 3868 2572 3908 suae
2601 3855 2650 3907 in
2681 3855 2889 3923 seipsos
2909 3893 2922 3916 ,
2959 3863 3014 3907 ut
3040 3853 3218 3908 dicant
3249 3855 3414 3908 Deum
3457 3869 3543 3908 res
3574 3854 3677 3909 hu-

2083 3961 2270 4001 manas
2308 3962 2414 4006 non
2457 3963 2682 4012 curare,
2723 3962 2823 4001 nec
2866 3946 2990 4000 inde
3034 3961 3189 4015 posse
3226 3949 3462 4015 cogitare
3491 3949 3675 4003 mundi

2089 4038 2247 4106 hujus
2271 4039 2532 4094 artificem
2558 4047 2716 4108 atque
2738 4048 3027 4102 rectorem,
3057 4037 3503 4108 quemadmodum
3529 4041 3676 4110 quis-

2083 4145 2192 4200 que
2232 4129 2474 4184 mortalis
2522 4131 2574 4184 in
2623 4139 2762 4183 terra
2802 4129 2964 4183 vivat.
3012 4127 3085 4183 ita
3137 4144 3234 4183 nec
3280 4132 3575 4199 computari
3617 4146 3677 4187 se

2087 4225 2251 4280 homo
2282 4233 2430 4294 putat
2457 4240 2487 4277 a
2517 4224 2625 4278 Deo
2652 4266 2665 4291 ,
2693 4224 2782 4292 qui
2816 4224 2985 4278 iactus
3021 4232 3102 4279 est
3127 4238 3155 4276 a
3185 4224 3315 4280 Deo.
3347 4224 3530 4280 Talem
3575 4225 3676 4279 ho-

2086 4320 2283 4374 minem
2312 4319 2356 4373 si
2379 4319 2577 4389 ailoqui
2619 4318 2883 4387 possimus
2908 4333 2921 4373 :
2965 4317 3008 4371 si
3039 4317 3288 4372 admittat
3317 4333 3412 4373 nos
3439 4319 3585 4388 prius
3609 4320 3677 4375 ad

2086 4427 2244 4468 aures
2268 4426 2410 4476 suas,
2436 4411 2628 4467 deinde
2651 4411 2718 4466 ad
2743 4427 2838 4467 cor
2865 4427 3020 4466 suum
3044 4429 3057 4477 ;
3088 4413 3133 4466 si
3160 4427 3264 4467 non
3297 4412 3521 4483 repellat
3543 4414 3678 4470 resi-

2085 4504 2276 4560 stendo
2313 4513 2640 4576 quaerentem
2681 4519 2768 4567 se,
2816 4514 2870 4559 et
2905 4505 3135 4574 patiatur
3165 4505 3407 4576 perditus
3447 4506 3677 4562 inveniri

2085 4612 2182 4664 se;
2216 4612 2498 4668 posstunus
2527 4597 2576 4651 ei
2612 4597 2790 4652 dicere
2820 4614 2833 4650 :
2866 4597 2912 4653 Ο
2936 4597 3130 4665 Ιιοιιιο,
3159 4602 3429 4669 quomodo
3456 4607 3509 4653 te
3535 4599 3677 4655 Deus

2087 4690 2285 4746 factum
2317 4706 2424 4745 non
2463 4691 2826 4760 computabit,
2859 4692 2948 4761 qui
2991 4701 3046 4744 ut
3073 4691 3232 4746 ﬂeres
3261 4703 3386 4747 ante
3425 4693 3673 4746 curavit?

2081 4783 2195 4840 Cur
2237 4791 2289 4838 te
2329 4784 2380 4836 in
2422 4783 2610 4838 ordine
2656 4799 2833 4837 rerum
2876 4784 3208 4838 conditarum
3255 4784 3526 4840 numerari
3565 4799 3672 4840 non

2090 4875 2288 4947 putas?
2323 4874 2443 4930 Noli
2472 4875 2692 4930 credere
2713 4875 2733 4905 ³
2757 4875 3026 4930 seductori
3059 4891 3072 4927 :
3103 4874 3277 4944 capilli
3306 4875 3380 4927 tui
3409 4876 3674 4930 numerati

2089 4978 2214 5025 sunt
2239 4969 2505 5025 conditori
2535 4967 2745 5042 (Matth.
2782 4987 2836 5037 ς,
2865 4969 2978 5039 50).
3011 4969 3120 5022 Hoc
3146 4968 3376 5038 denique
3403 4976 3460 5023 et
3489 4969 3640 5023 Domi
3659 5001 3674 5013 -

2089 5077 2188 5117 nus
2216 5062 2266 5116 in
2297 5061 2586 5132 Evangeiio
2609 5061 2888 5130 discipulis
2917 5061 3008 5127 ait,
3039 5075 3106 5114 ne
3146 5067 3372 5114 mortem
3397 5061 3671 5130 timerent,

2091 5169 2162 5210 ne
2193 5155 2393 5225 aliquid
2420 5171 2572 5210 suum
2611 5154 2664 5207 in
2695 5163 2867 5209 morte
2897 5153 3190 5222 periturum
3219 5161 3485 5222 putarent.
3515 5153 3594 5212 Ilii
3622 5157 3674 5210 i-n

2090 5259 2263 5305 morte
2286 5249 2353 5304 de
2379 5249 2552 5302 anima
2581 5261 2675 5300 sua
2704 5246 3168 5316 pertimescebant,
3195 5247 3290 5301 ille
3315 5247 3449 5316 ipsis
3477 5251 3679 5304 securi-

2091 5354 2254 5401 tatem
2280 5343 2439 5398 etiam
2462 5341 2529 5396 de
2552 5341 2764 5409 capillis
2787 5339 2963 5394 dabat.
2993 5335 3138 5396 Itane
3161 5351 3290 5395 vero
3313 5341 3493 5395 anima
3517 5343 3674 5412 perit,

2091 5438 2244 5510 cujus
2267 5435 2490 5506 capillus
2520 5448 2624 5487 non
2655 5433 2836 5502 perit?
2875 5433 3276 5500 Verumtamen,
3310 5434 3521 5500 fratres,
3555 5435 3677 5504 quia

2092 5529 2406 5588 incredibile
2459 5525 2742 5581 videbatur
2799 5525 3102 5582 hominibus
3149 5515 3678 5598 quod-promittebat

2157 5718 2174 5748 ¹
2343 5711 2584 5774 plerique,
2610 5719 2703 5757 non
2719 5706 2898 5774 meriti,
2913 5707 3010 5757 {sed-
3029 5703 3250 5771 baiteﬁcil
3262 5711 3349 5756 est.

2158 5781 2181 5844 ἶ
2213 5786 2328 5844 \"_0X.
2345 5770 2539 5844 iustus:
2553 5775 2742 5844 ³1ηᾞέ
2767 5770 3013 5844 ῒέιθῄδξμψ
3177 5835 3192 5844 -
3335 5825 3454 5844 ι-ννηθ

2167 5842 2186 5872 3
2219 5825 2289 5889 εἷς
2316 5825 2393 5886 ﬁt?"
2440 5844 2490 5886 ρι
2514 5825 2586 5884 itr.
2616 5841 2663 5882 ,ιι
2688 5825 2817 5894 lissi,
2841 5825 2948 5883 Noli
2966 5826 3151 5882 crdere.
3177 5835 3308 5891 t.ov.,
3330 5825 3454 5881 Nulli
3471 5828 3634 5888 crede.
