4188 6460
634 412 770 469 tm
1874 397 1930 449 s.
1970 390 2331 451 AUCUSTINI
2374 391 2671 448 EPISCUPI
3743 408 3851 467 mg

630 526 796 595 Deus,
839 540 907 583 ex
948 525 1049 580 hac
1077 519 1401 579 mortalitate
1422 550 1438 577 ,
1481 508 1825 579 corruptione
1849 549 1864 574 ,
1890 506 2213 578 abjectione,

632 619 963 683 inﬁrmitate,
992 616 1210 682 pulvere
1236 614 1291 661 et
1315 604 1497 659 cinere
1522 602 1726 657 futuros
1764 600 2009 656 homines
2032 613 2217 670 aequa-

630 710 713 769 les
734 707 950 775 Angelis
976 699 1071 755 Dei
1098 716 1112 764 ;
1142 713 1248 753 non
1273 696 1447 753 solum
1469 694 1806 763 Scripturam
1836 707 1957 748 cum
1987 691 2219 748 homini-

626 802 726 853 bus
755 793 917 862 fecit,
955 800 1015 849 ut
1046 789 1371 853 crederent;
1415 786 1508 843 sed
1548 786 1710 841 etiam
1738 784 1862 841 ﬁdei
1901 799 2011 840 suae
2041 783 2219 855 posuit

625 887 998 952 mediatorem,
1043 899 1150 940 non
1177 880 1473 954 quemlibet
1516 878 1811 950 principem
1836 919 1852 945 ,
1898 886 1991 933 aut
2029 891 2217 948 quem-

626 982 761 1040 libet
786 980 1034 1052 angelum
1059 979 1147 1034 vel
1176 974 1556 1046 archangelum
1576 1015 1592 1041 ,
1617 972 1711 1028 sed
1739 973 1953 1028 unicum
1976 969 2171 1026 Filium
2199 986 2215 1024 :

626 1084 687 1131 ut
721 1089 825 1146 qua
866 1074 954 1129 via
1005 1086 1105 1128 nos
1152 1068 1507 1141 perducturus
1558 1073 1703 1122 esset
1742 1064 1811 1119 ad
1861 1064 2008 1119 illum
2054 1063 2216 1118 ﬁnem

624 1183 786 1241 quem
832 1166 1119 1238 promisit,
1171 1180 1267 1236 per
1324 1180 1446 1221 eum
1486 1164 1659 1234 ipsum
1704 1161 1898 1219 Filium
1955 1176 2111 1216 suum
2163 1168 2219 1216 et

625 1258 936 1316 ostenderet
954 1266 1011 1313 et
1035 1256 1315 1326 praeberet.
1359 1255 1553 1311 Parum
1584 1253 1728 1310 enim
1762 1260 1878 1308 erat
1904 1252 2016 1308 Deo
2040 1252 2086 1306 si
2124 1250 2216 1307 Fi-

627 1353 761 1411 lium
786 1368 939 1409 suum
974 1351 1173 1407 faceret
1196 1350 1678 1405 demonstratorem
1704 1347 1842 1413 viae;
1883 1362 2005 1402 eum
2042 1345 2216 1416 ipsum

627 1446 766 1502 viam
795 1444 937 1511 fecit,
979 1451 1038 1497 ut
1076 1458 1172 1513 per
1201 1442 1349 1498 illum
1381 1442 1488 1498 ires
1514 1450 1788 1512 regentem
1825 1448 1900 1507 te,
1941 1439 2218 1496 ambulan-

629 1548 737 1596 tem
769 1552 865 1607 per
888 1551 970 1593 se.

699 1630 752 1685 ὅ.
794 1627 1045 1684 Promisit
1068 1641 1199 1697 ergo
1233 1626 1355 1698 quia
1384 1625 1595 1682 venturi
1618 1640 1859 1681 essemus
1890 1625 1957 1681 ad
1988 1640 2133 1692 eum,
2160 1624 2215 1679 id

626 1730 710 1781 est
735 1722 801 1779 ad
825 1722 969 1777 illam
996 1719 1319 1777 ineﬁ‘abilem
1348 1719 1827 1785 immortalitatem,
1861 1727 1917 1774 et
1942 1734 2066 1774 cum
2102 1719 2215 1773 An-

627 1816 764 1888 gelis
788 1815 905 1885 ejus
934 1812 1312 1883 aequalitatem.
1361 1810 1531 1879 Quam
1572 1811 1728 1881 longe
1768 1811 2020 1865 eramus?
2058 1825 2217 1881 quam

625 1909 716 1963 ille
741 1921 974 1969 sursum,
1001 1919 1158 1975 quam
1185 1918 1283 1959 nos
1304 1900 1593 1958 deorsum?
1618 1916 1776 1972 quam
1795 1901 1884 1956 ille
1905 1900 1958 1956 in
1982 1916 2215 1968 summo,

625 2018 787 2071 quam
818 2015 915 2055 nos
945 2000 997 2053 in
1026 1998 1133 2053 imo
1172 1995 1438 2065 desperati
1481 1994 1828 2065 jacebamus?
1869 1994 1999 2050 Sine
2020 2009 2215 2064 exspe-

626 2093 859 2148 ctatione
888 2089 1074 2144 salutis
1116 2087 1506 2159 :egrotabamus
1539 2104 1552 2140 :
1591 2087 1786 2141 missus
1830 2094 1915 2142 est
1956 2084 2215 2151 medicus,

628 2201 787 2256 quem
830 2200 936 2239 non
963 2182 1210 2254 cognovit
1238 2188 1489 2252 aegrotus.
1539 2180 1596 2235 Si
1631 2180 1773 2235 enim
1818 2178 2215 2249 cognovissent,

625 2292 894 2347 nunquam
926 2274 1207 2330 Dominum
1226 2274 1407 2345 gloriae
1422 2273 1814 2328 cruciﬁxissent
1841 2272 1883 2345 (l
1908 2271 2028 2329 Cor.
2053 2289 2112 2340 ιι,
2132 2272 2212 2343 8).

623 2368 729 2425 Sed
759 2368 859 2422 hoc
882 2381 1096 2438 quoque
1114 2364 1357 2419 valuitad
1375 2365 1560 2436 aegroti
1583 2364 2052 2429 medicamentum,
2071 2363 2217 2435 quod

626 2458 891 2515 medicum
933 2456 1128 2512 occidit
1156 2466 1421 2527 aegrotus:
1450 2454 1596 2510 venit
1625 2465 1679 2509 ut
1708 2455 1969 2521 visitaret,
2008 2455 2217 2511 occisus

624 2559 708 2607 est
735 2558 793 2605 ut
818 2558 1049 2604 sanaret.
1085 2546 1374 2602 lnsinuavit
1401 2560 1459 2603 se
1487 2545 1828 2602 credentibus
1858 2545 2027 2602 Deum
2047 2557 2101 2602 et
2121 2544 2218 2601 ho-

625 2643 855 2706 minem;
898 2641 1065 2697 Deum
1111 2655 1206 2711 per
1247 2656 1406 2711 quem
1434 2639 1558 2696 facti
1588 2654 1791 2706 sumus,
1823 2640 2093 2695 hominem
2122 2655 2217 2713 per

625 2752 785 2809 quem
811 2734 1036 2793 recreati
1065 2749 1269 2790 sumus.
1315 2733 1473 2790 Aliud
1517 2735 1571 2789 in
1602 2734 1696 2788 illo
1721 2736 2043 2804 apparebat;
2071 2732 2215 2788 aliud

624 2827 851 2890 latebat;
874 2834 931 2883 et
952 2826 1093 2898 quod
1120 2826 1337 2894 latebat,
1372 2827 1539 2881 multo
1557 2836 1674 2883 erat
1700 2828 2037 2896 praestantius
2056 2841 2214 2896 quam

626 2919 680 2976 id
705 2918 846 2990 quod
867 2918 1155 2989 apparebat
1177 2935 1192 2973 :
1214 2917 1310 2973 sed
1333 2916 1475 2987 quod
1496 2926 1611 2973 erat
1638 2918 2001 2989 praestantius,
2044 2916 2215 2973 videri

628 3028 735 3069 non
764 3020 993 3084 poterat.
1022 3010 1320 3068 Curabatur
1346 3026 1489 3082 aeger
1507 3026 1604 3082 per
1624 3010 1677 3065 id
1703 3009 1845 3081 quod
1872 3010 2041 3065 videri
2068 3020 2217 3081 pote-

628 3116 739 3170 rat;
773 3115 832 3162 ut
859 3116 1041 3176 postea
1070 3121 1236 3177 capax
1264 3105 1417 3161 ﬁeret
1443 3103 1664 3160 visionis
1698 3104 1837 3174 ejus,
1862 3120 1982 3175 quae
2004 3103 2217 3161 latendo

630 3200 995 3267 diﬁ'erebatur,
1030 3213 1134 3255 non
1163 3198 1404 3270 negando
1432 3197 1791 3253 auferebatur.
1814 3196 2015 3253 Unicus
2039 3197 2217 3269 itaque

627 3293 796 3350 Filius
824 3293 918 3350 Dei
942 3300 1199 3348 venturus
1226 3291 1293 3347 ad
1332 3291 1600 3357 homines,
1632 3300 1999 3362 assumpturus
2039 3291 2214 3347 homi-

628 3398 772 3453 nem,
803 3394 858 3441 et
897 3399 991 3455 per
1016 3384 1067 3439 id
1093 3383 1235 3455 quod
1264 3384 1495 3454 sumpsit
1532 3384 1741 3439 iuturus
1768 3384 1951 3452 homo,
1996 3385 2217 3440 moritu-

628 3491 741 3545 rus,
769 3484 1189 3541 resurrecturus,
1211 3490 1532 3531 ascensurus
1562 3476 1613 3530 in
1641 3474 1855 3541 coelum,
1890 3490 2136 3531 sessurus
2150 3476 2215 3531 ad

630 3570 907 3627 dexteram
937 3569 1131 3636 Patris,
1159 3577 1214 3625 et
1238 3569 1551 3640 impleturus
1592 3569 1644 3623 in
1672 3569 1916 3639 gentibus
1940 3585 2059 3640 qua:
2089 3584 2215 3640 pro-

630 3662 798 3729 misit,
826 3671 1029 3734 etpost
1071 3661 1433 3732 impletionem
1478 3660 1863 3731 promissorum
1904 3676 2121 3718 suorum
2162 3664 2215 3718 in

630 3756 883 3829 gentibus
903 3757 1063 3813 etiam
1090 3755 1193 3812 hoc
1216 3755 1529 3825 impleturus
1545 3762 1601 3809 ut
1615 3754 1813 3820 veniat,
1843 3762 1898 3810 et
1920 3754 2061 3825 quod
2082 3771 2217 3827 prae—

631 3851 838 3921 rogavit
861 3851 1053 3921 exigat,
1084 3849 1353 3906 discernat
1391 3862 1516 3903 vasa
1555 3847 1649 3903 irae
1686 3862 1715 3901 a
1742 3848 1881 3903 vasis
1912 3847 2217 3904 misericor-

630 3941 752 4010 diae,
780 3941 968 3998 reddat
996 3940 1172 4011 impiis
1197 3939 1339 4011 quod
1361 3940 1593 3996 minatus
1620 3947 1723 4006 est,
1750 3938 1911 4010 justis
1933 3939 2073 4011 quod
2101 3940 2213 4010 pol-

620 4033 806 4092 licitus
830 4043 948 4091 est:
976 4035 1077 4089 hoc
1100 4048 1227 4104 ergo
1257 4042 1423 4089 totum
1464 4031 1885 4103 prophetandum
1916 4031 2036 4100 fuit,
2075 4049 2215 4105 prm-

631 4128 979 4184 nuntiandum
1010 4126 1125 4191 fuit,
1171 4134 1451 4181 venturum
1497 4124 1976 4181 commendandum
2006 4123 2133 4191 fuit;
2162 4134 2217 4180 ut

633 4236 741 4279 non
770 4221 946 4277 subito
990 4220 1209 4277 veniens
1232 4219 1562 4287 horreretur,
1602 4220 1697 4276 sed
1725 4221 1990 4277 creditum
2019 4237 2213 4292 exspe-

634 4324 885 4371 ctaretur.
918 4315 998 4371 Ex
1024 4314 1107 4371 his
1128 4314 1568 4385 promissionibus
1597 4322 1680 4370 est
1706 4315 1941 4383 psalmus
1966 4314 2086 4382 iste,
2108 4314 2215 4370 Do-

634 4407 836 4465 minum
866 4417 920 4462 et
948 4407 1263 4462 salvatorem
1293 4414 1532 4461 nostrum
1562 4405 1745 4461 Jesum
1770 4404 2043 4461 Christum
2070 4414 2217 4461 certe

634 4507 924 4571 aperteque
953 4498 1308 4569 prophetans;
1336 4505 1394 4551 ut
1420 4496 1640 4551 omnino
1669 4496 1914 4552 dubitare
1943 4512 2049 4551 non
2095 4511 2217 4568 pos-

634 4588 800 4648 simus
824 4586 1092 4645 Christum
1132 4589 1433 4643 annuntiari
1461 4587 1665 4658 psalmo
1694 4586 1795 4643 hoc
1830 4606 1843 4641 :
1890 4587 2237 4659 quandoqui-

634 4682 756 4740 dem
795 4681 1071 4738 christiani
1111 4697 1316 4749 sumus,
1356 4691 1410 4738 et
1440 4680 1729 4752 Evangelio
1767 4680 1877 4751 jam
1926 4680 2213 4737 credimus.

634 4773 768 4834 Nam
794 4791 915 4833 cum
946 4776 1060 4846 ipse
1090 4773 1346 4830 Dominus
1361 4782 1544 4829 noster
1562 4784 1614 4829 et
1632 4773 1862 4828 salvator
1884 4771 2039 4828 Jesus
2066 4772 2218 4828 Chri-

634 4876 752 4925 stus
779 4874 1042 4939 quaereret
1078 4881 1109 4921 a
1151 4864 1371 4933 Iudaeis,
1402 4864 1557 4935 cujus
1601 4864 1766 4919 ﬁlium
1812 4863 2052 4920 dicerent
2097 4879 2218 4921 esse

634 4958 934 5025 Christum,
967 4966 1022 5016 et
1049 4956 1474 5028 respondissent,
1507 4955 1708 5023 David;
1736 4956 1823 5013 ille
1848 4958 2101 5013 continuo
2130 4973 2218 5014 re-

635 5052 758 5110 tulit
786 5051 1257 5125 respondentibus,
1290 5059 1348 5109 et
1388 5051 1493 5107 ait:
1529 5070 1549 5106 ι
1577 5049 1857 5117 Quomodo
1887 5066 2014 5121 ergo
2057 5051 2218 5107 David

638 5144 692 5201 in
718 5143 907 5216 spiritu
932 5143 1062 5200 dicit
1088 5159 1209 5201 eum
1235 5144 1539 5208 Dominum,
1562 5143 1768 5209 dicens,
1797 5143 1938 5197 Dixit
1963 5143 2219 5201 Dominus

638 5236 866 5293 Domino
895 5252 1035 5303 meo,
1060 5236 1199 5293 Sede
1225 5236 1291 5293 ad
1320 5236 1594 5293 dexteram
1620 5252 1816 5303 meam,
1840 5235 2011 5293 donec
2028 5252 2219 5307 ponam

637 5328 882 5388 inimicos
912 5340 1032 5385 tuos
1060 5329 1159 5385 sub
1190 5328 1411 5398 pedibus
1455 5328 1594 5385 tuis?
1636 5329 1692 5385 Si
1721 5344 1849 5400 ergo
1878 5330 1929 5384 in
1960 5330 2168 5400 spiritu,
2195 5350 2215 5384 ι

639 5419 1028 5492 inquit,rvocat
1045 5435 1166 5477 eum
1188 5419 1489 5488 Dominum,
1504 5420 1771 5492 quomodo
1797 5421 1934 5477 ﬁlius
1959 5421 2075 5491 ejus
2090 5431 2174 5478 est
2195 5441 2214 5476 ι

640 5511 870 5584 (Matth.
916 5528 1045 5581 xm,
1100 5510 1346 5582 42-45)?
1389 5513 1471 5569 Ah
1506 5513 1608 5571 hoc
1642 5529 1797 5571 versu
1844 5515 2080 5586 psalmus
2123 5518 2223 5573 iste

640 5607 845 5680 incipit.

712 5700 765 5756 4.
818 5699 968 5774 [vers.
1027 5699 1105 5776 1.]
1145 5698 1287 5757 Dixit
1328 5699 1578 5757 Dominus
1609 5702 1827 5758 Domino
1871 5720 1997 5772 meo,
2031 5704 2164 5760 Sede
2191 5708 2239 5757 a‘

641 5790 832 5847 dextris
858 5794 998 5859 meis,
1032 5794 1189 5849 donec
1217 5811 1401 5866 ponam
1437 5793 1666 5850 inimicos
1696 5805 1805 5850 tuos
1830 5796 2100 5851 scabellum
2132 5814 2220 5866 pe-

637 5883 763 5941 dum
788 5895 1002 5944 tuorum.
1034 5885 1179 5947 llanc
1206 5905 1333 5960 ergo
1362 5888 1707 5960 qua-stionem
1746 5886 1942 5944 Judaeis
1973 5892 2215 5962 proposi-

2326 514 2434 560 tam
2466 519 2495 559 a
2521 505 2767 572 Domino,
2810 507 2864 562 in
2915 507 3033 579 ipso
3076 508 3317 581 ingressu
3360 511 3551 571 Psalmi
3578 526 3856 589 pertuum
3892 588 3895 591 ν

2324 596 2602 653 debemus.
2635 599 2693 654 Si
2719 599 2861 655 enim
2892 599 3034 671 quod
3063 602 3451 673 responderunt
3470 606 3633 666 Judaei
3653 614 3856 686 exigatur

2325 705 2354 745 a
2382 691 2556 758 nobis,
2578 700 2755 749 utrum
2771 694 3123 751 conﬁteamur
3150 706 3205 751 et
3233 712 3348 764 nos,
3376 713 3443 755 an
3461 717 3723 775 negemus;
3744 710 3857 770 absit

2326 791 2385 839 ut
2402 799 2681 855 negemus.
2729 786 2791 843 Si
2826 787 3034 844 dicatur
3062 790 3238 859 nobis,
3261 791 3497 850 Christus
3527 796 3658 854 ﬁlius
3676 812 3748 858 est
3771 792 3882 861 Da-"

2324 875 2433 944 vid,
2456 892 2634 933 annon
2655 878 2772 935 est?
2791 879 2838 935 si
2853 879 3147 938 dixerimus
3162 897 3290 950 non,
3308 886 3705 948 contradicimus
3722 871 3877 956 Evam.

2324 968 2463 1061 gelio
2480 985 2495 1035 ;
2511 984 2742 1061 namque
2761 971 3011 1029 Mattbaao
3037 973 3327 1044 scribente,
3359 978 3437 1033 sic
3462 978 3637 1050 incipit
3660 985 3854 1061 Εηιιεε.

2323 1058 2451 1115 lium
2474 1077 2487 1114 :
2512 1060 2663 1116 Liber
2683 1064 3017 1134 generationis
3030 1063 3157 1121 Iesu
3177 1066 3363 1123 Christi
3391 1070 3485 1139 ﬁlii
3502 1070 3660 1129 David
3684 1058 3854 1148 (lauit.

2325 1150 2463 1221 ι,1).
2492 1151 2831 1224 Evangelista
2851 1153 2982 1210 dicit
2998 1155 3191 1212 librum
3216 1173 3275 1214 se
3298 1160 3531 1218 scribere
3552 1170 3855 1234 generationis

2323 1241 2448 1298 Jesu
2478 1242 2701 1312 Christi,
2732 1246 2825 1301 ﬁlii
2848 1246 3033 1303 David.
3064 1248 3230 1306 Recte
3259 1266 3387 1323 ergo
3408 1251 3573 1310 Judaei
3599 1257 3854 1337 interrogati

2324 1350 2353 1391 a
2376 1336 2611 1422 Christo,
2643 1340 2797 1410 cujus
2821 1354 2940 1396 esse
2970 1342 3136 1399 ﬁlium
3178 1343 3465 1402 crederent
3500 1348 3764 1422 Christum,
3787 1373 3855 1414 re-

2323 1420 2673 1499 sponderunt,
2702 1430 2884 1487 David.
2905 1432 3261 1506 Responsioni
3279 1453 3463 1495 eorum
3484 1446 3711 1515 congruit
3726 1420 3857 1507 Evan-

2321 1524 2542 1593 gelium.
2573 1524 2746 1581 liabet
2774 1526 2876 1584 hoc
2901 1544 3005 1585 non
3024 1530 3197 1587 solum
3214 1534 3449 1605 suspicio
3470 1535 3767 1606 Judaeorum,
3782 1542 3855 1598 sed

2322 1624 2378 1671 et
2410 1616 2542 1672 ﬁdes
2568 1616 3019 1676 Christianorum.
3046 1622 3237 1680 Adhuc
3262 1625 3368 1681 alia
3407 1626 3720 1686 ﬁrmamenta
3751 1646 3855 1688 con-

2325 1707 2512 1778 spicio.
2540 1708 2673 1764 Dicit
2696 1712 3004 1780 Apostolus,
3032 1712 3134 1781 Qui
3155 1718 3322 1787 factus
3348 1727 3418 1774 est
3444 1720 3487 1775 ei
3514 1737 3574 1775 ea:
3595 1724 3763 1779 sentin
3776 1724 3857 1779 Da-

2323 1801 2407 1855 vid
2435 1802 2711 1857 secundum
2734 1819 2937 1858 cantem
2964 1805 3139 1876 (Rom.
3170 1824 3208 1873 ι,
3237 1808 3294 1879 3)
3318 1828 3331 1864 :
3354 1810 3485 1867 dicit
3510 1814 3660 1871 etiam
3700 1816 3757 1871 ad
3786 1817 3856 1872 Ti-

2324 1893 2621 1959 motheum,
2665 1892 2864 1949 Memor
2888 1905 2994 1950 esto
3020 1894 3277 1952 Christum
3320 1896 3497 1954 Iesum
3530 1907 3815 1961 resurreaeisse
3834 1924 3858 1961 α

2323 1986 2534 2040 mortuis
2559 2001 2621 2040 ea:
2648 1987 2836 2041 semine
2863 1986 3052 2053 David,
3080 1990 3363 2045 secundum
3390 1994 3688 2065 evangelium
3708 2014 3855 2053 manu.

2323 2076 2391 2133 Et
2417 2078 2484 2133 de
2524 2078 2641 2149 ipso
2665 2081 2943 2151 evangelio
2973 2081 3100 2152 quid
3140 2082 3304 2138 dicit?
3334 2083 3401 2138 In
3430 2102 3527 2149 quo
3564 2088 3720 2145 laboro
3740 2108 3859 2163 usque

2322 2171 2391 2224 ad
2420 2172 2637 2239 vincula,
2671 2182 2913 2243 tanquam
2955 2175 3315 2246 malefacieus;
3361 2178 3451 2233 sed
3492 2195 3644 2236 sermo
3671 2182 3755 2237 Dei
3783 2202 3858 2241 non

2324 2272 2395 2317 est
2420 2264 2659 2334 alligatus
2684 2265 2755 2335 (ll
2796 2264 2933 2320 Tim.
2984 2282 3041 2330 ιι,
3073 2266 3128 2333 8,
3157 2267 3234 2338 9).
3258 2268 3562 2327 Laborabat
3589 2290 3706 2345 ergo
3728 2290 3858 2348 usque

2323 2354 2389 2409 ad
2420 2357 2631 2411 vincula
2674 2358 2962 2426 Apostolus
2992 2374 3087 2429 pro
3118 2362 3402 2431 evangelio
3431 2378 3546 2427 suo,
3588 2364 3635 2419 id
3677 2374 3749 2421 est
3785 2383 3858 2438 pro

2322 2446 2723 2516 dispensatione
2751 2452 3077 2521 evangelica,
3120 2468 3278 2523 quam
3330 2456 3539 2526 populis
3567 2458 3854 2528 praedicabat,

2320 2554 2481 2608 quam
2526 2540 2736 2609 pepulis
2766 2541 3143 2612 impendebat:
3176 2544 3269 2600 ille
3310 2546 3405 2618 qui
3445 2562 3595 2621 mane
3638 2562 3857 2620 rapuerat,

2320 2645 2472 2685 escas
2491 2630 2557 2685 ad
2579 2647 2859 2702 vesperum
2883 2634 3152 2691 dividebat
3174 2635 3332 2707 (Gen.
3365 2654 3504 2705 χιιι,
3534 2640 3643 2711 ‘27).
3671 2640 3860 2698 Labora-

2323 2722 2415 2778 bat
2439 2740 2565 2795 ergo
2591 2741 2757 2797 usque
2782 2726 2849 2781 ad
2895 2728 3108 2784 vincula
3150 2745 3249 2800 pro
3286 2734 3579 2804 evangelio.
3605 2734 3711 2802 Quo
3733 2752 3859 2792 evan-

2321 2818 2461 2889 gelio
2481 2818 2540 2872 ‘?
2568 2818 2823 2876 Christum
2848 2820 3027 2876 Jesum
3064 2826 3400 2882 resurrexisse
3424 2844 3456 2881 a
3483 2829 3695 2892 mortuis,
3720 2846 3772 2883 es
3798 2846 3858 2884 se-

2323 2912 2457 2966 mine
2480 2912 2666 2968 David.
2698 2915 2802 2970 Pro
2831 2915 2933 2972 hoc
2958 2920 3239 2990 evangelio
3276 2922 3566 2993 Apostolus
3598 2923 3853 2979 laborabat:

2320 3012 2375 3059 et
2399 3012 2573 3061 tamen
2603 3005 2671 3061 de
2699 3005 2802 3063 hoc
2826 3006 3069 3063 Christus
3093 3010 3488 3083 interrogabat;
3512 3024 3565 3072 et
3583 3014 3856 3087 responden-

2323 3096 2465 3153 tibus
2506 3097 2705 3154 Judaeis
2729 3099 2872 3170 quod
2902 3101 3226 3171 prmdicabat
3254 3106 3565 3177 Apostolus,
3606 3109 3764 3165 retulit
3785 3124 3855 3164 vo-

2324 3203 2440 3245 cem
2470 3198 2718 3259 tanquam
2762 3192 3220 3263 contradictionis,
3262 3207 3318 3251 et
3345 3198 3457 3254 ait:
3487 3200 3729 3265 Quomodo
3762 3216 3855 3271 ergo

2320 3279 2490 3336 David
2515 3283 2567 3336 in
2590 3284 2772 3353 spiritu
2800 3284 2923 3339 dicit
2948 3303 3061 3341 eum
3082 3286 3400 3346 Dominum?
3425 3302 3477 3347 et
3498 3293 3779 3365 interposuit
3794 3301 3854 3348 te-

2322 3376 2634 3431 stimonium
2658 3375 2726 3431 de
2752 3376 2855 3433 hoc
2871 3380 3098 3448 psalmo,
3118 3381 3260 3437 Dixit
3280 3383 3530 3441 Dominus
3549 3386 3739 3442 Domino
3751 3403 3851 3443 meo.

2324 3465 2386 3521 Si
2412 3484 2530 3539 ergo
2556 3468 2607 3521 in
2633 3469 2817 3538 spiritu
2843 3470 2962 3524 dicit
3006 3487 3121 3526 eum
3164 3472 3465 3546 Dominum,
3495 3480 3723 3549 quomodo
3746 3477 3852 3548 ﬁlius

2321 3569 2393 3615 est
2414 3560 2561 3630 ejus?
2584 3560 2751 3617 Judaei
2774 3563 2872 3619 sub
2889 3563 2987 3619 hac
3004 3563 3428 3639 interrogatione
3454 3583 3737 3637 tacuerunt;
3754 3569 3852 3643 quid

2320 3652 2706 3721 responderent
2726 3653 2979 3727 deinceps
3010 3672 3117 3712 non
3147 3658 3499 3717 invenerunt:
3525 3678 3618 3719 nec
3652 3678 3756 3719 eum
3790 3673 3851 3716 ta-

2321 3760 2443 3799 men
2482 3745 2761 3801 Dominum
2791 3748 3133 3818 quaesierunt,
3164 3751 3287 3821 quia
3310 3762 3369 3809 et
3407 3754 3573 3826 ipsum
3599 3769 3706 3811 esse
3736 3753 3849 3809 illum

2322 3836 2494 3892 ﬁlium
2517 3836 2676 3893 David
2701 3854 2807 3894 non
2840 3853 3190 3910 agnoverunt.
3216 3842 3329 3900 Nos
3348 3853 3544 3912 autem,
3568 3846 3851 3910 iratres,cre-

2321 3928 2533 3995 damus,
2558 3938 2611 3985 et
2630 3928 2870 3987 dicamus
2896 3949 2908 3986 :
2934 3932 3100 3990 corde
3119 3934 3261 3990 enim
3283 3936 3521 3994 creditur
3538 3938 3601 3994 ad
3617 3937 3847 4008 justitiam;

2320 4038 2414 4079 ore
2434 4033 2612 4079 autem
2633 4022 2900 4081 confessio
2925 4025 2983 4081 ﬁt
3008 4025 3075 4082 ad
3100 4027 3329 4085 salutem
3355 4029 3528 4098 (Rom.
3560 4047 3610 4097 ι,
3634 4030 3849 4099 10):crc-

2320 4116 2529 4181 damus,
2558 4117 2797 4188 inquam,
2821 4126 2875 4174 et
2900 4118 3141 4177 dicamus
3169 4129 3225 4177 et
3259 4123 3428 4180 ﬁlium
3452 4123 3627 4191 David,
3647 4119 3849 4180 etDomi-

2320 4224 2449 4264 num
2469 4208 2653 4263 David.
2677 4208 2792 4265 Non
2812 4210 3194 4269 erubescamus
3213 4215 3281 4270 de
3301 4215 3413 4273 ﬁlio
3436 4216 3613 4284 David,
3628 4214 3848 4274 neiratum

2320 4300 2657 4357 inveniamus
2679 4301 2960 4359 Dominum
2986 4304 3172 4361 David.

2394 4394 2448 4449 5.
2491 4393 2603 4449 Hoc
2626 4394 2769 4451 enim
2797 4396 3014 4453 nomine
3042 4396 3191 4454 illum
3223 4402 3521 4461 rectissime
3540 4409 3844 4460 transeuntem

2320 4486 2653 4558 appellantes
2697 4489 2868 4556 caeci,
2916 4489 3202 4549 illuminari
3245 4506 3571 4553 meruerunt.
3614 4493 3847 4553 Transibat

2320 4584 2462 4636 enim
2493 4582 2674 4649 Jesus,
2712 4593 2769 4637 et
2795 4582 2868 4638 illi
2894 4584 3079 4640 audito
3125 4588 3302 4645 sonitu
3350 4593 3660 4647 transeuntis
3694 4585 3843 4650 turba,

2319 4688 2449 4730 aure
2470 4672 2580 4745 jam
2604 4685 2990 4746 cognoscentes
3011 4679 3153 4749 quod
3183 4682 3422 4739 nondum
3442 4691 3673 4756 poterant
3693 4676 3843 4741 oculis»

2320 4768 2754 4824 acclamaverunt
2777 4785 2908 4825 voce
2937 4787 3149 4844 magna,
3173 4784 3228 4829 et
3249 4774 3526 4833 dixerunt:
3548 4775 3759 4832 Miserere
3770 4784 3845 4823 n0-

2317 4862 2432 4928 stri,
2457 4863 2532 4932 ﬁli
2580 4860 2766 4917 David.
2796 4863 2987 4921 Turbae
3010 4877 3188 4924 autem
3216 4870 3339 4925 illos
3360 4870 3701 4941 increpabant,
3722 4873 3768 4921 ut
3785 4870 3845 4916 ta-

2320 4966 2537 5013 cerent:
2567 4965 2621 5012 et
2645 4956 2719 5011 illi
2750 4956 3114 5028 nihilominus,
3138 4961 3271 5019 lucis
3294 4962 3578 5031 desiderio,
3618 4960 3843 5017 turbarum

2321 5050 2800 5107 contradictionem
2846 5054 3144 5122 vincentes,
3191 5056 3245 5112 in
3274 5057 3549 5114 clamando
3585 5061 3843 5127 persevera-

2323 5156 2548 5213 veruut;
2580 5156 2942 5205 transeuntem
2975 5158 3280 5219 tenuerunt;
3310 5161 3363 5208 et
3388 5168 3417 5208 a
3444 5161 3675 5223 tangente
3691 5138 3845 5201 illumi-

2324 5242 2438 5295 nari
2466 5250 2795 5296 meruerunt.
2824 5241 3080 5298 Dicebant
3119 5245 3265 5301 enim
3309 5238 3844 5301 transeunti:Miserm

2324 5333 2499 5397 nostri,
2530 5331 2607 5400 ﬁli
2661 5332 2846 5387 David.
2885 5334 3042 5389 Stetit
3087 5336 3195 5403 ille,
3238 5347 3292 5392 et
3315 5337 3451 5392 victo
3474 5335 3539 5390 ab
3560 5334 3632 5391 eis
3656 5332 3842 5386 clamore

2324 5422 2803 5481 contradicentium
2831 5441 2844 5479 :
2872 5423 3031 5493 Quid,
3062 5425 3252 5498 inquit,
3279 5426 3426 5483 vultis
3444 5436 3496 5480 ut
3516 5424 3686 5496 faciam
3706 5409 3843 5472 vobis!

2326 5518 2394 5575 Et
2415 5518 2513 5585 illi,
2536 5516 2776 5584 Domine,
2800 5527 2856 5572 ut
2878 5517 3158 5574 videamus.
3181 5519 3375 5591 Tetigit
3397 5528 3451 5575 et
3481 5514 3671 5588 aperuit
3695 5505 3840 5565 oculos

2325 5625 2545 5677 eorum;
2573 5609 2819 5666 viderunt
2853 5618 3193 5682 praesentem,
3230 5627 3383 5683 quem
3422 5611 3677 5665 senserant
3704 5608 3841 5656 tram-

2326 5716 2541 5763 euntem
2566 5704 2778 5777 (Matth.
2803 5722 2893 5776 xx,
2915 5704 3118 5776 29-34).
3152 5705 3361 5778 Aliquid
3387 5719 3509 5776 ergo
3536 5690 3839 5759 transitorium

2391 5842 2404 5872 ι
2445 5840 2573 5901 rtttd.,
2610 5852 2704 5903 quo
2734 5839 2985 5904 Evmgetio
3006 5838 3320 5903 praedicabat.
3362 5840 3513 5899 Abest,
3533 5827 3801 5899 pradicet“.
3819 5830 3843 5873 3

2329 5909 2434 5952 MSS.
