4188 6460
404 335 541 395 ίμθ

397 454 653 512 Dominus
670 450 827 510 fecit:
850 458 932 509 est
944 456 1123 508 autem
1145 449 1287 507 aliud
1308 448 1450 522 quod
1466 457 1589 505 stat.
1608 447 1763 503 Aliud
1786 454 1889 513 est,
1906 446 1977 501 in-

270 574 303 617 .
393 562 573 620 quam,
588 546 950 603 transitorium
966 542 1341 609 Domini,aliud
1355 542 1544 598 stabile
1557 539 1981 597 Domini.Trans-

392 641 607 697 itorium
638 639 871 707 Domini,
899 638 1129 709 Virginis
1147 636 1512 709 partus,Verbi
1531 633 1982 700 incarnatio,aata-

390 742 502 789 tum
532 732 793 805 gradatio,
818 732 1195 800 miraculorum
1227 730 1503 796 exhibitio,
1525 729 1830 801 passionum
1862 742 1982 799 per-

384 823 589 894 pessio,
608 838 774 889 mors,
793 824 1133 889 resurrectio,
1165 822 1407 877 ascensio
1426 822 1478 875 in
1506 820 1699 877 costum
1726 839 1739 874 :
1770 819 1869 874 hoc
1900 826 1979 873 to-

383 925 499 971 tum
528 916 889 970 transitorium
916 913 1029 969 fuit.
1057 912 1172 969 Non
1196 912 1336 969 enim
1358 911 1530 967 adhuc
1542 911 1788 967 Christus
1809 909 1981 964 nasci-

382 1016 494 1076 tur,
523 1017 620 1063 aut
642 1006 820 1063 adhuc
859 1006 1105 1070 moritur,
1138 1004 1415 1061 autadhuc
1431 999 1978 1073 resurgit,autadhuc

378 1100 628 1156 ascendit
641 1100 692 1155 in
709 1100 925 1156 castum.
940 1098 1124 1155 Nonne
1140 1098 1329 1154 videtis
1345 1098 1440 1152 ista
1454 1095 1611 1163 facta,
1627 1110 1722 1166 per
1739 1103 1977 1165 tempora

380 1193 711 1259 cucurrisse,
744 1207 844 1263 per
873 1202 1115 1263 tempora
1143 1190 1449 1247 exhibuisse
1487 1188 1783 1244 viatoribus
1823 1185 1980 1257 quid-

378 1285 507 1341 dam
539 1285 924 1352 transitorium,
954 1300 1021 1341 ne
1049 1289 1101 1339 in
1131 1284 1218 1339 via
1260 1289 1621 1345 remanerent,
1654 1279 1751 1337 sed
1779 1279 1844 1335 ad
1874 1294 1976 1350 pa-

380 1380 541 1435 triam
574 1378 952 1449 pervenirent?
985 1376 1221 1447 Denique
1247 1385 1302 1432 et
1343 1376 1415 1431 illi
1447 1376 1573 1431 caeci
1604 1373 1673 1429 ad
1718 1374 1857 1428 viam
1884 1386 1975 1427 se.

379 1471 602 1538 debant,
625 1471 697 1526 ibi
720 1480 1081 1527 transeuntem
1099 1478 1400 1534 senserunt,
1423 1476 1478 1523 et
1496 1466 1774 1522 clamando
1792 1474 1977 1521 tenue-

379 1572 526 1619 runt.
559 1563 619 1617 ln
643 1564 727 1618 via
754 1578 883 1633 ergo
928 1562 1110 1617 saeculi
1142 1562 1299 1631 hujus
1341 1560 1446 1614 hoc
1483 1557 1847 1614 transitorium
1889 1555 1973 1612 sui

381 1655 645 1711 Dominus
675 1663 926 1727 operatus
970 1661 1073 1720 est,
1116 1661 1170 1709 et
1208 1652 1312 1707 hoc
1347 1651 1712 1708 transitorium
1744 1650 1975 1721 pertinet

381 1748 449 1804 ad
477 1748 647 1805 ﬁlium
683 1747 867 1803 David.
915 1746 1041 1803 Ideo
1072 1747 1147 1802 illi
1191 1746 1418 1801 Domino
1443 1744 1740 1800 transeunti
1767 1762 1779 1799 :
1810 1742 1972 1800 Mise-

382 1857 492 1896 rere
516 1840 696 1905 nostri.
721 1840 799 1910 ﬁli
839 1837 1025 1894 David.
1051 1839 1327 1910 Tanquam
1354 1838 1595 1894 dicerent
1615 1856 1627 1893 :
1650 1837 1842 1893 Filium
1866 1838 1973 1894 Da-

382 1932 470 1988 vid
501 1934 554 1987 in
585 1941 898 1989 transeunte
921 1933 938 1965 ¹
963 1932 1355 2003 cognoscimus,
1389 1930 1555 1986 ﬁlium
1582 1930 1746 1985 David
1774 1930 1971 1988 factum

384 2026 441 2081 in
467 2026 693 2081 transitu
722 2025 1000 2081 discimus.
1034 2026 1402 2095 Agnoscamus
1433 2038 1561 2095 ergo
1586 2031 1641 2079 et
1668 2038 1788 2089 nos,
1821 2032 1875 2078 et
1904 2023 1970 2079 ﬁ-

382 2117 512 2173 lium
568 2117 733 2173 David
782 2116 1161 2182 conﬁteamur,
1211 2125 1271 2171 ut
1316 2115 1603 2170 illuminari
1645 2130 1967 2172 mereamur.

383 2211 654 2267 Sentimus
692 2212 835 2266 enim
878 2218 1243 2266 transeuntem
1275 2208 1440 2264 ﬁlium
1470 2207 1659 2276 David,
1685 2218 1739 2264 et
1769 2209 1967 2265 illumi-

384 2321 572 2361 namur
595 2321 625 2361 a
650 2305 879 2361 Domino
905 2304 1089 2359 David.

451 2399 505 2455 6.
546 2400 688 2455 Ecce
712 2414 842 2471 ergo
864 2399 986 2470 quia
1013 2397 1264 2469 Magister
1291 2403 1477 2452 noster
1507 2395 1856 2467 interrogavit
1874 2394 1969 2452 Ju-

381 2492 547 2559 dmos,
591 2500 645 2546 et
689 2492 810 2547 ideo
837 2506 945 2546 non
971 2490 1385 2561 reSponderunt,
1419 2489 1543 2560 quia
1570 2488 1817 2559 discipuli
1848 2502 1969 2544 esse

381 2585 702 2649 noluerunt;
735 2598 863 2639 ecce
892 2583 933 2637 si
966 2597 1065 2638 nos
1096 2582 1474 2653 interrogaret,
1509 2580 1636 2651 quid
1665 2578 1965 2651 responde-

380 2676 593 2733 rcmns?
624 2674 942 2731 Delecerunt
966 2674 1018 2729 in
1047 2674 1145 2728 hac
1173 2672 1591 2744 interrogatione
1619 2671 1811 2739 Judaei,
1844 2685 1969 2742 pro-

377 2769 558 2825 ﬁciant
584 2766 907 2833 Christiani;
940 2781 1046 2821 non
1079 2767 1482 2837 perturbentur,
1507 2764 1603 2821 sed
1633 2765 1966 2821 erudiantur.

374 2860 491 2915 Non
533 2859 677 2914 enim
722 2858 978 2915 Dominus
1021 2857 1313 2929 interrogat
1361 2856 1573 2914 discere
1613 2857 1828 2925 volens,
1870 2856 1968 2914 sed

374 2958 628 3020 tanquam
671 2948 858 3006 doctor
893 2950 1205 3020 interrogat.
1239 2950 1491 3005 Dicerent
1518 2949 1701 3005 miseri
1746 2948 1917 3005 Judzei
1947 2969 1963 3005 :

373 3044 476 3110 Tu,
505 3044 593 3099 dic
617 3043 794 3100 nobis.
824 3042 1123 3100 Maluerunt
1153 3041 1332 3099 inﬂata
1359 3044 1722 3100 taciturnitate
1742 3043 1967 3100 disrum-

372 3136 449 3208 pi,
481 3150 640 3209 quam
670 3135 857 3191 humili
888 3136 1228 3193 confessione
1254 3136 1491 3194 edoceri.
1534 3137 1685 3193 Dicat
1707 3152 1835 3209 ergo
1864 3152 1965 3193 no-

372 3229 457 3282 bis
503 3227 754 3299 Magister
790 3238 992 3295 noster,
1038 3238 1093 3285 et
1132 3229 1411 3286 videamus
1450 3230 1579 3303 quid
1618 3231 1965 3303 interroganti

372 3319 826 3390 respondeamus:
852 3320 989 3390 Quid
1013 3320 1149 3375 vobis
1172 3321 1369 3376 videtur
1388 3322 1450 3376 de
1470 3321 1669 3377 Christo
1684 3323 1710 3377 ?
1728 3326 1873 3392 cujus
1891 3332 1966 3377 est

374 3411 555 3481 ﬁlius?
582 3410 1023 3482 Respondeamus
1049 3413 1271 3467 omnino
1309 3412 1451 3484 quod
1482 3412 1672 3479 Judzei,
1722 3413 1816 3470 sed
1858 3430 1963 3471 non

375 3517 752 3560 remaneamus
773 3504 861 3560 ubi
886 3503 1079 3561 Judtei.
1102 3505 1425 3565 Recolamus
1450 3505 1794 3577 Evangelinm
1820 3508 1963 3579 quod

374 3598 674 3655 credimus:
707 3598 857 3656 Liber
898 3601 1234 3672 generationis
1258 3600 1385 3657 Iesu
1414 3601 1621 3668 Christi,
1653 3602 1748 3671 ﬁlii
1774 3600 1961 3659 David.

374 3691 488 3749 Non
531 3695 656 3767 quia
685 3695 1079 3767 interrogamur
1104 3695 1314 3752 excidat
1354 3695 1508 3753 nobis
1545 3696 1815 3753 Christum
1844 3712 1964 3755 esse

375 3786 543 3859 ﬁlium
572 3786 759 3853 David,
787 3787 929 3859 quod
961 3789 1232 3845 memoria:
1263 3789 1604 3846 commendat
1639 3792 1960 3863 Apostolus:

377 3876 490 3941 Eia.
508 3877 820 3947 Christiane,
840 3896 1028 3935 memor
1042 3889 1144 3936 esto
1162 3879 1420 3938 Christum
1436 3880 1474 3935 J
1476 3898 1615 3937 esum
1635 3885 1965 3939 resurrexisse

374 3988 408 4025 ο
433 3972 666 4039 mortuis,
693 3988 754 4027 ea:
774 3974 963 4028 semine
997 3972 1183 4029 David.
1215 3974 1354 4046 Ergo
1384 3976 1775 4047 interrogemnr
1795 3987 1849 4034 et
1872 3994 1963 4034 re“

373 4062 769 4134 spondeamus:
798 4064 939 4132 Quid
966 4066 1104 4122 uobis
1141 4066 1335 4122 videtur
1363 4068 1426 4122 de
1454 4067 1692 4124 Christo?
1720 4074 1867 4144 cujus
1894 4073 1963 4142 ﬁ-

373 4155 473 4209 lius
497 4156 609 4211 est?
644 4155 831 4212 Dicant
854 4158 1139 4214 concordia
1165 4174 1258 4215 ora
1286 4159 1608 4216 christiana:
1642 4162 1824 4217 David.
1852 4164 1960 4221 Re-

372 4246 510 4303 ferat
540 4258 596 4303 et
626 4249 839 4315 Doctor,
896 4258 950 4306 et
992 4262 1209 4308 revocet
1250 4252 1441 4308 nobis:
1470 4272 1489 4306 ι
1521 4255 1804 4323 Quomodo
1833 4271 1962 4328 ergo

373 4339 542 4396 David
572 4342 624 4396 in
652 4342 839 4412 spiritu
865 4342 993 4399 dicit
1032 4359 1155 4399 eum
1184 4345 1505 4401 Dominum?
1535 4346 1677 4403 Dixit
1705 4349 1962 4406 Dominus

372 4434 603 4490 Domino
624 4451 764 4504 meo,
788 4436 927 4493 Sede
954 4437 1021 4493 ad
1042 4437 1315 4495 dexteram
1345 4455 1541 4507 meam,
1568 4441 1738 4499 donec
1767 4459 1959 4514 ponam

370 4526 619 4583 inimicos
646 4538 764 4584 tuos
790 4530 889 4586 sub
918 4531 1142 4602 pedibus
1168 4534 1295 4588 tuis.
1328 4553 1345 4587 ι
1377 4533 1656 4603 Quomodo
1696 4552 1793 4593 nos
1819 4538 1961 4595 dice-

370 4634 578 4687 remus,
610 4621 714 4676 nisi
738 4636 768 4676 a
796 4630 848 4678 te
876 4622 1241 4680 disceremus?
1284 4625 1436 4682 Nunc
1464 4643 1591 4699 ergo
1621 4630 1739 4699 quia
1768 4630 1958 4687 didici-

371 4726 513 4776 mus,
536 4711 798 4769 dicimus:
827 4712 883 4769 ln
914 4716 1173 4787 principio
1196 4733 1314 4774 eras
1354 4718 1606 4787 Verbum,
1642 4731 1695 4778 et
1721 4722 1957 4780 Verbum

370 4819 496 4861 eras
519 4804 662 4875 apud
692 4806 880 4873 Deum,
910 4817 964 4864 et
994 4809 1135 4865 Deus
1179 4827 1298 4868 eras
1324 4812 1593 4882 Verbum;
1637 4817 1815 4872 omnia
1862 4834 1959 4889 per

370 4906 425 4954 te
447 4896 589 4953 facta
616 4907 772 4953 sunt:
796 4914 921 4957 ecce
946 4901 1205 4959 Dominus
1231 4903 1415 4959 David.
1438 4906 1543 4962 Sed
1571 4918 1786 4979 propter
1812 4910 1960 4967 inﬁr-

368 4992 611 5047 mitatem
631 5000 886 5061 nostram,
905 4995 1026 5065 quia
1045 5010 1171 5051 caro
1185 4995 1461 5068 desperata
1478 4997 1808 5070 jacebamus,
1828 5002 1959 5058 Ver-

369 5083 495 5138 bum
523 5096 651 5138 caro
676 5083 871 5141 factum
899 5101 978 5154 es,
1005 5095 1060 5143 ut
1088 5088 1354 5146 habitares
1382 5091 1433 5145 in
1458 5091 1611 5148 nobis
1636 5092 1809 5165 (Joan.
1843 5097 1954 5165 ι,1,

370 5171 423 5241 ὅ,
460 5175 551 5245 Η)
573 5191 587 5229 :
613 5178 903 5254 ecce_ﬁlius
943 5179 1128 5235 David.
1173 5181 1329 5237 Certe
1355 5190 1411 5237 tu
1439 5183 1493 5238 in
1518 5183 1685 5240 forma
1714 5186 1807 5243 Dei
1836 5203 1956 5244 cum

368 5280 542 5332 esses,
591 5283 697 5324 non
736 5271 978 5342 rapinam
1007 5272 1295 5330 arbitratus
1325 5290 1385 5332 es
1412 5292 1532 5333 esse
1558 5280 1775 5349 aequalis
1806 5282 1952 5351 Deo;

368 5355 492 5412 ideo
522 5356 779 5417 Dominus
812 5362 1009 5419 David:
1035 5365 1128 5420 sed
1155 5367 1493 5437 temetipsum
1544 5371 1826 5427 exinanisti
1850 5373 1957 5429 lor-

366 5464 514 5504 mam
541 5451 683 5507 servi
710 5454 977 5525 accipiens
1023 5456 1280 5531 (Philipp.
1322 5476 1377 5527 ll,
1405 5461 1495 5534 7);
1528 5463 1651 5520 inde
1675 5465 1817 5521 ﬁlius
1846 5467 1955 5523 Da-

363 5541 475 5596 vid.
508 5542 752 5616 Denique
794 5558 847 5603 et
894 5550 948 5604 in
990 5549 1103 5622 ipsa
1153 5552 1567 5625 interrogatione
1618 5566 1704 5613 tua
1733 5558 1951 5630 dicens,

364 5637 639 5701 Quomodo
662 5640 797 5708 ﬁlius
816 5642 931 5712 ejus
948 5644 1057 5699 est?
1084 5659 1187 5701 non
1208 5655 1260 5703 te
1278 5646 1443 5703 ﬁlium
1468 5648 1587 5722 ejus
1610 5653 1836 5725 negasti,
1858 5653 1955 5711 sed

422 5838 441 5872 ί
479 5838 554 5890 Sic
578 5846 683 5888 Mss.
708 5839 819 5891 Edd.
846 5855 984 5907 vero,
1008 5850 1328 5900 trtmseuntem
1349 5850 1692 5916 cognoscimus.

609 5922 835 5993 SANG'I‘.
882 5928 1163 5996 Aususr.
1207 5933 1307 5999 ιν.
1670 5947 1677 5954 ’

1458 325 1859 387 ENARRATIO
1910 323 1976 383 IN
2015 322 2339 387 PSALMUM
2375 329 2514 388 CIX.

3540 355 3678 414 1450

2089 446 2306 503 modum
2333 463 2440 520 quo
2462 449 2516 505 id
2546 449 2699 509 ﬁeret
2726 452 3011 526 inquisisti.
3035 459 3172 519 Dicit
3192 480 3327 533 eum,
3355 466 3548 539 inquis,
3570 471 3679 528 Da-

2204 538 2518 610 Dominum;
2545 547 2813 616 quomodo
2840 550 2980 609 ﬁlius
2993 554 3109 624 ejus
3130 561 3244 614 est?
3269 576 3373 617 non
3401 579 3557 635 nego,
3581 565 3677 622 sed

2090 630 2177 687 dic
2202 635 2490 725 quomodo.
2532 636 2612 692 Illi
2640 654 2768 711 ergo
2812 658 2878 698 ex
2918 644 3137 703 Litteris
3162 666 3293 720 quas
3321 630 3588 725 legebant,
3619 668 3676 715 et

2091 737 2197 778 non
2230 724 2615 797 intelligebant,
2649 731 2694 786 si
2722 731 2774 786 in
2802 732 2900 789 ista
2931 735 3348 811 interrogatione
3371 724 3676 808 recolerent

2088 817 2328 881 modum,
2360 835 2537 876 nonne
2580 826 3003 893 responderent:
3029 831 3307 897 Quomodo
3338 836 3673 909 interrogas?

2090 904 2223 962 Ecce
2258 909 2399 981 virgo
2426 911 2637 983 accipiet
2664 915 2717 967 in
2747 925 2909 985 utero,
2952 929 2996 972 et
3034 923 3193 989 pariet
3232 925 3416 994 ﬁlium,
3450 938 3495 981 et
3522 904 3674 983 uoca-

2088 997 2209 1051 bunt
2235 1014 2416 1054 nomen
2463 1002 2573 1072 ejus
2613 1000 2938 1071 Emmanuel,
2984 1012 3119 1079 quod
3155 1024 3226 1067 est
3263 1015 3670 1086 interpretatum,

2089 1087 2371 1145 Nobiscum
2396 1091 2537 1148 Deus
2565 1094 2718 1166 (lsai.
2759 1113 2853 1164 vn,
2883 1100 2978 1166 υς
3011 1102 3196 1159 Matth.
3225 1123 3262 1175 t,
3293 1108 3405 1180 23).
3434 1112 3676 1185 Accipiet

2087 1182 2235 1252 virgo
2263 1186 2314 1238 in
2342 1194 2517 1255 utero,
2541 1188 2694 1260 virgo
2717 1205 2781 1245 ex
2803 1194 3007 1250 semine
3030 1195 3193 1253 David
3217 1204 3384 1270 pariet
3409 1182 3595 1276 ﬁlium,
3616 1218 3676 1264 ut

2084 1273 2155 1328 sit
2184 1273 2323 1330 ﬁlius
2351 1276 2517 1335 David
2541 1298 2555 1334 :
2583 1290 2738 1337 erant
2763 1284 2904 1339 enim
2931 1284 3131 1357 Joseph
3158 1300 3209 1344 et
3235 1292 3398 1351 Maria
3420 1297 3487 1353 de
3514 1273 3674 1357 domo

2085 1374 2141 1421 et
2187 1370 2354 1462 patria
2395 1371 2559 1429 David
2599 1373 2750 1447 (Luc.
2780 1393 2819 1441 ι,
2847 1376 2937 1443 27,
2968 1378 3067 1444 52;
3100 1389 3143 1434 et
3173 1398 3205 1436 ll
3228 1424 3242 1448 ,
3270 1383 3323 1446 4,
3355 1388 3430 1457 5).
3461 1391 3677 1462 Peperit

2086 1473 2215 1530 ergo
2243 1461 2395 1533 virgo
2429 1464 2539 1531 illa,
2567 1475 2626 1521 ut
2646 1476 2792 1523 esset
2824 1469 2963 1525 ﬁlius
3011 1472 3195 1527 David.
3225 1472 3329 1531 Sed
3376 1477 3467 1532 ille
3517 1461 3675 1549 quem

2084 1553 2312 1622 peperit,
2353 1555 2600 1612 vocabunt
2629 1575 2812 1616 nomen
2856 1564 2970 1633 ejus
3020 1562 3341 1637 Emmanuel,
3392 1568 3676 1629 Nobiscum

2082 1642 2222 1701 Deus
2239 1661 2259 1701 :
2278 1660 2405 1705 ecce
2428 1647 2598 1707 habes
2618 1661 2672 1707 et
2700 1652 2982 1710 Dominum
3008 1656 3193 1715 David.

2156 1740 2210 1793 7.
2241 1740 2456 1812 Aliquid
2503 1744 2660 1800 nobis
2698 1744 2941 1805 fortassis
2983 1766 3047 1805 ex
3099 1750 3200 1808 hac
3248 1770 3347 1823 re,
3401 1759 3673 1827 quomodo

2081 1828 2327 1888 Christus
2353 1843 2409 1888 et
2436 1834 2581 1890 ﬁlius
2609 1837 2679 1891 sit
2713 1838 2901 1905 David,
2925 1849 2980 1896 et
3008 1841 3263 1900 Dominus
3289 1846 3474 1916 David,
3509 1851 3671 1908 etiam

2084 1922 2320 1992 psalmus
2346 1925 2449 1982 iste
2492 1926 2777 1984 intimabit.
2832 1931 3125 1989 Audiamus
3170 1951 3329 2007 ergo,
3367 1948 3423 1995 et
3464 1952 3673 2012 pertra-

2081 2025 2288 2074 ctemus
2310 2035 2464 2088 eum;
2507 2024 2780 2092 pulsemus
2807 2026 3023 2096 pietate,
3054 2038 3467 2102 extorqueamus
3495 2037 3671 2094 chari-

2082 2119 2208 2167 tate.
2240 2113 2405 2169 David
2432 2130 2561 2187 ergo
2582 2118 2697 2189 ipse
2718 2118 2846 2175 dicit
2871 2139 2883 2175 :
2909 2136 3081 2192 neque
3107 2124 3247 2180 enim
3277 2126 3505 2184 Domino
3532 2145 3666 2187 con-

2078 2205 2346 2287 tradicere
2388 2208 2515 2264 licet
2558 2209 2801 2277 :David,
2847 2213 3056 2285 inquit,
3098 2217 3150 2271 in
3180 2220 3363 2290 spiritu
3405 2222 3529 2276 dicit
3555 2241 3670 2280 cum

2078 2296 2374 2353 Dominum.
2430 2298 2549 2370 Ipse
2590 2317 2718 2373 ergo
2769 2304 2932 2360 David
2977 2305 3044 2361 de
3069 2307 3280 2366 Christo
3320 2312 3445 2382 quid
3499 2314 3670 2372 dicit?

2078 2386 2232 2453 Nam,
2279 2388 2390 2462 Ipsi
2420 2390 2591 2447 David
2617 2392 2860 2451 Psolmus
2892 2413 2911 2451 :
2938 2407 2992 2453 et
3020 2399 3120 2455 iste
3155 2409 3237 2456 est
3265 2412 3409 2459 totus
3440 2406 3626 2463 titulus
3649 2451 3664 2476 ,

2077 2480 2323 2552 simplex,
2347 2484 2464 2540 sine
2485 2483 2650 2556 ﬁgura
2680 2488 2992 2558 quaestionis
3012 2531 3027 2557 ,
3055 2492 3173 2549 sine
3201 2493 3309 2549 ullo
3349 2495 3491 2552 nodo
3519 2497 3666 2554 difﬁ-

2076 2574 2309 2630 cultatis.
2358 2574 2495 2643 Quid
2525 2592 2654 2648 ergo
2684 2578 2815 2635 dicit
2862 2580 3071 2637 David?
3094 2580 3240 2639 Dixit
3285 2584 3538 2643 Dominus
3560 2590 3668 2647 Do-

2075 2664 2213 2719 mino
2242 2682 2350 2719 meo
2376 2708 2390 2734 ,
2421 2664 2614 2723 Sede'a
2640 2670 2830 2726 dextris
2858 2673 2999 2740 meis,
3042 2674 3201 2730 donec
3232 2693 3416 2747 ponam
3436 2681 3666 2739 inimicos

2076 2764 2189 2812 tuos
2214 2758 2488 2815 scabellum
2516 2763 2700 2833 pedum
2727 2774 2947 2819 tuorum.
2969 2766 3122 2834 Quod
3148 2776 3251 2835 est,
3279 2771 3550 2827 scabellum
3580 2793 3667 2846 pe-

2077 2850 2201 2905 dum
2251 2860 2484 2919 tuorum;
2512 2852 2614 2909 hoc
2640 2864 2723 2910 est
2746 2896 2760 2921 ,
2812 2857 2905 2911 sub
2954 2858 3165 2926 pedibus
3196 2861 3295 2915 tuis
3327 2878 3346 2916 :
3370 2865 3665 2922 scabellum

2074 2943 2216 2998 enim
2245 2943 2439 3014 pedum
2470 2945 2570 3000 sub
2611 2945 2837 3016 pedibus
2863 2958 2964 3003 est.
2993 2948 3157 3017 Dixit,
3187 2951 3378 3023 inquit,
3411 2954 3665 3014 Dominus

2073 3036 2294 3092 Domino
2321 3054 2453 3094 meo.
2491 3038 2710 3095 Audivit
2749 3040 2849 3096 hoc
2881 3042 3070 3109 David,
3103 3046 3303 3117 audivit
3335 3048 3387 3102 in
3414 3050 3603 3118 spiritu
3639 3070 3653 3106 :

2073 3130 2162 3186 ubi
2185 3144 2302 3197 nos,
2322 3131 2536 3201 quando
2560 3132 2782 3201 audivit,
2812 3148 2918 3189 non
2942 3135 3276 3203 audivimus;
3300 3140 3394 3195 sed
3421 3142 3661 3212 loquenti

2070 3222 2212 3292 quod
2248 3222 2452 3278 audivit
2499 3234 2554 3279 et
2603 3225 2860 3281 scribenti
2904 3227 3253 3285 credidimus.
3283 3232 3502 3288 Audivit
3530 3251 3659 3306 ergo

2071 3330 2289 3385 prorsus
2313 3359 2327 3383 ,
2358 3316 2563 3371 audivit
2591 3317 2645 3371 in
2688 3318 2916 3389 quodam
2960 3323 3255 3378 secretario
3302 3326 3578 3395 veritatis,
3607 3328 3662 3385 in

2071 3407 2301 3477 quodam
2343 3408 2723 3480 mysteriorum
2761 3417 3105 3469 sanctuario:
3140 3414 3231 3471 ubi
3276 3417 3559 3487 Prophetas
3603 3421 3656 3481 in

2069 3501 2285 3555 occulto
2330 3502 2641 3569 audierunt,
2688 3504 2831 3574 quod
2881 3507 2934 3561 in
2978 3517 3166 3579 aperto
3197 3512 3655 3584 prtedicavertmt;

2069 3592 2143 3648 ibi
2169 3592 2369 3649 audivit
2396 3594 2585 3663 David,
2617 3595 2709 3666 qui
2735 3611 2856 3653 cum
2881 3598 3072 3655 ﬁducia
3114 3616 3305 3673 magna
3335 3604 3484 3673 dicit,
3511 3605 3659 3663 Dixit

2070 3684 2321 3743 Dominus
2349 3685 2568 3743 Domino
2592 3704 2722 3757 meo,
2758 3688 2894 3745 Sede
2916 3708 2947 3745 a
2972 3691 3163 3747 dextris
3202 3696 3343 3762 meis,
3382 3699 3541 3751 donec
3565 3716 3659 3770 po-

2068 3796 2186 3834 nam
2227 3782 2459 3837 inimicos
2504 3790 2617 3837 tuos
2643 3784 2916 3839 scabellum
2942 3786 3128 3857 pedum
3157 3797 3375 3842 tuorum.
3403 3789 3659 3848 Novimus

2067 3873 2337 3929 Christum
2362 3874 2550 3931 sedere
2575 3874 2642 3931 ad
2666 3875 2938 3931 dexteram
2970 3877 3140 3933 Patris
3167 3889 3287 3948 post
3312 3885 3660 3939 resurrectio-

2067 3980 2191 4022 nem
2225 3982 2255 4021 a
2285 3966 2532 4035 mortuis,
2568 3976 2623 4023 et
2642 3968 2695 4023 in
2717 3969 2883 4024 cmlos
2914 3972 3301 4026 ascensionem.
3338 3972 3553 4029 Factum
3575 3986 3660 4033 est

2063 4060 2204 4131 jam;
2237 4076 2335 4116 nec
2363 4061 2609 4125 vidimus,
2635 4061 2729 4117 sed
2751 4061 3108 4118 credidimus:
3137 4064 3188 4120 in
3210 4065 3382 4122 Libris
3406 4066 3654 4141 legimus,

2068 4151 2410 4222 praedicatum
2428 4153 2746 4215 audivimus.
2767 4154 2868 4209 ﬁde
2882 4157 3196 4212 retinemus.
3218 4158 3368 4215 Unde
3379 4171 3433 4216 et
3453 4178 3519 4216 eo
3540 4163 3657 4234 ipso

2067 4245 2207 4315 quod
2225 4253 2337 4300 erat
2362 4245 2503 4299 ﬁlius
2519 4244 2684 4300 David
2706 4244 2969 4315 Christus,
2991 4246 3163 4305 factus
3178 4262 3258 4307 est
3276 4252 3528 4309 Dominus
3553 4255 3655 4311 Da-

2066 4338 2175 4394 vid.
2194 4338 2325 4394 lllud
2342 4340 2481 4395 enim
2498 4341 2638 4411 quod
2656 4350 2835 4396 natum
2854 4351 3020 4397 estex
3040 4345 3242 4400 semine
3264 4348 3446 4414 David,
3467 4351 3537 4404 ita
3562 4348 3660 4405 ho-

2067 4440 2313 4486 noratum
2341 4441 2453 4498 est,
2485 4440 2543 4487 ut
2569 4444 2713 4489 esset
2738 4444 2791 4489 et
2818 4434 3076 4491 Dominus
3103 4437 3284 4494 David.
3316 4439 3389 4495 Ita
3419 4442 3656 4500 admira-

2066 4525 2141 4581 ris
2166 4524 2296 4589 hoc,
2329 4525 2481 4597 quasi
2518 4534 2572 4581 et
2598 4526 2653 4582 in
2683 4528 2841 4583 rebus
2872 4527 3118 4586 humanis
3145 4533 3241 4587 ista
3271 4550 3377 4589 non
3410 4536 3556 4593 ﬁant.
3597 4541 3654 4596 Si

2066 4615 2208 4675 cnim
2237 4620 2509 4689 contingat
2553 4620 2716 4675 ﬁlium
2762 4621 3072 4694 cujusquam
3118 4641 3295 4697 regem
3345 4628 3457 4683 ﬁeri
3503 4639 3655 4699 patre

2065 4715 2292 4783 privato,
2319 4726 2497 4768 nonne
2524 4714 2627 4768 erit
2654 4714 2903 4770 dominus
2931 4717 3142 4786 patris?
3168 4718 3544 4774 Admirabilius
3572 4732 3655 4778 est

2065 4806 2206 4877 quod
2235 4814 2408 4877 potest
2432 4806 2774 4877 contingere,
2804 4820 2860 4863 ut
2886 4823 2991 4863 non
3022 4810 3192 4864 solum
3221 4826 3311 4865 rex
3342 4809 3513 4866 lactus
3543 4814 3653 4882 pri-

2065 4902 2171 4956 vati
2216 4900 2377 4966 ﬁlius,
2432 4900 2680 4957 dominus
2724 4902 2795 4956 sit
2840 4903 3005 4973 patris
3047 4902 3169 4969 sui;
3225 4903 3317 4957 sed
3368 4905 3651 4976 episcopus

2064 4994 2233 5050 factus
2261 4994 2379 5049 laici
2406 4993 2566 5063 ﬁlius,
2599 4996 2667 5049 sit
2697 5004 2848 5066 pater
2878 4994 3041 5065 patris
3066 4995 3169 5049 sui.
3199 4995 3341 5067 Ergo
3361 5006 3415 5052 et
3442 5014 3509 5054 eo
3534 5000 3652 5070 ipso

2064 5086 2205 5157 quod
2235 5102 2449 5143 carnem
2493 5087 2697 5158 accepit
2723 5087 2996 5150 Christus,
3028 5087 3169 5159 quod
3213 5088 3265 5142 in
3306 5104 3467 5146 carne
3503 5108 3650 5149 mor-

2064 5188 2186 5235 tuus
2213 5188 2330 5248 est,
2365 5181 2507 5252 quod
2548 5181 2599 5236 in
2646 5179 2831 5236 eadem
2873 5194 3033 5235 carne
3074 5183 3397 5252 resurrexit,
3428 5187 3569 5257 quod
3598 5188 3651 5245 in

2062 5276 2249 5332 eadem
2270 5276 2511 5333 ascendit
2536 5277 2589 5332 in
2610 5277 2803 5332 coelum
2825 5286 2879 5333 et
2896 5276 3052 5333 sedet
3070 5278 3134 5333 ad
3160 5278 3430 5336 dexteram
3456 5282 3648 5351 Patris,

2062 5378 2117 5424 et
2147 5371 2196 5424 in
2228 5370 2413 5427 eadem
2449 5370 2562 5440 ipsa
2602 5385 2761 5425 carne
2791 5370 2869 5425 sic
2908 5369 3201 5441 honorata,
3234 5373 3313 5428 sic
3339 5374 3647 5441 clariﬁcata,

2064 5462 2215 5518 sicin
2247 5462 2521 5517 caelestem
2551 5460 2789 5517 habitum
2818 5473 3164 5533 commutata,
3191 5475 3244 5521 et
3273 5465 3412 5520 ﬁlius
3440 5475 3521 5519 est
3548 5466 3648 5518 Da-

2064 5555 2187 5621 vid,
2219 5564 2272 5611 et
2308 5556 2562 5611 Dominus
2608 5564 2691 5611 est
2737 5557 2923 5613 David.
2977 5557 3279 5614 Secundum
3325 5557 3461 5612 hanc
3504 5556 3648 5611 enim

2062 5648 2513 5720 dispensationem
2564 5650 2817 5709 transitus
2858 5654 2874 5685 ¹
2918 5649 3152 5721 Christi,
3198 5652 3356 5708 etiam
3411 5649 3538 5705 illud
3582 5650 3652 5707 ab

2133 5858 2151 5893 ι
2182 5854 2497 5920 Aliquotttss.
2538 5852 2839 5917 transitum.
3172 5934 3177 5937 ι
3347 5931 3351 5936 ,
3392 5938 3399 5940 Α
3486 5934 3499 5940 _
3618 5846 3691 5935 ί..

2944 5937 3513 6025 (morante—six.)
3682 5944 3685 5947 ‘
