4188 6450
600 343 737 402 “Si

600 453 864 530 Apostolo
887 450 1116 509 dicitur:
1150 442 1374 511 Propter
1397 433 1533 508 quod
1562 428 1711 486 illum
1734 424 1971 482 exultavit
1999 438 2030 476 a
2058 436 2192 475 mor-

603 526 725 615 tuis,
756 557 805 606 et
829 545 1033 602 donauit
1058 540 1134 595 illi
1159 548 1343 591 nomen
1368 526 1504 599 quod
1530 534 1602 579 est
1627 537 1781 592 super
1807 530 2192 578 omnemnten;

603 658 664 702 ut
688 613 743 700 in
770 641 968 698 nomine
996 636 1120 689 Jssu
1144 643 1290 684 omne
1313 638 1441 696 genu
1463 620 1694 692 ﬂectatur
1713 658 1727 683 ,
1757 613 2029 669 caelestium
2048 650 2063 675 ,
2097 617 2196 662 ter-

606 700 841 795 restrium
868 738 914 785 et
937 729 1250 799 infernarum
1278 714 1559 789 (Philipp.
1587 726 1663 775 ιι,
1690 706 1726 763 9
1746 749 1761 775 ,
1790 706 1858 767 10
1878 704 1923 776 ).
1952 700 2194 765 Donavit,

612 829 807 899 inquit,
838 822 883 878 ei
912 794 1091 876 nomen
1117 812 1252 888 quod
1280 819 1353 866 est
1378 824 1529 877 super
1557 819 1705 859 omne
1737 816 1916 855 nomen
1940 813 1959 852 :
1984 794 2197 851 Christo

609 896 907 978 secundum
935 911 1229 969 hominem,
1252 901 1468 959 Christo
1494 896 1784 953 secundum
1810 906 2027 947 carnem
2054 901 2199 942 mor-

607 1024 721 1077 tuo,
750 1002 1056 1077 resurgenti
1078 1043 1092 1067 ,
1122 992 1433 1054 ascendenti
1460 1033 1474 1055 ,
1503 987 1708 1042 donavit
1747 999 1928 1038 nomen
1968 978 2102 1051 quod
2127 987 2200 1031 est

609 1120 762 1176 super
788 1115 936 1155 omne
965 1108 1146 1151 nomen
1168 1108 1186 1156 ;
1226 1097 1279 1141 ut
1316 1087 1369 1140 in
1409 1080 1609 1137 nomine
1630 1076 1757 1132 Iesu
1785 1090 1930 1129 omne
1958 1087 2086 1144 genu
2110 1071 2201 1140 ﬂe-

610 1162 798 1261 ctdtur,
828 1189 1101 1247 cmlestium
1125 1227 1138 1251 ,
1170 1178 1476 1236 terrestrium
1513 1180 1558 1226 et
1604 1170 1940 1239 infernarum.
1969 1163 2072 1220 Ubi
2098 1162 2201 1217 crit

609 1257 814 1353 David,
845 1293 903 1339 ut
927 1296 1030 1336 non
1058 1277 1105 1328 ei
1147 1273 1215 1328 sit
1242 1264 1540 1323 Dominus?
1584 1260 1641 1316 In
1672 1260 1809 1315 caelo
1839 1258 1941 1320 sit,
1974 1257 2027 1309 in
2062 1263 2201 1309 terra

612 1383 703 1447 sit,
734 1346 811 1434 in.
831 1376 1036 1427 inferno
1068 1366 1172 1428 sit;
1211 1359 1468 1416 Dominus
1497 1354 1613 1425 ejus
1642 1353 1745 1409 erit
1779 1350 1870 1421 qui
1901 1357 1983 1403 est
2012 1346 2197 1402 Domi-

612 1486 715 1529 nus
745 1464 1038 1524 coelestium
1062 1501 1076 1525 ,
1110 1453 1444 1513 terrestrium
1485 1460 1540 1504 et
1569 1446 1921 1503 infernarum.
1963 1440 2203 1497 Gaudeat

610 1579 739 1635 ergo
768 1558 1043 1615 nobiscum
1072 1560 1125 1606 et
1146 1545 1331 1611 David,
1358 1544 1448 1597 ﬁlii
1477 1542 1559 1597 sui
1586 1537 1863 1594 nativitate
1890 1535 2198 1597 honoratus,

612 1625 889 1712 doininatu
920 1648 1210 1705 liberatus;
1241 1648 1292 1694 et
1320 1635 1557 1709 gaudens
1583 1632 1761 1695 dicat,
1793 1644 1823 1683 a
1852 1625 2203 1699 gaudentibus

616 1749 865 1805 audiatur
898 1762 911 1798 :
944 1740 1088 1795 Dixit
1115 1734 1364 1789 Dominus
1386 1728 1608 1783 Domino
1634 1741 1763 1789 meo,
1801 1721 1933 1777 Sede
1961 1737 1993 1773 a
2018 1717 2204 1772 dextris

612 1841 738 1895 meis
767 1880 781 1905 ,
832 1837 988 1889 donec
1033 1843 1220 1901 ponam
1263 1822 1491 1877 inimicos
1538 1828 1647 1873 tuos
1698 1814 1970 1870 scabellum
2018 1809 2203 1882 pedum

613 1942 835 1987 tuorum.

613 2313 707 2354 ces
736 2304 914 2351 autem
947 2290 1069 2345 ﬁdei
1116 2295 1238 2349 est,
1268 2281 1452 2338 videre
1494 2278 1636 2350 quod
1680 2273 2004 2331 credidimus
2050 2278 2205 2326 ante-

614 2404 776 2461 quam
814 2384 1136 2439 videremus.
1191 2376 1339 2431 Sicut
1384 2381 1561 2428 autem
1608 2367 1884 2437 Scriptura
1929 2372 2202 2436 personat,

615 2454 797 2538 justus
826 2494 888 2532 ex
914 2475 1015 2545 ﬁde
1039 2472 1155 2527 vivit
1180 2468 1354 2540 (Rom.
1378 2481 1416 2530 ι,
1446 2462 1559 2534 Π).
1591 2461 1707 2517 Non
1732 2473 1859 2529 ergo
1882 2464 2027 2513 esset
2049 2454 2206 2525 justi-

614 2577 686 2632 tin
720 2572 882 2636 ﬁdei,
915 2567 1016 2622 nisi
1061 2571 1207 2621 esset
1252 2556 1623 2615 absconditum
1669 2552 1812 2623 quod
1859 2549 2205 2621 praedicatum

616 2664 982 2724 crederemus,
1004 2665 1060 2712 et
1084 2651 1353 2711 credendo
1377 2648 1445 2704 ad
1472 2643 1757 2701 videndum
1786 2638 2204 2713 perveniremus.

621 2758 791 2826 Quam
825 2753 966 2808 enim
1006 2749 1165 2803 multa
1200 2740 1471 2799 multitudo
1500 2735 1781 2793 dulcedinis
1806 2744 1937 2795 tum,
1966 2729 2204 2795 Domine,

618 2822 773 2920 quam
816 2841 1124 2900 abscondisti
1164 2833 1449 2891 timentibus
1479 2830 1565 2886 te!
1607 2828 1747 2897 Ergo
1790 2822 2129 2886 abscondisti,
2156 2828 2211 2874 et

617 2912 1038 2999 remanserunt?
1080 2929 1231 2985 Absit
1264 2944 1277 2981 :
1305 2923 1570 2993 Perfecisti
1608 2929 1776 2973 autem
1811 2913 2130 2986 sperantibus
2155 2912 2209 2964 in

623 3044 673 3089 te
699 3029 883 3104 (Psal.
914 3042 1041 3087 xxx,
1066 3019 1195 3093 20).
1223 3015 1460 3074 Mirabile
1499 3027 1627 3083 ergo
1660 3009 1977 3081 mysterium
2013 3002 2211 3060 Christi

623 3094 864 3185 sedentis
893 3119 959 3174 ad
988 3117 1260 3172 dexteram
1294 3109 1387 3165 Dei
1423 3126 1435 3161 :
1470 3104 1793 3161 occultatum
1821 3107 1904 3159 est
1933 3105 1990 3153 ut
2018 3094 2204 3152 crede-

619 3230 803 3286 retur,
834 3214 1161 3270 subtractum
1190 3213 1272 3261 est
1309 3210 1369 3259 ut
1406 3205 1730 3269 speraretur.
1763 3192 1871 3264 Spe
1910 3190 2045 3247 enim
2084 3185 2212 3243 salvi

624 3313 749 3386 [acti
787 3324 980 3364 sumus.
1030 3303 1160 3372 Spes
1198 3306 1366 3353 autem
1393 3308 1507 3363 quia
1532 3290 1763 3353 videtur,
1810 3302 1914 3341 non
1954 3290 2025 3338 est
2052 3296 2211 3351 spes:

625 3372 763 3478 quod
810 3402 940 3456 enim
986 3395 1115 3449 videt
1162 3392 1309 3463 quis,
1360 3386 1480 3457 quid
1522 3381 1735 3451 sperat?
1776 3375 2020 3449 Apostoli
2046 3372 2211 3430 verba

626 3467 773 3553 sunt.
805 3484 1207 3557 Recognoscitis
1231 3477 1469 3550 quidem,
1502 3473 1597 3531 sed
1624 3478 1843 3542 propter
1869 3467 2030 3523 rudes
2056 3479 2207 3520 com-

625 3585 845 3643 mendo.
876 3554 1014 3647 Quid
1042 3589 1170 3645 ergo
1200 3572 1273 3626 ait
1299 3564 1627 3638 Apostolus?
1674 3562 1782 3628 Spe
1803 3602 1817 3627 ,
1849 3557 2056 3629 inquit,
2088 3554 2213 3611 salvi

630 3680 757 3752 {acti
797 3689 991 3730 sumus.
1037 3668 1170 3738 Spes
1194 3671 1363 3717 autem
1390 3672 1502 3727 qua:
1528 3656 1754 3719 videtur,
1795 3667 1898 3706 non
1939 3658 2012 3705 est
2054 3663 2167 3718 spes
2195 3663 2213 3700 :

628 3739 765 3842 quod
791 3766 923 3821 enim
948 3761 1081 3817 uidet
1103 3756 1234 3827 quis,
1262 3750 1387 3824 quid
1414 3756 1584 3819 sperat
1607 3746 1631 3799 ?
1660 3744 1720 3800 Si
1760 3750 1928 3796 autem
1955 3739 2090 3811 quod
2116 3754 2214 3792 non

631 3830 856 3917 uidemus
901 3867 1161 3927 speramus
1185 3889 1199 3912 ,
1231 3862 1346 3907 cum
1383 3841 1626 3915 patientia
1653 3846 1998 3908 exspectamus
2026 3830 2212 3904 (Rom.

626 3973 720 4020 vn,
752 3954 842 4015 2i,
948 3947 989 4020 ).
1021 3945 1157 4015 Quia
1183 3954 1313 4011 ergo
1337 3951 1452 4008 quis
1474 3933 1671 4002 videtur
1695 3946 1795 3999 non
1810 3937 1883 3983 est
1906 3942 2057 3998 spes;
2085 3925 2215 3979 Abs-

627 4047 842 4105 condiin
903 4038 1238 4101 dulcedinem
1288 4030 1576 4087 timentibus
1619 4036 1684 4081 te.
1738 4024 1875 4093 Quia
1922 4020 2057 4092 quod
2116 4034 2216 4074 non

632 4139 859 4193 uidemus
881 4176 893 4197 ,
937 4144 1197 4202 speramus
1222 4168 1235 4192 ,
1280 4132 1335 4180 et
1377 4138 1463 4193 per
1501 4117 1795 4191 patientiam
1831 4120 2216 4184 exspectamus;

633 4226 902 4298 Perfecisti
930 4219 1249 4291 sperantibus
1274 4217 1328 4268 in
1368 4222 1432 4267 te.
1467 4210 1703 4279 Denique
1724 4248 1739 4273 ,
1766 4204 2102 4273 charissimi,
2138 4204 2218 4258 in-

631 4295 780 4383 tente
818 4317 1040 4387 accipite
1079 4311 1219 4383 quod
1248 4309 1487 4364 dicturus
1530 4318 1668 4369 sum.
1711 4300 1975 4370 Quoniam
2013 4295 2217 4368 justitia

630 4424 815 4474 nostra
856 4426 921 4466 ex
964 4405 1066 4463 ﬁde
1094 4412 1211 4467 est,
1240 4408 1295 4456 et
1336 4397 1441 4452 ﬁde
1474 4394 1796 4453 inundantur
1821 4390 1982 4447 corda
2013 4395 2216 4453 nostra,

631 4520 693 4563 ut
737 4503 879 4576 quod
924 4495 1285 4559 credidimus,
1331 4488 1516 4545 videre
1562 4485 1830 4556 possimus
1875 4500 1889 4536 :
1934 4489 2219 4549 utrumque

636 4602 778 4657 enim
821 4593 1050 4666 positum
1079 4594 1201 4650 est;
1246 4590 1301 4638 et
1324 4621 1339 4649 ,
1372 4578 1515 4637 Beati
1562 4572 1913 4631 mundicordes
1937 4614 1953 4640 ,
1981 4571 2219 4642 quoniam

632 4694 733 4765 ipsi
765 4663 926 4744 Deum
954 4681 1189 4737 videbunt
1215 4673 1426 4745 (Matth.
1452 4686 1508 4738 v,
1536 4668 1601 4740 8)
1631 4684 1646 4734 ;
1676 4676 1730 4729 et
1753 4707 1768 4729 ,
1797 4663 1929 4725 Fide
1968 4663 2220 4718 mundam

629 4754 791 4847 e'orda
819 4795 988 4838 eorum
1018 4774 1166 4847 (Act.
1192 4784 1261 4825 xv
1279 4811 1294 4837 ,
1321 4766 1409 4841 9).
1439 4763 1574 4833 Quia
1601 4775 1729 4832 ergo
1759 4758 1872 4815 haec
1897 4765 1980 4817 est
2013 4754 2219 4826 justitia

640 4845 767 4939 ﬁdei
794 4880 810 4909 ¹
837 4919 850 4945 ,
882 4845 1102 4929 credere
1128 4861 1268 4936 quod
1298 4873 1405 4915 non
1430 4856 1578 4912 vides
1597 4896 1612 4921 ,
1652 4861 1707 4910 et
1734 4852 1851 4922 ipso
1879 4848 2072 4905 merito
2097 4845 2220 4901 ﬁdei

634 4975 703 5031 ad
748 4972 1005 5027 visionem
1054 4974 1152 5018 suo
1200 4967 1444 5026 tempore
1493 4945 1817 5021 pervenire;
1866 4942 2121 4999 Dominus
2166 4940 2220 4995 in

635 5062 927 5133 Evangelia
965 5072 1086 5113 cum
1130 5049 1464 5123 promitteret
1502 5041 1759 5112 Spiritum
1804 5046 2046 5103 sanctum
2071 5078 2085 5103 ,
2120 5034 2221 5090 hoc

636 5160 713 5212 ait
742 5174 755 5211 :
786 5128 815 5207 ί
820 5169 905 5223 pse
934 5156 1109 5220 arguet
1134 5141 1377 5207 mundum
1407 5137 1469 5193 de
1494 5141 1698 5206 peccato
1720 5173 1733 5197 ,
1766 5140 1812 5187 et
1836 5128 1899 5187 de
1913 5128 2145 5202 justitia,
2172 5135 2219 5181 et

639 5250 702 5303 de
724 5220 940 5319 judicio.
976 5241 1052 5296 De
1080 5251 1185 5308 quo
1218 5231 1473 5305 peccato?
1514 5227 1581 5285 de
1609 5241 1713 5300 qua
1733 5222 1980 5295 iustitia?
2020 5220 2087 5278 de
2114 5235 2220 5293 quo

629 5316 875 5415 judicio?
904 5336 1021 5405 Ipse
1045 5330 1283 5402 sequitur
1308 5338 1361 5383 et
1391 5323 1646 5396 exponit;
1680 5319 2013 5390 conjecturas
2040 5316 2218 5371 homi-

636 5410 765 5495 num
796 5447 900 5487 non
928 5425 1197 5483 admittit:
1233 5422 1306 5477 De
1334 5429 1537 5492 peccato
1577 5416 1779 5491 quidem
1804 5456 1819 5481 ,
1850 5412 2058 5483 inquit,
2102 5410 2222 5479 quia

633 5547 738 5586 non
768 5522 1090 5581 crediderunt
1136 5518 1190 5570 in
1233 5532 1327 5568 tne.
1369 5513 1576 5579 Quanta
1618 5510 1719 5564 alia
1762 5514 1979 5578 peccata
2005 5501 2219 5560 Judaeoo

634 5638 755 5680 rum
779 5620 793 5674 ι
846 5618 912 5673 Ει
938 5622 1117 5670 tamen
1165 5607 1314 5680 quasi
1345 5605 1447 5661 hoc
1476 5618 1639 5659 unum
1687 5601 1791 5669 sit,
1839 5600 1912 5654 ita
1941 5596 2073 5653 dixit
2102 5613 2116 5650 :
2145 5593 2221 5649 De

628 5778 718 5894 de;
746 5776 945 5886 51:355.
973 5778 1028 5823 Αι
1056 5765 1195 5829 ειμι,
1215 5770 1329 5825 Quae
1351 5773 1467 5825 ergo
1488 5758 1592 5813 lucc
1616 5764 1684 5809 est
1699 5754 1889 5820 justitia
1912 5752 2072 5819 ﬁdei?
2103 5762 2221 5806 Cre-

718 5852 765 5894 e.
871 5871 884 5882 -

718 5852 765 5901 e,
790 5852 884 5886 etc.

1845 312 1904 366 S.
1946 300 2315 365 AUGUSTINI
2353 300 2653 359 EPISCOPI
3729 306 3845 369 1462

2302 426 2508 488 peccato
2538 414 2741 485 quidem
2767 456 2779 479 ,
2810 413 2929 483 quia
2971 428 3072 467 non
3102 412 3415 477 crediderunt
3443 414 3498 475 in
3520 430 3614 473 me.
3656 414 3759 475 Hoc
3782 433 3848 476 est

2301 507 2429 566 illud
2458 514 2759 578 peccatum,
2797 504 2866 560 de
2895 518 3001 597 quo
3039 503 3168 560 alibi
3205 504 3383 597 dicit;
3406 506 3467 561 Si
3494 523 3594 569 non
3615 510 3847 578 uenissem,
3887 554 3917 597 .

2302 609 2561 671 peccatum
2586 615 2687 654 non
2717 598 2952 652 haberent
2978 594 3169 669 (Joan.
3199 613 3266 651 xv
3287 638 3302 663 ,
3333 596 3453 668 2%).
3487 599 3622 667 Quid
3645 612 3722 657 est
3746 602 3849 672 hoc,

2305 693 2366 753 Si
2389 710 2489 747 non
2518 693 2779 757 venissem,
2804 700 3066 762 peccatum
3090 705 3190 743 non
3222 689 3501 745 haberent?
3536 690 3672 762 Ergo
3694 692 3755 748 ad
3779 695 3852 764 ju-

2303 794 2417 841 stos
2442 783 2672 848 venisti,
2704 793 2758 838 et
2783 797 2876 838 eos
2904 790 3215 852 peccatores
3253 779 3470 836 fecisti?
3507 780 3611 837 Sed
3648 788 3854 855 exceptis

2303 876 2422 933 aliis
2448 874 2712 946 peccatis,
2746 889 2865 945 qum
2908 880 3132 944 possent
3176 873 3376 927 remitti
3426 887 3518 942 per
3559 872 3741 942 ﬁdem,
3768 881 3852 934 hoc

2305 983 2469 1024 unum
2492 976 2768 1038 peccatum
2796 966 3111 1033 nominavit,
3134 965 3274 1035 quod
3301 966 3344 1020 si
3371 981 3477 1021 non
3495 966 3852 1040 admitteretur,

2306 1060 2486 1116 omnia
2520 1059 2911 1127 relaxarentur.
2943 1057 3021 1115 De
3047 1068 3251 1129 peccato
3271 1057 3493 1128 quidem,
3519 1057 3619 1124 ait,
3645 1061 3753 1130 quia
3775 1079 3856 1119 non

2306 1152 2629 1209 crediderunt
2655 1153 2710 1207 in
2736 1168 2816 1205 me
2841 1160 2929 1215 :et
2958 1151 3106 1217 alibi,
3134 1150 3196 1207 Si
3222 1167 3324 1207 non
3348 1150 3608 1216 venissem,
3634 1165 3857 1222 peccatum

2307 1264 2408 1303 non
2437 1246 2694 1301 haberent.
2744 1246 2821 1300 Eo
2863 1244 3004 1305 enim
3037 1244 3153 1314 ipso
3181 1259 3289 1314 quo
3318 1246 3465 1301 venit
3489 1254 3544 1300 et
3587 1262 3685 1301 non
3714 1248 3858 1304 credi-

2309 1340 2502 1395 derunt
2529 1339 2581 1394 in
2611 1353 2754 1405 eum,
2787 1336 3090 1393 inciderunt
3118 1337 3171 1393 in
3202 1347 3480 1407 peccatum
3509 1355 3522 1391 :
3553 1338 3685 1409 quod
3708 1340 3746 1394 si
3770 1356 3856 1396 non

2308 1430 2633 1494 inciderent,
2664 1423 2841 1485 omnia
2869 1439 3060 1485 caetera
3090 1439 3303 1498 peccata
3329 1429 3529 1485 dimitti
3560 1440 3761 1499 possent
3782 1448 3858 1502 per

2308 1521 2694 1593 indulgentiam
2738 1521 2921 1591 gratia:
2964 1521 3299 1589 impetratam
3327 1536 3422 1590 per
3454 1520 3627 1577 ﬁdem.
3668 1522 3791 1594 Ergo
3810 1524 3859 1579 de

2308 1627 2511 1689 peccato
2533 1658 2546 1683 ,
2577 1617 2699 1687 quia
2728 1632 2829 1670 non
2855 1614 3176 1670 crediderunt
3206 1616 3259 1668 in
3283 1631 3361 1669 me
3386 1630 3403 1668 :
3434 1614 3497 1668 de
3514 1616 3706 1685 justitia
3726 1657 3739 1682 ,
3762 1620 3861 1687 quia

2307 1710 2375 1769 ad
2415 1707 2625 1763 Patrem
2666 1708 2831 1773 vado,
2864 1718 2908 1761 et
2940 1708 3055 1778 jam
3098 1723 3199 1760 non
3243 1706 3474 1769 videbitis
3515 1724 3591 1761 me
3625 1706 3738 1780 (Id.
3765 1725 3855 1778 ιιι,

2308 1798 2490 1872 8-l0).
2515 1800 2641 1855 [huc
2666 1808 2751 1855 est
2772 1799 2999 1869 justitia,
3027 1798 3151 1869 quia
3173 1798 3241 1864 ad
3273 1798 3487 1863 Patrem
3513 1799 3677 1866 vadis,
3706 1810 3755 1856 et
3769 1802 3859 1871 jam

2309 1908 2414 1951 non
2441 1892 2695 1949 videbunt
2724 1900 2775 1946 te
2801 1907 2815 1944 :
2844 1890 2959 1945 lucc
2978 1889 3181 1959 justitia
3205 1890 3349 1947 enim
3376 1906 3440 1953 es
3469 1889 3574 1946 ﬁde
3598 1900 3691 1946 est.
3711 1891 3860 1950 Justus

2309 1986 2451 2041 enim
2477 2001 2539 2041 ea:
2563 1985 2665 2053 ﬁde
2688 1984 2844 2049 uiuit;
2871 1993 2926 2038 et
2953 1991 3080 2039 tunc
3107 1998 3172 2047 ex
3206 1982 3308 2038 ﬁde
3334 1983 3486 2048 vivit,
3515 1983 3561 2038 si
3587 2000 3685 2039 non
3708 1986 3859 2042 videat

2308 2077 2451 2149 quod
2480 2076 2670 2133 credit.
2718 2075 2851 2143 Quia
2895 2089 3024 2145 ergo
3045 2074 3115 2137 ad
3134 2074 3398 2144 justitiam
3432 2076 3655 2145 pertinet
3693 2093 3750 2132 ex
3777 2079 3861 2134 ﬁde

2309 2171 2519 2237 vivere,
2546 2179 2602 2226 et
2626 2185 2692 2229 ex
2720 2167 2825 2233 ﬁde
2850 2182 3011 2235 nemo
3032 2167 3200 2235 vivit,
3232 2168 3333 2223 nisi
3366 2184 3475 2223 non
3506 2168 3722 2223 videndo
3746 2171 3861 2240 quod

2310 2265 2517 2329 credit;
2564 2273 2621 2318 ut
2661 2264 2829 2333 ipsam
2872 2262 3133 2332 justitiam
3174 2261 3376 2318 laceret
3415 2262 3466 2316 in
3497 2261 3794 2327 horninibus,
3820 2264 3861 2317 id

2309 2366 2413 2425 est,
2443 2365 2501 2412 ut
2525 2356 2807 2415 crederent
2834 2353 2977 2425 quod
3008 2368 3116 2408 non
3142 2352 3411 2420 viderent,
3452 2352 3526 2408 De
3557 2354 3770 2423 justitia,
3794 2355 3859 2408 in-

2310 2453 2443 2523 quit,
2472 2454 2593 2531 quia
2620 2450 2686 2517 ad
2712 2449 2918 2504 Patrem
2970 2448 3099 2504 uado
3124 2488 3138 2513 ,
3188 2457 3235 2502 et
3254 2449 3372 2519 jam
3404 2465 3505 2503 non
3551 2449 3759 2504 videbitis
3781 2465 3858 2502 me.

2312 2546 2461 2612 Haec,
2510 2544 2679 2615 inquit
2703 2585 2718 2611 ,
2747 2542 2851 2599 erit
2876 2541 3083 2612 iustitia
3110 2548 3307 2605 vestra,
3359 2549 3420 2595 ut
3445 2540 3667 2597 credatis
3694 2542 3741 2595 in
3764 2553 3861 2595 eum

2310 2654 2469 2711 quem
2496 2654 2603 2695 non
2622 2637 2834 2702 videtis,
2868 2645 2921 2690 et
2952 2635 3055 2691 ﬁde
3085 2634 3347 2698 mundati,
3378 2649 3504 2693 eum
3528 2634 3579 2688 in
3606 2650 3747 2704 quem
3767 2650 3859 2690 cre-

2313 2733 2546 2799 didistis,
2577 2732 2631 2787 in
2659 2730 2745 2789 die
2775 2728 3187 2789 resurrectionis
3219 2728 3236 2758 ¹
3266 2735 3453 2795 postea
3485 2726 3715 2782 videatis.

2384 2826 2438 2882 9.
2479 2823 2639 2881 Sedet
2688 2836 2817 2891 ergo
2854 2835 2882 2873 a
2924 2818 3126 2874 dextris
3166 2816 3260 2872 Dei
3301 2816 3587 2883 Christus,
3627 2832 3653 2871 a
3690 2817 3859 2872 dextris

2314 2919 2487 2974 Patris
2516 2916 2685 2971 Filius
2729 2914 2784 2969 in
2809 2911 3019 2969 occulto
3045 2918 3129 2967 est
3159 2926 3174 2964 :
3200 2908 3510 2965 credamus.
3538 2908 3733 2965 Etenim
3756 2907 3862 2964 duas

2314 3024 2405 3071 res
2428 3009 2514 3065 hic
2539 3007 2682 3072 dicit,
2708 3006 2830 3075 quia
2857 3012 2911 3057 et
2933 3003 3069 3059 dixit
3088 3004 3248 3067 Deus,
3277 3000 3421 3067 Sede
3461 3019 3494 3056 a
3534 3000 3712 3057 dextris
3734 3000 3860 3067 meis;

2314 3111 2370 3160 et
2394 3100 2617 3165 addidit,
2640 3099 2799 3153 donec
2824 3113 3011 3166 ponam
3035 3095 3267 3151 inimicos
3291 3103 3408 3149 tuos
3433 3093 3693 3149 scabeilum
3713 3092 3862 3163 pedum

2317 3204 2513 3251 tuorum
2534 3234 2549 3260 ,
2580 3191 2682 3246 hoc
2708 3199 2811 3256 est,
2842 3188 2944 3255 sub
2989 3187 3212 3258 pedibus
3258 3186 3387 3242 tuis.
3423 3185 3540 3242 Non
3564 3185 3705 3241 vides
3729 3183 3860 3239 Chri-

2319 3301 2461 3346 stum
2491 3287 2769 3345 sedentem
2797 3283 2863 3339 ad
2905 3282 3183 3345 dexteram
3210 3280 3391 3347 Patris
3422 3297 3436 3336 :
3471 3281 3555 3335 vel
3585 3281 3678 3335 hoc
3703 3277 3860 3349 potes’

2318 3383 2536 3447 videre,
2583 3376 2851 3449 quomodo
2900 3383 3165 3447 ponantur
3212 3371 3419 3435 inimici
3461 3372 3575 3441 ejus
3616 3369 3859 3433 scabellum

2320 3474 2513 3546 pedum
2537 3472 2673 3542 ejus.
2702 3471 2833 3527 Cum
2865 3469 2965 3525 hoc
2994 3466 3245 3537 impletur
3270 3466 3325 3525 in
3353 3475 3564 3537 aperto,
3592 3464 3735 3521 crede
3758 3460 3860 3516 illud

2318 3584 2441 3626 esse
2468 3567 2520 3621 in
2547 3565 2779 3622 occulto.
2825 3563 2925 3630 Qui
2957 3560 3157 3617 inimici
3188 3568 3463 3630 ponuntur
3492 3558 3757 3616 scabellum
3786 3570 3858 3625 pe-

2318 3662 2443 3719 dum
2468 3660 2620 3731 ejus?
2654 3658 2855 3727 Quibus
2885 3656 3067 3710 inania
3097 3653 3485 3719 meditantibus
3502 3653 3701 3719 dicitur,
3726 3650 3861 3715 Quare

2318 3757 2627 3827 fremuerunt
2651 3760 2841 3824 gentes,
2867 3758 2913 3803 et
2940 3748 3115 3819 pepuli
3138 3745 3367 3801 meditati
3395 3755 3511 3799 sunt
3536 3742 3736 3798 inania?
3756 3739 3859 3795 Asti-

2319 3860 2485 3907 terunt
2510 3864 2652 3920 reges
2689 3855 2835 3900 teme
2856 3886 2869 3909 ,
2899 3853 2945 3905 et
2980 3842 3233 3912 principes
3275 3848 3611 3894 conuenerunt
3636 3838 3685 3891 in
3716 3850 3855 3896 unus,

2319 3946 2559 4002 adversus
2583 3941 2859 3997 Dominum
2890 3948 2936 3993 et
2966 3937 3206 3991 adversus
3226 3932 3486 3992 Christum
3511 3935 3651 4001 ejus;
3676 3939 3724 3986 et
3742 3927 3857 3983 dixe-

2320 4048 2478 4107 runt,
2526 4035 2916 4103 Disrumpamus
2964 4029 3163 4085 uincula
3211 4043 3388 4081 eorum
3414 4069 3426 4089 ,
3460 4034 3505 4079 et
3546 4023 3807 4094 abjiciamut
3835 4034 3857 4069 α

2321 4133 2463 4188 nobis
2502 4131 2686 4200 juqum
2727 4127 2955 4195 ipsorum
2982 4138 2999 4175 :
3024 4136 3132 4177 non
3184 4119 3339 4179 nobis
3382 4117 3741 4175 dominentur,
3777 4122 3855 4163 non

2322 4240 2421 4283 nos
2450 4222 2551 4279 sibi
2581 4218 2883 4297 subjugent.
2914 4214 3012 4282 Qui
3042 4213 3233 4269 habitat
3258 4211 3312 4264 in
3341 4210 3505 4274 cretis,
3537 4205 3744 4262 irridebit
3764 4214 3856 4256 eos:

2323 4317 2569 4375 inimicus
2596 4328 2715 4371 eras
2739 4328 2757 4377 ;ν
2784 4310 2891 4366 eris
2919 4307 3018 4363 sub
3047 4304 3275 4376 pedibus
3300 4303 3420 4373 ejus
3440 4346 3453 4364 .
3484 4310 3576 4357 aut
3602 4299 3854 4369 adoptatus,

2322 4419 2413 4469 aut
2438 4411 2628 4465 victus.
2660 4404 2852 4471 Quaere
2892 4416 3023 4470 ergo
3054 4413 3213 4469 quem
3257 4398 3438 4453 locum
3468 4394 3658 4449 habeas
3680 4389 3764 4444 sub
3785 4400 3855 4455 pe-

2321 4503 2480 4561 dibus
2506 4498 2713 4555 Domini
2743 4496 2841 4557 Dei
2885 4494 2995 4560 tui;
3035 4506 3160 4547 nam
3205 4504 3430 4545 necesse
3475 4495 3557 4543 est
3594 4494 3649 4539 ut
3679 4479 3852 4537 habeas.

2322 4605 2414 4652 aut
2439 4593 2656 4665 gratim,
2686 4597 2777 4645 aut
2804 4603 2997 4658 pusum.
3031 4584 3201 4645 Sedet
3226 4597 3356 4652 ergo
3389 4581 3454 4636 ad
3486 4580 3740 4635 dexteram
3765 4568 3850 4632 Dei,

2323 4660 2493 4745 donec
2522 4690 2785 4755 ponantur
2828 4678 3031 4734 inimici
3074 4677 3190 4747 ejus
3232 4674 3332 4731 sub
3373 4672 3592 4742 pedibus
3625 4669 3743 4738 ejus.
3770 4660 3853 4717 lloc

2325 4781 2403 4842 ﬁt,
2435 4778 2535 4833 hoc
2559 4778 2730 4846 agitur
2756 4790 2771 4828 :
2800 4771 2902 4827 etsi
2928 4769 3179 4841 paulatim
3207 4766 3512 4837 peragitur,
3549 4759 3854 4817 indesinenter

2324 4875 2517 4945 agitur.
2548 4843 2891 4927 Fremuerint
2933 4865 3075 4921 enim
3114 4871 3331 4933 gentes,
3364 4869 3421 4915 et
3458 4855 3632 4929 populi
3661 4843 3853 4907 meditati

2324 4970 2433 5024 sint
2459 4964 2672 5029 inania;
2717 4958 2984 5023 astiterint
3009 4971 3163 5027 reges
3192 4964 3377 5021 teme,
3411 4962 3465 5009 et
3487 4949 3733 5021 principes
3750 4954 3851 4996 conv

2326 5060 2572 5118 venerint
2614 5057 2667 5112 in
2711 5068 2897 5117 unum,
2942 5050 3200 5106 adversus
3234 5046 3516 5103 Dominum
3560 5050 3611 5098 et
3647 5038 3852 5093 adversus

2325 5153 2597 5212 Christum
2619 5148 2737 5220 ejus
2765 5164 2780 5202 :
2817 5141 3076 5213 numquid
3111 5138 3390 5199 fremendo
3410 5180 3426 5204 ,
3453 5130 3691 5203 numquid
3715 5121 3849 5181 medi-

2327 5244 2489 5309 tando
2515 5241 2688 5297 inania
2714 5280 2728 5305 ,
2758 5233 3016 5306 numquid
3043 5234 3097 5287 in
3134 5246 3299 5286 unum
3343 5228 3594 5284 adversus
3629 5216 3849 5276 Christum

2326 5332 2725 5398 conveniendo,
2767 5328 3002 5385 efﬁcient
3042 5334 3103 5381 ut
3147 5339 3255 5379 non
3297 5321 3604 5392 impleatur,
3636 5310 3760 5364 Dabo
3784 5297 3848 5354 tibi

2327 5440 2496 5503 gentes
2526 5425 2867 5485 hereditatem
2900 5429 3071 5487 tuam,
3108 5428 3153 5472 et
3181 5416 3536 5488 possessionem
3563 5419 3689 5461 tuam
3712 5393 3849 5453 termio

2328 5542 2419 5581 nos
2448 5520 2637 5585 terrae?
2678 5516 2986 5588 lmplebitur
3018 5512 3267 5576 omnino,
3304 5518 3361 5564 et
3397 5505 3500 5561 illis
3528 5490 3843 5556 frementibus,

2390 5685 2597 5738 iPlures
2632 5678 2796 5745 proba:
2834 5682 2962 5726 nota:
3011 5681 3114 5722 Mss.
3140 5682 3238 5718 non
3275 5664 3472 5721 habent,
3512 5656 3559 5708 in
3579 5650 3650 5704 die
3672 5648 3830 5697 rosum

2540 5810 2723 5873 aliquot
2746 5811 2847 5853 MSS.
2871 5800 2984 5850 ωε.
3009 5810 3149 5859 vero,
3172 5806 3260 5846 nec
3283 5791 3371 5843 hoc
3393 5788 3536 5852 ροιεευ
