4188 6434
465 295 602 354 1453

461 415 517 464 et
540 406 644 462 illis
671 406 850 464 inania
876 406 1292 475 meditantibus,
1321 405 1466 462 Dabo
1506 405 1594 460 tibi
1630 416 1800 478 gentes
1829 405 2048 460 [neredi-

461 509 616 555 tatem
642 509 783 554 tuam
803 542 818 568 ,
851 509 896 554 et
923 499 1290 572 possessionem
1331 508 1470 553 tuam
1502 498 1739 552 terminos
1769 507 1933 553 terra.
1977 495 2055 552 llli

458 591 604 647 enim
644 590 824 646 inania
862 589 1188 646 meditantur
1217 609 1228 643 :
1264 599 1319 644 ut
1349 598 1526 646 autem
1559 589 1877 658 impleatur,
1906 586 2053 643 Dabo

457 684 549 739 tibi
588 693 760 755 gentes
810 683 1155 738 hcereditatem
1197 693 1370 752 tuam,
1420 693 1468 739 et
1512 685 1874 754 possessionem
1913 690 2053 736 tuam

455 775 701 829 terminos
745 784 932 839 terrm;
979 789 1085 828 non
1127 775 1308 829 nescio
1349 774 1468 844 quis
1512 773 1927 844 inaniloquus‘,
1958 772 2052 828 sed

451 863 712 920 Dominus
738 866 868 919 dixit
891 865 959 919 ad
1002 881 1081 920 me
1109 866 1128 938 (
1145 863 1294 920 Psat.
1323 881 1362 920 II
1385 906 1399 930 ,
1429 865 1455 921 1
1484 897 1509 908 -
1531 863 1626 938 8).
1668 864 1758 921 Sic
1789 873 1842 921 et
1871 864 1922 919 in
1953 863 2053 921 hoc

452 960 667 1032 psalmo
690 975 972 1031 possumus
998 959 1177 1017 dicere
1204 976 1217 1012 :
1242 959 1409 1027 Dixit,
1437 974 1544 1015 non
1572 959 1916 1030 quicumque,
1941 972 2049 1013 non

450 1053 531 1109 illi
558 1053 648 1124 qui
680 1051 914 1109 fremunt
944 1062 998 1109 et
1027 1053 1355 1109 meditantur
1379 1053 1555 1109 inania
1581 1070 1595 1119 ;
1638 1052 1733 1107 sed
1766 1051 1907 1106 Dixit
1936 1050 2044 1106 Do-

450 1146 625 1200 minus
649 1144 872 1200 Domino
896 1162 1025 1210 meo,
1051 1145 1185 1204 Sede
1210 1163 1241 1199 α
1285 1146 1475 1200 dextris
1504 1145 1647 1213 meis,
1679 1144 1837 1198 donec
1863 1159 2051 1215 ponam

449 1241 689 1296 inimicos
720 1251 830 1295 tuos
861 1241 1132 1296 scabellum
1164 1240 1350 1312 pedum
1381 1251 1600 1294 tuorum.
1630 1239 1906 1306 Fremant,
1933 1252 2048 1293 me-

450 1333 696 1390 ditentur
741 1334 952 1401 inania,
997 1343 1370 1404 perstrepant;
1414 1329 1671 1402 numquid
1711 1345 1816 1386 non
1858 1328 2048 1400 imple-

450 1424 644 1481 bitur?
689 1425 847 1480 Periit
891 1426 1129 1480 memoria
1174 1442 1347 1479 eorum
1374 1440 1489 1479 cum
1517 1423 1745 1493 strepitu.
1791 1421 2050 1493 Loquitur

450 1528 603 1576 certe
631 1529 686 1575 et
711 1521 848 1574 alius
876 1519 1129 1591 psalmus,
1164 1518 1257 1574 sed
1298 1534 1404 1574 non
1435 1519 1571 1572 alius
1597 1517 1815 1588 spiritus
1847 1534 1858 1568 :
1889 1514 2050 1570 Periit

451 1614 697 1668 memoria
729 1630 902 1667 eorum
942 1629 1056 1666 cum
1095 1612 1342 1680 strepitu,
1379 1622 1424 1664 et
1454 1609 1700 1665 Dominus
1730 1608 1782 1663 in
1806 1618 2048 1664 aeternum

450 1717 623 1760 manet
653 1704 822 1778 (Psat.
852 1721 924 1767 tr.
955 1705 1008 1772 7,
1041 1705 1118 1776 8).
1151 1705 1244 1759 Ille
1283 1719 1412 1774 ergo
1453 1702 1542 1773 qui
1582 1701 1836 1757 memoria
1863 1716 2046 1756 eorum

451 1808 713 1873 pereunte
740 1816 860 1855 cum
893 1799 1114 1868 strepitu
1136 1841 1149 1864 ,
1182 1798 1234 1853 in
1264 1807 1523 1853 aeternum
1552 1805 1750 1863 manet,
1781 1796 1894 1866 ipse
1920 1793 2049 1848 dixit

451 1891 677 1948 Domino
705 1909 837 1960 meo,
867 1891 1002 1947 Sede
1029 1909 1058 1944 a
1085 1891 1273 1945 dextris
1301 1891 1444 1945 meis.
1488 1888 1652 1946 Sedet
1690 1888 1830 1944 enim
1859 1903 1887 1942 a
1918 1886 2048 1942 dex-

453 1985 555 2040 tris
581 1983 777 2051 Patris,
811 1983 984 2038 donec
1014 1989 1177 2054 ponat
1205 1995 1393 2038 omnes
1421 1981 1665 2036 inimicos
1695 1979 1811 2050 ejus
1837 1975 2046 2034 scabel-

452 2076 562 2133 lum
594 2076 788 2148 pedum
817 2079 952 2144 ejus.

526 2168 613 2224 10.
649 2166 800 2240 [vers.
825 2165 904 2240 2.]
930 2166 994 2220 Et
1021 2165 1146 2238 quid
1170 2165 1448 2237 sequitur?
1498 2161 1703 2234 Virgam
1729 2161 1926 2215 virtutis
1949 2169 2047 2216 tute

453 2261 639 2316 emittet
669 2258 922 2314 Dominus
949 2275 1010 2314 ea:
1035 2258 1184 2314 Sion.
1218 2259 1485 2330 Apparet,
1517 2254 1729 2324 fratres,
1758 2255 2044 2311 evidentis-

453 2353 589 2410 simc
631 2361 856 2424 apparet
883 2367 988 2407 non
1017 2351 1084 2406 de
1128 2350 1220 2405 illo
1266 2365 1432 2421 regno
1477 2347 1675 2404 Christi
1719 2347 2041 2418 Prophetam

451 2443 632 2516 loqui,
679 2460 783 2516 quo
811 2452 1000 2516 regnat
1029 2458 1241 2514 semper
1265 2441 1406 2512 apud
1437 2441 1645 2496 Patrem
1671 2483 1686 2509 ,
1734 2457 1913 2496 rerum
1943 2443 2047 2496 Do-

451 2539 655 2595 minum
682 2554 800 2609 qua:
831 2552 926 2607 per
952 2537 1097 2592 illum
1125 2545 1317 2591 creatte
1344 2544 1467 2590 sunt
1491 2553 1504 2589 :
1533 2537 1744 2606 quando
1771 2534 1915 2589 enim
1938 2550 2041 2590 non

448 2641 641 2705 regnat
674 2633 723 2686 in
768 2631 1030 2704 principio
1059 2629 1291 2686 Verbum
1325 2630 1466 2685 Deus
1511 2628 1650 2698 apud
1689 2628 1896 2684 Deum?
1956 2629 2045 2683 Di-

449 2723 589 2780 citur
641 2722 783 2778 enim
818 2740 831 2776 :
882 2741 900 2775 ‹
937 2721 1067 2793 Regi
1123 2731 1300 2777 autem
1345 2721 1663 2776 smculorum
1690 2721 1710 2751 ²
1752 2719 2041 2787 invisibili,

449 2817 877 2886 incorruptibili,
935 2817 1031 2871 soli
1086 2816 1194 2871 Deo
1241 2814 1416 2870 honor
1458 2823 1514 2870 et
1561 2813 1768 2884 gloria,
1836 2813 1890 2868 in
1937 2828 2042 2868 sa:-

448 2911 569 2968 cula
595 2909 911 2976 saeculorum
950 2928 968 2961 ι
1009 2909 1064 2981 (I
1090 2907 1221 2962 Tim.
1252 2924 1304 2976 1,
1334 2908 1400 2962 17
1422 2906 1462 2978 ).
1503 2925 1523 2960 ι
1559 2905 1694 2976 Regi
1724 2906 2042 2961 saeculorum

449 3002 628 3059 honor
650 3012 706 3058 et
724 3002 912 3073 gloria,
937 3003 987 3057 in
1005 3001 1200 3058 saecula
1231 2999 1581 3056 saeculorum:
1610 3018 1629 3052 ι
1650 2999 1733 3055 cui
1756 3016 1775 3050 ‹
1812 2999 1923 3069 regi
1945 3012 2046 3054 saa-

449 3096 740 3152 culorum?
770 3095 1043 3164 Invisibili,
1069 3093 1475 3164 incorruptibili.
1505 3114 1524 3147 ι
1555 3091 1614 3148 In
1643 3107 1707 3146 eo
1738 3091 1876 3147 enim
1901 3089 2044 3162 quod

449 3201 505 3245 et
532 3189 778 3244 ChriStus
805 3199 886 3244 est
914 3203 1035 3243 cum
1069 3187 1226 3242 Patre
1269 3185 1546 3240 invisibilis
1573 3194 1627 3241 et
1664 3182 2044 3253 incorruptibi-

451 3281 519 3336 lis
543 3323 558 3347 ,
589 3281 711 3352 quia
742 3281 972 3336 Verbum
1000 3279 1114 3350 ejus
1139 3288 1222 3334 est
1245 3319 1259 3343 ,
1287 3285 1342 3332 et
1368 3276 1548 3332 Virtus
1574 3275 1710 3345 ejus,
1738 3284 1794 3330 et
1817 3273 2041 3346 Sapien-

451 3375 522 3427 tia
559 3374 676 3440 ejus
698 3413 711 3436 ,
757 3379 810 3426 et
857 3372 993 3425 Deus
1024 3369 1163 3442 apud
1197 3370 1358 3423 Deum
1381 3411 1394 3434 ,
1447 3384 1541 3438 per
1569 3383 1727 3438 quem
1756 3367 1892 3421 facta
1919 3376 2044 3421 sunt

450 3465 630 3520 omnia
653 3481 668 3530 ;
694 3462 811 3522 Rex
840 3471 920 3517 est
949 3461 1265 3516 smculorum
1296 3478 1309 3514 :
1340 3459 1432 3515 sed
1461 3469 1637 3514 tamen
1665 3459 1795 3514 illud
1822 3457 2041 3528 dispen—

451 3556 713 3612 satorium
743 3563 797 3609 et
827 3553 1190 3609 transitorium
1215 3593 1230 3619 ,
1280 3567 1386 3622 quo
1426 3566 1525 3606 nos
1555 3566 1651 3621 per
1695 3550 2038 3606 medietatem

451 3648 629 3704 carnis
658 3664 766 3703 sum
791 3647 1000 3702 vocavit
1041 3646 1094 3701 in
1135 3646 1483 3702 aeternitatem
1505 3688 1520 3712 ,
1557 3661 1781 3716 regnum
1811 3645 1926 3716 ejus
1954 3645 2036 3699 in-

451 3741 583 3811 cipit
619 3757 648 3793 a
689 3738 1048 3803 Christianis;
1104 3737 1199 3793 sed
1246 3738 1395 3809 regni
1440 3738 1556 3808 ejus
1603 3753 1706 3792 non
1749 3738 1851 3793 erit
1898 3737 2039 3792 linis.

453 3833 735 3890 Ponuntur
783 3847 910 3903 ergo
958 3831 1247 3888 scabellum
1294 3830 1490 3902 pedum
1521 3830 1637 3901 ejus
1676 3831 1878 3885 inimici
1903 3830 2038 3900 ejus,

453 3925 692 3982 sedentis
714 3923 778 3979 ad
808 3924 1077 3980 dexteram
1102 3923 1295 3991 Patris,
1319 3933 1609 3992 ponuntur,
1629 3932 1685 3977 ut
1708 3922 1905 3978 dictum
1928 3931 2038 3989 est;

452 4018 507 4075 id
537 4019 730 4091 agitur,
765 4017 814 4072 id
846 4033 1011 4088 usque
1042 4018 1094 4070 in
1124 4016 1281 4071 linem
1311 4016 1528 4069 omnino
1553 4015 1843 4086 peragitur.
1875 4013 2043 4069 Nemo

453 4112 597 4168 dicat
619 4129 722 4167 non
748 4127 902 4183 posse
928 4111 1134 4181 impleri
1157 4109 1298 4181 quod
1326 4119 1560 4181 emptum
1585 4118 1688 4164 est.
1711 4108 1848 4176 Quid
1882 4099 2041 4163 finem

453 4207 620 4276 empti
660 4205 954 4276 desperas?
1001 4204 1351 4275 Omnipotens
1376 4204 1576 4273 coepit,
1622 4203 1960 4273 omnipotens
1987 4216 2044 4256 se

453 4297 705 4372 promisit
753 4299 1091 4369 impleturum
1127 4313 1248 4355 esse
1286 4297 1429 4370 quod
1459 4297 1640 4368 cmpit.
1684 4295 1835 4352 Unde
1867 4305 2044 4351 autem

454 4393 663 4465 (Σαξιιίιῖ
721 4392 924 4465 Virgant
954 4393 1152 4448 virtutis
1176 4402 1276 4447 tute
1301 4393 1489 4448 emittet
1532 4390 1778 4445 Dominus
1804 4407 1866 4445 ea:
1894 4390 2041 4446 Sion.

453 4487 588 4556 Quae
614 4488 761 4548 Sion.
795 4486 904 4557 ipsa
927 4495 1008 4540 est
1034 4485 1350 4543 Jerusalem.
1380 4484 1516 4539 Audi
1536 4485 1707 4556 ipsum
1727 4483 2043 4539 Dominum:

458 4579 738 4652 Oportebat
769 4577 1025 4633 Christum
1062 4579 1169 4650 pati
1202 4587 1250 4632 et
1286 4593 1548 4649 resurgere
1580 4593 1612 4629 a
1648 4576 1860 4630 mortuis
1901 4575 2044 4629 tertio

457 4675 558 4728 die.
603 4674 736 4729 Hinc
770 4673 920 4728 sedet
947 4672 1013 4727 ad
1045 4672 1317 4727 dexteram
1353 4673 1443 4727 Dei
1471 4671 1644 4726 Patris
1666 4713 1680 4737 ,
1721 4669 2046 4742 resurgendo

458 4766 547 4819 uhi
576 4764 689 4819 fuit.
723 4765 920 4820 Deinde
947 4765 1036 4819 illo
1053 4765 1269 4819 sedente
1297 4764 1361 4818 ad
1391 4763 1661 4819 dexteram
1692 4763 1889 4830 Patris,
1918 4762 2046 4834 quid

456 4859 675 4928 agitur?
720 4867 778 4912 ut
806 4868 1070 4927 ponantur
1122 4857 1323 4912 inimici
1371 4857 1488 4926 ejus
1531 4856 1818 4910 scabellum
1851 4855 2044 4926 pedum

455 4951 597 5019 ejus,
632 4949 758 5021 quid
785 4949 995 5020 agitur?
1021 4949 1159 5004 Audi
1191 4949 1336 5003 illum
1367 4947 1652 5002 docentem
1683 4958 1736 5003 et
1767 4962 2044 5018 exponen-

461 5053 568 5099 tem
607 5061 618 5095 :
658 5061 676 5094 ι
714 5042 784 5098 Ει
829 5040 1205 5111 prmdicabitur
1247 5041 1300 5096 in
1347 5040 1563 5094 nomine
1591 5039 1705 5110 ejus
1738 5038 2044 5110 pmnitentia

457 5148 516 5196 et
544 5139 786 5194 remissio
810 5145 1148 5207 peccatorum
1176 5151 1270 5205 per
1299 5149 1483 5190 onmes
1518 5142 1721 5206 gentes,
1752 5132 2048 5203 incipienti-

460 5231 560 5287 bus
582 5231 648 5285 ab
667 5221 963 5286 Jerusalem
993 5247 1011 5281 ι
1052 5227 1199 5300 (Luc.
1235 5243 1382 5295 xxiv,
1413 5226 1503 5294 46,
1536 5225 1664 5297 47);
1695 5224 1836 5296 quia,
1877 5243 1894 5274 ι
1925 5223 2045 5277 Vir-

457 5341 581 5397 gam
624 5325 837 5379 virtutis
870 5332 972 5378 tute
1017 5323 1226 5377 emittet
1254 5320 1507 5375 Dominus
1533 5334 1596 5372 ex
1626 5317 1776 5372 Sion.
1829 5315 2043 5387 Virgam

457 5418 670 5472 virtutis
711 5426 847 5484 tum,
884 5437 902 5470 ι
955 5415 1055 5471 hoc
1082 5425 1160 5472 est
1197 5429 1414 5486 regnum
1445 5413 1698 5484 potentiae
1724 5420 1868 5478 tuae;
1900 5410 2043 5481 quia,

464 5529 485 5563 ο
515 5508 691 5580 Reges
718 5525 810 5565 eos
843 5511 893 5563 in
923 5509 1068 5580 virga
1093 5507 1262 5565 ferrea
1305 5526 1323 5559 ι
1353 5505 1521 5578 (Psat.
1552 5521 1620 5569 ιι,
1653 5505 1707 5576 9)
1738 5523 1750 5558 :
1787 5522 1805 5555 ‹
1842 5502 2048 5558 emittet

457 5602 718 5658 Dominus
745 5617 809 5655 ex
839 5601 999 5666 Sion;
1040 5620 1059 5654 ι
1112 5600 1269 5671 quia,
1305 5617 1323 5651 ι
1361 5596 1738 5669 Incipientibns
1779 5595 1845 5650 ab
1887 5593 2044 5650 Jeru-

455 5693 646 5750 Salem.
690 5713 707 5746 ι

521 5788 540 5819 ι
564 5787 639 5835 Sic
659 5792 766 5834 Mss.
792 5792 848 5835 At
865 5786 916 5834 in
931 5783 1066 5842 add,
1083 5782 1240 5834 itumis
1263 5781 1444 5834 locutus
1465 5787 1553 5832 est.

519 5851 548 5884 ³
577 5851 661 5900 utc
682 5849 734 5899 iu
753 5848 866 5901 ωι.
887 5847 1098 5909 ειωίῖω,
1113 5843 1371 5899 immortali
1399 5857 1416 5897 :
1437 5844 1570 5908 quod
1584 5856 1614 5895 a
1631 5849 1742 5896 Mss.
1764 5842 1924 5894 abest.

1565 291 1964 349 ENARRATIO
2002 292 2067 348 IN
2107 289 2434 348 PSALMUM
2472 287 2608 349 CIX.

3617 311 3754 370 1454

2240 405 2326 459 Η.
2380 405 2514 460 Cum
2566 422 2694 478 ergo
2741 406 2982 465 emiserit
3023 426 3090 468 ex
3127 413 3256 470 Sion
3295 415 3496 489 virgam
3539 421 3750 481 virtutis

2161 499 2309 569 ejus,
2337 499 2462 570 quid
2492 501 2625 556 ﬁet?
2662 497 2734 556 Et
2753 501 3019 560 dominare
3040 507 3093 561 in
3114 509 3280 564 medio
3297 509 3613 569 inimicorum
3642 527 3755 573 tuo-

2162 606 2296 645 rum.
2348 591 2502 648 Prius
2542 593 2804 648 dominare
2850 595 2904 650 in
2945 596 3111 652 medio
3148 601 3470 658 inimicorum
3509 616 3708 663 tuorum
3733 630 3753 666 :

2162 681 2305 740 inter
2347 683 2640 742 frementes
2665 697 2871 758 gentes.
2922 687 3191 762 Numquid
3229 695 3372 750 enim
3413 708 3600 769 postea
3628 718 3750 758 cum

2161 776 2470 846 acceperint
2496 777 2754 835 honorem
2781 795 2934 835 suum
2965 783 3158 852 sancti,
3185 795 3241 840 et
3268 801 3418 843 suam
3449 791 3749 849 damnatio-

2160 883 2285 923 nem
2318 869 2500 940 impii,
2529 871 2583 925 in
2623 870 2800 928 medio
2839 871 3176 931 inimicorum
3203 891 3420 935 suorum
3452 879 3752 942 dominabi-

2159 962 2292 1017 tur?
2337 963 2404 1018 Et
2441 963 2566 1034 quid
2605 964 2800 1020 mirum
2829 966 2875 1020 si
2901 975 3027 1022 tunc
3053 966 3414 1029 dominabitur
3434 1015 3451 1042 ,
3482 990 3663 1033 secum
3695 981 3746 1034 in

2157 1062 2416 1110 mternum
2445 1047 2792 1127 regnantibus
2809 1056 2970 1128 justis
2994 1101 3009 1127 ,
3035 1067 3090 1116 et
3112 1064 3329 1119 aeternis
3357 1067 3526 1135 poenis
3553 1070 3750 1124 ardens

2157 1147 2299 1204 tibus
2339 1147 2562 1219 impiis?
2590 1148 2719 1221 quid
2762 1150 2956 1205 mirum
3002 1151 3047 1207 si
3095 1154 3262 1209 tunc?
3309 1155 3462 1213 Modo
3487 1159 3541 1214 in
3569 1161 3748 1218 medio

2155 1237 2497 1296 inimicorum
2526 1251 2760 1310 tuorum,
2785 1258 2926 1298 nunc
2950 1243 3007 1299 in
3034 1244 3136 1299 isto
3159 1249 3382 1305 transitu
3403 1253 3744 1319 saeculorum,

2155 1330 2210 1388 in
2240 1335 2343 1387 ista
2386 1335 2767 1406 propagatione
2792 1343 2846 1390 et
2889 1336 3229 1392 successione
3273 1343 3610 1400 mortalitatis
3640 1345 3738 1401 hu—

2154 1436 2328 1480 manae
2352 1467 2367 1492 ,
2401 1440 2542 1481 nunc
2582 1425 2708 1481 dum
2755 1434 2968 1482 torrens
2994 1436 3300 1498 temporum
3329 1437 3742 1505 prmlerlabilur,

2154 1514 2220 1570 ad
2248 1514 2350 1571 hoc
2387 1517 2586 1573 directa
2617 1528 2699 1573 est
2721 1518 2867 1590 virga
2911 1518 3122 1574 virtutis
3151 1528 3255 1575 tua:
3279 1536 3342 1577 ex
3372 1521 3499 1578 Sion
3524 1566 3538 1592 ,
3569 1536 3625 1580 ut
3653 1530 3746 1584 do-

2154 1607 2374 1664 mineris
2427 1609 2480 1664 in
2529 1609 2706 1665 medio
2754 1609 3090 1666 inimicorum
3141 1621 3374 1667 tuorum.
3433 1614 3741 1687 Dominare,

2153 1703 2431 1760 dominare
2459 1705 2513 1760 in
2535 1703 2712 1760 medio
2750 1704 3084 1777 Paganorum
3107 1749 3122 1773 ,
3148 1705 3454 1764 Iudaeorum
3477 1753 3490 1778 ,
3525 1708 3743 1770 haereti-

2152 1812 2337 1855 corum
2363 1840 2382 1868 ,
2410 1798 2666 1854 falsorum
2694 1796 2940 1854 fratrum.
2995 1799 3312 1871 Dominare,
3341 1802 3636 1875 dominare,
3670 1808 3742 1866 tili

2152 1889 2337 1958 David,
2364 1890 2586 1948 Domine
2599 1892 2783 1959 David,
2802 1891 3084 1950 dominare
3109 1893 3161 1948 in
3185 1895 3362 1951 medio
3383 1895 3739 1969 Paganorum,

2149 1981 2476 2048 Iudaeorum,
2497 1983 2893 2053 haereticorum,
2916 1983 3170 2042 falsorum
3197 1987 3438 2043 fratrum.
3469 1989 3746 2050 Dominare

2149 2075 2203 2130 in
2242 2076 2407 2130 medio
2438 2077 2758 2132 inimicorum
2785 2087 3007 2132 tuorum.
3039 2076 3194 2135 Hunc
3223 2095 3437 2136 versum
3468 2097 3573 2139 non
3597 2096 3742 2144 recte

2149 2165 2526 2242 intelligimus,
2569 2173 2614 2226 si
2654 2186 2758 2226 non
2792 2169 2907 2228 ﬁeri
2941 2171 3053 2244 jam
3079 2174 3340 2230 videmus.
3393 2175 3532 2233 Sede
3557 2196 3683 2250 ergo
3710 2199 3739 2236 a

2147 2261 2358 2320 dextris
2389 2265 2500 2332 Dei,
2538 2265 2807 2320 occultare
2840 2275 2899 2321 ut
2927 2266 3181 2333 credaris,
3215 2267 3387 2326 donec
3417 2270 3739 2340 impleantur

2149 2363 2391 2428 tempora
2415 2357 2671 2429 gentium.
2695 2357 2783 2414 Sic
2808 2358 2948 2412 enim
2976 2357 3231 2430 scriptum
3253 2368 3336 2416 est
3362 2379 3374 2416 :
3405 2361 3564 2427 Quem
3585 2380 3736 2436 Opor-

2149 2448 2280 2505 tebat
2309 2450 2486 2505 cwlum
2526 2452 2748 2524 recipere
2772 2494 2787 2521 ,
2821 2451 2978 2507 donec
3005 2452 3312 2525 impleantur
3349 2465 3574 2527 tempora
3611 2475 3736 2531 gen-

2149 2545 2272 2599 tium
2301 2543 2436 2618 (Act.
2470 2561 2546 2612 ιιι,
2574 2543 2690 2619 21).
2724 2543 2793 2601 Ut
2825 2546 2966 2601 enim
2996 2561 3305 2617 resurgeres
3330 2589 3344 2615 ,
3375 2560 3614 2607 mortuus
3642 2567 3735 2620 es;

2150 2645 2209 2691 ut
2236 2636 2556 2692 ascenderes
2581 2679 2596 2703 ,
2639 2635 3015 2703 resurrexisti;
3045 2645 3101 2691 ut
3128 2637 3343 2693 sederes
3373 2638 3439 2694 ad
3465 2639 3736 2699 dexteram

2150 2726 2356 2794 Patris,
2389 2727 2674 2783 ascendisti
2709 2743 2878 2800 :ergo
2923 2737 2979 2783 ut
3023 2727 3092 2782 ad
3132 2727 3408 2785 dexteram
3437 2730 3609 2787 Patris
3649 2749 3736 2790 se-

2147 2819 2304 2877 deres
2327 2861 2342 2887 ,
2393 2831 2635 2876 mortuus
2682 2837 2761 2876 es.
2816 2819 2894 2877 De
2920 2830 3091 2877 morte
3116 2821 3258 2877 enim
3289 2826 3638 2894 resurrectio,
3671 2827 3740 2884 de

2147 2914 2539 2970 resurrectione
2564 2913 2842 2978 ascensio,
2892 2913 2959 2968 de
3002 2913 3313 2969 ascensione
3355 2915 3422 2970 ad
3463 2899 3736 2974 dexteram

2147 3005 2318 3060 sessio
2349 3023 2363 3060 :
2390 3004 2495 3062 hoc
2539 3014 2708 3061 totum
2738 3020 2867 3078 ergo
2913 3006 3077 3080 coepit
3113 3021 3142 3060 a
3168 3014 3360 3062 morte.
3413 3006 3740 3068 Excellentia

2151 3096 2413 3152 claritatis
2441 3096 2621 3168 hujus,
2654 3095 2970 3168 principium
2999 3094 3159 3152 habet
3184 3095 3517 3154 humilitatis.
3545 3100 3622 3157 Te
3643 3103 3742 3159 ita-

2147 3207 2252 3264 que
2275 3189 2498 3247 sedente
2534 3189 2601 3245 ad
2627 3190 2897 3245 dexteram
2926 3189 3100 3244 Patris
3125 3230 3138 3252 ,
3182 3189 3468 3260 implentur
3499 3201 3740 3265 tempora

2146 3283 2425 3358 gentium,
2472 3292 2742 3354 ponuntur
2767 3281 2964 3339 inimici
2995 3295 3184 3337 omnes
3218 3283 3510 3339 scabellum
3541 3286 3738 3356 pedum

2147 3386 2380 3442 tuorum,
2410 3385 2465 3434 et
2489 3375 2556 3432 ad
2580 3375 2682 3432 hoc
2713 3386 2768 3431 ut
2791 3375 3156 3448 perveniatur,
3189 3373 3336 3447 prius
3365 3376 3743 3439 dominaberis

2147 3465 2203 3524 in
2241 3467 2416 3524 medio
2457 3467 2793 3523 inimicorum
2834 3478 3044 3523 tuorum
3077 3485 3090 3520 :
3123 3465 3189 3521 ad
3237 3467 3339 3524 hoc
3370 3469 3512 3525 enim
3542 3471 3741 3542 virgam

2145 3561 2342 3617 virtutis
2365 3570 2466 3616 tute
2500 3561 2688 3616 emittet
2716 3559 2965 3616 Dominus
2986 3577 3048 3616 ea:
3078 3559 3226 3616 Sion.
3258 3559 3328 3617 Ut
3349 3570 3524 3618 autem
3553 3579 3738 3622 more-

2147 3655 2283 3710 reris
2304 3694 2320 3720 ,
2367 3662 2424 3709 et
2452 3669 2548 3724 per
2577 3659 2804 3708 mortem
2851 3662 2994 3708 luant
3023 3651 3294 3708 deleretur
3321 3651 3737 3726 chirographum

2147 3757 2484 3820 peccatorum
2512 3745 2728 3822 (Coloss.
2760 3763 2817 3816 ιι,
2849 3746 2963 3819 14),
2996 3754 3050 3801 et
3069 3745 3450 3817 prmdicaretur
3474 3749 3740 3818 poeniten-

2148 3841 2218 3896 tia
2243 3850 2294 3896 et
2340 3839 2587 3896 remissio
2630 3839 2946 3894 delictorum
2985 3853 3080 3907 per
3124 3851 3310 3892 omnes
3346 3849 3532 3908 gentes
3556 3882 3570 3906 ,
3605 3841 3738 3898 inci-

2146 3937 2413 4007 pientibus
2463 3935 2529 3989 ab
2575 3933 2912 3998 Jerusalem,
2964 3931 3177 3986 Caecitas
3227 3929 3531 3986 Judmorum
3589 3933 3735 3990 fecit.

2147 4027 2280 4084 Aliis
2311 4024 2669 4082 illuminandis
2693 4067 2707 4092 ,
2753 4023 2978 4078 aliorum
3012 4023 3224 4077 cmeitas
3254 4023 3498 4078 militavit
3527 4042 3542 4079 :
3573 4043 3592 4078 ‹
3621 4024 3738 4090 Ca;-

2147 4121 2279 4177 citas
2311 4139 2331 4174 ι
2367 4119 2507 4174 enim
2542 4136 2562 4169 ‹
2597 4132 2663 4172 ex
2693 4124 2842 4186 parte
2869 4113 3033 4168 Israel
3065 4112 3201 4169 facta
3231 4123 3344 4181 est,
3378 4123 3432 4170 ut
3463 4115 3738 4186 plenitudo

2147 4213 2395 4272 Gentium
2425 4212 2682 4276 intraret,
2711 4219 2767 4266 et
2802 4208 2879 4264 sic
2909 4207 3084 4263 omnis
3114 4205 3278 4263 Israel
3308 4208 3488 4264 salvus
3526 4211 3677 4267 tieret
3713 4233 3732 4267 ι

2148 4308 2326 4379 (Rom.
2353 4321 2428 4372 xt,
2449 4303 2566 4377 25).
2595 4322 2615 4356 (
2639 4301 2862 4358 Caecitas
2884 4317 2949 4356 ex
2975 4310 3126 4371 parte
3156 4299 3315 4356 Israel
3346 4300 3481 4356 facta
3504 4321 3523 4354 ι
3545 4305 3740 4361 occidit

2149 4411 2237 4469 te;
2278 4401 2486 4457 occisus
2519 4395 2858 4455 resurrexiin
2879 4436 2896 4462 ,
2941 4393 3198 4466 sanguine
3229 4404 3319 4448 tuo
3346 4403 3561 4466 peccata
3589 4396 3738 4453 Gen-

2151 4495 2282 4552 tium
2313 4492 2534 4558 diluisti,
2564 4489 2632 4544 ad
2656 4488 2932 4545 dexteram
2961 4487 3133 4542 Patris
3163 4486 3356 4543 sedens
3381 4487 3619 4558 undique
3649 4506 3739 4560 pa-

2149 4589 2344 4645 tientes
2370 4594 2424 4640 et
2446 4584 2511 4639 ad
2553 4592 2604 4638 te
2629 4579 3002 4652 confugientes
3031 4579 3311 4650 collegisti.
3360 4599 3378 4631 σ
3409 4580 3566 4635 Facta
3597 4592 3680 4637 est
3713 4603 3732 4637 ι

2150 4695 2279 4752 ergo
2308 4697 2326 4730 ‹
2356 4676 2567 4732 caecitas
2593 4691 2657 4730 ex
2689 4681 2837 4744 parte.
2871 4671 3029 4726 Israel
3051 4713 3064 4737 ,
3100 4669 3233 4725 facta
3262 4681 3343 4727 est
3368 4679 3427 4725 ut
3463 4672 3737 4741 plenitudo

2151 4773 2398 4830 Gentium
2425 4770 2677 4834 intraret,
2708 4775 2762 4822 et
2787 4764 2863 4820 sic
2893 4763 3066 4819 omnis
3090 4762 3249 4817 Israel
3278 4762 3454 4816 salvus
3483 4763 3630 4817 ﬂeret
3660 4807 3673 4830 ,
3711 4785 3730 4817 ι

2151 4878 2205 4925 et
2245 4879 2431 4922 omnes
2461 4862 2659 4919 inimici
2690 4860 2764 4916 tui
2791 4866 2974 4916 essent
3003 4858 3020 4888 ¹
3049 4855 3337 4912 scabellum
3383 4855 3574 4926 pedum
3621 4866 3736 4912 tuo-

2150 4977 2290 5018 rum.
2318 4958 2423 5016 Sed
2451 4956 2556 5013 hoc
2583 4969 2742 5020 nunc,
2773 4961 2952 5024 postea
2979 4947 3146 5021 quid?

2223 5053 2309 5111 12.
2342 5051 2490 5127 [vers.
2518 5048 2600 5123 5.]
2645 5047 2828 5103 Tecum
2860 5042 3163 5117 principium
3199 5040 3252 5094 in
3281 5038 3363 5095 die
3393 5041 3589 5096 virtutis
3614 5051 3732 5100 tum.

2149 5147 2281 5217 Quis
2310 5143 2407 5200 iste
2433 5143 2546 5199 dies
2574 5148 2656 5197 est
2675 5137 2886 5194 virtutis
2914 5132 3069 5204 ejus?
3095 5131 3318 5200 Quando
3346 5147 3466 5188 cum
3486 5133 3574 5187 illo
3602 5136 3735 5205 prin-

2150 5239 2348 5311 cipium
2374 5279 2387 5302 ,
2419 5235 2502 5292 vel
2524 5231 2662 5304 quod
2695 5227 3014 5300 principium
3037 5267 3052 5291 ,
3095 5224 3178 5280 vel
3206 5223 3474 5295 quomodo
3494 5242 3614 5282 cum
3645 5228 3736 5284 illo

2152 5331 2506 5404 principium;
2553 5318 2981 5397 quandoquidem
3004 5327 3058 5374 et
3084 5319 3198 5389 ipse
3226 5317 3584 5389 principium?
3628 5320 3736 5373 Ad-

2147 5426 2294 5499 juvet
2323 5422 2578 5480 Dominus
2601 5459 2617 5487 ,
2650 5426 2708 5474 ut
2746 5432 2845 5472 nec
2873 5412 3001 5470 mihi
3031 5413 3208 5470 dicere
3236 5414 3592 5486 perturbetur,
3635 5429 3734 5468 nec

2150 5517 2300 5574 vobis
2337 5513 2540 5570 audire.
2592 5508 2762 5566 Video
2800 5508 2941 5564 enim
2981 5504 3122 5578 quod
3167 5505 3277 5576 jam
3318 5503 3512 5559 factum
3543 5511 3656 5572 est,
3684 5514 3737 5561 et

2151 5609 2424 5665 vobiscum
2460 5604 2618 5660 video
2669 5603 2838 5659 oculis
2887 5599 3052 5656 ﬁdei:
3085 5599 3255 5654 oculis
3307 5612 3516 5668 quoque
3560 5598 3739 5653 carnis

2215 5713 2233 5744 ί
2269 5711 2596 5766 nestituimus,
2619 5705 2708 5765 tui,
2721 5713 2792 5767 et,
2811 5713 2983 5764 essent,
3009 5718 3072 5754 ex
3095 5709 3170 5752 Er.
3193 5700 3340 5767 Lugd.
3367 5708 3489 5767 ven.
3527 5706 3580 5750 et
3606 5706 3740 5763 Lov.;

2151 5787 2356 5838 quorum
2380 5764 2641 5824 verborum
2672 5764 2786 5822 leco
2805 5772 2853 5820 in
2874 5776 2922 5818 Β.
2939 5774 3131 5818 notatur
3152 5764 3210 5813 ad
3232 5764 3502 5828 marginem
3530 5776 3542 5812 :
3577 5782 3600 5811 ε
3619 5772 3739 5828 Sup-

2154 5833 2259 5902 pIe,
2279 5833 2468 5900 ﬁerent.
2494 5853 2517 5883 s
2618 5841 2674 5884 tu.
