4188 6454
529 483 691 540 video
716 477 855 552 quod
895 476 1005 547 jam
1046 476 1142 539 ﬁt,
1175 482 1463 537 rursusque
1493 463 1660 521 oculis
1696 461 1816 517 ﬁdei
1844 462 2120 552 vobiscum

532 589 695 645 spero
724 550 865 642 quod
897 569 1133 623 futurum
1164 571 1263 616 est.
1298 558 1435 627 Quid
1458 573 1582 629 ergo
1609 555 1807 611 factum
1839 554 1962 609 est?
1993 550 2121 622 quid

530 668 637 722 ﬁt?
680 664 801 736 quid
831 662 1063 717 futurum
1090 655 1208 711 est?
1251 653 1494 707 Christus
1520 665 1707 719 passus
1733 656 1848 715 est,
1881 657 2122 701 mortuus

533 768 636 821 est,
669 752 958 813 resurrexit
988 749 1139 804 tertia
1170 747 1257 801 die
1282 787 1295 811 ,
1329 744 1568 799 ascendit
1598 744 1649 797 in
1678 743 1873 798 caelum
1901 781 1915 806 ,
1946 749 2004 794 ut
2026 754 2123 794 no-

532 854 727 914 vimus,
756 842 1160 917 quadragesimo
1186 840 1270 894 die
1295 879 1309 905 ,
1342 839 1493 893 sedet
1514 837 1580 891 ad
1610 836 1884 891 dexteram
1914 834 2119 890 Patris:

532 944 637 1000 hoc
660 944 769 1012 jam
799 940 991 993 factum
1023 944 1102 991 est
1123 976 1137 1000 ,
1170 932 1271 988 hoc
1291 947 1395 985 non
1419 930 1670 995 vidimus,
1712 927 1804 982 sed
1828 926 2119 982 credimus.

530 1035 669 1103 Quid
696 1049 836 1088 nunc
865 1031 964 1085 ﬁt?
1007 1027 1317 1083 Dominatnr
1348 1024 1401 1078 in
1432 1022 1607 1077 medio
1634 1020 1971 1075 inimicorum
2002 1032 2124 1072 suo-

530 1146 653 1185 rum
675 1169 688 1191 ,
728 1126 923 1182 emissa
962 1122 1106 1191 virga
1147 1118 1357 1172 virtutis
1388 1116 1502 1185 ejus
1536 1130 1602 1169 ex
1626 1113 1792 1175 Sion;
1829 1112 1887 1165 ﬁt
1914 1111 2045 1176 hoc,
2072 1108 2125 1163 id

531 1224 725 1294 agitur.
771 1219 1020 1273 Formam
1068 1212 1208 1267 servi
1239 1212 1254 1241 ¹
1283 1219 1336 1263 et
1377 1216 1693 1278 praesentem
1727 1213 1851 1259 tunc
1882 1202 2126 1257 viderunt

534 1314 701 1377 servi,
735 1321 787 1367 et
814 1310 1087 1364 absentem
1111 1316 1250 1356 nunc
1280 1299 1504 1354 credunt
1527 1299 1687 1354 servi.
1720 1297 1833 1351 Hoc
1858 1294 2125 1350 credimus

534 1408 605 1464 de
634 1408 798 1461 forma
825 1398 999 1463 servi,
1044 1394 1182 1465 quod
1213 1407 1497 1463 possumus
1521 1406 1713 1461 capere
1737 1432 1751 1457 ,
1801 1389 1927 1443 dum
1954 1387 2127 1443 adhuc

533 1510 720 1556 Sumus
737 1492 895 1547 servi.
928 1489 1037 1543 Hoc
1056 1496 1137 1542 est
1164 1485 1306 1541 enim
1326 1484 1457 1538 illud
1485 1484 1565 1537 lac
1593 1482 1955 1553 parvulorum,
1985 1478 2125 1550 quod

532 1584 870 1657 temperavit,
903 1594 1093 1652 panem
1123 1577 1391 1647 trajiciens
1421 1590 1516 1645 per
1538 1589 1772 1629 carnem.
1819 1572 1950 1626 Nam
1976 1569 2125 1641 panis

532 1679 627 1736 ille
656 1675 1004 1745 Angelorum,
1038 1671 1090 1725 in
1123 1669 1387 1741 principio
1414 1675 1529 1722 erat
1553 1665 1788 1721 Verbum
1823 1682 1835 1716 z
1863 1672 1919 1717 ut
1946 1672 2125 1717 tamen

528 1785 727 1843 panem
775 1764 1096 1836 Angelorum
1150 1759 1493 1815 manducaret
1536 1757 1698 1811 homo
1726 1755 1892 1829 (Psal.
1928 1770 2121 1821 Lxxvn,

530 1863 627 1934 525)
658 1905 673 1929 ,
703 1860 921 1915 Creator
960 1854 1283 1925 Angelorum
1322 1850 1492 1905 factus
1530 1859 1612 1905 est
1656 1850 1836 1903 homo.
1869 1847 1944 1901 lta
1975 1846 2126 1901 nobis

529 1952 771 2009 Verbum
801 1949 1134 2003 incarnatum
1162 1944 1357 1998 factum
1386 1949 1468 1995 est
1494 1938 1800 2009 receptibile
1830 1956 1842 1991 :
1874 1937 2014 2009 quod
2039 1952 2126 1991 re-

532 2048 711 2116 cipere
750 2056 856 2096 non
886 2039 1186 2095 valeremus
1207 2076 1223 2103 ,
1264 2036 1310 2088 si
1350 2033 1516 2088 Filius
1543 2031 1761 2101 aequalis
1788 2030 1899 2084 Deo
1931 2045 2034 2084 non
2067 2044 2125 2084 se

533 2134 840 2194 exinaniret
860 2132 1083 2186 formatn
1106 2128 1245 2183 servi
1273 2126 1557 2196 accipiens,
1590 2125 1641 2178 in
1666 2122 2011 2179 similitudine
2029 2122 2127 2176 ho-

530 2230 739 2289 minum
769 2225 934 2279 factus
958 2266 971 2285 ,
1005 2230 1059 2277 et
1088 2220 1270 2274 habitu
1301 2219 1545 2273 inventus
1576 2224 1633 2270 ut
1672 2214 1831 2270 homo
1866 2212 2121 2287 (Philipp.

529 2338 591 2388 ιι,
616 2321 648 2375 6
686 2327 733 2371 et
764 2314 841 2388 7).
876 2314 941 2371 Ut
968 2328 1095 2383 ergo
1138 2320 1424 2380 utcumque
1463 2323 1656 2379 capere
1699 2320 1979 2377 possemus
2003 2320 2123 2359 eum

532 2416 624 2485 qui
651 2427 755 2466 non
785 2416 965 2480 posset
1001 2405 1119 2476 capi
1144 2420 1172 2458 a
1206 2402 1518 2458 mortalibus
1538 2443 1551 2466 ,
1581 2400 1821 2455 mortalis
1847 2398 2015 2454 factus
2041 2408 2126 2455 est

528 2502 885 2566 immortalis;
914 2508 971 2553 ut
1002 2506 1213 2569 peracta
1241 2511 1336 2551 sua
1366 2502 1537 2549 morte
1558 2492 1754 2547 faceret
1775 2490 2121 2559 immortales,

529 2608 587 2653 et
615 2594 813 2665 aliquid
846 2592 1007 2661 daret
1050 2586 1482 2659 inspiciendum,
1527 2585 1726 2655 aliquid
1773 2584 2121 2650 credendum,

529 2686 731 2758 aliquid
774 2694 891 2755 post
935 2681 1245 2737 videndum.
1301 2678 1691 2749 lnSpiciendam
1722 2678 1868 2733 dedit
1897 2676 2123 2732 formam

528 2780 672 2836 servi
715 2777 1064 2848 praesentibus
1084 2816 1098 2839 ,
1138 2790 1245 2828 non
1275 2774 1447 2828 solum
1478 2772 1645 2827 oculis
1680 2770 1960 2825 videndam
1987 2811 2001 2835 ,
2029 2769 2127 2826 sed

529 2874 692 2930 etiam
745 2868 989 2923 manibus
1031 2864 1479 2936 pertractandam.
1531 2863 1665 2919 Cum
1711 2863 1899 2918 eadem
1955 2862 2126 2917 forma

531 2962 773 3021 ascendit
798 2961 850 3014 in
873 2959 1067 3015 caelum
1085 3000 1098 3023 ,
1138 2957 1359 3011 credere
1396 2955 1549 3009 nobis
1574 2954 1731 3024 jussit
1750 2953 1893 3023 quod
1918 2953 2021 3007 illis
2042 2954 2123 3008 vi-

533 3059 664 3116 dere
698 3052 984 3112 concessit.
1025 3049 1130 3105 Sed
1157 3058 1212 3104 et
1237 3063 1334 3105 nos
1360 3048 1618 3102 habemus
1642 3044 1781 3116 quod
1812 3045 2122 3101 videamus:

530 3152 609 3208 illi
638 3149 778 3205 enim
799 3146 1047 3201 viderunt
1076 3142 1279 3211 virgam
1305 3140 1557 3195 emissam
1580 3154 1645 3194 ex
1676 3137 1826 3203 Sion,
1851 3153 1951 3194 nos
1980 3138 2127 3194 vide-

529 3258 653 3299 mus
679 3237 941 3295 dominari
973 3237 1024 3290 in
1056 3232 1235 3289 medio
1266 3232 1600 3287 inimicorum
1630 3246 1869 3285 suorum.
1910 3230 2023 3285 Hoc
2047 3238 2127 3285 to-

530 3345 678 3401 tum,
710 3333 899 3386 fratres
923 3371 937 3395 ,
965 3326 1196 3397 pertinet
1223 3325 1289 3379 ad
1316 3323 1767 3392 dispensationem
1796 3321 1981 3378 formae
2009 3337 2123 3379 ser-

532 3426 654 3480 vilis
676 3465 690 3491 ,
724 3438 842 3492 qua:
883 3418 1232 3475 tolerabiliter
1260 3416 1465 3484 capitur
1493 3430 1523 3468 a
1551 3415 1721 3470 servis
1744 3457 1758 3480 ,
1788 3423 1843 3471 et
1864 3423 2073 3469 amatur
2094 3430 2126 3470 a

531 3516 724 3573 futuris
757 3512 955 3568 liberis.
993 3510 1197 3566 Veritas
1215 3508 1359 3563 enim
1402 3506 1849 3562 incommutabilis
1878 3506 2021 3577 quod
2045 3516 2128 3562 est

533 3608 770 3665 Verbum
804 3607 894 3661 Dei
916 3647 931 3672 ,
965 3605 1107 3659 Deus
1132 3601 1269 3671 apud
1298 3600 1461 3655 Deum
1488 3641 1503 3667 ,
1537 3616 1631 3670 per
1655 3616 1813 3670 quem
1843 3600 1977 3654 facta
2003 3608 2128 3654 sunt

533 3704 744 3770 omnia,
793 3703 845 3756 in
876 3715 935 3755 se
972 3712 1192 3753 manens
1224 3696 1442 3749 innovat
1479 3695 1656 3748 omnia
1690 3693 1844 3765 (Sap.
1876 3708 1983 3759 vn,
2004 3692 2122 3763 27).

531 3798 683 3855 Hane
711 3805 770 3849 ut
800 3793 1072 3847 videamus
1095 3831 1110 3855 ,
1137 3803 1328 3859 magna
1354 3796 1407 3841 et
1434 3786 1668 3855 perfecta
1694 3785 1873 3839 cordis
1913 3782 2123 3839 mundi-

530 3893 607 3947 tia
627 3886 923 3945 necessaria
940 3893 1041 3949 est,
1061 3898 1180 3951 qua:
1203 3882 1260 3935 ﬁt
1279 3897 1372 3951 per
1389 3880 1569 3934 ﬁdem.
1595 3879 1961 3933 Demonstrata
1984 3876 2124 3931 enim

530 3986 704 4041 forma
740 3981 910 4044 servi,
958 3977 1120 4033 dilata
1145 3978 1165 4007 '
1195 3983 1277 4030 est
1305 3974 1369 4029 ad
1400 3971 1870 4029 demonstrandam
1901 3970 2123 4025 formam

533 4079 652 4135 Dei.
684 4076 824 4131 ldcm
852 4073 1045 4143 quippe
1073 4070 1125 4124 in
1154 4068 1324 4126 forma
1367 4068 1507 4123 servi
1558 4068 1784 4137 loquens
1822 4066 1990 4121 servis
2019 4065 2125 4119 ait:

542 4189 562 4221 ‹
599 4168 698 4236 Qui
720 4166 888 4235 diligit
915 4178 1002 4217 me
1023 4204 1036 4227 ,
1065 4163 1313 4216 mandata
1346 4174 1465 4215 mea
1496 4160 1729 4215 custodit
1757 4179 1768 4213 :
1802 4170 1858 4215 et
1883 4159 1971 4229 qui
2002 4157 2126 4213 dili-

536 4263 615 4333 git
640 4274 723 4313 me
748 4300 763 4322 ,
810 4256 1058 4325 diligetur
1080 4270 1112 4309 a
1143 4254 1298 4308 Patre
1327 4269 1450 4307 meo
1474 4270 1489 4319 ;
1522 4262 1570 4308 et
1611 4269 1710 4323 ego
1737 4252 1951 4323 diligam
1980 4269 2124 4316 eum,

536 4362 592 4407 et
617 4348 891 4406 ostendam
922 4348 1182 4415 meipsum
1214 4344 1288 4397 illi
1320 4364 1337 4396 ι
1370 4344 1545 4415 (Joan.
1578 4360 1666 4399 xw
1686 4386 1698 4409 ,
1729 4344 1842 4414 2|).
1888 4342 2127 4399 Videnti-

536 4448 639 4503 bus
668 4460 726 4500 se
753 4442 993 4512 promisit
1028 4440 1519 4494 demonstraturum
1549 4452 1625 4491 se.
1674 4436 1811 4504 Quid
1841 4436 2126 4491 videbant?

536 4536 664 4609 quid
691 4530 1068 4605 promittebat?
1105 4527 1369 4584 Videbant
1397 4526 1620 4582 formam
1644 4528 1782 4581 servi
1808 4569 1823 4593 ,
1855 4528 2129 4597 promitte-

533 4630 628 4687 bat
658 4628 883 4683 formam
913 4625 1025 4679 Dei.
1062 4620 1358 4685 Ostendam,
1392 4620 1583 4689 inquit,
1608 4619 1855 4691 nteipsum
1879 4618 1974 4673 illi.
2009 4620 2127 4690 Ipsa

541 4734 626 4782 est
648 4722 864 4779 claritas
891 4717 956 4772 ad
986 4730 1145 4787 quam
1192 4712 1499 4783 perducitur
1540 4727 1760 4783 regnum
1804 4711 1944 4782 quod
1971 4711 2129 4767 modo

539 4818 768 4875 transitu
818 4811 996 4869 saeculi
1049 4806 1206 4878 hujus
1253 4804 1516 4875 colligitur
1562 4822 1574 4858 :
1622 4804 1834 4859 ducitur
1878 4804 2020 4859 enim
2062 4804 2129 4859 ad

538 4909 824 4984 quamdam
852 4904 1113 4959 visionem
1143 4897 1488 4964 ineﬁ'abilem,
1523 4911 1681 4967 quam
1709 4912 1814 4951 non
1846 4896 2129 4951 merebun-

539 5018 628 5062 tur
658 5001 826 5073 impii.
867 4998 1127 5055 Cmterum
1160 4994 1327 5048 forma
1355 4991 1493 5046 servi
1528 5005 1649 5045 cum
1689 4989 1776 5043 hic
1813 4998 1987 5057 esset,
2014 4989 2129 5045 visa

542 5108 626 5156 est
653 5097 719 5151 ab
764 5093 938 5164 impiis
968 5108 981 5143 :
1015 5088 1262 5144 viderunt
1299 5100 1414 5140 eam
1455 5083 1542 5153 qui
1573 5081 1940 5148 crediderunt,
1983 5082 2127 5137 vide-

544 5198 671 5246 runt
699 5197 751 5243 et
775 5186 863 5256 qui
890 5182 1217 5238 occiderunt.
1259 5176 1335 5233 Ne
1369 5173 1569 5247 aliquid
1599 5190 1849 5246 magnum
1876 5183 2027 5245 putes
2049 5175 2129 5229 vi-

549 5281 666 5337 deri
690 5279 915 5333 formam
943 5275 1105 5339 illam,
1136 5270 1379 5326 viderunt
1399 5268 1575 5334 amici,
1611 5266 1860 5324 viderunt
1892 5267 2128 5332 inimici;

548 5386 606 5433 et
635 5371 849 5445 quidam
892 5368 1133 5422 videntes
1180 5362 1562 5419 interfecerunt
1590 5404 1604 5429 ,
1651 5361 1865 5431 quidam
1910 5376 2015 5416 non
2054 5360 2131 5414 vi-

552 5470 742 5525 dentes
782 5459 1141 5519 crediderunt.
1187 5456 1333 5510 lianc
1356 5471 1482 5525 ergo
1508 5455 1731 5508 formam
1754 5452 1890 5507 servi
1914 5493 1929 5518 ,
1975 5465 2133 5523 quam

549 5563 639 5617 hic
663 5561 771 5632 jam
816 5556 870 5610 in
912 5550 1212 5607 humilitate
1238 5545 1483 5601 viderunt
1508 5555 1561 5601 et
1587 5545 1654 5616 pii
1682 5556 1733 5601 et
1767 5544 1909 5616 impii
1939 5587 1953 5612 ,
1981 5544 2133 5601 vide-

614 5720 630 5749 ι
666 5718 739 5765 sic
764 5720 867 5762 uss.
906 5716 961 5760 At
994 5705 1127 5766 Edd.,
1155 5702 1207 5753 id
1232 5700 1389 5767 agitur
1410 5700 1461 5752 in
1482 5703 1638 5765 forma
1658 5702 1786 5754 servi
1814 5714 1830 5753 :
1858 5708 1902 5754 et
1925 5714 2138 5767 praesen-

548 5787 660 5836 tem,
688 5787 782 5826 etc.

616 5826 747 5893 ἴω.
770 5836 919 5903 Lugd.
944 5842 1065 5888 Ven.
1087 5836 1139 5887 et
1162 5835 1290 5895 Lov.,
1313 5826 1530 5882 dilatata.
1658 5835 1714 5878 at.

1776 348 1833 406 S.
1874 341 2244 405 AUGUSTINI
2283 340 2585 400 EPISCOPI

3658 346 3777 413 “56

2231 456 2362 512 bunt
2387 466 2440 512 et
2472 457 2523 511 in
2543 454 2745 527 judicio
2765 462 2819 509 et
2846 454 2917 525 pii
2944 463 2999 511 et
3032 454 3200 527 impii.
3227 454 3359 513 Cum
3390 458 3529 515 enim
3550 461 3778 527 Dominus

2227 558 2351 605 ante
2385 550 2568 605 oculos
2596 549 2981 619 discipulorum
3020 565 3235 604 suorum
3262 550 3484 608 ferretur
3506 556 3554 610 in
3582 559 3777 626 cerium,

2230 643 2409 698 sonuit
2430 658 2531 697 vox
2567 644 2804 711 angelica
2835 642 3166 697 intuentibus
3187 659 3308 699 eum
3342 663 3355 699 :
3388 665 3407 698 ι
3436 646 3545 702 Viri
3578 648 3777 721 Galihei,

2230 736 2355 807 quid
2378 737 2528 790 statis
2550 735 2817 791 intuentes
2846 737 2896 791 in
2928 736 3169 793 caelum?
3208 736 3309 792 Iste
3333 737 3486 795 Jesus
3506 742 3579 797 sic
3605 747 3779 815 veniet,

2230 829 2499 900 quomodo
2520 844 2641 885 eum
2664 830 2869 884 vidistis
2886 840 3102 885 euntem
3126 830 3176 884 in
3203 832 3394 887 caelum
3424 852 3442 885 ι
3475 835 3606 904 (Act.
3633 840 3780 911 t,ll).

2232 920 2321 975 Sic
2358 935 2515 990 ergo,
2548 921 2652 986 sic,
2700 920 2752 973 in
2779 919 2968 976 eadem
3010 920 3178 976 forma
3222 939 3235 977 :
3278 923 3397 993 quia
3435 924 3503 980 de
3527 926 3692 996 impiis
3712 930 3785 988 di-

2231 1021 2375 1067 ctum
2418 1023 2529 1078 est,
2588 1008 2837 1066 Videbunt
2877 1013 2930 1066 in
2956 1029 3104 1083 quem
3143 1025 3459 1085 pupugerunt
3502 1014 3674 1088 (Zach.
3703 1036 3785 1091 xtl,

2232 1103 2345 1176 10).
2386 1104 2648 1160 Videbunt
2672 1104 3032 1174 judicaturum
3055 1146 3070 1172 ,
3100 1120 3259 1175 quem
3299 1106 3574 1162 irriserunt
3600 1108 3786 1179 judica-

2232 1205 2364 1251 tum.
2392 1196 2507 1267 Ipsa
2535 1198 2714 1266 itaque
2744 1196 2917 1251 forma
2942 1197 3081 1252 servi
3104 1198 3153 1251 in
3176 1196 3379 1267 judicio
3402 1200 3677 1269 conspicua
3702 1205 3789 1259 erit

2232 1299 2286 1346 et
2305 1290 2463 1360 justis
2491 1299 2544 1345 et
2574 1290 2787 1360 injustis
2812 1332 2825 1355 ,
2874 1299 2928 1345 et
2953 1290 3053 1361 piis
3079 1299 3133 1345 et
3170 1290 3346 1362 impiis
3366 1332 3381 1356 ,
3422 1300 3477 1346 et
3503 1291 3727 1351 ﬁdelibus
3744 1306 3790 1352 et

2230 1383 2553 1439 inﬁdelibus.
2594 1384 2731 1451 Quid
2757 1399 2886 1455 ergo
2926 1384 3074 1454 impii
3108 1399 3215 1439 non
3250 1384 3544 1441 videbunt?
3590 1386 3709 1443 Nam
3732 1390 3790 1445 de

2231 1474 2426 1545 quibus
2453 1475 2653 1529 dictum
2688 1484 2799 1541 est,
2842 1473 3094 1530 Videbunt
3118 1476 3171 1530 in
3191 1492 3337 1547 quem
3363 1490 3708 1549 pupugerunt;
3733 1481 3791 1538 de

2230 1568 2361 1639 ipsis
2389 1584 2601 1624 rursum
2640 1569 2839 1623 dictum
2867 1578 2981 1636 est,
3034 1568 3265 1625 Tollatur
3292 1570 3500 1639 impius,
3536 1581 3699 1628 utnon
3724 1575 3791 1629 vi-

2231 1659 2347 1714 deat
2372 1660 2658 1715 claritatem
2690 1660 2893 1714 Domini
2914 1658 3069 1731 (Isai.
3099 1676 3244 1731 xxyt,
3278 1661 3393 1732 10).
3417 1660 3555 1728 Quid
3580 1673 3657 1718 est
3686 1664 3789 1732 hoc,

2230 1753 2463 1810 fratres?
2506 1754 2916 1822 Discernamus,
2959 1753 3377 1815 discutiamus}.
3430 1754 3795 1811 Excitaturim-

2228 1848 2371 1918 pius,
2402 1855 2460 1902 ut
2480 1846 2676 1916 aliquid
2703 1845 2911 1910 videat;
2946 1846 3148 1901 tollitur
3168 1846 3383 1916 impius,
3411 1856 3467 1901 ut
3494 1847 3681 1918 aliquid
3702 1865 3791 1904 non

2229 1940 2429 1995 videat.
2479 1939 2594 1995 Jatn
2624 1938 2752 2009 quid
2790 1940 2860 1993 sit
2886 1938 3126 2005 visurus,
3166 1938 3542 2005 ostendimus;
3592 1938 3792 1994 formam

2232 2030 2377 2085 illam
2394 2030 2460 2084 de
2487 2045 2586 2100 qua
2619 2029 2820 2084 dictum
2843 2039 2944 2097 est,
2974 2029 3063 2086 Sic
3092 2031 3273 2085 veniet.
3299 2030 3439 2097 Quid
3460 2046 3585 2103 ergo
3610 2046 3705 2088 non
3725 2041 3796 2089 est

2230 2123 2440 2179 visurus
2459 2123 2483 2177 ?
2508 2122 2573 2177 Et
2594 2124 2856 2177 ostendam
2873 2124 3118 2193 meipsum
3137 2124 3234 2179 illi.
3253 2125 3393 2193 Quid
3414 2134 3516 2190 est,
3539 2127 3795 2197 meipsum?

2229 2214 2345 2270 Non
2370 2216 2593 2271 formam
2621 2218 2784 2273 servi.
2824 2216 2959 2285 Quid
2988 2226 3089 2280 est,
3108 2217 3355 2287 meipsum
3379 2218 3405 2272 Ρ
3434 2216 3673 2274 Formam
3695 2220 3791 2284 Dei,

2230 2310 2284 2365 in
2306 2325 2408 2379 qua
2445 2324 2551 2365 non
2589 2311 2829 2379 rapinam
2861 2310 3146 2365 arbitratus
3174 2325 3290 2364 sum
3318 2324 3443 2366 esse
3469 2312 3677 2382 aequalis
3700 2312 3793 2368 Deo

2231 2402 2491 2475 (Philipp.
2513 2421 2570 2471 It,
2594 2404 2684 2459 6et
2702 2404 2781 2474 7).
2814 2402 2951 2471 Quid
2968 2413 3069 2471 est,
3095 2421 3113 2454 ι
3136 2403 3441 2474 meipsum?
3465 2405 3791 2472 Dilectissimi,

2230 2496 2323 2551 ﬁlii
2370 2497 2464 2551 Dei
2514 2512 2731 2563 sumus,
2782 2508 2835 2551 et
2884 2496 3118 2551 nondum
3145 2496 3395 2566 apparuit
3421 2497 3543 2567 quid
3574 2500 3792 2553 erimus:

2232 2588 2432 2643 scimus
2459 2588 2578 2657 quia
2606 2603 2729 2643 cum
2757 2587 3086 2657 apparuerit,
3111 2586 3315 2642 similes
3344 2588 3399 2642 ei
3429 2588 3622 2642 erimus
3646 2606 3657 2653 ;
3684 2602 3796 2656 quo-

2231 2680 2373 2733 niam
2401 2679 2698 2735 videbimus
2726 2694 2848 2755 eum
2878 2679 3032 2733 sicuti
3059 2687 3142 2733 est
3170 2697 3189 2731 ι
3213 2677 3256 2749 (Ι
3284 2678 3447 2732 Joan.
3474 2696 3551 2745 ιιι,
3585 2678 3659 2747 2).
3688 2678 3794 2733 Haec

2232 2773 2448 2827 claritas
2480 2773 2572 2826 Dei
2599 2782 2683 2827 est
2712 2770 2994 2825 inelfabilis
3030 2770 3153 2836 lux,
3198 2769 3319 2824 fons
3360 2770 3499 2825 lucis
3540 2770 3647 2824 sine
3669 2784 3795 2824 com-

2232 2864 2580 2920 mutabilitate
2604 2904 2618 2930 ,
2656 2864 2853 2918 veritas
2883 2863 2997 2918 sine
3023 2862 3258 2929 defectu,
3281 2862 3545 2932 sapientia
3568 2863 3616 2916 in
3645 2862 3795 2932 seipse

2233 2972 2476 3021 manens,
2527 2957 2789 3011 innovans
2830 2957 3008 3011 omnia
3043 2974 3055 3009 :
3093 2955 3209 3011 haec
3245 2957 3543 3011 substantia
3587 2955 3674 3010 Dei
3706 2963 3792 3010 est.

2233 3051 2415 3121 Itaque
2444 3050 2659 3105 tolletur
2683 3051 2877 3120 impius
2900 3093 2914 3114 ,
2949 3059 3005 3105 ut
3044 3066 3149 3105 non
3186 3050 3365 3105 videat
3396 3050 3535 3105 hunc
3562 3050 3794 3105 honorem

2232 3142 2461 3197 Domini.
2494 3141 2637 3197 Beati
2659 3142 2801 3197 enim
2819 3142 3190 3207 mundicordes,
3223 3143 3341 3213 quia
3374 3143 3476 3213 ipsi
3497 3141 3654 3195 Deum
3678 3140 3794 3195 vide-

2231 3234 2351 3290 bunt
2381 3234 2590 3308 (Matth.
2627 3252 2679 3304 ν,
2708 3235 2784 3306 8).

2304 3330 2391 3385 15.
2435 3329 2655 3385 Videtur
2692 3344 2818 3399 ergo
2863 3328 3030 3394 mihi,
3067 3327 3258 3383 fratres
3282 3369 3297 3396 ,
3329 3337 3591 3399 quantum
3621 3336 3794 3383 nostra:

2230 3422 2511 3494 capacitati
2544 3422 2804 3477 Dominus
2835 3421 3092 3493 impertiri
3126 3421 3395 3491 dignatur,
3439 3420 3507 3476 de
3538 3422 3649 3491 ipso
3678 3429 3794 3476 tem-

2231 3531 2361 3585 pore
2391 3534 2403 3569 :
2435 3516 2477 3570 si
2508 3524 2684 3569 tamen
2731 3514 3015 3569 dicendum
3066 3522 3181 3581 est,
3227 3522 3474 3584 tempore
3496 3515 3548 3579 ’;
3590 3511 3793 3582 quodam

2232 3609 2373 3665 enim
2407 3618 2647 3678 tempore
2677 3608 2883 3663 venturi
2922 3623 3109 3663 sumus
3149 3607 3216 3662 ad
3252 3622 3360 3662 non
3415 3618 3662 3678 tempus:
3691 3603 3794 3661 inde

2231 3702 2363 3757 mihi
2389 3701 2598 3755 videtur
2626 3700 2858 3765 dictum;
2889 3698 3029 3769 quod
3061 3699 3180 3754 sine
3207 3698 3522 3769 prtejudicio
3550 3698 3731 3763 dicam,
3756 3695 3792 3751 si

2233 3793 2355 3863 quis
2382 3793 2680 3863 intelligere
2707 3791 2908 3860 aliquid
2948 3790 3160 3857 melius,
3201 3790 3530 3862 expeditius,
3565 3788 3793 3861 probabi-

2232 3886 2337 3940 lius
2364 3885 2527 3954 possit
2552 3903 2565 3938 :
2596 3883 2718 3938 inde
2746 3882 2874 3936 mihi
2904 3882 3111 3951 videtur
3133 3882 3332 3937 dictum
3352 3925 3367 3949 ,
3396 3882 3586 3939 Tecum
3623 3880 3792 3953 princi-

2232 3980 2373 4050 pium
2397 3980 2450 4032 in
2475 3979 2554 4032 die
2584 3978 2780 4031 virtutis
2809 3986 2927 4030 tute.
2960 3976 3198 4047 Denique
3224 3974 3326 4030 hoc
3347 4019 3359 4040 ,
3387 3988 3640 4047 quantum
3664 3982 3789 4045 puto,

2232 4088 2387 4127 versu
2432 4081 2787 4141 consequente
2828 4071 2955 4124 satis
2995 4069 3261 4138 explanat.
3294 4068 3431 4136 Quia
3462 4069 3601 4124 enim
3632 4075 3680 4121 et
3719 4065 3791 4119 hic

2232 4165 2371 4221 dicta
2401 4173 2483 4219 est
2510 4165 2677 4218 virtus
2717 4164 2860 4232 ejus,
2904 4177 3007 4231 qua
3036 4161 3258 4230 subjecit
3296 4171 3489 4231 gentes
3534 4162 3654 4231 jugo
3680 4172 3790 4221 suo,

2233 4272 2335 4327 qua
2379 4256 2565 4310 stravit
2595 4256 2819 4324 populos
2843 4295 2859 4320 ,
2910 4270 3016 4307 non
3046 4252 3190 4307 ferro
3215 4294 3229 4320 ,
3278 4252 3373 4308 sed
3409 4254 3550 4324 ligno
3573 4294 3587 4319 ,
3631 4250 3721 4306 etsi
3749 4250 3791 4302 in

2233 4363 2392 4403 carne
2417 4389 2430 4414 ,
2456 4348 2554 4402 etsi
2583 4348 2634 4401 in
2662 4340 2957 4400 humilitate
2983 4387 2998 4412 ,
3030 4346 3130 4401 etsi
3161 4344 3333 4399 adhuc
3359 4355 3616 4415 quantum
3645 4340 3791 4398 servi-

2234 4440 2299 4495 lis
2324 4439 2491 4494 forma
2523 4440 2715 4508 patitur
2739 4479 2753 4504 ,
2791 4436 2998 4507 capitur
3026 4447 3200 4491 tamen
3240 4451 3433 4505 magna
3466 4437 3629 4489 virtus
3658 4433 3789 4502 ejus;

2234 4534 2352 4605 quia
2382 4532 2522 4603 quod
2571 4532 2838 4586 inﬁrmum
2886 4538 2967 4583 est
3008 4530 3139 4595 Dei,
3184 4528 3373 4584 fortius
3406 4536 3489 4584 est
3517 4525 3792 4581 hominibus

2236 4628 2277 4698 (Ι
2309 4626 2424 4681 Cor.
2452 4642 2503 4691 ι,
2534 4624 2626 4697 25)
2662 4642 2674 4677 :
2708 4625 2827 4695 quia
2858 4638 2985 4693 ergo
3011 4622 3150 4677 dicta
3175 4630 3333 4677 estet
3363 4621 3449 4676 hic
3472 4622 3634 4675 virtus
3657 4617 3786 4688 ejus,

2235 4732 2392 4788 quam
2421 4715 2809 4771 commendavit
2828 4713 3073 4777 dicendo,
3108 4713 3308 4784 Virgam
3336 4714 3531 4768 virtuti:
3555 4720 3650 4766 tua:
3669 4708 3791 4764 emit-

2236 4820 2301 4866 tet
2327 4810 2575 4864 Dominus
2600 4826 2664 4864 επ
2692 4807 2840 4875 Sion,
2873 4817 2918 4861 et
2942 4807 3202 4860 dominare
3229 4807 3280 4859 in
3307 4807 3473 4860 medio
3501 4804 3790 4858 inimicorum

2237 4912 2437 4958 tuorum
2470 4919 2487 4957 :
2516 4914 2709 4973 quanta
2741 4903 2880 4955 enim
2911 4902 3079 4955 virtus
3106 4900 3220 4969 ejus
3249 4898 3529 4954 dominans
3557 4900 3607 4951 in
3635 4890 3791 4949 medio

2236 4995 2567 5049 inimicorum
2600 5009 2814 5048 suorum
2846 4992 3308 5062 perstrepentium,
3336 4989 3465 5044 nihil
3490 4998 3664 5043 contra
3683 4997 3787 5039 eum

2236 5090 2542 5155 valentium,
2572 5086 2807 5157 quotidie
2832 5086 2929 5140 sibi
2957 5084 3268 5148 dicentium,
3299 5083 3511 5149 Quando
3551 5078 3785 5138 morietur,

2238 5194 2284 5238 et
2320 5182 2494 5253 peribit
2528 5198 2708 5234 nomen
2734 5179 2843 5249 ejus
2871 5177 3039 5247 (Psal.
3068 5194 3135 5231 XL
3154 5220 3169 5243 ,
3199 5176 3297 5247 6)?
3326 5191 3443 5231 cum
3471 5180 3666 5229 crescat
3689 5167 3789 5237 glo-

2239 5274 2316 5328 ria
2345 5274 2459 5343 ejus
2504 5287 2597 5341 per
2624 5270 2848 5341 populos
2873 5312 2887 5336 ,
2919 5285 3037 5325 cum
3082 5270 3197 5339 ejus
3225 5267 3424 5323 nomini
3471 5262 3791 5334 subjiciuntur

2239 5376 2424 5438 gentes
2449 5407 2463 5432 ,
2512 5380 2630 5417 eum
2664 5371 2908 5432 peccator
2935 5362 3109 5417 videat
3150 5371 3205 5417 et
3246 5362 3501 5416 irascatur
3522 5399 3537 5425 ,
3568 5352 3791 5409 dentibus

2241 5459 2353 5515 suis
2396 5455 2603 5512 frendat
2629 5462 2681 5509 et
2712 5454 2946 5508 tabescat
2977 5452 3160 5525 (Psal.
3207 5469 3325 5518 (ιιι,
3358 5449 3462 5521 10)
3498 5468 3510 5504 :
3542 5447 3657 5517 quia
3681 5452 3791 5507 ergo

2243 5561 2324 5608 est
2352 5559 2403 5605 ει
2428 5549 2542 5603 hinc
2565 5548 2729 5601 virtus
2758 5546 2875 5615 ejus
2900 5587 2912 5609 ,
2943 5545 3127 5599 volens
3154 5544 3414 5613 Propheta
3442 5531 3790 5595 commendare

2243 5646 2398 5702 aliter
2423 5643 2667 5698 virtutem
2695 5640 2809 5709 ejus
2833 5678 2849 5705 ,
2879 5638 3031 5694 sicuti
3074 5648 3155 5694 est
3184 5638 3361 5693 Virtus
3389 5635 3480 5691 Dei
3508 5644 3559 5690 et
3588 5626 3788 5709 Sapien-

2310 5762 2327 5793 ³
2362 5768 2540 5809 Omnes
2564 5764 2688 5814 MSS.,
2713 5752 2972 5803 discamus.

2313 5826 2333 5857 ³
2365 5828 2438 5872 Er.
2464 5828 2580 5871 Ven.
2610 5826 2660 5871 et
2682 5824 2812 5882 Lov.,
2837 5822 3037 5868 tenentis.
3091 5822 3135 5870 Μ
