4188 6484
492 401 627 460 “51

487 517 560 573 tia
592 512 687 570 Dei
716 508 959 569 Christus
1001 508 1057 568 in
1098 506 1299 564 lumine
1326 510 1582 578 perpetuo
1628 502 2076 560 incommutabilis

488 608 730 667 veritatis
754 624 769 674 ;
797 605 864 661 ad
892 619 1052 677 quam
1081 603 1341 658 visionem
1372 615 1646 657 servamur
1669 641 1685 667 ,
1718 598 1785 654 ad
1813 614 1972 670 quam
2003 598 2080 654 vi-

485 705 697 759 sionem
713 699 1031 765 dill‘erimur,
1051 697 1119 753 ad
1147 711 1305 768 quam
1322 694 1579 750 visionem
1606 692 1709 749 [ide
1735 692 2075 760 mundamur,

483 811 514 851 a
545 810 651 867 qua
682 793 887 849 visione
914 790 1117 847 tollitur
1145 789 1359 860 impius,
1392 803 1459 843 ne
1487 786 1666 842 videat
1694 786 1949 842 honorem
1975 787 2080 842 Do-

484 886 617 942 mini
644 902 660 951 ;
712 885 815 940 hoc
844 898 973 954 ergo
1008 882 1192 937 volens
1220 880 1502 935 ostendere
1524 919 1541 946 ,
1592 877 1780 934 Tecum
1803 920 1818 945 ,
1870 878 2077 948 inquit,

480 979 796 1050 principium
813 976 869 1030 in
893 975 975 1029 die
994 973 1190 1029 virtutis
1217 983 1336 1027 tute.
1359 971 1496 1040 Quid
1527 979 1608 1026 est
1630 1013 1646 1037 ,
1682 970 1866 1025 Tecum
1893 969 2081 1041 princi~

477 1072 667 1142 pium?
682 1068 968 1138 Quodlibet
983 1081 1120 1137 pone
1150 1065 1486 1137 principium.
1505 1063 1560 1119 Si
1587 1063 1759 1133 ipsum
1776 1062 2077 1127 Christum;

476 1166 667 1238 potius
698 1165 983 1227 diceretur,
1001 1160 1081 1217 Tu
1108 1176 1165 1216 es
1197 1158 1534 1229 principium,
1554 1172 1709 1227 quam
1737 1156 1923 1211 Tecum
1942 1156 2082 1227 prin-

473 1261 696 1331 cipium.
730 1256 1027 1327 Respondit
1053 1254 1197 1311 enim
1226 1251 1679 1323 interrogantibus
1706 1293 1718 1316 ,
1754 1249 1831 1304 Tu
1855 1251 1966 1321 quis
1986 1266 2039 1305 es
2062 1290 2077 1318 ,

471 1363 533 1410 et
564 1354 685 1419 ait,
720 1350 1040 1422 Principium
1064 1392 1077 1415 ,
1109 1349 1227 1420 quia
1266 1356 1311 1403 et
1343 1348 1518 1417 loquor
1560 1344 1696 1399 vobis
1722 1346 1741 1415 (
1763 1344 1920 1399 Joan.
1948 1359 2038 1398 vm
2062 1385 2076 1410 ,

468 1446 576 1518 25)
616 1464 632 1501 :
665 1459 786 1500 cum
814 1444 883 1498 sit
908 1441 1224 1513 principium
1247 1449 1301 1494 et
1327 1439 1485 1493 Pater
1508 1478 1523 1505 ,
1555 1437 1620 1492 de
1646 1451 1751 1506 quo
1780 1435 2080 1504 unigenitns

468 1540 677 1604 Filius,
729 1537 783 1591 in
826 1551 933 1607 quo
964 1534 1223 1605 principio
1268 1539 1381 1586 erat
1409 1529 1665 1593 Verbum,
1696 1528 1817 1598 quia
1848 1526 2079 1582 Verbum

467 1638 607 1687 erat.
636 1627 779 1698 apud
807 1627 993 1680 Deum.
1022 1623 1158 1692 Quid
1184 1637 1312 1692 ergo
1336 1664 1351 1687 ,
1384 1621 1429 1674 si
1460 1628 1514 1675 et
1542 1619 1699 1673 Pater
1724 1618 2039 1688 principium
2062 1658 2076 1682 ,

466 1734 532 1781 et
565 1723 747 1779 Filius
774 1719 1110 1791 principium,
1130 1716 1236 1771 duo
1262 1712 1553 1785 principia?
1570 1712 1738 1767 Absit.
1763 1711 1909 1766 Sicut
1937 1709 2079 1765 enim

465 1816 651 1872 Pater
685 1815 822 1868 Deus
851 1820 904 1867 et
929 1809 1095 1865 Filius
1122 1809 1281 1875 Deus,
1315 1806 1472 1861 Pater
1498 1813 1675 1859 autem
1703 1813 1755 1858 et
1782 1801 1946 1858 Filius
1971 1817 2078 1857 non

463 1907 592 1962 duo
619 1905 697 1960 dii
721 1946 737 1971 ,
766 1902 858 1959 sed
889 1916 1023 1957 unus
1054 1901 1194 1955 Deus
1226 1914 1239 1950 :
1276 1898 1352 1953 sic
1382 1897 1539 1951 Pater
1567 1895 1883 1966 principium
1910 1903 1965 1949 et
1994 1894 2082 1948 Fi-

462 1998 588 2053 lius
619 1995 938 2067 principium
965 2034 978 2059 ,
1012 1993 1168 2047 Pater
1205 1999 1384 2047 autem
1409 1998 1461 2044 et
1489 1988 1652 2043 Filius
1682 2003 1787 2042 non
1813 1987 1917 2041 duo
1941 2028 1956 2053 ,
1986 1986 2080 2042 sed

465 2104 655 2144 unum
684 2086 1021 2157 principium.
1051 2082 1238 2138 Tecum
1268 2082 1593 2153 principium.
1626 2079 1776 2133 Tunc
1816 2077 2081 2133 videberis

464 2178 762 2252 quomodo
792 2186 966 2231 tecum
997 2176 1065 2230 sit
1094 2174 1433 2245 principium.
1460 2172 1576 2227 Non
1604 2172 1745 2226 enim
1778 2179 1832 2225 et
1863 2171 1949 2225 hic
1974 2186 2082 2225 non

466 2280 669 2328 tecum
702 2268 1040 2339 principium.
1072 2264 1261 2320 Nonne
1300 2265 1442 2320 cnim
1490 2272 1542 2317 tu
1571 2262 1750 2317 dixisti
1785 2280 1798 2315 :
1833 2261 1962 2316 Ecce
1999 2262 2082 2317 itis

466 2365 701 2433 quisque
738 2360 805 2413 ad
831 2376 925 2413 sua
948 2400 962 2424 ,
994 2367 1039 2411 et
1070 2374 1148 2412 me
1172 2356 1337 2411 solum
1374 2354 1659 2427 relinquetis
1682 2370 1701 2419 ;
1730 2355 1816 2408 sed
1844 2370 1943 2408 non
1972 2370 2083 2408 sum

467 2457 630 2514 solus
654 2497 668 2522 ,
700 2455 819 2524 quia
845 2451 1001 2506 Pater
1020 2466 1212 2505 mecum
1238 2458 1309 2503 est
1341 2447 1448 2519 (Id.
1477 2464 1599 2515 xv1,
1629 2446 1718 2517 52)
1741 2446 1765 2498 ?
1795 2447 1860 2501 Et
1883 2445 1972 2502 hic
1999 2462 2087 2502 er-

469 2564 550 2620 go
582 2559 752 2602 tecum
773 2544 1098 2615 principium.
1133 2540 1328 2596 Dixisti
1360 2540 1500 2595 enim
1531 2548 1582 2594 et
1613 2538 1776 2605 alibi,
1812 2536 1968 2591 Pater
1986 2554 2082 2591 au-

472 2652 589 2696 tem
617 2641 672 2694 in
701 2654 779 2693 mc
803 2652 1009 2690 manens
1034 2635 1158 2705 facit
1186 2650 1339 2703 opera
1359 2649 1453 2688 sua
1482 2630 1592 2703 (Id.
1622 2647 1730 2698 xtv,
1758 2631 1867 2701 lO).
1899 2629 2085 2684 Tecum

474 2729 835 2803 principium;
858 2743 957 2783 nec
983 2741 1211 2797 unquam
1235 2740 1265 2779 a
1287 2735 1340 2780 te
1364 2731 1642 2793 separatus
1670 2730 1750 2777 est
1773 2722 1951 2776 Pater.
1977 2721 2085 2778 Sed

475 2822 713 2896 quando
742 2820 1005 2875 videbitur
1036 2828 1207 2874 tecum
1238 2832 1357 2872 esse
1388 2815 1723 2886 principium,
1759 2823 1881 2868 tunc
1911 2813 2083 2868 mani-

476 2916 694 2971 festum
725 2912 827 2967 erit
853 2910 1099 2967 omnibus
1143 2908 1403 2964 similibus
1429 2907 1539 2977 jam
1587 2906 1677 2961 tibi
1723 2904 1915 2971 factis;
1950 2919 2084 2975 quo-

480 3008 641 3064 niam
687 3004 938 3060 videbunt
970 3013 1021 3058 te
1046 3001 1199 3059 sicuti
1230 3016 1289 3056 es
1333 3002 1349 3072 (
1376 3000 1394 3053 l
1423 2998 1577 3053 Joan.
1610 3014 1699 3063 ιιι,
1729 2998 1764 3051 2
1791 3000 1807 3068 )
1843 3015 1855 3051 :
1888 2999 2085 3053 ctenim

484 3099 586 3156 hic
612 3097 891 3167 Philippus
917 3104 967 3151 te
1000 3094 1251 3160 videbat,
1284 3101 1337 3149 et
1364 3092 1577 3148 Patrem
1606 3090 1895 3162 qumrebat.
1937 3090 2087 3146 Tunc

485 3208 629 3264 ergo
684 3190 949 3246 videbitur
1001 3187 1140 3259 quod
1195 3202 1335 3242 nunc
1387 3185 1623 3242 creditur
1679 3202 1693 3239 :
1751 3194 1874 3239 tunc
1926 3193 2087 3237 tecum

490 3284 811 3359 principium
864 3282 1168 3338 videntibus
1225 3280 1421 3337 sanctis
1454 3323 1467 3343 ,
1528 3278 1827 3334 videntibus
1878 3278 2084 3348 justis;

493 3379 725 3437 sublatis
754 3377 821 3434 de
862 3376 1039 3432 medio
1069 3375 1246 3446 impiis
1269 3416 1285 3442 ,
1334 3388 1402 3429 ne
1431 3372 1647 3429 videant
1690 3370 1945 3426 honorem
1978 3371 2085 3426 Do-

494 3471 654 3527 mini.

574 3566 664 3620 hi.
697 3562 852 3618 Modo
880 3578 1005 3632 ergo
1029 3560 1306 3617 credamus
1329 3602 1343 3625 ,
1394 3559 1582 3613 fratres
1608 3598 1622 3625 ,
1671 3554 1811 3627 quod
1857 3564 1981 3611 tunc
2007 3555 2088 3610 vi--

500 3661 749 3717 dcauzus.
779 3657 908 3711 Nam
942 3664 995 3709 et
1022 3653 1292 3724 Philippus
1330 3651 1635 3721 obiurgatus
1662 3658 1744 3704 est
1771 3647 1910 3719 quod
1939 3663 2087 3718 qua:-

503 3759 652 3808 reret
674 3749 857 3804 videre
878 3748 1090 3802 Patrem
1117 3788 1132 3812 ,
1163 3760 1281 3799 cum
1314 3743 1366 3798 in
1395 3743 1509 3813 ipso
1532 3741 1669 3796 Filio
1698 3755 1801 3795 non
1832 3753 2088 3811 agnosce-

502 3853 590 3900 ret
616 3844 825 3898 Patrem
861 3858 873 3893 :
908 3838 1071 3893 Tanto
1106 3848 1323 3907 tempore
1347 3835 1600 3888 vobiscum
1628 3848 1737 3887 sum
1760 3873 1777 3897 ,
1806 3841 1851 3885 et
1880 3847 1978 3884 non
2005 3846 2090 3885 co-

505 3935 746 4008 gnovistis
775 3933 894 3986 me?
926 3930 1164 4000 Philippe
1187 3971 1200 3993 ,
1232 3928 1315 3999 qui
1357 3943 1432 3980 me
1456 3926 1575 3979 vidit
1598 3967 1611 3989 ,
1642 3924 1763 3978 vidit
1789 3932 1834 3977 et
1862 3922 2087 3976 Patrem.

508 4030 615 4085 Sed
640 4028 729 4101 qui
753 4043 829 4080 me
856 4025 1016 4089 vidit,
1048 4038 1154 4079 non
1194 4023 1283 4092 qui
1316 4020 1536 4075 formam
1565 4019 1702 4072 servi
1733 4018 1783 4071 in
1827 4033 1911 4071 me
1939 4015 2088 4071 vidit.

512 4123 608 4188 Qui
630 4135 757 4191 ergo
776 4135 852 4172 me
877 4117 1019 4183 vidit,
1040 4115 1249 4185 qualem
1278 4128 1361 4167 me
1378 4110 1629 4165 abscondi
1660 4108 1965 4164 timentibus
1985 4123 2089 4174 me,

509 4214 721 4285 qualem
738 4226 826 4266 me
842 4208 1123 4265 videndum
1153 4206 1372 4278 perﬁcio
1388 4203 1723 4273 sperantibus
1748 4202 1801 4255 in
1821 4217 1904 4256 me
1922 4199 2089 4273 (Psal.

511 4322 635 4367 xxx,
658 4303 774 4374 20),
799 4302 919 4356 vidit
940 4309 986 4353 et
1015 4299 1239 4352 Patrem.
1263 4296 1367 4351 Sed
1394 4296 1515 4365 quia
1539 4295 1638 4348 ista
1663 4293 1797 4347 visio
1824 4301 1945 4364 post
1970 4292 2091 4358 erit,

514 4410 657 4451 nunc
701 4409 797 4464 pro
822 4392 907 4446 illa
941 4390 1064 4461 quid
1096 4386 1450 4444 habebimus?
1479 4385 1766 4441 Videamus
1793 4384 1918 4454 quid
1956 4383 2097 4439 dicat

512 4489 758 4557 Philippo
782 4528 796 4549 ,
827 4485 910 4539 cui
938 4484 1182 4547 dixerat,
1219 4480 1316 4546 Qui
1346 4498 1424 4535 me
1449 4481 1569 4533 vidit
1594 4522 1606 4543 ,
1640 4479 1762 4533 vidit
1790 4487 1836 4534 et
1867 4477 2092 4533 Putrem.

513 4579 675 4647 Quasi
719 4576 767 4631 ei
797 4574 1070 4644 Philippus
1103 4573 1291 4626 tacitus
1320 4570 1708 4641 responderet,
1739 4570 1802 4623 Et
1830 4569 2097 4641 quomodo

514 4679 564 4726 te
590 4668 787 4723 videbo
811 4710 825 4733 ,
857 4666 900 4721 si
932 4666 1083 4719 aliter
1110 4663 1305 4718 videris
1330 4678 1486 4733 quam
1517 4663 1566 4716 in
1597 4661 1763 4715 forma
1798 4662 1979 4715 servi?
2009 4670 2099 4717 aut

513 4759 781 4833 quomodo
810 4757 1000 4813 videbo
1031 4756 1239 4810 Patrem
1265 4795 1280 4820 ,
1314 4753 1576 4807 invalidus
1626 4753 1785 4808 homo
1817 4753 2055 4808 mortalis
2080 4796 2093 4820 ,

513 4852 687 4924 pulvis
713 4859 767 4904 et
782 4849 949 4903 cinis?
966 4859 1257 4902 conversus
1284 4844 1350 4899 ad
1376 4860 1519 4910 cum,
1540 4842 1792 4897 diﬂ‘ereus
1816 4843 2094 4910 visionem,

515 4947 786 5017 imperans
816 4942 972 4997 ﬁdem
998 4982 1010 5006 ,
1057 4940 1147 5010 qui
1176 4938 1419 5003 dixerat,
1457 4936 1555 5001 Qui
1598 4952 1676 4989 me
1717 4936 1838 4989 vidit
1860 4978 1872 5001 ,
1908 4935 2028 4988 vidit
2055 4945 2100 4989 et

516 5040 724 5096 Patrem
749 5057 767 5104 ;
794 5036 914 5107 quia
946 5035 1173 5090 multum
1200 5041 1316 5087 erat
1341 5030 1405 5084 ad
1432 5030 1755 5100 Philippum,
1779 5038 1831 5084 et
1860 5029 2015 5099 longe
2035 5027 2101 5083 ab

515 5149 580 5189 eo
610 5140 727 5187 erat
756 5128 936 5183 videre
968 5145 981 5180 :
1016 5124 1137 5180 Non
1182 5124 1343 5179 credis
1367 5165 1381 5190 ,
1415 5123 1620 5192 inquit,
1651 5122 1769 5190 quia
1796 5136 1885 5191 ego
1914 5120 1965 5173 in
1996 5118 2105 5172 Pa-

519 5236 608 5291 tre,
643 5234 689 5279 et
716 5223 875 5281 Pater
899 5222 953 5276 in
981 5237 1061 5275 me
1079 5229 1151 5275 cst
1178 5219 1353 5289 (Joan.
1386 5233 1499 5283 xxv,
1529 5214 1718 5287 8-H)?
1747 5214 1898 5283 Quod
1923 5213 2104 5269 videre

518 5317 752 5373 nondum
780 5322 935 5385 potes
959 5353 976 5379 ,
1006 5311 1164 5367 crede
1186 5352 1200 5377 ,
1230 5318 1290 5364 ut
1313 5307 1494 5363 videre
1518 5306 1791 5361 merearis.
1818 5304 1950 5360 Cum
1977 5319 2105 5375 ergo

519 5419 738 5466 ventum
782 5405 943 5461 fuerit
971 5412 1027 5458 ut
1051 5402 1324 5457 videamus
1348 5442 1363 5468 ,
1410 5407 1536 5453 tunc
1576 5397 1885 5468 apparebit,
1917 5395 2105 5449 Tecum

522 5502 828 5574 principium
854 5500 906 5552 in
932 5498 1011 5551 die
1029 5496 1226 5550 virtutis
1247 5505 1364 5548 tua.
1406 5491 1613 5546 Virtutis
1634 5500 1733 5543 tua:
1764 5504 1782 5543 :
1810 5504 1916 5544 non
1940 5488 2108 5542 virtu-

522 5600 591 5654 tis
617 5594 942 5653 infirmitatis
968 5602 1072 5647 tua:
1094 5591 1134 5659 ¹,
1157 5590 1277 5660 quia
1298 5588 1368 5643 ibi
1393 5587 1578 5641 virtus.
1611 5583 1821 5638 Virtutis
1852 5592 1950 5636 tum
1972 5600 1989 5636 :
2014 5580 2109 5636 ha-

520 5690 653 5746 bent
691 5701 834 5743 nunc
862 5684 1106 5740 homines
1135 5684 1187 5738 in
1216 5679 1319 5737 fide
1340 5720 1356 5747 ,
1386 5680 1440 5735 in
1467 5694 1561 5750 spe
1584 5720 1599 5745 ,
1645 5677 1698 5732 in
1724 5676 1983 5732 charitate
2007 5716 2021 5739 ,
2052 5675 2104 5730 in

520 5828 610 5942 “ut.
638 5826 843 5940 sagas.
871 5829 925 5874 Αι
944 5821 1077 5883 Edd.,
1102 5821 1261 5874 Virtus
1281 5819 1465 5873 virtutis
1489 5823 1601 5881 tute,
1627 5830 1719 5870 non
1740 5818 1889 5873 virtus
1908 5815 2110 5881 inﬁrmi-

592 5901 634 5942 ιδ
757 5924 769 5937 .

592 5901 769 5942 ιδιιιιε.

1659 385 2055 446 ENARRATIO
2093 387 2160 447 IN
2197 386 2518 447 PSALMUM
2556 386 2688 445 CIX.

3631 397 3773 458 1458

2186 503 2340 559 bonis
2369 503 2619 573 operibus
2647 503 2868 560 virtutes
2908 517 3073 572 suas;
3110 492 3212 562 “sed
3254 489 3401 564 ibunt
3420 490 3777 570 ‘a‘virtutibus

2186 595 2240 650 in
2258 592 2508 650 virtutem
2536 594 2706 666 (Psal.
2728 612 2951 663 Lxxxnt,
2975 595 3052 667 8).
3075 596 3258 652 Tecum
3286 614 3413 670 ergo
3432 601 3737 673 principium
3752 619 3776 661 ε

2186 690 2453 745 videberis
2482 704 2601 743 cum
2632 689 2788 743 Patre
2811 731 2826 757 ,
2859 690 2912 743 in
2941 689 3096 744 Patre
3120 732 3134 757 ,
3170 701 3221 745 ut
3253 692 3407 749 Pater
3436 706 3596 749 tecum
3625 698 3773 768 prin-

2187 783 2372 853 cipium
2392 783 2443 835 in
2474 782 2555 835 die
2581 782 2771 835 virtutis
2794 791 2913 849 tute,
2947 783 3087 838 illius
3119 784 3325 840 virtutis
3353 794 3456 842 tuae
3483 804 3642 859 quam
3671 790 3775 846 im-

2187 876 2305 947 pius
2334 890 2440 931 non
2470 875 2686 930 videbit.
2716 874 2848 929 Nam
2873 885 2927 930 et
2953 876 3056 931 hoc
3084 877 3354 934 inﬁrmum
3382 889 3551 948 tuum,
3585 882 3776 941 fortius

2186 978 2267 1025 est
2296 968 2603 1025 hominibus
2637 988 2650 1024 :
2682 970 2881 1025 etenim
2907 970 2960 1024 in
2986 970 3065 1025 die
3090 973 3283 1027 virtutis
3310 981 3410 1028 tua:
3438 983 3601 1031 tecum
3630 979 3774 1049 prin~

2186 1063 2392 1133 cipiunt.

2261 1158 2345 1212 15.
2381 1156 2457 1211 De
2486 1170 2589 1227 qua
2620 1156 2818 1211 virtute
2846 1155 2978 1211 dicis
3002 1198 3015 1224 ,
3059 1171 3285 1226 expone.
3319 1158 3451 1227 Quia
3480 1172 3535 1216 et
3561 1161 3646 1217 hic
3670 1205 3685 1229 ,
3717 1173 3779 1222 ut

2185 1249 2384 1305 dictum
2415 1257 2495 1305 est
2520 1291 2534 1316 ,
2567 1250 2838 1304 nominata
2876 1258 2960 1305 est
2988 1250 3155 1304 virtus
3182 1251 3296 1320 ejus
3320 1293 3335 1319 ,
3368 1268 3489 1308 cum
3518 1256 3779 1315 emittitur

2185 1342 2330 1411 virga
2359 1342 2564 1395 virtutis
2586 1342 2703 1410 ejus
2729 1357 2792 1395 ex
2815 1340 2964 1407 Sion,
2987 1350 3043 1396 ut
3070 1341 3371 1397 dominetur
3399 1345 3449 1399 in
3478 1347 3654 1402 medio
3675 1349 3778 1404 ini-

2187 1433 2442 1489 micorum
2474 1448 2713 1489 suorum.
2747 1433 2823 1487 De
2853 1449 2957 1504 qua
2988 1434 3181 1489 virtute
3210 1434 3386 1489 dicis?
3414 1433 3483 1489 In
3511 1440 3779 1507 splendore

2183 1532 2490 1579 sanctorum.
2523 1523 2591 1578 In
2631 1524 2896 1596 splendore
2918 1568 2931 1589 ,
2968 1525 3137 1596 inquit
3160 1568 3175 1592 ,
3207 1536 3517 1581 sanctorum.
3549 1530 3623 1585 De
3665 1534 3781 1604 ipsa

2184 1616 2379 1671 virtute
2407 1616 2571 1681 dicit,
2607 1616 2817 1686 quando
2844 1624 2998 1671 erunt
3027 1617 3077 1671 in
3108 1617 3392 1687 splendore
3419 1621 3589 1675 sancti
3622 1640 3635 1673 :
3670 1638 3778 1680 non

2185 1708 2395 1777 quando
2421 1707 2595 1762 adhuc
2638 1715 2904 1764 terrenam
2932 1724 3147 1763 carnem
3192 1719 3460 1781 gestantes
3487 1722 3541 1767 et
3567 1714 3620 1767 in
3654 1729 3780 1771 cor-

2185 1813 2315 1868 pore
2341 1800 2551 1854 mortali
2596 1807 2754 1870 atque
2781 1801 3108 1871 corruptibili
3153 1810 3427 1871 gementes
3452 1844 3465 1868 ,
3497 1806 3639 1874 quod
3681 1823 3779 1880 ag-

2184 1900 2369 1962 gravat
2399 1892 2630 1947 animam
2656 1936 2669 1961 ,
2703 1904 2754 1949 et
2786 1893 3033 1964 deprimit
3058 1903 3269 1950 terrena
3318 1896 3629 1955 inhabitatio
3656 1917 3780 1957 sen-

2187 2001 2304 2040 sum
2336 1986 2499 2040 multa
2544 1987 2862 2057 cogitantem
2891 1988 3047 2059 (Sap.
3082 2005 3135 2043 1x
3155 2032 3168 2055 ,
3202 1990 3329 2059 15);
3361 2006 3482 2046 cum
3526 1992 3657 2063 ipsa:
3684 2009 3779 2051 co-

2187 2077 2471 2149 gilaliones
2487 2079 2711 2134 invicem
2736 2095 2840 2134 non
2859 2080 3126 2146 videntur,
3146 2096 3253 2135 non
3276 2082 3377 2137 hoc
3401 2092 3502 2150 est,
3522 2082 3589 2137 In
3609 2086 3783 2154 splen—

2188 2172 2309 2225 dore
2332 2182 2641 2228 sanctorum.
2669 2173 2772 2229 Sed
2800 2174 2923 2244 quid
2948 2183 3049 2242 est,
3068 2173 3135 2229 In
3159 2175 3426 2245 splendore
3449 2187 3738 2234 sanctorum
3754 2181 3782 2236 1’

2187 2262 2361 2319 Donec
2388 2266 2550 2318 veniat
2578 2264 2846 2333 Dominus,
2880 2276 2926 2320 et
2956 2267 3201 2321 illuminet
3231 2267 3523 2323 abscondita
3552 2272 3780 2326 tenebra-

2188 2372 2301 2409 rum
2327 2396 2340 2420 ,
2375 2365 2421 2411 et
2451 2358 2789 2428 manifestabit
2837 2360 3161 2429 cogitationes
3193 2361 3399 2425 cordis;
3428 2369 3474 2415 et
3521 2371 3638 2417 tunc
3666 2363 3780 2420 laus

2188 2447 2282 2501 erit
2307 2448 2571 2520 unicuique
2599 2466 2631 2502 a
2658 2448 2766 2503 Deo
2798 2450 2841 2520 (l
2867 2450 2984 2506 Cor.
3016 2468 3088 2515 1v,
3120 2450 3197 2522 5).
3232 2452 3344 2507 Hoc
3370 2453 3491 2519 erit,
3524 2452 3588 2507 In
3614 2456 3782 2527 splen-

2190 2540 2310 2594 dore
2335 2551 2656 2607 sanctorum;
2676 2542 2797 2612 quia
2828 2553 2943 2597 tunc
2962 2545 3092 2614 justi
3119 2544 3379 2616 fulgebunt
3408 2545 3459 2598 in
3488 2562 3640 2617 regno
3668 2546 3780 2602 Pa-

2190 2633 2280 2687 tris
2309 2634 2407 2697 sui,
2440 2635 2569 2687 sicut
2598 2635 2693 2688 sol.
2725 2634 2918 2690 Audite
2942 2636 3085 2690 enim
3114 2636 3239 2706 quid
3266 2637 3335 2691 sit
3363 2636 3486 2703 hoc,
3514 2636 3581 2691 In
3608 2638 3781 2710 splen-

2189 2724 2310 2780 dore
2334 2735 2639 2780 sanclorum.
2681 2726 2873 2795 Veniet,
2906 2728 3095 2797 inquit,
3126 2730 3319 2796 messis,
3351 2731 3510 2784 veniet
3542 2732 3658 2797 ﬁnis
3686 2749 3782 2788 sce-

2190 2818 2291 2872 culi
2322 2835 2339 2871 :
2371 2819 2529 2872 mittet
2556 2821 2921 2891 paterfamilias
2949 2820 3168 2891 Angelos
3199 2838 3314 2876 suos
3339 2862 3352 2888 ,
3385 2831 3429 2875 et
3456 2822 3691 2894 colligent
3717 2824 3782 2881 de

2189 2927 2343 2981 regno
2372 2912 2479 2982 ejus
2507 2911 2676 2964 omnia
2703 2912 2969 2978 scandala,
2993 2922 3038 2965 et
3067 2913 3257 2967 mittent
3285 2913 3339 2966 in
3369 2914 3619 2968 caminum
3649 2916 3783 2987 ignis

2191 3003 2429 3058 ardentis.
2471 3002 2616 3058 Tunc
2634 3006 2762 3076 justi
2788 3004 3046 3076 fulgebunt
3074 3006 3199 3059 sicut
3228 3006 3305 3060 sol
3331 3006 3382 3061 in
3428 3023 3579 3077 regno
3604 3007 3781 3066 Patris

2191 3098 2269 3151 sui
2296 3096 2509 3169 (Matth.
2559 3114 2649 3153 χιιι
2670 3141 2683 3167 ,
2715 3098 2926 3170 59-45).
2959 3090 3013 3154 lu
3045 3114 3149 3170 quo
3176 3099 3384 3169 regno?
3410 3100 3599 3156 Videte
3625 3102 3670 3156 si
3696 3102 3782 3157 vi-

2191 3192 2271 3247 sio
2297 3191 2538 3263 quaedam
2569 3200 2809 3247 servatur
2830 3233 2847 3257 ,
2881 3191 2948 3247 de
2991 3206 3094 3263 qua
3118 3192 3272 3246 nobis
3296 3192 3494 3247 dictum
3522 3202 3642 3259 est,
3674 3192 3779 3249 Te-

2191 3301 2305 3337 cum
2334 3283 2659 3355 principium.
2689 3283 2745 3337 ln
2773 3298 2879 3353 quo
2908 3284 3107 3354 regno?
3130 3282 3322 3353 Utique
3348 3284 3403 3338 in
3422 3284 3526 3339 vita
3555 3293 3778 3343 mterna.

2190 3374 2321 3430 Nam
2349 3375 2416 3430 ad
2454 3376 2728 3431 dexteram
2758 3376 2943 3446 positis
2983 3376 3086 3431 hoc
3113 3376 3352 3431 dicturus
3396 3386 3477 3432 est
3510 3395 3523 3431 :
3564 3376 3741 3434 Venite
3762 3420 3781 3447 ,

2192 3468 2433 3522 benedicti
2462 3467 2638 3522 Patris
2668 3468 2765 3521 mei
2790 3509 2804 3533 ,
2833 3468 3071 3538 percipite
3111 3484 3321 3539 regnum
3348 3468 3482 3539 quod
3522 3470 3659 3524 vobis
3686 3487 3785 3540 pa-

2191 3566 2357 3612 ratum
2386 3568 2456 3614 est
2477 3560 2538 3613 ab
2566 3560 2708 3614 initio
2739 3560 2933 3614 mundi.
2959 3559 3159 3616 Deinde
3183 3558 3448 3615 damnatis
3479 3561 3674 3629 impiis,
3698 3576 3785 3619 se-

2191 3650 2421 3722 gregatis
2442 3650 2601 3721 justis
2631 3659 2789 3721 atque
2814 3651 3037 3707 laudatis
3061 3693 3075 3719 ,
3105 3652 3232 3722 quid
3262 3654 3499 3723 sequitur
3527 3653 3668 3723 quod
3693 3653 3780 3711 di-

2194 3752 2360 3807 xerat,
2388 3741 2641 3814 Percipite
2666 3746 2911 3814 regnum?
2929 3742 3073 3798 Tunc
3102 3744 3240 3798 ibunt
3266 3745 3408 3815 impii
3435 3745 3488 3798 in
3512 3745 3786 3801 ambustio-

2195 3851 2308 3888 nem
2338 3843 2576 3888 (sternant
2600 3877 2614 3901 ,
2633 3837 2762 3906 justi
2787 3845 2952 3890 autem
2979 3837 3031 3890 in
3057 3837 3207 3889 vitam
3234 3845 3473 3890 veternum
3496 3835 3607 3906 (Id.
3633 3853 3741 3892 xxv
3763 3880 3780 3907 ,

2196 3931 2264 3985 5-1
2284 3972 2298 3995 ,
2328 3926 2440 3998 46).
2471 3928 2621 3995 Quod
2663 3929 2867 3983 dixerat
2892 3946 3140 4000 regnum,
3177 3929 3277 3984 hoc
3300 3930 3433 3984 dixit
3458 3930 3610 3984 vitam
3633 3941 3786 3985 ceter-

2197 4038 2333 4087 nam,
2354 4036 2459 4091 quo
2488 4036 2591 4074 non
2626 4021 2773 4075 ibunt
2803 4021 2967 4090 impii.
2990 4021 3177 4075 Videte
3206 4022 3249 4075 si
3278 4022 3518 4092 quaedam
3543 4022 3679 4077 visio
3701 4032 3787 4079 est

2197 4112 2302 4165 vita
2330 4120 2526 4166 aeterna
2548 4130 2561 4164 :
2582 4110 2707 4165 Hcec
2728 4120 2797 4165 est
2825 4121 2990 4165 autem
3006 4112 3106 4164 vita
3122 4120 3330 4180 aeterna,
3351 4122 3406 4166 ut
3421 4122 3722 4184 cognoscant
3739 4123 3787 4169 te

2197 4204 2361 4258 solum
2398 4219 2566 4256 verum
2605 4201 2767 4257 Deum
2793 4243 2808 4267 ,
2843 4211 2887 4256 et
2925 4219 3069 4270 quem
3108 4204 3287 4257 misisti
3323 4204 3500 4258 Iesum
3533 4204 3789 4261 Christum

2199 4293 2376 4364 (Joan.
2396 4311 2523 4362 xvn,
2543 4295 2597 4366 5)
2614 4311 2626 4359 ;
2646 4294 2767 4364 quia
2788 4303 2947 4349 tecum
2965 4296 3268 4365 principium
3283 4298 3334 4351 in
3362 4298 3443 4351 die
3457 4298 3648 4353 virtutis
3664 4309 3785 4355 tuac.

2200 4386 2357 4456 Ergo,
2378 4384 2565 4440 Tecum
2592 4386 2898 4458 principium
2919 4388 2970 4441 in
2992 4387 3071 4442 die
3091 4388 3285 4443 virtutis
3303 4396 3422 4455 tute,
3441 4391 3495 4445 in
3520 4390 3789 4461 splendore

2198 4488 2503 4533 sanctorum.

2273 4572 2357 4626 16.
2390 4570 2494 4627 Sed
2541 4571 2641 4625 hoc
2670 4570 2912 4626 dill‘crlur
2934 4615 2948 4637 ,
2996 4572 3097 4627 hoc
3142 4583 3325 4643 postea
3372 4574 3583 4629 dabitur
3616 4594 3629 4630 :
3662 4578 3790 4647 quid

2202 4666 2383 4720 nunc?
2415 4664 2499 4718 Ea;
2523 4675 2665 4719 utero
2705 4674 2819 4720 ante
2847 4664 3109 4735 luciferum
3128 4668 3277 4737 genui
3304 4677 3368 4721 te.
3409 4658 3544 4733 Quid
3574 4669 3658 4723 hic
3682 4710 3697 4734 ,
3730 4669 3789 4725 Si

2204 4756 2345 4811 Dens
2372 4755 2562 4809 Filium
2588 4754 2747 4809 habet
2771 4798 2785 4821 ,
2819 4756 3074 4825 numquid
3098 4764 3152 4810 ct
3196 4757 3447 4810 uterum?
3475 4756 3623 4811 Sicut
3665 4772 3790 4812 car-

2202 4848 2285 4902 nis
2312 4862 2533 4917 corpora
2560 4890 2574 4913 ,
2605 4862 2711 4902 non
2738 4847 2896 4903 habet
2931 4866 2942 4900 :
2977 4848 3097 4917 quia
3124 4863 3220 4902 nec
3243 4848 3416 4902 sinum
3440 4864 3454 4912 ;
3483 4846 3680 4902 dictum
3706 4858 3793 4905 est

2206 4948 2377 4994 tamen
2404 4981 2418 5006 ,
2456 4939 2554 5005 Qui
2583 4949 2653 4994 est
2680 4940 2733 4993 in
2761 4941 2874 4993 sinu
2918 4938 3088 4993 Patris
3112 4981 3127 5006 ,
3159 4940 3267 5007 ipse
3294 4940 3542 4993 enarravit
3572 4938 3591 5011 (
3614 4939 3698 4996 Id.
3730 4959 3745 4996 ι
3772 4983 3789 5007 ,

2206 5032 2317 5103 18).
2347 5032 2446 5099 Qui
2468 5040 2549 5088 est
2571 5042 2747 5088 autem
2774 5034 2920 5088 sinus
2944 5075 2959 5099 ,
2988 5034 3101 5102 ipse
3127 5041 3208 5087 est
3231 5041 3413 5088 uterus
3439 5051 3453 5100 ;
3482 5042 3537 5090 et
3561 5035 3710 5091 sinus
3736 5046 3793 5093 ει

2205 5133 2386 5179 uterus
2407 5140 2503 5195 pro
2529 5133 2738 5180 secreto
2766 5126 2967 5194 positus
2983 5134 3083 5178 est.
3110 5124 3245 5191 Quid
3266 5132 3366 5191 est,
3397 5125 3480 5180 Ea:
3500 5134 3640 5181 utero
3662 5128 3687 5183 ?
3712 5129 3795 5186 Ex

2207 5224 2413 5273 secreto
2438 5258 2452 5283 ,
2480 5232 2546 5271 ex
2575 5216 2820 5281 occulto;
2854 5215 2918 5270 de
2944 5215 3147 5284 mcipso
3172 5258 3185 5279 ,
3215 5216 3282 5271 de
3312 5218 3604 5273 substantia
3632 5235 3792 5288 mea;

2208 5312 2309 5367 hoc
2329 5319 2431 5377 est,
2460 5310 2543 5365 Ea:
2565 5320 2706 5364 utero
2738 5326 2755 5364 :
2785 5308 2926 5379 quia,
2960 5308 3343 5365 Generationem
3373 5313 3482 5384 ejus
3507 5313 3619 5384 quis
3637 5330 3794 5368 enar-

2208 5406 2339 5460 rabit
2381 5402 2530 5474 (Isai.
2565 5420 2685 5469 Llll,
2716 5404 2811 5473 8)?
2843 5404 3177 5474 Accipiamus
3205 5419 3334 5475 ergo
3372 5405 3583 5462 Patrem
3610 5406 3795 5461 dicen-

2209 5508 2321 5555 tem
2344 5498 2410 5552 ad
2435 5496 2665 5562 Filium,
2694 5496 2778 5551 Ea:
2796 5505 2934 5552 utero
2961 5506 3077 5551 ante
3111 5499 3376 5569 luciferum
3394 5499 3541 5571 genui
3563 5508 3625 5553 te.
3653 5498 3795 5567 Quid

2212 5600 2293 5647 est
2318 5604 2444 5661 ergo
2465 5596 2578 5642 ante
2601 5587 2909 5661 luciferum?
2936 5588 3147 5647 Lucifer
3174 5606 3274 5660 pro
3299 5590 3562 5647 sideribus
3590 5590 3796 5660 positus

2212 5691 2313 5749 est,
2346 5690 2595 5751 tanquam
2624 5697 2655 5736 a
2686 5689 2835 5752 parte
2865 5692 3030 5737 totum
3061 5683 3390 5752 signiﬁcante
3418 5682 3711 5750 Scriptura,
3743 5692 3801 5739 et

2213 5790 2278 5830 ex
2305 5773 2562 5829 eminenti
2590 5774 2739 5830 stella
2770 5776 2945 5830 omnia
2977 5774 3169 5830 sidera.
3201 5772 3306 5829 Sed
3348 5773 3435 5828 illa
3464 5773 3641 5831 sidera
3664 5790 3799 5845 quo-

2218 5866 2376 5924 modo
2418 5865 2555 5925 facta
2583 5866 2749 5924 sunt?
2778 5865 2846 5923 Ut
2873 5868 2971 5923 sint
3005 5866 3058 5921 in
3086 5866 3241 5938 signis
3266 5907 3280 5936 ,
3311 5866 3428 5923 etin
3455 5867 3761 5943 temporibus
3781 5906 3802 5937 ,
