4188 6450
536 382 673 440 “59

525 510 572 555 et
599 499 650 554 in
672 498 845 554 diebus
869 538 882 563 ,
916 505 963 552 et
988 496 1042 551 in
1068 494 1214 549 annis
1242 490 1395 564 (Gen.
1421 490 1438 546 ἰ
1460 532 1473 556 ,
1504 488 1616 561 ηδ.
1646 487 1701 545 Si
1726 503 1856 561 ergo
1880 490 2009 545 etin
2042 490 2116 545 si-

525 608 643 665 gnis
668 602 719 647 et
748 594 799 646 in
829 588 1152 659 temporibus
1178 585 1344 655 posits
1370 591 1494 639 sunt
1520 580 1716 649 sidera,
1735 589 1789 637 et
1808 582 1997 637 lucifer
2022 595 2118 637 no-

526 688 757 743 minatus
786 692 868 740 est
902 698 999 753 pro
1036 679 1336 744 sideribus;
1369 676 1509 748 quod
1536 686 1618 732 est
1643 688 1766 732 ante
1794 676 2070 733 luciferum
2096 718 2113 745 ,

524 781 625 835 hoc
656 788 736 834 est
760 786 884 832 ante
903 775 1075 831 sidera
1104 790 1117 839 ;
1152 780 1205 828 et
1233 771 1375 843 quod
1402 779 1484 826 est
1514 778 1635 825 ante
1662 770 1837 825 sidera
1862 813 1876 837 ,
1907 770 2009 825 hoc
2033 778 2116 826 est

522 882 645 926 ante
675 879 913 938 tempora
939 883 953 933 ;
982 866 1026 920 si
1054 878 1181 938 ergo
1208 873 1331 918 ante
1370 872 1607 933 tempora
1632 904 1647 927 ,
1676 862 1743 916 ab
1773 862 2107 917 :eternitate:

523 964 627 1016 noli
674 974 913 1030 qurerere
952 958 1203 1029 quando;
1234 955 1507 1011 aeternitas
1536 968 1640 1008 non
1687 954 1847 1009 habet
1875 954 2107 1025 quando.

522 1054 743 1123 Quando
773 1062 825 1107 et
850 1051 1136 1122 aliquando
1166 1050 1326 1105 verba
1351 1050 1367 1080 ¹
1399 1056 1523 1104 sunt
1551 1056 1869 1117 temporum.
1903 1047 1977 1103 De
2007 1047 2109 1102 Pa-

428 1124 439 1133 .
522 1158 601 1203 tre
628 1162 731 1201 non
777 1154 861 1201 est
887 1154 1043 1199 natus
1073 1144 1125 1198 in
1170 1151 1412 1211 tempore
1438 1182 1452 1207 ,
1486 1156 1579 1210 per
1609 1156 1767 1211 quem
1814 1139 1948 1195 facta
1989 1148 2112 1194 sunt

520 1247 781 1308 tempora.
807 1238 1016 1292 Dictum
1038 1244 1120 1291 est
1142 1249 1267 1304 ergo
1292 1276 1305 1301 ,
1336 1243 1393 1288 ut
1413 1233 1515 1289 dici
1543 1235 1815 1305 oportuit,
1845 1234 2066 1303 ﬁgurate
2089 1274 2105 1300 ,

520 1333 850 1405 prophetice,
883 1340 939 1385 ut
964 1340 1018 1385 et
1039 1337 1219 1384 uterus
1246 1342 1343 1398 pro
1368 1335 1574 1382 secreta
1602 1326 1917 1393 substantia,
1946 1334 1999 1380 et
2026 1325 2107 1379 lu-

518 1426 650 1482 cifer
670 1442 764 1493 pro
783 1421 1111 1491 temporibus
1134 1427 1439 1489 poneretur.
1460 1420 1538 1473 An
1559 1419 1717 1474 vultis
1742 1428 1795 1473 et
1813 1419 1984 1488 ipsum
2005 1418 2107 1472 Da-

516 1519 602 1573 vid
623 1516 988 1586 reSpiciamns,
1009 1514 1094 1583 qui
1116 1512 1397 1566 Dominum
1420 1527 1573 1567 suum
1591 1510 1725 1566 dixit
1743 1510 1905 1565 ﬁlium
1924 1510 2105 1564 suum?

517 1610 587 1666 Ut
622 1609 763 1664 enim
796 1608 895 1663 hoc
924 1606 1166 1671 diceret,
1198 1604 1399 1659 audivit
1426 1620 1455 1657 a
1486 1604 1713 1659 Domino
1753 1618 1891 1669 suo;
1923 1602 1990 1657 ab
2018 1602 2105 1657 illo

514 1700 714 1756 audivit
742 1715 770 1753 a
801 1713 906 1769 quo
937 1697 1047 1752 falli
1077 1712 1182 1752 non
1212 1696 1418 1765 potuit:
1442 1703 1495 1750 et
1523 1682 1656 1749 dixit
1681 1694 1789 1765 jam
1823 1694 2103 1749 Dominum

513 1808 668 1850 suum
693 1832 707 1858 ,
738 1791 861 1861 quia
885 1830 902 1857 ,
950 1788 1095 1843 Dixit
1118 1828 1133 1854 ,
1176 1789 1385 1858 inquit,
1415 1786 1663 1841 Dominus
1704 1786 1923 1840 Domino
1953 1803 2061 1840 meo
2084 1829 2099 1854 ,

516 1887 649 1942 Sede
676 1903 706 1939 a
736 1884 923 1939 dextris
949 1884 1089 1937 meis.
1115 1883 1181 1938 Et
1208 1882 1321 1952 ipse
1347 1882 1601 1953 loquitur,
1621 1882 1787 1951 ipsius
1812 1882 1962 1952 quasi
1990 1896 2105 1937 ser-

513 1990 603 2032 mo
632 1983 911 2031 contextus
939 1983 1038 2029 est.
1062 1971 1119 2029 Si
1144 1988 1272 2043 ergo
1297 1973 1411 2042 ipse
1435 1973 1690 2042 loquitur,
1714 1971 1847 2027 forte
1878 1976 1990 2043 ipse
2007 1987 2102 2043 po-

514 2072 614 2126 tuit
637 2070 834 2136 dicere,
856 2067 938 2123 Ea:
962 2076 1104 2121 utero
1133 2072 1249 2120 ante
1279 2064 1544 2135 luciferum
1569 2065 1717 2137 genui
1746 2073 1829 2119 te:
1852 2080 1919 2120 ex
1950 2072 2102 2120 utero

511 2163 775 2235 virginali,
804 2176 870 2217 ea:
892 2170 1033 2215 utero
1061 2169 1179 2214 ante
1204 2158 1467 2231 luciferum
1495 2158 1645 2230 genui
1664 2169 1729 2212 te.
1761 2158 1815 2213 Si
1846 2159 1987 2213 enim
2010 2157 2099 2213 illa

510 2255 659 2323 virgo
674 2253 875 2308 ducens
900 2251 1241 2321 propaginem
1268 2249 1334 2305 de
1354 2262 1515 2304 carne
1531 2246 1719 2315 David,
1740 2264 1805 2303 ex
1833 2248 1922 2303 illo
1948 2255 2099 2304 utero

509 2357 667 2403 natus
693 2346 956 2414 Christus,
977 2354 1225 2415 tanquam
1258 2358 1321 2398 ex
1348 2351 1501 2397 utero
1526 2342 1735 2413 genitus
1756 2356 1787 2395 a
1810 2341 1995 2396 David.
2017 2340 2101 2397 Ea:

508 2451 651 2495 utero
676 2482 690 2508 ,
723 2454 829 2510 quo
857 2436 1125 2493 masculus
1153 2450 1259 2491 non
1291 2434 1515 2491 accessit
1546 2452 1562 2489 :
1594 2450 1656 2489 ea:
1674 2444 1815 2488 utero
1839 2448 2056 2504 prorsus
2079 2475 2094 2499 ,

507 2533 721 2603 proprie
752 2548 813 2586 ex
840 2540 982 2599 utero
1007 2572 1020 2596 ,
1053 2529 1177 2601 quia
1203 2529 1350 2584 solus
1376 2544 1440 2583 ex
1467 2528 1583 2583 solo
1606 2536 1777 2583 utero.
1803 2526 1945 2599 Ergo
1970 2570 1984 2593 ,
2015 2526 2099 2584 Ex

507 2636 649 2679 utero
670 2666 687 2691 ,
720 2622 891 2694 inquit
932 2622 1020 2677 ille
1047 2664 1061 2687 ,
1090 2621 1178 2691 qui
1205 2636 1326 2677 eum
1354 2620 1637 2675 Dominum
1667 2634 1819 2674 suum
1848 2620 2093 2688 dixerat,

508 2715 586 2770 Ea
611 2726 751 2769 utero
771 2723 889 2768 ante
911 2712 1177 2782 luciferum
1204 2713 1353 2783 genui
1381 2722 1445 2766 te.
1471 2711 1539 2766 Et
1563 2711 1664 2766 hoc
1684 2712 1855 2782 ipsum
1883 2724 2000 2767 ante
2018 2712 2098 2766 lu-

507 2809 717 2877 ciferum
746 2806 951 2875 signate
976 2804 1173 2864 dictum
1196 2846 1209 2869 ,
1237 2812 1290 2859 et
1314 2805 1525 2875 proprie
1551 2803 1751 2858 dictum
1770 2846 1784 2869 ,
1813 2811 1866 2859 et
1889 2804 1966 2859 sic
1992 2804 2095 2858 im-

510 2900 730 2970 pletum.
749 2897 916 2952 Noctu
934 2896 1073 2951 enim
1093 2905 1247 2951 natus
1263 2906 1343 2952 est
1357 2898 1612 2952 Dominus
1626 2897 1691 2951 de
1708 2906 1860 2952 utero
1878 2897 2095 2967 virginis

507 2993 684 3049 Mariae
705 3010 716 3045 :
738 2991 974 3047 indicant
992 2990 1291 3046 testimonia
1311 3000 1601 3059 pastorum,
1624 2990 1711 3059 qui
1729 2989 1935 3059 vigilias
1951 3003 2097 3043 exer-

510 3088 703 3144 cehant
718 3101 877 3161 super
890 3101 1103 3157 gregem
1124 3099 1275 3139 suum
1295 3082 1445 3153 (Luc.
1466 3083 1563 3145 n,7
1583 3094 1627 3137 et
1644 3081 1811 3155 8).Ea:
1826 3092 1965 3137 utero
1981 3090 2095 3136 ante

507 3182 771 3252 luciferum
796 3179 946 3251 genui
976 3186 1039 3232 te.
1060 3176 1105 3232 Ο
1123 3186 1197 3242 tu,
1219 3175 1445 3233 Domine
1473 3190 1644 3242 meus,
1665 3174 1858 3230 sedens
1884 3175 1949 3229 ad
1968 3174 2097 3230 dex-

508 3282 675 3337 teram
698 3270 905 3325 Domini
924 3268 1051 3335 mei,
1075 3268 1213 3324 unde
1241 3269 1383 3324 ﬁlius
1402 3283 1575 3336 meus,
1594 3268 1694 3323 nisi
1711 3267 1835 3339 quia
1858 3266 1940 3322 Ea;
1955 3278 2095 3322 utero

504 3372 621 3418 ante
649 3362 911 3431 luciferum
940 3361 1088 3432 genui
1116 3360 1202 3413 te?

579 3457 665 3509 17.
690 3452 836 3526 [uers.
862 3452 940 3530 4.]
970 3454 1033 3507 Ει
1059 3452 1125 3507 ad
1153 3452 1280 3523 quid
1307 3460 1461 3508 natus
1480 3455 1571 3507 es?
1595 3451 1799 3507 Iuravit
1820 3452 2090 3523 Dominus,

506 3561 673 3604 etnon
701 3546 951 3619 ptenitebit
977 3563 1112 3613 eum,
1142 3545 1218 3600 Tu
1238 3563 1289 3601 es
1310 3547 1546 3601 sacerdos
1566 3547 1618 3600 in
1643 3555 1886 3601 wternum
1910 3564 2093 3602 secun-

506 3643 628 3695 dum
651 3640 878 3694 ordinem
908 3637 1260 3693 Meiehisedec.
1284 3637 1364 3691 Ad
1388 3636 1490 3691 hoc
1514 3637 1654 3693 enim
1676 3646 1831 3693 natus
1852 3654 1915 3694 ex
1942 3646 2095 3694 utero

505 3746 628 3791 ante
655 3733 956 3801 luciferum,
984 3741 1041 3787 ut
1069 3746 1217 3787 esses
1254 3731 1582 3787 sacerdosin
1614 3740 1873 3789 aeternum
1906 3748 2095 3787 secun-

508 3829 635 3888 dum
664 3827 907 3883 ordinem
954 3824 1327 3881 Melchisedec.
1370 3824 1425 3881 Si
1471 3831 1651 3881 natum
1694 3840 1761 3881 ex
1802 3834 1975 3891 utero,
2026 3825 2095 3881 de

505 3921 708 3991 virgine
760 3919 1141 3991 intelligimus;
1192 3927 1319 3975 ante
1364 3918 1677 3985 luciferum,
1723 3928 1916 3987 noctu,
1957 3918 2096 3975 sicut

506 4013 793 4083 Evangelia
832 4018 1237 4077 contestantur;
1264 4011 1447 4081 procul
1486 4010 1647 4066 dubio
1689 4010 1810 4067 inde
1850 4026 1915 4067 ex
1942 4020 2094 4067 utero

505 4114 628 4161 ante
660 4104 956 4169 luciferum,
986 4112 1046 4159 ut
1073 4113 1213 4159 esset
1241 4104 1566 4159 sacerdosin
1602 4112 1860 4159 mternum
1898 4118 2093 4161 secun-

505 4199 630 4253 dum
663 4198 904 4252 ordinem
933 4196 1306 4252 Melchisedec.
1356 4197 1488 4252 Nam
1532 4198 1822 4253 secundum
1867 4196 1917 4253 id
1953 4198 2096 4269 quod

506 4300 663 4345 natus
688 4290 754 4344 de
786 4289 942 4345 Patre
973 4290 1112 4345 Deus
1138 4288 1277 4359 apud
1304 4289 1494 4353 Deum,
1517 4298 1812 4345 coaeternus
1836 4290 2091 4361 gignenti,

514 4398 621 4437 non
648 4382 931 4447 sacerdos;
972 4380 1065 4435 sed
1119 4381 1369 4436 sacerdos
1399 4389 1614 4453 propter
1639 4398 1852 4438 carnem
1884 4398 2094 4439 assum-

507 4482 672 4547 ptam,
723 4481 939 4543 propter
984 4470 1252 4526 victimam
1292 4488 1451 4543 quam
1490 4487 1590 4542 pro
1629 4474 1779 4528 nobis
1818 4471 2032 4529 oﬂerrct
2061 4489 2093 4529 a

506 4568 663 4622 nobis
692 4573 983 4635 acceptam.
1012 4562 1215 4618 Iuravit
1256 4579 1385 4635 ergo
1414 4564 1681 4619 Dominus.
1702 4564 1837 4633 Quid
1863 4576 1962 4629 est,
1990 4565 2092 4619 Iu-

503 4660 633 4713 ravit
658 4657 943 4711 Dominus?
970 4656 1113 4727 Ergo
1141 4656 1396 4711 Dominus
1417 4656 1579 4726 jurat,
1602 4656 1691 4728 qui
1720 4656 1963 4727 prohibet
1990 4657 2091 4713 ho-

507 4754 703 4808 minem
736 4767 763 4805 a
788 4749 1012 4821 iurando
1035 4748 1243 4822 (Matth.
1274 4766 1325 4815 v,
1356 4748 1488 4821 δην
1515 4749 1595 4805 An
1642 4749 1778 4805 forte
1822 4748 1941 4807 ideo
1978 4766 2091 4805 ma-

504 4846 585 4917 gis
632 4844 901 4899 hominem
948 4840 1197 4913 prohibet
1232 4856 1262 4895 a
1300 4839 1552 4911 iurando,
1597 4856 1665 4896 ne
1706 4841 1761 4896 in
1804 4842 2094 4912 perjurium

507 4936 832 5006 prolabatur,
864 4943 917 4989 et
945 4934 1065 4989 ideo
1091 4933 1229 4987 Deus
1249 4932 1417 5002 magis
1444 4931 1609 5001 jurat,
1640 4931 1761 5003 quia
1789 4948 1893 4987 non
1921 4940 2096 5003 potest

507 5042 625 5081 esse
672 5026 953 5095 periurus?
980 5024 1154 5080 Homo
1200 5024 1341 5079 enim
1386 5024 1473 5093 qui
1517 5039 1610 5094 per
1653 5023 2091 5080 consuetudinem

506 5118 715 5188 jurandi
743 5126 915 5187 potest
943 5118 1116 5188 lingua
1146 5118 1199 5172 in
1233 5117 1522 5187 perjurium
1551 5116 1775 5186 prolabi,
1804 5116 1939 5171 bene
1967 5131 2095 5188 pro-

510 5212 721 5265 hibetur
758 5212 938 5278 jurare
980 5228 992 5263 :
1034 5219 1183 5265 tanto
1228 5212 1369 5265 enim
1416 5210 1621 5281 longius
1647 5209 1750 5264 erit
1779 5223 1808 5263 a
1837 5210 2089 5280 periurio,

509 5315 709 5373 quanto
738 5305 839 5355 erit
869 5305 1023 5374 longe
1063 5318 1091 5357 a
1126 5304 1373 5374 iurando.
1400 5303 1502 5373 Qui
1547 5305 1688 5358 enim
1734 5303 1878 5373 jurat
1913 5302 2092 5369 homo,

514 5398 703 5451 falsum
736 5403 790 5450 et
818 5410 999 5448 verum
1022 5395 1203 5465 jurare
1224 5404 1437 5465 potest:
1463 5396 1549 5466 qui
1580 5404 1755 5451 autem
1801 5409 1905 5450 non
1930 5394 2095 5465 jurat,

512 5490 703 5545 falsum
744 5489 926 5559 iurare
968 5502 1072 5541 non
1118 5496 1328 5557 potest;
1380 5489 1501 5559 quia
1530 5490 1747 5543 omnino
1787 5503 1891 5543 non
1930 5486 2099 5557 jurat.

513 5584 621 5636 Cur
650 5598 779 5653 ergo
821 5595 925 5636 non
955 5578 1099 5651 juret
1145 5579 1420 5645 Dominus,
1466 5580 1679 5649 quando
1718 5579 1927 5635 Domini
1952 5579 2099 5648 jura-

516 5682 751 5727 mentum
802 5670 1173 5743 promissionis
1219 5678 1303 5725 est
1346 5670 1956 5725 ﬁrmamentumHurct
1984 5685 2099 5724 om-

518 5768 664 5823 nino.
692 5768 825 5836 Quid
854 5783 979 5838 ergo
1011 5777 1064 5821 tu
1097 5765 1245 5833 facis,
1278 5780 1398 5820 cum
1424 5765 1608 5834 juras?
1631 5764 1865 5819 Tcstaris
1891 5764 2054 5819 Deum
2081 5780 2094 5818 :

580 5884 595 5913 ι
635 5880 769 5941 add,
793 5880 1034 5930 adverbia.
1061 5887 1114 5931 At
1134 5877 1426 5942 Mss.,verba

1773 373 1831 429 S.
1872 369 2241 430 AUGUSTINI
2280 371 2583 429 EPISCOPI

3671 383 3799 444 “60

2233 489 2335 544 hoc
2355 497 2436 545 est
2460 488 2661 559 jurare,
2692 486 2860 545 Deum
2889 491 3101 558 testari;
3150 500 3203 549 et
3243 492 3364 549 ideo
3403 494 3697 567 molestum,
3739 520 3801 562 ne

2226 582 2293 636 ad
2323 582 2554 652 aliquam
2578 581 2860 639 falsitatem
2885 591 3073 639 testem
3101 584 3357 641 adhibeas
3386 587 3567 644 Deum.
3597 590 3653 645 Si
3683 609 3801 663 ergo

2227 676 2522 745 tujurando
2541 678 2748 731 testaris
2770 676 2955 743 Deum,
2979 692 3075 731 cur
3090 691 3217 749 ergo
3238 693 3343 733 non
3372 687 3426 734 et
3444 679 3799 752 Deusjuraudo

2226 775 2451 823 testetur
2466 768 2724 839 seipsum?
2737 767 2858 824 Vivo
2876 769 3115 840 ego,dicit
3128 770 3393 838 Dominus,
3406 773 3693 842 juratioDei
3707 788 3797 834 est.
3838 770 3848 793 ³

2222 860 2309 917 Sic
2333 861 2534 931 juravit
2558 860 2626 917 de
2655 860 2859 918 semine
2886 862 3113 918 Abrahm
3140 882 3151 918 :
3192 882 3211 915 ι
3246 863 3381 919 Vivo
3410 879 3526 936 ego,
3555 867 3679 923 dicit
3700 869 3799 925 Do-

2224 952 2433 1020 minus;
2466 954 2715 1026 quouiam
2744 953 2938 1009 audisti
2972 970 3154 1009 vocem
3184 970 3379 1018 meam,
3408 964 3460 1010 et
3484 973 3590 1011 non
3619 975 3799 1031 peper-

2220 1046 2336 1101 cisti
2365 1045 2472 1101 ﬁlio
2504 1056 2593 1100 tuo
2628 1046 2785 1101 unico
2814 1055 3031 1117 propter
3061 1061 3168 1107 me,
3198 1048 3297 1100 nisi
3336 1046 3662 1103 benedicens
3708 1051 3799 1107 be-

2219 1137 2460 1193 nedicam
2495 1149 2565 1204 te,
2598 1147 2651 1191 et
2687 1136 2955 1205 implendo
2991 1136 3224 1207 implebo
3261 1152 3445 1193 semen
3489 1148 3635 1194 tuum
3671 1142 3800 1199 sicut

2216 1231 2397 1286 stellas
2426 1231 2567 1296 cmli,
2596 1239 2649 1285 et
2678 1230 2816 1286 sicut
2840 1244 3053 1285 arenam
3090 1245 3208 1301 qua:
3249 1239 3332 1286 est
3370 1231 3435 1286 ad
3466 1232 3664 1288 labium
3691 1251 3799 1291 ma-

2216 1323 2309 1388 ris,
2360 1331 2413 1378 et
2462 1323 2845 1379 benedicentur
2899 1322 2951 1376 in
2995 1323 3198 1378 semine
3228 1332 3320 1378 tuo
3350 1338 3540 1380 omnes
3567 1336 3744 1397 gentes
3775 1348 3793 1381 ›

2216 1413 2367 1484 (Gen.
2401 1432 2533 1482 χιιι,
2568 1416 2785 1485 16-18).
2820 1415 2888 1471 Ει
2914 1431 3095 1472 semen
3123 1415 3350 1471 Abrahm
3372 1417 3513 1488 quod
3546 1428 3628 1475 est
3652 1421 3796 1477 Chri-

2214 1518 2347 1577 stus,
2374 1511 2464 1565 ille
2493 1526 2675 1565 semen
2706 1510 2955 1578 Abrahae,
2983 1511 3250 1581 accipiens
3276 1527 3491 1568 carnem
3515 1513 3583 1568 de
3606 1516 3797 1572 semine

2213 1600 2462 1667 Abrahze,
2494 1602 2594 1657 erit
2634 1602 2882 1658 sacerdos
2929 1604 2979 1657 in
3028 1614 3286 1658 aeternum
3331 1605 3622 1659 secundum
3665 1605 3799 1663 ordi.

2213 1711 2336 1751 nem
2371 1695 2740 1751 Melchisedec.
2773 1696 2847 1749 Dc
2879 1696 3175 1751 sacerdotio
3204 1712 3331 1768 ergo
3375 1697 3667 1753 secundum
3710 1715 3796 1754 or-

2211 1787 2389 1845 dinem
2417 1789 2791 1857 Melehiscdce,
2820 1791 3015 1861 juravit
3044 1790 3299 1857 dominus,
3330 1800 3376 1844 et
3418 1806 3522 1845 non
3555 1792 3795 1862 pcenitebit

2210 1899 2342 1938 eum.
2373 1884 2509 1950 Quid
2549 1884 2615 1939 de
2654 1884 2956 1940 sacerdotio
2986 1884 3275 1940 secundum
3309 1884 3556 1940 ordinem
3586 1886 3792 1942 Aaron?

2208 1972 2472 2045 Numquid
2506 1976 2728 2045 pmnitet
2756 1977 2945 2043 Deum,
2991 1976 3127 2030 sicut
3160 1974 3456 2043 hominem,
3487 1986 3580 2032 aut
3616 1978 3793 2035 nolens

2210 2068 2353 2124 cadit
2380 2070 2431 2125 in
2462 2070 2661 2141 aliquid
2692 2079 2749 2125 ut
2790 2070 2968 2135 faciat,
2996 2078 3087 2125 aut
3121 2068 3432 2140 imprudens
3482 2069 3787 2140 prolabitur,

2208 2170 2267 2215 ut
2297 2170 2477 2231 postea
2504 2179 2622 2217 eum
2656 2162 2721 2217 de
2762 2178 2859 2217 suo
2905 2162 3155 2232 prolapsu
3205 2161 3500 2231 pceniteat?
3544 2160 3653 2217 Scit
3676 2161 3792 2232 quid

2207 2262 2346 2324 agat,
2375 2254 2474 2309 scit
2498 2270 2777 2326 quousque
2808 2254 2931 2324 quid
2960 2253 3359 2324 progrediatur;
3396 2252 3542 2309 unde
3580 2253 3631 2308 in
3660 2253 3788 2310 aliud

2207 2357 2584 2414 commutetur,
2609 2348 2663 2403 in
2692 2356 2954 2417 potestate
2980 2346 3207 2402 rectoris
3231 2355 3329 2401 est.
3357 2344 3467 2401 Sed
3494 2348 3787 2416 poenitentia

2206 2440 2430 2495 mutatio
2459 2455 2636 2495 rerum
2676 2440 3023 2511 signiﬁcatur.
3063 2436 3340 2506 Quomodo
3382 2438 3529 2491 enim
3569 2447 3640 2503 tu,
3676 2454 3786 2493 eum

2206 2530 2405 2601 aliquid
2457 2540 2507 2585 te
2563 2532 2805 2601 poenitet,
2856 2530 3009 2584 doles
3055 2526 3249 2583 factum
3290 2527 3430 2600 quod
3483 2529 3688 2583 fecisti:
3719 2528 3787 2583 sic

2205 2623 2417 2696 quando
2442 2623 2643 2695 aliquid
2685 2624 2825 2677 Deus
2870 2631 3064 2692 praeter
3098 2637 3247 2691 spem
3279 2619 3581 2688 hominum,
3616 2621 3664 2675 id
3692 2632 3779 2687 est,

2204 2726 2556 2788 praeterquam
2601 2723 2818 2787 sperant
2845 2715 3087 2769 homines
3128 2722 3297 2767 mutat
3346 2714 3395 2767 in
3424 2714 3591 2776 aliud,
3625 2716 3784 2784 pomi-

2205 2817 2318 2865 tere
2344 2824 2401 2864 se
2428 2807 2589 2873 dicit;
2633 2823 2799 2878 usque
2841 2806 2975 2862 adeo
3004 2816 3059 2862 ut
3098 2815 3151 2860 et
3193 2806 3258 2861 de
3287 2821 3443 2877 poena
3479 2816 3655 2862 nostra
3687 2823 3785 2877 pee-

2204 2902 2372 2957 niteat
2396 2918 2540 2970 eum,
2572 2903 2617 2956 si
2654 2916 2752 2956 nos
2794 2900 2861 2957 de
2904 2901 3009 2955 vita
3056 2910 3231 2954 nostra
3274 2900 3411 2953 mala
3470 2902 3779 2971 paenituerit.

2201 2994 2402 3048 Iuravit
2431 3010 2561 3065 ergo
2586 2993 2865 3060 Dominus;
2886 2992 3099 3063 juravit,
3126 2990 3356 3047 ﬁrmavit
3386 3010 3396 3045 :
3424 3010 3532 3047 non
3558 3010 3665 3047 eum
3693 3010 3782 3063 pa:-

2208 3085 2399 3152 nitebit,
2428 3101 2532 3140 non
2556 3085 2799 3139 mutabit.
2822 3082 2999 3151 Quid?
3023 3082 3097 3137 Tu
3124 3100 3174 3138 es
3199 3082 3433 3138 sacerdos
3458 3085 3515 3136 in
3534 3092 3777 3137 mtermnn.

2207 3178 2331 3236 Ideo
2359 3181 2411 3235 iu
2445 3190 2709 3247 aeternum,
2735 3180 2857 3251 quia
2882 3195 2984 3233 non
3028 3178 3277 3250 paenitebit
3306 3195 3441 3233 eum.
3484 3179 3587 3236 Sed
3620 3194 3781 3236 sacer-

2202 3272 2320 3338 dos,
2352 3272 2644 3328 secundum
2672 3272 2835 3343 quid?
2863 3271 3128 3343 Numquid
3159 3279 3315 3326 erunt
3346 3270 3456 3325 ilhc
3496 3272 3697 3340 hostire,
3720 3272 3780 3326 vi-

2201 3365 2375 3421 ctima:
2404 3365 2595 3420 oblatae
2625 3379 2653 3418 a
2692 3363 3031 3429 Patriarchis,
3079 3378 3186 3417 ara:
3229 3362 3515 3433 sanguinis
3538 3373 3589 3419 et
3625 3364 3780 3419 taber-

2202 3458 2470 3523 naculum,
2500 3466 2554 3513 et
2582 3456 2670 3511 illa
2702 3456 2858 3527 primi
2884 3455 3211 3511 Testamenti
3243 3456 3453 3511 Veteris
3494 3472 3777 3512 sacramen-

2204 3550 2293 3604 ta?
2319 3549 2490 3605 Absit.
2516 3548 2633 3604 Iam
2680 3548 2767 3603 illa
2794 3546 3000 3603 sublata
3039 3557 3182 3613 sunt,
3213 3561 3402 3603 everso
3426 3548 3545 3617 jam
3574 3550 3774 3619 templo,

2202 3652 2411 3700 remoto
2456 3642 2546 3697 illo
2593 3642 2915 3707 sacerdotio,
2958 3650 3215 3713 pereunte
3258 3642 3481 3697 victima
3534 3659 3707 3699 eorum
3732 3650 3778 3697 et

2202 3737 2493 3791 sacriﬁcio:
2520 3734 2633 3791 haec
2663 3750 2762 3791 nec
2788 3733 2960 3791 Iudaei
2985 3733 3203 3789 habent.
3234 3732 3429 3788 Vident
3465 3735 3660 3806 perisse
3679 3734 3774 3804 jam

2205 3828 2561 3884 sacerdotium
2590 3827 2882 3883 secundum
2915 3825 3158 3882 ordinem
3186 3829 3385 3891 Aaron,
3410 3838 3468 3881 et
3501 3844 3601 3882 non
3629 3842 3775 3897 agno-

2203 3930 2357 3978 scunt
2393 3920 2750 3977 sacerdotium
2794 3919 3087 3975 secundum
3134 3918 3373 3973 ordinem
3418 3917 3772 3973 Melchisedec.

2206 4014 2282 4069 Tu
2303 4032 2353 4069 es
2372 3998 2605 4068 sacerdos
2632 4014 2687 4066 in
2708 4021 2954 4067 azternum
2992 4010 3266 4065 secundum
3304 4010 3537 4065 ordinem
3577 4008 3771 4064 Melchi-

2202 4108 2366 4163 sedee.
2400 4105 2673 4162 Fidelibus
2694 4105 2903 4175 loquor.
2942 4102 2998 4159 Si
3024 4102 3149 4174 quid
3178 4118 3283 4156 non
3321 4102 3622 4173 intelligunt
3647 4110 3772 4155 cate-

2203 4200 2472 4266 clmmeni,
2506 4196 2752 4254 auferant
2797 4196 3082 4268 pigritiam,
3127 4194 3382 4249 festinent
3431 4195 3497 4249 ad
3528 4194 3766 4249 notitiam.

2203 4292 2317 4348 Non
2345 4307 2471 4362 ergo
2500 4305 2635 4360 opus
2664 4298 2747 4345 est
2772 4288 3025 4359 mysteria
3055 4300 3332 4357 promere;
3370 4285 3651 4357 Scriptum
3686 4299 3769 4337 vo-

2203 4385 2285 4440 bis
2312 4384 2559 4439 inliment
2587 4382 2713 4451 quid
2738 4389 2820 4436 est
2848 4379 3204 4435 sacerdotium
3227 4380 3522 4437 secundum
3548 4379 3768 4435 ordinem

2206 4474 2584 4532 Melchisedec.

2277 4568 2363 4625 l8.
2398 4565 2549 4641 [vers.
2581 4564 2660 4639 5.]
2692 4563 2937 4619 Dominus
2966 4581 2997 4617 a
3038 4564 3230 4618 dextris
3258 4564 3375 4618 tuis.
3407 4563 3659 4619 Dominus
3694 4561 3767 4615 di-

2206 4671 2377 4725 xerat,
2418 4660 2551 4716 Sede
2582 4676 2613 4712 a
2652 4659 2843 4713 dextris
2882 4656 3041 4721 meis;
3068 4671 3209 4711 nunc
3241 4655 3497 4711 Dominus
3535 4672 3561 4709 a
3591 4653 3767 4709 dextris

2207 4755 2342 4825 ejus,
2383 4752 2533 4825 quasi
2577 4749 2903 4806 mutaverint
2949 4748 3125 4805 sedes.
3164 4751 3245 4803 An
3291 4747 3431 4803 forte
3472 4748 3548 4802 sic
3587 4746 3764 4818 potius,

2205 4846 2404 4900 Iuravit
2425 4844 2694 4909 Dominus,
2719 4852 2886 4897 etnon
2920 4840 3171 4912 paenitebit
3193 4857 3326 4905 eum,
3360 4839 3438 4893 Tu
3471 4857 3521 4894 es
3554 4835 3762 4893 sacerdos

2204 4940 2256 4992 in
2279 4948 2543 5003 mternum,
2572 4935 2636 4989 ad
2663 4933 2936 4989 Christum
2964 4933 3163 4987 dictum
3201 4931 3318 4986 est?
3347 4930 3425 4985 Tu
3463 4948 3513 4985 es
3547 4926 3759 4983 sacerdos

2206 5032 2258 5084 in
2285 5040 2548 5095 wternum,
2573 5027 2768 5099 juravit
2806 5023 3072 5080 Dominus.
3110 5022 3239 5091 Quis
3266 5023 3555 5078 Dominus?
3580 5018 3669 5089 Qui
3694 5018 3764 5068 di-

2206 5125 2279 5179 xit
2300 5123 2521 5177 Domino
2542 5136 2673 5187 meo,
2700 5118 2833 5173 Sede
2864 5136 2896 5172 a
2930 5117 3120 5172 dextris
3141 5116 3285 5183 meis,
3318 5117 3429 5186 ipse
3461 5111 3657 5185 juravit.
3698 5105 3763 5160 Tu

2209 5232 2261 5270 es
2281 5214 2514 5269 sacerdos
2535 5215 2587 5267 in
2613 5220 2857 5265 retentum
2882 5209 3158 5264 secundum
3183 5206 3410 5263 ordinem
3437 5198 3764 5257 Melchisedcc;

2211 5319 2263 5365 et
2285 5308 2349 5363 ad
2378 5309 2549 5378 ipsum
2577 5305 2857 5360 Dominum
2885 5302 2974 5374 qui
2994 5302 3210 5372 juravit,
3234 5312 3411 5354 sermo
3430 5295 3652 5351 direCIus
3670 5296 3757 5346 est.

2215 5402 2459 5455 Dominus
2496 5417 2529 5453 a
2554 5398 2743 5452 dextris
2770 5396 2888 5450 tuis.
2924 5394 2970 5450 Ο
2996 5392 3245 5459 Domine,
3286 5392 3377 5462 qui
3415 5385 3593 5459 jurasti
3624 5390 3672 5436 et
3699 5378 3764 5431 di-

2208 5495 2353 5563 xisti,
2398 5493 2569 5548 Tu'es
2610 5490 2846 5547 sacerdos
2883 5491 2937 5544 in
2975 5499 3217 5544 internum
3257 5483 3527 5540 secundum
3560 5474 3759 5531 ordinem

2212 5586 2584 5652 Melehisedec;
2612 5585 2725 5654 ipse
2755 5582 2987 5639 sacerdos
3012 5582 3065 5636 in
3091 5590 3355 5646 (uernum,
3387 5571 3621 5629 Dominus
3641 5569 3760 5654 esid

2213 5679 2402 5734 dextris
2442 5678 2575 5742 tuis;
2613 5676 2746 5746 ipse,
2791 5676 3025 5746 inquam,
3057 5671 3288 5728 sacerdos
3334 5670 3387 5723 in
3420 5675 3662 5720 reternum,
3704 5651 3758 5703 de

2213 5786 2318 5840 quo
2338 5769 2554 5839 jurasti,
2601 5768 2846 5822 Dominus
2871 5777 2954 5823 est
2979 5784 3011 5819 a
3052 5766 3241 5821 dextris
3281 5764 3379 5818 tuis
3412 5777 3429 5813 :
3463 5755 3576 5827 quia
3603 5746 3754 5806 eidem

2215 5862 2443 5917 Domino
2470 5876 2590 5917 meo
2621 5861 2823 5926 dixisti,
2858 5859 2989 5914 Sede
3032 5876 3063 5911 a
3091 5856 3276 5913 dextris
3303 5856 3439 5917 meis,
3465 5841 3754 5918 quondm“
