4188 6464
474 347 599 407 1461

475 480 655 536 ponam
674 463 907 520 inimicos
925 470 1036 519 tuos
1055 459 1331 518 scabettuin
1354 458 1539 531 pedum
1557 460 1775 512 timum.
1803 450 1908 510 lste
1928 465 2056 523 ergo

476 558 733 614 Dominus
760 558 849 628 qui
875 566 958 613 est
981 571 1011 610 a
1040 555 1244 612 dextris
1272 553 1396 621 tuis,
1423 551 1490 607 de
1527 564 1633 621 quo
1654 547 1870 620 jurasti,
1894 550 1946 600 et
1974 545 2057 599 cui

474 650 659 721 iurasti
688 648 895 715 dicens,
926 649 1005 704 Tu
1044 665 1094 704 es
1133 646 1368 704 sacerdos
1409 646 1463 699 in
1507 654 1753 698 reternum
1788 638 2062 696 secundum

472 742 699 797 ordinem
741 738 1093 805 Melchisedec,
1129 737 1488 811 Conquassavit
1509 734 1527 767 ¹
1552 735 1606 789 in
1635 733 1717 788 die
1748 734 1840 787 irte
1859 747 1966 786 sua:
1992 745 2066 783 ree

470 851 571 905 ges.
614 832 738 906 ipse
769 834 952 903 utique
993 832 1236 889 Christus
1263 829 1513 885 Dominus
1537 842 1569 882 a
1599 827 1788 882 dextris
1828 825 1947 891 tuis,
1980 822 2066 878 cui

466 926 681 994 iurasti,
710 933 766 981 et
814 942 920 981 non
953 924 1231 995 paenitebit
1278 930 1367 978 te:
1399 919 1525 992 quid
1577 918 1685 989 agit
1729 915 1982 972 sacerdos
2012 914 2068 968 in

460 1017 781 1072 attentum?
808 1015 934 1087 quid
956 1016 1082 1088 agit,
1118 1014 1206 1086 qui
1237 1020 1319 1069 est
1346 1014 1412 1068 ad
1442 1012 1717 1068 dexteram
1758 1007 1874 1074 Dei,
1906 1015 1961 1061 et
1983 1007 2066 1060 in-

460 1113 724 1181 terpellat
757 1127 852 1181 pro
880 1110 1035 1166 nobis
1061 1108 1234 1182 (Rom.
1258 1120 1369 1175 vui,
1400 1106 1511 1178 54),
1544 1115 1795 1175 tanquam
1818 1100 2069 1158 sacerdos

458 1206 682 1261 intrans
716 1205 772 1260 in
802 1205 1061 1261 interiora
1100 1203 1183 1259 vel
1221 1203 1274 1257 in
1318 1209 1500 1256 sancta
1536 1206 1864 1262 sanctorum,
1898 1194 1950 1249 in
1979 1209 2068 1249 se-

450 1304 613 1351 creta
647 1297 933 1363 ecelorum,
962 1294 1049 1351 ille
1092 1294 1253 1349 solus
1279 1308 1382 1348 non
1426 1289 1630 1347 habens
1669 1294 1974 1359 peceatum,
2015 1293 2070 1340 et

440 1389 586 1445 ideo
622 1390 783 1446 facile
809 1387 1070 1445 mundans
1091 1403 1119 1443 a
1147 1387 1378 1458 peccatis
1405 1384 1585 1457 (Hebr.
1615 1388 1690 1449 tit,
1726 1380 1811 1445 12,
1842 1381 1929 1446 lt,
1952 1377 2071 1451 24)?

448 1480 555 1537 ille
580 1496 721 1553 ergo
746 1500 777 1536 a
798 1482 993 1536 dextris
1011 1481 1107 1534 tuis
1128 1479 1475 1550 conquassavit
1498 1479 1552 1530 in
1573 1477 1656 1530 die
1673 1476 1764 1529 ira:
1785 1490 1889 1528 sate
1908 1488 2067 1544 reges.

444 1572 617 1640 Quos
681 1587 859 1644 reges,
902 1571 1133 1641 qureris?
1181 1567 1392 1624 Excidit
1432 1566 1556 1633 tibi,
1604 1566 1880 1620 Astitcrunt
1925 1579 2064 1634 reges

446 1674 641 1729 ter-rte,
672 1672 722 1719 et
752 1665 1004 1735 principes
1032 1667 1367 1716 convenerunt
1401 1661 1455 1713 in
1486 1675 1662 1725 unum,
1696 1658 1934 1711 adversus
1962 1650 2071 1708 Do-

447 1756 667 1809 minam
690 1763 741 1809 et
760 1755 998 1809 adversus
1024 1751 1277 1809 Christum
1307 1752 1419 1822 ejus
1441 1748 1614 1821 (Psal.
1646 1764 1703 1813 ll,
1724 1747 1808 1819 2)?
1837 1747 1946 1801 Hos
1984 1760 2071 1801 re-

442 1864 553 1920 ges
598 1848 987 1920 conquassavit
1014 1847 1181 1917 gloria
1211 1860 1327 1911 sua,
1361 1853 1415 1899 et
1453 1842 1691 1913 pondere
1732 1840 1963 1896 nominis
1990 1838 2069 1894 sui

446 1941 725 1996 inﬁrmos
751 1938 983 1996 reddidit
1008 1952 1181 2009 reges.
1216 1946 1273 1990 ut
1304 1949 1407 1989 non
1438 1940 1658 2005 possent
1682 1932 1897 1988 eltieere
1926 1929 2070 2001 quod

446 2033 756 2088 volebant.
800 2030 986 2086 Conati
1032 2030 1173 2085 enim
1216 2032 1340 2082 aunt
1382 2026 1603 2080 multum
1650 2024 1828 2079 delere
1876 2036 2070 2078 nomen

443 2126 832 2182 christianum
862 2124 929 2179 de
954 2133 1118 2189 terra,
1151 2128 1205 2177 et
1242 2136 1349 2176 non
1378 2124 1695 2190 potuerunt;
1724 2117 1843 2188 quia
1873 2116 1958 2187 qui
1988 2116 2072 2187 of-

447 2218 697 2287 fenderit
727 2218 780 2271 in
824 2215 1046 2287 lapidem
1070 2215 1235 2281 illum,
1268 2210 1681 2283 conquassabitttr
1710 2208 1916 2280 (Matth.
1960 2214 2068 2273 nt,

447 2310 579 2381 44).
615 2308 973 2365 Offenderunt
1002 2307 1211 2378 ergoin
1252 2306 1477 2377 lapidem
1513 2302 1841 2368 offensionis,
1871 2308 1923 2357 et
1950 2300 2071 2355 ideo

446 2401 823 2473 conquassati
854 2406 980 2455 sunt
1016 2412 1186 2469 reges,
1217 2412 1337 2452 cum
1364 2396 1546 2451 dicunt
1585 2412 1596 2447 τ
1634 2394 1763 2462 Quis
1807 2400 1888 2447 est
1921 2391 2071 2447 Chri-

447 2493 629 2549 stus?
654 2491 848 2548 Nescio
881 2490 999 2562 quis
1036 2489 1273 2555 Judaeus,
1324 2488 1507 2543 nescio
1536 2486 1654 2557 quis
1694 2484 1963 2548 Galilmus,
1996 2481 2075 2539 sic

448 2586 715 2651 occisus,
740 2583 818 2637 sic
846 2589 1106 2637 mortuus.
1134 2580 1294 2651 Lapis
1320 2587 1402 2635 est
1422 2587 1547 2634 ante
1574 2576 1736 2647 pedes
1759 2578 1895 2641 tuos,
1920 2574 2071 2645 quasi

449 2678 656 2733 viliter
685 2685 743 2732 et
772 2674 1043 2730 humiliter
1062 2675 1246 2744 jacens
1274 2692 1287 2727 :
1321 2672 1440 2727 ideo
1483 2668 1875 2726 contemnendo
1912 2661 2072 2747 alien-

451 2774 576 2841 dis,
638 2769 960 2828 offendendo
1006 2769 1185 2837 cadis,
1234 2767 1475 2823 cadendo
1500 2766 1787 2837 quassaris.
1842 2763 1898 2816 Si
1943 2775 2071 2832 ergo

455 2874 623 2919 tanta
650 2872 736 2920 est
779 2863 854 2918 ira
887 2862 1102 2929 occulti,
1136 2859 1277 2931 quod
1319 2860 1423 2915 erit
1460 2858 1719 2929 judicium
1767 2850 2071 2910 manifesti?

456 2956 718 3014 Audistis
759 2956 891 3011 iram
942 2954 1174 3021 occulti,
1215 2953 1283 3009 de
1326 2966 1426 3024 qua
1465 2950 1701 3023 psalmus
1741 2947 2065 3013 inscribitur,

458 3047 582 3105 Pro
612 3048 821 3104 occultis
840 3047 934 3117 ﬁlii
960 3061 983 3102 :
1007 3061 1179 3101 nonus
1196 3044 1451 3116 psalmus,
1480 3043 1526 3098 si
1554 3043 1688 3097 bene
1713 3038 1952 3104 memini,
1984 3039 2068 3093 iu~

460 3142 747 3206 scribitur,
781 3139 888 3193 Pro
915 3139 1124 3193 occultis
1144 3138 1239 3207 ﬁlii
1255 3152 1271 3201 ;
1304 3144 1359 3191 et
1389 3136 1457 3191 ibi
1488 3132 1789 3189 ostenditur
1810 3130 2067 3202 judicium

464 3234 744 3291 occultum
786 3232 879 3287 irae
923 3230 1165 3286 occultae.
1200 3230 1337 3283 lrato
1367 3228 1477 3282 Deo
1520 3226 1703 3279 vivunt
1728 3223 1900 3294 qui‘in
1933 3222 2066 3291 lapi-

465 3326 599 3381 dem
644 3324 794 3379 illum
844 3321 1148 3385 offendunt;
1196 3322 1634 3388 conquassAntur.
1677 3314 1746 3368 Et
1790 3328 1894 3383 quo
1929 3313 2070 3367 valet

468 3416 621 3488 quod
647 3413 1103 3486 conquassantur?
1128 3410 1262 3466 Audi
1291 3409 1433 3464 etde
1455 3407 1654 3479 judicio
1682 3405 1893 3460 futuro:
1938 3404 2069 3470 Quia

469 3510 559 3579 qui
579 3508 848 3576 o/fenderit
868 3507 921 3560 in
942 3505 1163 3575 lapidem
1194 3502 1357 3567 illum,
1380 3501 1473 3566 ait,
1504 3496 1959 3569 conquassabitur;
1985 3511 2071 3549 su-

474 3616 565 3671 per
584 3614 865 3671 quererere
885 3596 1112 3651 ceciderit
1137 3594 1266 3665 lapis
1285 3593 1392 3659 ille,
1415 3599 1633 3645 conteret
1654 3604 1771 3643 eum
1795 3586 1942 3659 (Luc.
1971 3601 2065 3653 xu,

475 3692 595 3759 18).
624 3690 756 3746 Cum
787 3704 916 3757 ergo
938 3686 1223 3742 olienditur
1252 3685 1302 3739 in
1328 3697 1472 3750 eum,
1504 3680 1655 3753 quasi
1676 3678 1891 3735 humilis
1904 3677 2064 3749 jacet;

478 3792 607 3839 tunc
638 3787 959 3852 conquassat
999 3798 1011 3832 :
1043 3794 1162 3834 cum
1192 3784 1370 3832 autem
1398 3782 1659 3840 conteret,
1696 3772 1927 3841 desuper
1973 3785 2066 3826 ve-

479 3875 610 3931 niet.
634 3873 824 3928 Videte
848 3868 1291 3941 quemadmodum
1317 3867 1399 3921 his
1430 3866 1568 3921 binis
1585 3863 1785 3930 verbis,
1810 3870 2071 3932 conquas-

478 3967 620 4022 sabit
662 3974 716 4019 et
756 3972 1016 4029 conteret,
1048 3961 1268 4017 offendit
1321 3960 1374 4014 in
1420 3973 1543 4014 eum
1589 3965 1643 4013 et
1690 3956 1870 4011 veniet
1909 3970 2070 4023 super

478 4074 624 4123 eum,
654 4055 935 4111 distributa
976 4060 1100 4108 sunt
1125 4053 1230 4107 duo
1259 4059 1519 4120 tempora,
1549 4047 1860 4103 humilitatis
1888 4054 1941 4101 et
1961 4048 2071 4101 cla-

478 4148 653 4203 ritatis
681 4146 900 4211 Christi,
929 4145 1152 4199 occulta:
1190 4156 1360 4213 ptente
1390 4149 1444 4196 et
1484 4139 1669 4209 judicii
1708 4137 1891 4192 futuri.
1932 4137 2068 4193 Eum

478 4255 584 4293 non
614 4246 861 4293 conteret
898 4236 1136 4301 veniens,
1177 4249 1335 4304 quem
1373 4248 1477 4286 non
1504 4238 1828 4301 conquassat
1862 4228 2066 4299 jacens.

475 4330 670 4385 iacens
696 4328 836 4394 dico,
882 4336 1133 4398 tanquam
1173 4324 1594 4393 contemptibilis
1623 4337 1907 4393 apparens.
1937 4321 2069 4376 Nam

478 4425 568 4479 ille
608 4438 637 4477 a
688 4423 897 4477 dextris
938 4421 1031 4476 Dei
1077 4427 1179 4483 est,
1232 4427 1286 4473 et
1331 4417 1503 4473 valide
1546 4432 1610 4472 ex
1650 4416 1761 4470 alto
1798 4415 2066 4482 clamavit,

479 4516 657 4580 Saule,
684 4515 863 4580 Saule,
894 4512 1014 4582 quid
1038 4528 1115 4564 me
1136 4510 1445 4581 persequeris
1484 4508 1618 4581 (Act.
1650 4523 1722 4573 Ix,
1746 4506 1839 4577 4)?
1859 4506 1964 4562 Sed
1993 4516 2070 4561 ta-

477 4626 598 4663 men
632 4606 875 4678 quamvis
898 4605 962 4660 de
992 4604 1149 4670 coelo,
1177 4618 1280 4657 non
1308 4602 1530 4667 diceret,
1559 4601 1695 4668 Quid
1712 4617 1789 4654 me
1809 4615 2069 4670 perseque-

477 4702 545 4755 ris
565 4700 591 4754 ?
618 4715 776 4768 quem
810 4712 965 4753 uerno
994 4697 1263 4765 tangebat,
1295 4695 1396 4750 nisi
1434 4695 1505 4749 ita
1535 4694 1586 4750 in
1629 4694 1765 4749 rmlo
1785 4693 1849 4747 ad
1885 4693 2070 4748 dexte-

479 4808 589 4846 ram
618 4791 792 4845 Patris
819 4789 1047 4853 sederet,
1076 4797 1132 4842 ut
1154 4796 1208 4842 et
1238 4788 1290 4841 in
1313 4794 1453 4842 terra
1484 4787 1536 4840 in
1566 4786 1720 4841 nobis
1745 4785 1893 4855 quasi
1917 4785 2065 4855 jace-

475 4893 574 4939 ret.
606 4882 855 4935 Dominus
876 4896 906 4933 a
933 4879 1123 4935 dextris
1144 4878 1261 4943 tuis,
1298 4876 1647 4946 conquassavit
1683 4877 1735 4930 in
1756 4876 1836 4929 die
1852 4877 1943 4929 ira:
1962 4891 2069 4930 aute

475 4990 637 5045 rcges.

548 5063 635 5118 19.
670 5061 800 5134 [vers
837 5060 915 5132 6.]
953 5058 1213 5113 Judicabit
1242 5058 1295 5111 in
1334 5056 1579 5128 gentibus.
1614 5054 1719 5110 Sed
1756 5070 1915 5119 nunc,
1962 5055 2066 5111 Pro

472 5155 719 5219 occultis;
742 5152 844 5208 erit
864 5151 1006 5207 enim
1029 5158 1083 5205 et
1104 5149 1359 5219 judicium
1399 5146 1735 5203 manifestum
1766 5164 1778 5199 :
1810 5146 2067 5201 Judzcabit

470 5254 522 5307 in
543 5250 793 5323 gentibus.
817 5247 974 5303 Modo
1004 5247 1145 5301 enim
1176 5244 1253 5310 ﬁt,
1292 5243 1453 5299 Periit
1480 5243 1719 5297 memoria
1759 5259 1931 5296 eorum
1953 5259 2066 5296 cum

468 5347 702 5415 strepitu.
730 5342 788 5397 In
818 5344 933 5412 ipso
962 5342 1167 5413 psalmo
1196 5346 1298 5406 est,
1332 5336 1440 5393 Pro
1470 5336 1680 5391 occultis
1714 5352 1732 5390 :
1767 5334 1933 5390 Periit
1962 5352 2065 5389 me-

468 5442 633 5496 moria
654 5454 830 5492 eorum
859 5453 973 5490 cum
995 5436 1225 5505 strepitu,
1253 5443 1297 5487 et
1320 5431 1570 5486 Dominus
1601 5431 1653 5484 in
1674 5439 1917 5485 wternum
1950 5446 2061 5484 ma-

467 5542 589 5598 net;
613 5529 810 5601 paravit
846 5528 899 5581 in
912 5526 1108 5598 Judicio
1134 5524 1301 5583 sedem
1320 5540 1485 5589 suant,
1509 5532 1553 5576 et
1582 5520 1955 5592 ipsejudicabit
1976 5538 2063 5574 or-

458 5627 578 5682 .bem
608 5634 860 5678 terrarum
899 5621 950 5674 in
992 5621 1241 5689 tenuitate.
1274 5617 1348 5673 lbi
1391 5616 1590 5672 dictum
1619 5624 1734 5684 est,
1778 5614 2065 5684 Increpasti

432 5764 465 5787 ”
528 5785 545 5816 ¹
584 5782 815 5843 Plerique
837 5784 965 5835 Mss,
986 5776 1407 5843 conquassabit._l=.t
1442 5775 1585 5841 paulo
1622 5782 1728 5839 post
1752 5811 1767 5838 ,
1804 5772 1919 5839 quid
1956 5775 2065 5835 aget

366 5900 373 5907 ,
458 5844 694 5899 sacerdos
714 5837 766 5893 iit
788 5844 904 5891 teter
915 5853 1038 5900 eum,
1062 5837 1179 5905 quid
1203 5842 1309 5900 aget
1338 5837 1361 5888 Ρ

1598 333 1995 399 ENARRATIO
2032 332 2097 390 IN
2136 332 2459 393 PSALMUM
2500 334 2644 391 CIX.

2172 459 2361 522 gentes,
2385 461 2431 504 et
2452 452 2598 522 periit
2618 452 2835 524 impius;
2858 462 3038 507 nomen
3058 467 3234 509 eorum
3253 454 3430 512 estest!
3448 456 3502 512 in
3518 422 3769 514 teternum

2174 543 2343 615 (Psat.
2372 560 2444 611 ιχ,
2478 543 2593 614 6-9)
2632 562 2645 598 :
2686 544 2785 599 hoc
2810 545 3021 599 occulte
3049 546 3241 618 agitur.
3280 544 3348 603 In
3389 549 3473 605 die
3504 564 3633 623 ergo
3674 553 3767 607 ira:

2172 652 2279 690 sua:
2310 636 2657 705 conquassavit
2683 652 2841 707 reges.
2882 633 3142 691 Judicabit
3169 639 3222 693 in
3248 640 3493 711 gentibus.
3526 641 3766 710 Quomo-

2173 729 2285 783 do?
2314 728 2451 783 Audi
2484 728 2624 798 quod
2651 728 2890 799 sequitur
2922 747 2934 782 :
2978 726 3207 800 Reptebit
3250 732 3443 787 ruinas.
3490 733 3649 791 Modo
3690 737 3770 793 sic

2168 819 2371 891 judicat
2393 820 2444 874 in
2470 820 2736 891 gentibus,
2767 828 2825 875 ut
2845 819 3053 892 repleat
3079 822 3258 877 ruinas
3285 840 3297 876 :
3324 839 3448 879 nam
3469 828 3686 896 quando
3711 830 3768 884 in

2173 912 2281 969 ﬁne
2315 912 2671 983 judicaverit,
2716 912 2990 968 damnabit
3028 914 3229 992 ruinas.
3274 914 3510 986 Replebit
3550 920 3769 976 ruinas:

2174 1020 2307 1078 quas
2336 1007 2554 1062 ruinas?
2583 1006 2834 1078 Quisquis
2857 1023 2887 1062 a
2911 1007 3131 1065 nomine
3150 1008 3268 1079 ejus
3289 1010 3546 1079 timuerit,
3569 1014 3768 1072 cadet:

2175 1116 2294 1156 cum
2343 1099 2616 1169 ceciderit,
2668 1109 2940 1157 evertetur
2992 1102 3135 1173 quod
3177 1111 3312 1172 erat,
3361 1113 3422 1160 ut
3462 1106 3771 1166 aedificetur

2174 1194 2316 1267 quod
2356 1210 2461 1252 non
2488 1204 2620 1251 erat.
2644 1195 2905 1251 Judieabit
2937 1197 2990 1251 in
3027 1198 3277 1267 gentibus,
3316 1200 3523 1273 replebrt
3567 1202 3767 1260 ruinas.

2175 1288 2426 1361 Quisquis
2450 1296 2733 1344 contumax
2781 1302 2840 1344 es
2880 1290 2933 1343 in
2962 1288 3256 1357 Christum,
3287 1305 3532 1348 casuram
3565 1303 3770 1352 turrem

2178 1381 2229 1434 in
2260 1381 2425 1435 altum
2454 1381 2693 1437 erexisti.
2730 1382 2937 1436 Bonum
2959 1389 3042 1437 est
3071 1391 3128 1437 ut
3148 1383 3375 1453 teipsum
3400 1384 3645 1455 dejicias,
3668 1388 3769 1444 hu-

2180 1471 2318 1525 milis
2360 1471 2620 1537 reddaris,
2652 1472 2888 1527 sedentis
2932 1472 2999 1527 ad
3027 1472 3302 1528 dexteram
3344 1476 3516 1531 Patris
3544 1478 3771 1546 pedibus

2179 1561 2528 1631 provolvaris,
2561 1571 2617 1616 ut
2658 1563 2749 1617 tiat
2788 1564 2840 1618 in
2884 1572 2936 1618 te
2962 1565 3113 1618 ruina
3143 1567 3521 1621 construenda.
3563 1566 3695 1624 Nam
3724 1572 3771 1628 si

2178 1667 2458 1722 permanes
2482 1654 2535 1708 in
2576 1654 2715 1708 mala
2746 1655 3044 1722 altitudine,
3076 1663 3205 1711 tunc
3229 1655 3520 1728 dejicieris,
3553 1663 3770 1730 quando

2179 1759 2285 1799 non
2313 1744 2682 1802 :edillcaberis.
2723 1747 2935 1803 Etenim
2962 1747 3030 1802 de
3055 1747 3250 1803 talibus
3273 1749 3401 1803 dicit
3429 1750 3482 1804 in
3514 1752 3622 1807 alio
3650 1754 3770 1809 loco

2176 1836 2468 1907 Scriptura,
2484 1836 2699 1893 Destrue
2714 1854 2817 1902 eos,
2843 1848 2890 1893 et
2906 1856 3006 1893 non
3020 1839 3296 1907 aediﬁcatus
3312 1856 3395 1895 eos
3412 1840 3580 1911 (Psat.
3598 1858 3766 1911 nm,

2176 1932 2254 1994 ὅ).
2303 1931 2497 1986 Procul
2527 1932 2688 1988 dubio
2716 1948 2822 1988 non
2851 1932 3051 1989 diceret
3080 1932 3149 1989 de
3177 1933 3517 2005 quibusdam,
3551 1933 3770 1993 Destrue

2177 2039 2279 2089 eos,
2310 2032 2355 2078 et
2376 2039 2476 2078 non
2495 2025 2773 2095 mdificabis
2789 2041 2907 2090 eos;
2933 2026 3032 2080 nisi
3062 2026 3319 2095 quosdam
3348 2028 3419 2079 ita
3442 2026 3766 2096 destrueret,

2178 2128 2235 2173 ut
2260 2118 2570 2175 :edilicaret.
2599 2120 2751 2188 Quod
2800 2121 2858 2174 iit
2901 2121 3002 2175 hoc
3051 2129 3312 2192 tempore,
3350 2136 3471 2175 cum
3519 2123 3769 2181 Christus

2177 2211 2229 2264 in
2260 2210 2505 2281 gentibus
2534 2211 2604 2266 ita
2629 2212 2851 2281 judicat,
2877 2220 2936 2267 ut
2966 2212 3169 2283 repleat
3209 2213 3411 2268 ruinas.
3442 2214 3768 2284 Conquassa-

2174 2304 2244 2358 bit
2270 2304 2438 2375 capita
2467 2321 2619 2375 super
2662 2314 2846 2359 terram
2891 2306 3067 2360 multa.
3112 2305 3227 2371 Hic,
3274 2321 3425 2375 super
3462 2317 3668 2374 terram,
3712 2309 3769 2365 in

2179 2396 2278 2453 hac
2306 2399 2431 2463 vita,
2465 2399 2816 2470 conquassabit
2844 2400 3013 2471 capita
3055 2398 3234 2454 multa.
3270 2399 3345 2453 De
3380 2400 3624 2469 superbis
3668 2401 3770 2457 hu-

2176 2490 2329 2545 miles
2367 2490 2491 2545 l'acit
2520 2508 2532 2544 :
2566 2499 2619 2546 et
2649 2490 2821 2546 audeo
2846 2490 3049 2556 dicere,
3101 2490 3292 2546 fratres
3342 2492 3470 2555 mei,
3519 2493 3645 2547 utile
3686 2501 3770 2548 est

2176 2585 2347 2654 capite
2377 2592 2626 2654 quassato
2657 2583 2742 2638 hic
2774 2582 3045 2637 humiliter
3088 2583 3380 2649 ambulare,
3410 2598 3567 2652 quam
3593 2586 3768 2653 capite

2176 2685 2357 2731 erecto
2377 2676 2429 2731 in
2456 2676 2710 2746 judicium
2738 2686 2953 2731 teternai
2984 2676 3174 2730 mortis
3203 2675 3464 2730 incidere.
3491 2676 3653 2731 Multa
3677 2692 3769 2733 ca-

2177 2771 2283 2840 pita
2313 2769 2687 2840 conquassabit
2712 2770 2893 2825 ruinas
2919 2768 3186 2835 faciendo,
3219 2768 3314 2824 sed
3339 2768 3599 2839 replenda
3633 2770 3768 2825 aedi.-

2177 2861 2378 2917 licabit.

2243 2954 2333 3009 20.
2361 2952 2512 3025 [vers.
2545 2952 2623 3027 7.]
2644 2951 2725 3007 De
2753 2962 2970 3007 torrente
2989 2953 3040 3005 in
3060 2954 3139 3005 via
3160 2952 3324 3016 bibet;
3346 2962 3609 3024 propterea
3628 2954 3770 3010 exal-

2175 3046 2296 3101 tabit
2320 3055 2489 3117 caput.
2522 3044 2811 3100 Videamus
2830 3052 2885 3098 et
2916 3046 2965 3098 in
2994 3044 3076 3098 via
3104 3044 3376 3099 bibentem
3406 3044 3473 3099 de
3504 3054 3766 3102 torrente.

2173 3139 2351 3194 Primo
2369 3139 2485 3209 quis
2499 3147 2580 3192 est
2602 3138 2845 3192 torrens?
2860 3135 3126 3190 Proﬂuxio
3143 3138 3480 3191 mortalitatis
3499 3138 3766 3195 humanm.

2171 3231 2468 3286 Sicutenim
2482 3239 2689 3284 torrens
2702 3228 3017 3299 pluvialibus
3027 3228 3178 3297 aquis
3194 3228 3575 3298 colligitur,retl
3584 3230 3765 3298 undat,

2173 3322 2478 3394 perstrepit,
2509 3322 2698 3387 currit,
2723 3330 2776 3377 et
2790 3320 3051 3376 currendo
3078 3319 3329 3386 decurrit,
3356 3320 3404 3375 id
3432 3330 3533 3387 est,
3552 3338 3768 3378 cursum

2175 3415 2286 3469 linit
2304 3431 2317 3481 ;
2336 3415 2412 3469 sic
2444 3422 2524 3469 est
2550 3414 2724 3467 annuis
2750 3414 2847 3467 iste
2868 3427 3054 3467 cursus
3077 3412 3430 3466 mortalitatis.
3468 3412 3770 3471 Nascuntur

2174 3506 2434 3571 homines;
2460 3507 2660 3570 vivitn‘t,
2679 3506 3011 3569 moriuntur;
3040 3513 3112 3566 et,
3141 3504 3258 3559 aliis
3286 3504 3652 3567 morientibus,
3677 3504 3771 3563 alii

2172 3607 2481 3667 nascuntur,
2500 3612 2808 3668 rursusque,
2838 3598 2941 3651 illis
2969 3595 3338 3661 morientibus,
3370 3596 3455 3649 alii
3482 3597 3725 3651 oriuntur
3749 3614 3769 3652 :

2172 3692 2496 3758 succedunt,
2526 3689 2813 3755 accedunt,
2843 3690 3125 3756 decedunt,
3159 3706 3258 3745 nec
3286 3691 3598 3744 manebunt.
3629 3690 3772 3757 Quid

2172 3782 2258 3839 hic
2284 3784 2522 3839 tenetur?
2552 3782 2677 3854 quid
2698 3796 2801 3838 non
2833 3784 3030 3837 currit?
3058 3782 3183 3853 quid
3211 3798 3315 3836 non
3332 3783 3480 3852 quasi
3502 3782 3569 3837 de
3591 3784 3770 3851 pluvia

2171 3876 2451 3931 collectum
2482 3876 2522 3929 it
2561 3876 2613 3929 in
2640 3875 2924 3947 abyssum?
2950 3873 3226 3941 Quomodo
3269 3874 3409 3927 enim
3451 3872 3643 3929 ﬂuvius
3673 3890 3768 3930 re-

2173 3978 2331 4039 pente
2378 3969 2632 4024 collectus
2667 3968 2734 4023 de
2776 3967 2952 4038 pluvia
2977 4008 2991 4031 ,
3023 3965 3089 4019 de
3128 3966 3292 4035 guttis
3341 3965 3618 4029 imbrium,
3649 3968 3687 4020 it
3711 3968 3769 4025 in

2172 4076 2340 4127 mare,
2368 4076 2466 4115 nec
2492 4068 2746 4135 apparet;
2773 4073 2871 4112 nec
2898 4056 3208 4126 apparebat,
3239 4065 3523 4126 antequam
3554 4057 3621 4111 de
3649 4059 3769 4127 plu-

2172 4154 2256 4209 via
2280 4153 2657 4223 colligeretur:
2681 4150 2759 4205 sic
2789 4150 2890 4204 hoc
2918 4163 3086 4219 genus
3112 4148 3403 4203 humanum
3438 4147 3505 4203 de
3536 4149 3765 4206 occultis

2172 4247 2456 4318 colligitur,
2483 4253 2537 4301 et
2568 4243 2802 4315 proﬂuit;
2826 4251 2998 4297 morte
3022 4255 3233 4296 rursum
3267 4242 3318 4296 in
3345 4242 3611 4297 occultum
3645 4259 3768 4314 per.

2172 4342 2277 4414 git;
2324 4339 2552 4395 medium
2598 4338 2700 4394 hoc
2739 4346 2929 4403 sonat,
2962 4345 3016 4391 et
3041 4337 3252 4391 transit.
3285 4333 3361 4392 De
3389 4336 3493 4391 hoc
3524 4332 3766 4397 torrente

2172 4435 2304 4491 bibit
2326 4435 2449 4499 ille;
2479 4448 2584 4488 non
2614 4442 2696 4486 est
2720 4430 3037 4501 dedignatus
3062 4429 3244 4486 bibere
3269 4430 3337 4485 de
3367 4429 3469 4485 hoc
3497 4439 3759 4489 torrente.

2174 4529 2363 4585 Bibere
2397 4528 2537 4581 enim
2576 4526 2644 4581 de
2670 4525 2772 4580 hoc
2800 4531 3034 4579 torrente
3055 4564 3069 4587 ,
3096 4522 3175 4577 illi
3201 4531 3317 4577 erat
3348 4523 3493 4577 nasci
3519 4532 3573 4579 et
3602 4524 3762 4579 mori.

2178 4621 2286 4677 iloc
2312 4619 2474 4675 habet
2494 4627 2707 4673 torrens
2728 4618 2846 4681 iste,
2872 4615 3199 4670 nativitatem
3220 4624 3272 4669 et
3296 4622 3519 4669 mortem
3546 4630 3766 4671 εευεοθτ

2174 4714 2249 4783 pit
2274 4713 2409 4766 hanc
2435 4710 2715 4775 Christus;
2748 4717 2901 4763 natus
2923 4714 3025 4771 est,
3055 4712 3298 4761 mortuus
3325 4713 3407 4759 est
3435 4722 3448 4757 :
3474 4706 3545 4757 ita
3570 4705 3632 4757 de
3657 4715 3765 4759 tor-

2171 4814 2308 4860 rente
2332 4805 2385 4856 in
2413 4803 2493 4855 via
2533 4800 2686 4857 bibit.
2719 4798 3006 4855 Exsultavit
3030 4798 3179 4853 enim
3206 4796 3333 4849 sicut
3358 4795 3502 4865 gigas
3538 4794 3607 4847 ad
3645 4812 3765 4849 cur-

2172 4896 2379 4950 rendum
2406 4896 2533 4948 viam
2560 4896 2577 4966 (
2604 4892 2748 4947 Psal.
2778 4905 2903 4947 xvm
2925 4932 2938 4957 ,
2964 4890 2997 4945 6
3023 4891 3060 4960 ).
3085 4886 3167 4942 De
3194 4896 3414 4941 torrente
3449 4901 3576 4957 ergo
3605 4888 3657 4940 in
3683 4889 3767 4942 via

2173 4987 2340 5052 bibit;
2371 4986 2489 5056 quia
2531 4986 2583 5038 in
2622 4984 2703 5037 via
2744 4990 3068 5052 peccatorum
3106 4994 3208 5032 non
3234 4978 3370 5031 stetit
3393 4975 3570 5048 (Psal.
3599 4993 3616 5030 ι
3644 5018 3657 5040 ,
3686 4976 3761 5049 1).

2172 5079 2302 5147 Quia
2339 5094 2465 5149 ergo
2493 5078 2555 5130 de
2585 5083 2803 5129 torrente
2829 5080 2882 5126 tn
2908 5073 2987 5127 via
3018 5068 3181 5135 bibit;
3216 5077 3481 5138 propterea
3509 5068 3768 5124 cxaltavit

2171 5177 2318 5238 caput
2342 5169 2425 5223 :id
2446 5176 2547 5232 est,
2566 5165 2687 5237 quia
2709 5162 3017 5218 humiliatus
3031 5167 3134 5227 est,
3157 5177 3178 5211 ι
3202 5166 3257 5213 et
3282 5157 3452 5215 factus
3478 5166 3559 5214 est
3584 5158 3769 5214 subdi-

2172 5270 2442 5331 tus'usque
2455 5258 2521 5314 ad
2544 5266 2788 5320 mortem,
2811 5261 3035 5308 mortem
3055 5260 3232 5309 autem
3265 5252 3459 5317 crucis;
3483 5261 3764 5323 propterea

2172 5370 2290 5410 eum
2321 5355 2461 5409 Deus
2494 5348 2746 5408 exaltavit
2778 5363 2807 5402 a
2853 5346 3111 5413 mortuis,
3136 5355 3193 5403 et
3232 5346 3449 5402 donavit
3476 5346 3523 5402 ei
3569 5362 3765 5402 nomen

2170 5447 2311 5519 quod
2340 5453 2421 5502 est
2445 5459 2604 5513 super
2632 5457 2791 5497 omne
2816 5455 3008 5496 nomen
3031 5481 3046 5507 ,
3077 5449 3136 5495 ut
3162 5440 3213 5494 in
3244 5441 3458 5495 nomine
3486 5438 3613 5495 Jesu
3645 5452 3761 5493 om-

2173 5557 2239 5597 ne
2267 5554 2404 5611 genu
2436 5536 2677 5593 ﬂectatur
2699 5577 2713 5604 ,
2746 5535 3046 5592 caelestium
3069 5575 3086 5604 ,
3111 5536 3442 5591 terrestrium
3472 5576 3486 5599 ,
3516 5540 3571 5588 et
3596 5531 3761 5587 infer-

2173 5648 2400 5697 norum,
2448 5638 2503 5685 et
2552 5628 2725 5684 omnis
2776 5628 2951 5697 lingua
3003 5624 3361 5689 conﬁteatur,
3408 5625 3529 5694 quia
3573 5622 3759 5681 Domi-

2172 5741 2269 5780 nus
2296 5723 2451 5778 Jesus
2474 5720 2719 5778 Christus
2750 5720 2801 5775 in
2833 5717 3000 5791 gloria
3028 5723 3111 5773 est
3147 5716 3239 5771 Dei
3282 5714 3453 5771 Patris
3482 5712 3763 5789 (Philipp.

2172 5838 2229 5886 ll,
2258 5817 2438 5890 8-H).
