4188 6466
1643 293 1701 351 S.
1743 289 2110 351 AUGUSTINI
2147 290 2452 351 EPISCOPI
2632 328 2633 331 η
3636 301 3811 364 1484

2176 424 2362 466 amore
2390 410 2482 467 Dei
2510 411 2762 484 populum
2784 454 2800 480 ,
2824 412 3032 471 scilicet
3053 426 3247 487 corpus
3277 414 3494 485 Christi,
3522 419 3592 477 ab
3627 419 3813 478 omni

2178 501 2319 557 malo
2347 502 2645 559 liberatum.

2248 596 2303 650 2.
2332 594 2483 670 [vers.
2532 595 2611 671 6.]
2637 596 2925 668 Confitebor
2951 600 3060 667 tibi,
3089 601 3281 675 inquit,
3316 602 3561 671 Domine,
3588 606 3660 661 in
3687 614 3816 661 toto

2178 688 2329 742 corde
2354 704 2484 745 meo.
2512 687 2629 744 Non
2655 706 2868 761 semper
2895 691 3162 749 confessio
3189 704 3528 764 peccatorum
3548 709 3671 765 est,
3699 697 3817 755 sed

2177 790 2231 836 et
2267 780 2380 837 laus
2429 782 2521 838 Dei
2563 782 2850 841 devotione
2893 788 3247 843 confessionis
3294 791 3663 862 expromitur.
3700 792 3819 849 Illa

2177 872 2351 945 luget,
2381 874 2495 930 haec
2522 875 2745 947 gaudet;
2773 878 3103 951 illamedioo
3135 883 3330 940 vulnus
3358 887 3638 954 ostendit,
3676 886 3821 949 haec

475 306 615 367 “63

484 430 2047 460 ΜΨ.-

926 494 1010 557 IN
1050 487 1433 555 PSALMUM
1474 486 1587 549 CX

1068 590 1200 648 ENA
1212 587 1488 644 RItATlO.

1118 697 1291 739 ssauo
1321 679 1419 753 (a).

516 808 599 863 ,1.
642 805 914 859 Venerunt
965 798 1079 854 dies
1126 806 1185 852 ut
1229 804 1507 852 cantemus
1548 793 1777 850 Alleluia
1824 811 1838 849 ε
1887 794 2070 852 adeste

474 898 653 952 animo
678 936 689 959 ,
721 893 913 947 fratres
937 934 951 954 ,
977 889 1043 945 ad
1072 886 1410 960 percipienda
1443 902 1563 958 quae
1592 885 1847 941 Dominus
1876 900 2069 956 sugge-

476 990 547 1044 rit
571 987 636 1041 ad
662 984 1085 1040 exhortationem
1109 991 1368 1046 nostram,
1400 988 1454 1036 et
1474 977 1807 1035 nutriendam
1834 977 2070 1033 cbarita-

475 1090 603 1144 tem,
635 1096 735 1149 qua
764 1077 918 1133 nobis
949 1076 1212 1131 inhaerere
1242 1075 1353 1130 Deo
1378 1074 1574 1129 bonum
1602 1082 1704 1129 est.
1735 1071 1935 1128 Adeste
1955 1072 2071 1127 ani-

474 1190 564 1231 mn
593 1181 896 1227 cantaturos
922 1170 1045 1225 boni
1071 1210 1086 1232 ,
1120 1167 1211 1224 lilii
1235 1168 1408 1224 laudis
1433 1176 1487 1223 et
1511 1167 1695 1238 gloria:
1731 1168 2071 1237 sempiterna:

473 1265 588 1319 veri
617 1272 669 1318 et
697 1261 988 1331 incorrupti
1022 1260 1134 1315 Dei.
1164 1259 1362 1315 Adeste
1393 1258 1601 1322 intenti,
1630 1257 1717 1328 qui
1750 1258 1920 1312 nosﬁs
1945 1273 2072 1313 can-

477 1365 590 1411 tare
638 1364 692 1410 et
738 1355 964 1423 psallere
992 1353 1043 1407 in
1083 1350 1335 1406 cordibus
1363 1349 1554 1405 vestris
1582 1349 1808 1403 Domino
1830 1391 1844 1414 ,
1874 1348 2073 1419 gratias

476 1462 688 1516 semper
707 1456 923 1517 agentes
950 1444 1000 1499 in
1024 1443 1269 1498 omnibus
1301 1440 1584 1513 (Ephes.v,
1615 1441 1816 1512 19,20)
1852 1452 1939 1496 :et
1960 1442 2073 1497 lau-

475 1538 596 1592 date
624 1537 786 1590 Deum
814 1552 828 1600 ;
863 1535 963 1590 hoc
986 1542 1067 1589 est
1092 1534 1233 1588 enim
1262 1532 1510 1588 Alleluia.
1543 1532 1609 1587 Et
1638 1532 1689 1587 hi
1715 1532 1929 1604 quidem
1956 1532 2074 1589 dies

474 1628 696 1684 veniunt
717 1626 1010 1689 transituri,
1033 1634 1417 1696 transeuntque
1438 1624 1670 1691 venturi,
1695 1633 1747 1678 et
1773 1624 2075 1696 significant

474 1724 615 1779 diem
636 1723 725 1793 qui
753 1736 860 1776 non
887 1721 1031 1776 venit
1058 1728 1113 1775 ct
1140 1720 1351 1786 transit,
1374 1719 1497 1789 quia
1522 1732 1621 1774 nec
1647 1718 1895 1775 hesterno
1920 1718 2077 1789 praei-

476 1825 564 1871 tur
604 1824 661 1870 ut
687 1814 907 1880 veniat,
939 1828 1039 1869 nec
1066 1813 1302 1867 crastino
1347 1820 1565 1882 urgetur
1609 1819 1665 1865 ut
1708 1819 1961 1865 transeat.
1991 1810 2074 1865 Ad

474 1921 633 1978 quem
661 1921 791 1963 sane
820 1920 916 1960 nos
941 1920 1062 1959 cum
1081 1905 1407 1969 venerimus,
1429 1902 1749 1957 inhaerentes
1778 1903 1827 1958 ei
1857 1917 1955 1957 nec
1978 1918 2074 1958 nos

474 1998 821 2055 transibimus
838 2016 849 2051 :
870 2003 925 2052 et
939 1996 1072 2050 sicut
1090 1995 1320 2066 quodam
1338 1994 1455 2049 loco
1470 1994 1678 2048 canitur
1696 1994 1823 2059 Deo,
1833 1992 1975 2047 Beati
1989 1993 2077 2065 qui

476 2093 704 2147 habitant
719 2092 773 2145 in
800 2091 950 2145 domo
981 2098 1065 2143 tua
1089 2090 1176 2143 :in
1200 2089 1390 2144 stecula
1410 2088 1709 2142 saeculorum
1730 2088 2007 2142 laudabunt
2029 2097 2076 2143 te

475 2184 648 2257 (Psal.
666 2199 888 2250 Lxxxnt,
903 2181 1091 2253 5);hoc
1102 2183 1202 2237 erit
1218 2182 1509 2236 otiosorum
1529 2180 1927 2252 negotium,hoc
1942 2196 2076 2251 opus

474 2276 798 2344 vacantium,
824 2276 937 2330 haec
954 2276 1091 2331 actio
1117 2274 1438 2345 quictorum,
1466 2273 1579 2328 haec
1598 2289 1723 2329 cura
1742 2289 2071 2330 securorum.

476 2372 626 2428 Sicut
654 2371 795 2426 enim
826 2370 942 2426 dies
969 2370 1054 2424 isti
1088 2368 1369 2439 praeteritis
1394 2367 1583 2423 diebus
1603 2366 2036 2439 Quadragesimae
2056 2411 2070 2436 ,

475 2465 669 2536 quibus
713 2472 837 2519 ante
886 2462 1332 2517 resurrectionem
1379 2458 1642 2515 Dominici
1686 2461 1927 2532 corporis
1952 2461 2075 2517 vitae

474 2559 636 2630 hujus
664 2557 990 2629 significatur
1018 2571 1216 2611 maeror
1244 2597 1258 2621 ,
1287 2554 1600 2609 solemnitcr
1624 2562 1770 2625 grata
1808 2554 2076 2611 hilaritate

476 2651 769 2707 succedunt
796 2669 809 2705 :
834 2650 911 2705 sic
928 2648 1044 2705 dies
1075 2648 1162 2704 ille
1187 2649 1274 2719 qui
1302 2656 1423 2719 post
1447 2648 1896 2704 resurrectionem
1919 2648 2074 2704 dabi-

477 2756 564 2799 tur
593 2742 831 2814 plenario
847 2748 1057 2812 corporl
1082 2742 1310 2807 Domini,
1337 2741 1438 2796 hoc
1460 2750 1543 2796 est
1569 2749 1765 2797 sancta:
1793 2741 2072 2810 Ecclesire,

477 2836 684 2891 cunctis
712 2836 834 2889 vitae
865 2832 1021 2903 hujus
1051 2833 1303 2887 aerumnis
1328 2841 1487 2903 atque
1516 2832 1792 2890 doloribus
1820 2833 2072 2903 exclusis,

472 2935 734 2998 perpetua
762 2926 1017 2981 beatitate
1036 2924 1306 2979 succedet.
1340 2924 1466 2979 llzec
1489 2934 1665 2980 autem
1692 2925 1802 2980 vita
1828 2925 1895 2981 de
1922 2925 2078 2981 nobis

476 3019 637 3090 exigit
652 3017 1052 3084 continentiam,
1069 3025 1129 3072 ut
1149 3016 1307 3073 etiam
1326 3030 1449 3072 cum
1462 3016 1645 3072 labore
1658 3025 1816 3088 atque
1836 3016 2080 3073 luctami-

475 3126 547 3167 ne
564 3109 973 3180 ingemiscentes
987 3108 1209 3180 gravati,
1228 3115 1283 3164 et
1304 3107 1661 3164 habitaculum
1674 3116 1913 3163 nostrum
1936 3109 2078 3179 quod

478 3203 546 3259 dc
572 3204 708 3259 caelo
736 3211 819 3259 est
839 3200 1148 3272 superindui
1170 3201 1446 3271 cupientes
1478 3199 1545 3273 (ll
1568 3200 1687 3256 Cor.
1719 3216 1773 3269 v,
1800 3200 1857 3273 2)
1877 3243 1893 3270 ,
1920 3217 1949 3254 a
1971 3216 2077 3258 sa:-

477 3294 748 3350 cularibus
773 3292 1215 3349 delectationibus
1241 3299 1603 3363 temperemus
1631 3307 1647 3345 :
1674 3299 1725 3347 et
1747 3291 2079 3363 significatur

479 3386 903 3456 quadragenario
923 3398 1166 3450 numero,
1194 3398 1300 3453 quo
1322 3392 1375 3439 et
1396 3382 1605 3456 Moyses
1625 3390 1679 3439 et
1702 3382 1851 3438 Elias
1880 3392 1934 3439 et
1964 3384 2078 3455 ipse

484 3478 741 3531 Dominus
765 3476 1076 3546 jejunarunt
1102 3474 1299 3548 (Exod.
1327 3491 1492 3530 xxxrv
1511 3517 1527 3543 ,
1558 3475 1665 3542 28;
1700 3475 1766 3531 Ill
1794 3477 1924 3548 Reg.
1950 3493 2072 3544 χιι,

479 3569 533 3632 8;
566 3567 748 3621 Matth.
778 3582 829 3621 ιν
849 3608 865 3635 ,
896 3567 976 3637 2).
1005 3567 1317 3637 Praecipitur
1354 3567 1495 3621 enim
1530 3566 1683 3622 nobis
1711 3576 1764 3622 et
1789 3582 1856 3623 ex
1884 3566 2026 3639 Lege
2057 3610 2074 3637 ,

480 3672 535 3717 et
562 3678 626 3716 ex
656 3659 958 3730 Prophetis,
990 3668 1044 3715 et
1066 3675 1131 3715 ex
1161 3659 1278 3729 ipso
1309 3658 1602 3729 Evangelio
1630 3658 1799 3729 (quod
1831 3658 2077 3715 testimo-

480 3758 624 3810 nium
654 3754 812 3811 habet
832 3771 863 3810 a
888 3755 1031 3824 Lege
1059 3762 1113 3809 et
1139 3752 1447 3823 Pr0phetis;
1467 3751 1608 3807 unde
1633 3751 1868 3807 etiamin
1894 3759 2078 3807 monte

2178 964 2245 1020 de
2286 966 2513 1022 sanitate
2535 969 2734 1039 gratias
2760 971 2889 1042 agit.
2922 972 3050 1029 Haec
3087 974 3356 1034 confessio
3382 980 3695 1049 quemdam
3726 981 3821 1036 si-

2176 1058 2412 1130 gniﬁcat,
2438 1074 2545 1115 non
2567 1061 2738 1116 solum
2764 1063 2832 1118 ab
2857 1064 3001 1119 omni
3020 1065 3161 1122 malo
3177 1067 3481 1139 liberatum,
3500 1071 3601 1129 sed
3622 1072 3821 1129 etiam

2177 1163 2208 1203 a
2248 1151 2493 1220 malignis
2546 1152 2794 1209 omnibus
2838 1167 3163 1227 separatum.
3212 1160 3275 1216 Et
3321 1161 3442 1218 ideo
3496 1165 3824 1222 videamus

2180 1240 2268 1295 ubi
2306 1244 2621 1298 confiteatur
2660 1245 2886 1301 Domino
2932 1248 2984 1304 in
3034 1258 3145 1306 toto
3189 1253 3370 1310 corde.
3411 1254 3480 1310 In
3527 1258 3821 1327 consitio,

2179 1332 2378 1404 inquit,
2408 1346 2655 1389 rectorum
2680 1378 2694 1402 ,
2718 1347 2764 1391 et
2803 1343 3185 1412 congregatione
3212 1360 3230 1398 :
3255 1347 3415 1402 credo
3440 1390 3457 1416 ,
3478 1351 3575 1421 qui
3624 1350 3825 1407 sede-

2179 1422 2310 1479 bunt
2353 1440 2515 1496 super
2552 1427 2831 1485 duodecim
2866 1431 3110 1503 thronos,
3152 1436 3454 1505 judicantes
3492 1441 3825 1500 duodecim

2180 1517 2347 1573 tribus
2384 1517 2546 1574 Israel
2575 1520 2784 1592 (Matth.
2818 1540 2913 1578 x1x
2937 1566 2953 1593 ,
2984 1525 3096 1598 28).
3128 1528 3308 1584 Nullus
3337 1533 3477 1588 enim
3495 1534 3620 1605 jam
3658 1536 3827 1594 inter

2180 1624 2273 1666 eos
2316 1611 2563 1682 iniquus,
2620 1615 2817 1671 nullius
2851 1616 3000 1673 Judrc
3042 1618 3178 1676 furta
3233 1623 3528 1682 tolerantur
3557 1670 3573 1695 ,
3610 1630 3829 1688 nullus

2180 1702 2366 1759 Simon
2419 1721 2601 1777 magus
2650 1708 2973 1779 baptizatur,
3016 1712 3272 1784 Spiritum
3322 1720 3505 1777 volens
3559 1740 3822 1796 emere,

2179 1796 2305 1852 dum
2338 1799 2533 1869 cogitat
2574 1799 2807 1857 vendere
2853 1802 2993 1873 (Act.
3024 1822 3118 1862 vnt
3143 1848 3159 1875 ,
3192 1810 3287 1875 15,
3320 1812 3422 1881 18,
3450 1816 3582 1885 l9);
3616 1819 3829 1878 nullus

2182 1889 2482 1946 Alexander
2515 1893 2737 1949 aerarius
2775 1895 2938 1951 multa
2982 1900 3121 1953 mala
3159 1903 3395 1959 ostendit
3419 1906 3487 1975 (ll
3517 1907 3678 1965 Tim.
3716 1928 3779 1967 tv
3803 1952 3824 1980 ,

2184 1980 2294 2053 14),
2320 1983 2497 2037 nullus
2527 1985 2681 2039 ovina
2712 1988 2849 2057 pelle
2877 1996 3048 2046 tectus
3072 1991 3205 2048 falsa
3228 1993 3569 2057 fraternitate
3598 2002 3826 2061 subre-

2181 2168 2365 2239 quales
2381 2178 2507 2227 tunc
2530 2182 2761 2243 oportet,
2787 2191 2910 2232 cum
2932 2180 3263 2251 omnesjusti
3291 2189 3823 2260 congregabuntur,

2182 2261 2445 2318 excludat.
2476 2263 2603 2321 Haec
2629 2276 2753 2322 sunt
2792 2285 2976 2341 magna
3004 2288 3161 2343 Opera
3184 2273 3426 2347 Domini,
3453 2283 3738 2353 exquisita
3765 2285 3826 2341 in

2182 2370 2353 2409 omnes
2400 2357 2677 2414 voluntates
2719 2362 2830 2433 ejus
2860 2378 2879 2417 :
2908 2378 3004 2434 per
3029 2382 3160 2437 quas
3187 2370 3392 2426 nullum
3431 2376 3824 2435 confitentem

2182 2445 2394 2504 deserat
2428 2451 2791 2508 misericordia
2818 2496 2832 2522 ,
2863 2456 3059 2513 nullius
3088 2460 3158 2515 sit
3193 2462 3442 2533 iniquitas
3476 2466 3822 2538 impunita;

2181 2540 2394 2637 quando
2441 2542 2671 2615 flagellat
2716 2548 2876 2604 etiam
2921 2566 3135 2609 omnem
3170 2555 3339 2613 filium
3388 2574 3544 2630 quem
3597 2566 3824 2637 recipit

2183 2633 2369 2705 (Hebr.
2393 2653 2465 2693 xu
2487 2681 2502 2706 ,
2533 2640 2614 2711 6).
2642 2640 2745 2697 Sed
2776 2643 2820 2698 si
2844 2644 3019 2715 justus
3044 2649 3131 2703 vix
3159 2650 3414 2718 salvatur,
3440 2633 3823 2724 peccator-vet

2183 2725 2378 2796 impius
2400 2729 2484 2785 ubi
2512 2732 2774 2801 parebunt
2798 2733 2845 2804 (Ι
2864 2735 3006 2791 Petr.
3040 2754 3112 2807 tv,
3141 2740 3270 2812 l8)?
3298 2743 3469 2815 Eligat
3490 2747 3599 2803 sibi
3626 2748 3821 2808 homo

2183 2819 2455 2889 quodlibet
2495 2839 2507 2874 :
2548 2838 2651 2878 non
2681 2825 2759 2880 sic
2783 2827 3065 2883 constituta
3096 2841 3223 2886 sunt
3251 2848 3413 2905 opera
3440 2836 3720 2907 Domini,
3755 2854 3821 2900 ut

2183 2922 2425 2969 creatura
2456 2914 2509 2969 in
2536 2915 2755 2974 arbitrio
2781 2918 2950 2975 libero
2972 2924 3279 2991 constituta,
3311 2925 3593 2987 Creatoris
3622 2948 3818 3005 supe-

2183 3018 2265 3062 ret
2290 3009 2864 3077 voluntatem,etiamsi
2890 3023 3074 3071 contra
3100 3016 3218 3087 ejus
3242 3017 3404 3076 faciat
3424 3022 3814 3089 voluntatem.

2183 3099 2298 3156 Non
2336 3102 2449 3157 vult
2496 3103 2637 3159 Deus
2681 3113 2739 3159 ut
2783 3121 3009 3177 pecces;
3039 3124 3161 3165 nam
3203 3112 3453 3182 prohibet
3483 3133 3498 3171 :
3526 3124 3735 3176 tamen
3765 3120 3817 3178 si

2186 3195 2512 3264 peccaveris,
2542 3212 2609 3253 ne
2637 3206 2789 3269 putes
2817 3200 3088 3258 hominem
3113 3202 3305 3263 fecisse
3328 3208 3468 3278 quod
3498 3211 3726 3282 voluit,
3754 3224 3817 3274 et

2185 3286 2296 3343 Deo
2334 3288 2591 3346 accidisse
2627 3292 2769 3362 quod
2811 3294 3003 3350 noluit.
3033 3294 3182 3352 Sicut
3220 3297 3363 3355 enim
3389 3301 3502 3357 vult
3528 3312 3592 3358 ut
3621 3303 3816 3365 homo

2184 3394 2290 3434 non
2324 3390 2529 3451 peccet,
2551 3382 2623 3438 ita
2644 3385 2757 3440 vult
2781 3388 3020 3456 peccanti
3052 3404 3290 3460 parcere,
3315 3400 3373 3447 ut
3398 3404 3728 3454 revertatur
3755 3409 3815 3458 et

2182 3470 2356 3538 vivat;
2390 3473 2460 3527 ita
2506 3474 2620 3531 vult
2665 3487 2938 3547 postremo
2982 3480 3035 3535 in
3082 3493 3301 3553 peccato
3345 3500 3813 3557 perseverantem

2183 3566 2371 3636 punire
2394 3609 2408 3634 ,
2437 3576 2494 3622 ut
2526 3568 2749 3638 justitiae
2780 3573 3066 3641 potentiam
3094 3586 3376 3634 contumax
3421 3596 3529 3653 nqn
3564 3586 3808 3642 evadat.

2183 3658 2258 3714 Ita
2305 3660 2559 3733 quidquid
2601 3663 2825 3736 elegeris
2855 3709 2870 3733 ,
2901 3667 3261 3739 Omnipotenti
3300 3687 3405 3729 non
3435 3674 3616 3732 deerit
3641 3679 3811 3738 unde

2183 3767 2332 3807 suam
2371 3753 2439 3809 de
2482 3763 2535 3811 te
2559 3758 2824 3827 compleat
2853 3760 3203 3818 voluntatem.
3235 3763 3427 3837 Magna
3454 3769 3600 3825 enim
3626 3788 3809 3843 opera

2182 2075 2295 2145 pit:
2329 2076 2468 2132 inter
2493 2078 2676 2148 quales
2705 2095 2847 2137 nunc
2873 2098 3095 2141 necesse
3127 2095 3208 2142 est
3237 2088 3469 2147 Ecclesia
3498 2105 3731 2166 gemat,
3764 2107 3826 2155 et
3930 2112 3935 2121 ‘

482 3850 622 3903 inter
662 3859 943 3918 utramque
982 3861 1268 3919 personam
1324 3845 1531 3901 medius
1573 3845 1823 3901 Salvator
1878 3844 2077 3901 effulsit

479 3940 692 4013 [Matt/i.
726 3956 836 3995 xvn
858 3982 871 4006 ,
905 3938 1014 4012 5]),
1048 3947 1105 3994 ut
1143 3938 1211 3994 ab
1239 3938 1486 3994 omnibus
1531 3936 1715 3993 mundi
1764 3936 2029 3993 illecebris
2054 3978 2071 4005 ,

476 4034 671 4104 quibus
691 4035 883 4104 captivi
902 4033 1143 4089 homines
1159 4032 1546 4089 obliviscuntur
1567 4033 1752 4099 Deum,
1769 4032 2074 4090 aviditatem

477 4137 715 4180 nostram
744 4135 989 4193 tanquam
1014 4124 1220 4194 jejunio
1262 4125 1629 4195 temperantia:
1657 4166 1672 4191 ,
1697 4125 2027 4181 refrenemus
2054 4141 2071 4193 ;

478 4216 731 4285 quantdiu
754 4216 1004 4284 perfectio
1023 4217 1267 4287 Decalogi
1291 4216 1467 4288 Legis,
1489 4226 1738 4288 tanquam
1761 4218 2073 4289 psalterium

477 4305 666 4360 decem
695 4305 1014 4360 chordarum
1035 4349 1049 4373 ,
1079 4322 1175 4376 per
1201 4318 1428 4378 quatuor
1456 4308 1695 4377 ejusdem
1728 4309 1910 4363 mundi
1945 4325 2072 4381 par-

481 4406 561 4452 tes
586 4438 600 4463 ,
632 4396 682 4451 id
722 4406 803 4450 est
828 4440 840 4460 ,
874 4406 983 4451 toto
1025 4398 1154 4453 orbe
1188 4398 1539 4468 praedicatur,
1572 4408 1632 4453 ut
1660 4399 1845 4456 decem
1885 4412 2075 4472 quater

480 4489 635 4547 ducta
680 4488 1158 4559 quadragenarium
1199 4506 1479 4545 numerum
1525 4491 1755 4562 signent.
1794 4492 2069 4564 Quinqua-

478 4582 697 4655 genario
749 4595 877 4636 vero
920 4596 1148 4637 numero
1174 4591 1295 4653 post
1322 4585 1770 4640 resurrectionem
1817 4585 2065 4656 Domini,

477 4689 584 4745 quo
611 4684 892 4731 cantamus
922 4672 1176 4739 Alleluia,
1206 4689 1313 4729 non
1340 4674 1616 4743 cujusdam
1667 4678 1921 4747 temporis
1949 4678 2068 4734 linis

477 4777 532 4822 et
558 4767 832 4831 transitus,
852 4766 948 4821 sed
979 4765 1132 4821 beata
1164 4767 1252 4821 illa
1277 4766 1606 4837 significatur
1631 4772 1919 4839 aeternitas;
1942 4773 2066 4843 quia

481 4859 733 4915 denarius
761 4858 974 4914 additus
999 4858 1453 4930 quadragenario,
1487 4860 1850 4919 laborantibus
1887 4865 1937 4919 in
1970 4865 2069 4922 hac

477 4956 584 5009 vita
628 4954 874 5010 fidelibus
894 4968 1103 5010 merces
1131 4954 1217 5009 illa
1247 4954 1593 5025 persolvitur,
1623 4971 1780 5027 quam
1802 4966 1857 5013 et
1881 4957 2068 5029 primis

476 5057 531 5102 et
562 5047 865 5102 novissimis
894 5045 1276 5118 paterfamilias
1307 5048 1621 5119 praeparavit
1638 5049 1919 5118 aequalem.
1950 5053 2065 5108 Au-

476 5141 685 5195 diamus
706 5142 883 5211 itaque
898 5141 1112 5212 plenum
1130 5142 1305 5197 divina
1329 5142 1485 5198 laude
1507 5150 1692 5213 pectus
1713 5144 1890 5214 populi
1912 5144 2003 5201 Dei
2022 5146 2060 5199 ¹.

479 5235 619 5289 Ecce
649 5243 900 5304 personat
934 5236 986 5290 in
1019 5236 1119 5290 hoc
1159 5236 1367 5307 psalmo
1396 5235 1679 5308 quemdam
1709 5238 2064 5295 exsultantem

476 5326 622 5384 felici
643 5325 1018 5396 exsultatione,
1037 5328 1341 5399 praetigurat
1359 5337 1413 5385 et
1428 5330 1803 5387 scaturientem
1825 5330 1989 5389 corde
2009 5331 2063 5388 in

535 5496 556 5565 ξ
589 5494 767 5565 Regius
779 5499 884 5565 Ms,
904 5491 1165 5565 Audiamus
1186 5494 1345 5565 itaque
1364 5495 1608 5547 Psalntum
1630 5495 1794 5548 divina
1816 5495 1960 5549 laude
1982 5510 2061 5565 re-

470 5554 713 5619 ﬁcientein
740 5561 906 5621 pectus
928 5554 1093 5619 populi
1117 5555 1222 5607 Dei.
1258 5554 1313 5606 Et
1334 5570 1446 5607 mox
1469 5571 1579 5608 cum
1602 5568 1702 5609 Am.
1733 5567 1784 5621 et
1818 5558 2065 5611 nonnullis

472 5627 578 5668 MSS.
603 5620 931 5691 prosequitur,
964 5626 1095 5691 ecce
1132 5630 1358 5691 persona;
1380 5622 1563 5691 Reisig.
1600 5634 1717 5691 vero
1758 5620 1903 5691 liber,
1941 5631 2062 5691 Ecce

472 5679 723 5745 personam
758 5679 811 5731 in
842 5680 931 5731 hoc
955 5679 1146 5748 Paulino
1179 5679 1454 5748 quamdam,
1483 5679 1578 5732 cie.
1621 5683 1808 5748 Aliquot
1844 5679 2061 5748 denique

474 5740 598 5805 Mss,
627 5752 745 5794 Ecce
769 5749 989 5805 personat
1012 5742 1061 5792 in
1085 5742 1173 5793 hoc
1193 5740 1402 5805 ’Psalmo,
1422 5750 1467 5793 et
1490 5740 1761 5805 quenulat'n,
1791 5754 1883 5796 etc.

534 5804 607 5865 (τι)
643 5806 705 5854 Ad
728 5803 942 5870 plebem,
969 5808 1017 5859 in
1040 5805 1251 5871 paschali
1271 5803 1574 5857 solemnitate
1596 5806 1804 5857 habitus.

2183 3843 2411 3915 Domini,
2441 3850 2687 3920 exquisita
2714 3852 2769 3906 in
2789 3869 2960 3908 omnes
2984 3855 3264 3913 voluntates
3292 3861 3420 3931 ejus.

2253 3939 2305 3993 '5.
2328 3938 2475 4012 [vers.
2499 3940 2576 4014 5.]
2598 3942 2856 4015 Confessio
2879 3955 2926 4000 et
2943 3949 3315 4019 magniﬁcentia
3339 3969 3466 4023 Opus
3485 3957 3618 4027 ejus.
3640 3958 3806 4026 Quid

2182 4030 2607 4121 magnificentius
2653 4049 2814 4104 quam
2855 4035 3148 4105 justilicare
3192 4041 3455 4112 impium?
3489 4045 3596 4102 Sed
3644 4064 3804 4121 opus

2181 4120 2408 4177 fortasse
2435 4123 2665 4179 hominis
2688 4127 2948 4196 praevenit
2977 4130 3131 4185 istam
3156 4135 3602 4204 magnificentiam
3640 4120 3795 4213 Dei,

2181 4221 2239 4266 ut
2265 4228 2386 4269 cum
2414 4213 2575 4271 fuerit
2601 4226 2818 4287 peccata
2846 4218 3142 4290 confessus,
3165 4223 3443 4294 justilicari
3476 4243 3791 4291 mereatur.

2186 4323 2206 4357 ι
2236 4306 2563 4362 Descendit»
2590 4308 2732 4364 enim
2760 4328 2778 4361 ι
2809 4308 2877 4366 de
2902 4313 3436 4384 templojustiﬁcatus
3451 4319 3801 4383 Publicanus

2181 4400 2349 4470 magis
2390 4415 2550 4470 quam
2598 4401 2928 4471 Pharisaeus;
2986 4423 3006 4458 ι
3037 4406 3159 4477 quia
3205 4426 3224 4458 ι
3262 4423 3433 4480 neque
3476 4413 3667 4469 oculos
3722 4417 3793 4474 ad

2180 4496 2374 4551 coelum
2400 4496 2628 4552 audebat
2656 4497 2856 4566 levare,
2886 4497 2980 4553 sed
3012 4500 3341 4569 percutiebat
3371 4514 3556 4574 pectus
3583 4522 3789 4582 suum,

2178 4587 2361 4643 dicens
2388 4606 2400 4643 :
2426 4588 2585 4655 Deus,
2612 4590 2870 4660 pr0pitius
2890 4599 3006 4647 esto
3028 4591 3159 4646 mihi
3182 4597 3472 4663 peccatori.
3497 4618 3517 4651 ι
3543 4599 3671 4658 ΙΙωο
3700 4612 3794 4661 est

2178 4682 2569 4752 magnificentia
2588 4684 2823 4751 Domini,
2841 4685 3153 4754 justifieatio
3180 4693 3511 4758 peccatoris:
3535 4696 3789 4764 quoniam

2176 4776 2263 4848 qui
2289 4793 2343 4830 se
2367 4777 2596 4831 ltumiliat
2617 4820 2632 4846 ,
2660 4778 2987 4847 excitabitur;
3017 4788 3064 4834 et
3092 4782 3177 4852 qui
3206 4800 3259 4839 se
3287 4786 3500 4852 exultat,
3532 4789 3788 4846 humilia-

2176 4869 2308 4925 bitur
2323 4869 2469 4941 (Luc.
2490 4887 2640 4937 xvnt,
2661 4871 2874 4944 15,14).
2892 4872 3016 4929 Haec
3035 4884 3118 4930 est
3137 4878 3528 4948 magnificentia
3544 4883 3783 4955 Domini;

2177 4964 2424 5035 quoniam
2443 4965 2526 5019 cui
2548 4964 2836 5037 plurimum
2853 4966 3152 5037 dimittitur,
3171 4971 3458 5041 plurimum
3482 4974 3781 5049 diligit(la.

2175 5072 2265 5123 vn,
2296 5055 2503 5128 42-48).
2549 5055 2675 5112 lianc
2714 5058 3105 5129 magniﬁcentia
3143 5061 3389 5131 Domini;
3420 5068 3671 5136 quoniam
3694 5070 3782 5126 ubi

2172 5150 2444 5205 abundauit
2459 5160 2790 5221 peccatum.et
2801 5153 3227 5224 superabundavit
3241 5158 3407 5228 gratia
3419 5158 3573 5229 (Rom
3582 5162 3747 5236 mw)
3757 5206 3773 5220 .

2171 5242 2274 5299 Sed
2292 5242 2515 5299 fortasse
2530 5258 2596 5299 ex
2607 5243 3025 5315 operibus.Non,
3039 5244 3295 5318 inquit,ea:
3304 5252 3557 5320 operibus,
3573 5270 3637 5308 ne
3647 5255 3776 5325 forte

2171 5336 2287 5407 quis
2315 5336 2605 5391 extollatur.
2635 5335 2811 5407 Ipsius
2840 5338 2971 5392 enim
2994 5355 3168 5395 sumus
3191 5341 3505 5413 ﬁgmentum,
3533 5349 3693 5403 creati
3714 5349 3766 5403 in

2173 5428 2370 5483 Christo
2394 5428 2447 5483 in
2475 5428 2707 5499 operibus
2742 5427 2883 5485 bonis
2904 5427 3120 5504 (Ephes.
3149 5449 3221 5501 ιι,
3253 5432 3288 5488 9
3308 5478 3323 5502 ,
3354 5433 3466 5508 10).
3497 5436 3766 5497 Justitiam

2174 5521 2317 5576 enim
2358 5521 2520 5577 homo
2566 5537 2673 5578 non
2720 5530 2974 5594 operatur
3009 5526 3112 5581 nisi
3156 5526 3477 5598 justificatus
3522 5536 3769 5591 ταράξω

2171 5624 2339 5669 autem
2365 5615 2418 5669 in
2443 5631 2555 5669 eum
2580 5617 2666 5687 qui
2680 5618 2934 5688 justiﬁcat
2962 5618 3173 5691 impium
3196 5621 3373 5693 (Ront.
3397 5639 3473 5692 tv,
3503 5624 3586 5697 5),
3615 5643 3645 5682 a
3669 5627 3766 5683 tlde

2170 5708 2390 5778 incipit;
2415 5716 2472 5763 ut
2499 5707 2638 5764 bona
2664 5724 2845 5780 opera,
2871 5726 2977 5767 non
3001 5711 3354 5783 praecedentia
3374 5714 3518 5787 quod
3537 5720 3762 5783 meruit.

2177 5801 2268 5857 sed
2300 5802 2680 5874 consequentia
2709 5802 2848 5874 quod
2881 5804 3084 5877 accepit
3122 5804 3422 5867 ostendant.
3453 5808 3607 5869 Unde
3644 5823 3763 5890 ergo
