4188 6438
380 360 518 420 1465

374 476 461 536 illa
490 474 795 533 confessio?
817 473 1062 532 Nondum
1088 474 1303 547 quidem
1332 488 1466 547 opus
1491 483 1573 531 est
1592 474 1836 546 justitiac,
1866 473 1962 530 sed

372 567 555 624 delicti
584 567 904 640 improbatio
935 586 949 622 :
976 568 1068 623 sed
1097 583 1310 640 quoquo
1336 567 1497 623 modo
1516 582 1575 624 se
1602 566 1832 634 habeat,
1862 580 1963 623 nec

367 661 421 716 in
444 661 562 731 ipsa
588 659 657 716 de
679 669 731 716 te
750 659 912 717 homo
930 660 1192 732 glorieris,
1208 670 1263 714 ut
1283 660 1369 731 qui
1386 659 1653 731 gloriatur,
1672 659 1725 714 in
1743 658 1959 716 Domino

364 754 617 825 glorietur
645 750 690 825 (1
714 752 831 808 Cor.
860 768 898 819 l,
926 752 1039 825 51).
1074 752 1211 821 Quid
1238 753 1372 807 enim
1401 751 1552 808 habes
1576 751 1711 824 quod
1740 768 1839 807 non
1864 769 1956 806 ae-

362 845 544 916 eepisti
561 844 583 919 (
606 843 692 899 Id.
725 861 777 901 tv
796 888 811 914 ,
844 847 875 900 7
900 843 957 918 )?
982 844 1098 901 Non
1134 861 1262 917 ergo
1292 846 1404 901 sola
1433 845 1826 917 magniﬁcentia
1854 862 1957 918 qua

356 937 687 1008 justificatur
708 937 921 1008 impius,
948 937 1043 994 sed
1071 946 1124 993 et
1155 956 1173 990 ‹
1203 936 1468 994 confessio
1493 945 1549 993 et
1567 937 1957 1009 magniﬁcentia

355 1045 503 1101 opus
528 1029 667 1101 ejus.
695 1028 831 1099 Quid
856 1045 983 1102 ergo
1007 1030 1267 1087 dicimus?
1299 1048 1321 1084 ι
1347 1033 1469 1101 quia
1504 1049 1521 1084 ι
1554 1031 1637 1085 cui
1667 1031 1779 1085 vult
1803 1030 1954 1087 mise«

356 1129 535 1187 retur,
568 1129 625 1177 et
647 1136 806 1192 quem
832 1120 947 1177 vult
970 1120 1227 1188 obdurat;
1258 1122 1515 1193 numquid
1540 1122 1790 1194 iniquitas
1813 1122 1957 1194 apud

357 1211 572 1269 Deum?
595 1211 765 1268 Absit.
788 1211 998 1269 Iustitia
1026 1231 1045 1265 ι
1071 1214 1215 1270 enim
1241 1232 1260 1266 ‹
1283 1214 1399 1285 ejus
1421 1224 1597 1271 manet
1617 1215 1670 1271 in
1698 1216 1953 1288 saeculum

354 1304 567 1362 saeculi.
592 1304 671 1362 Tu
698 1314 877 1362 autem
901 1346 917 1373 ,
948 1306 1109 1362 homo
1142 1326 1161 1359 ι
1194 1306 1260 1363 de
1288 1305 1391 1363 hoc
1418 1308 1615 1363 saeculo
1637 1350 1652 1375 ,
1688 1326 1706 1360 ‹
1745 1308 1862 1380 quis
1892 1323 1952 1365 es

356 1398 449 1471 qui
482 1398 811 1469 respondeas
834 1399 945 1454 Deo
977 1416 997 1451 ι
1026 1398 1201 1471 (Rom.
1230 1414 1310 1466 ιι,
1337 1399 1423 1465 li,
1456 1398 1544 1467 l8,
1566 1398 1695 1469 20)?

430 1491 487 1548 4.
519 1488 671 1565 [verm
704 1491 758 1559 4,
790 1490 868 1564 5.]
900 1489 1198 1546 Memoriam
1221 1491 1337 1561 fecit
1366 1491 1669 1545 mirabilium
1694 1507 1903 1546 suorum
1930 1509 1947 1547 :

357 1584 503 1641 hunc
547 1583 867 1649 humilians,
897 1592 952 1639 et
994 1583 1135 1638 hunc
1184 1583 1441 1639 exaltans.
1490 1582 1789 1637 Memoriam
1833 1583 1950 1654 fecit

360 1671 672 1727 mirabilium
711 1687 916 1727 suorum
962 1686 981 1724 :
1028 1684 1310 1726 reservans
1356 1679 1655 1741 opportune
1699 1671 1947 1726 inusitata

364 1764 619 1836 prodigia,
637 1779 757 1835 qua:
779 1764 797 1796 ¹
820 1761 1101 1818 inﬁrmitas
1121 1762 1351 1818 hominis
1370 1763 1589 1818 novitati
1613 1762 1811 1819 intenta
1828 1778 1946 1820 me-

358 1857 577 1913 minerit
598 1897 613 1923 ,
643 1870 765 1912 cum
806 1855 914 1910 sint
952 1854 1068 1926 ejus
1104 1854 1358 1909 miracula
1387 1854 1693 1926 quotidiana
1720 1856 1942 1927 majora.

356 1949 461 2004 Tot
487 1964 583 2020 per
607 1947 909 2003 universam
935 1954 1132 2002 terram
1154 1946 1373 2003 arbores
1395 1954 1562 2012 creat,
1588 1955 1641 2002 et
1663 1962 1818 2003 nemo
1844 1949 1946 2004 mi-

356 2050 508 2098 ratur
532 2060 546 2096 :
570 2040 791 2098 arefecit
813 2039 981 2096 verbo
1008 2054 1170 2095 unam
1188 2082 1203 2108 ,
1238 2047 1293 2095 et
1316 2039 1608 2111 stupefacta
1633 2048 1756 2095 sunt
1780 2041 1943 2097 corda

356 2133 660 2201 mortalium
691 2132 903 2204 (Matth.
935 2148 1024 2187 nt
1050 2174 1063 2199 ,
1089 2132 1157 2189 19
1180 2173 1195 2197 ,
1216 2130 1307 2203 20)
1336 2150 1350 2198 ;
1378 2132 1471 2187 sed
1508 2134 1799 2187 memoriam
1828 2134 1944 2207 fecit

357 2225 666 2280 mirabilium
710 2241 935 2279 suorum.
992 2223 1104 2279 Hoc
1146 2223 1291 2280 enim
1343 2223 1656 2279 miraculum
1713 2226 1944 2281 maxime

355 2318 577 2374 attentis
600 2315 850 2373 cordibus
893 2314 1175 2372 inhazrebit
1197 2357 1212 2384 ,
1245 2314 1390 2387 quod
1416 2316 1699 2373 assiduitas
1726 2333 1832 2373 non
1860 2318 1941 2374 vi-

356 2412 616 2470 lelecerit.

426 2509 482 2565 5.
508 2506 648 2576 Quid
674 2513 854 2562 autem
878 2504 1190 2577 profuerunt
1207 2504 1480 2572 miracula,
1507 2505 1608 2561 nisi
1636 2514 1696 2561 ut
1724 2505 1940 2562 timere-

356 2600 477 2655 tur?
505 2598 647 2668 Quid
679 2612 837 2668 porro
868 2596 1145 2668 prodesset
1186 2597 1344 2653 timor
1364 2640 1379 2666 ,
1413 2598 1512 2652 nisi
1540 2640 1555 2665 ,
1586 2598 1867 2652 misericors
1894 2606 1941 2652 et

353 2694 617 2748 miserator
652 2690 898 2747 Dominus
937 2708 1099 2747 escam
1146 2690 1299 2747 daret
1339 2691 1620 2746 timentibus
1643 2692 1735 2746 se?
1761 2706 1940 2747 escam

354 2802 471 2859 quae
501 2801 609 2842 non
637 2785 994 2856 corrumpitur
1019 2827 1034 2853 ,
1068 2800 1258 2856 panem
1288 2787 1376 2855 qui
1406 2785 1473 2841 de
1501 2786 1638 2840 coelo
1667 2784 1942 2839 descendit

354 2878 534 2950 (Joan.
558 2895 630 2945 vt,
654 2876 745 2943 2'7,
776 2876 893 2949 51),
924 2891 1082 2947 quem
1110 2876 1268 2932 nullis
1298 2875 1506 2931 meritis
1534 2874 1698 2930 dedit.
1730 2876 1939 2930 Etenim

352 2973 598 3028 Christus
640 2984 738 3041 pro
777 2969 953 3040 impiis
997 2977 1239 3025 mortuus
1272 2977 1355 3024 est
1379 2968 1554 3041 (Rom.
1586 2985 1638 3035 v,
1663 2966 1741 3038 6).
1772 2968 1939 3023 Nemo

352 3079 478 3137 ergo
503 3064 662 3119 talem
693 3078 868 3119 escam
897 3061 1085 3130 daret,
1115 3062 1215 3117 nisi
1245 3061 1546 3117 misericors
1576 3070 1630 3117 et
1658 3061 1940 3117 miserator

352 3159 631 3215 Dominus.
654 3157 808 3226 Quod
828 3158 873 3213 si
897 3165 1101 3213 tantum
1128 3156 1275 3213 dedit
1304 3156 1427 3212 huic
1455 3156 1597 3225 vitaz,
1631 3157 1674 3212 si
1710 3156 1938 3212 Verbum

353 3267 569 3309 carnem
595 3251 790 3307 factum
816 3259 1064 3321 peccator
1083 3249 1457 3321 justiﬁcandus
1481 3250 1708 3319 accepit;
1732 3249 1857 3320 quid
1886 3250 1938 3305 in

354 3344 532 3401 futuro
575 3342 776 3398 saeculo
818 3342 1143 3413 gloriﬁcatus
1170 3341 1425 3410 accipiet?
1452 3340 1647 3395 Memor
1675 3340 1816 3396 enim
1844 3342 1940 3395 erit

352 3438 405 3492 in
430 3434 675 3492 suculam
702 3436 984 3499 testamenti
1003 3436 1102 3490 sui.
1124 3433 1234 3490 Nec
1262 3442 1429 3490 totum
1462 3433 1609 3491 dedit
1630 3434 1719 3505 qui
1746 3436 1937 3506 pignus

352 3530 518 3587 dedit.

421 3622 474 3678 6.
517 3620 669 3695 [vers.
710 3618 849 3693 6-9.]
877 3619 1252 3675 Fortitudinem
1280 3635 1490 3691 operum
1513 3635 1719 3674 suorum
1740 3636 1939 3675 annun-

352 3715 493 3770 tialn't
530 3714 720 3785 populo
746 3729 859 3768 suo.
886 3712 1003 3768 Non
1034 3711 1416 3767 contristentur
1445 3710 1696 3767 Israelitte
1725 3713 1894 3769 sancti
1920 3753 1935 3779 ,

350 3808 438 3877 qui
485 3806 807 3862 dimiserunt
843 3805 1020 3860 omnia
1065 3820 1158 3859 sua
1198 3811 1253 3859 et
1289 3804 1455 3859 secuti
1484 3813 1608 3859 sunt
1645 3818 1796 3869 eum;
1830 3819 1934 3859 non

349 3899 731 3955 contristentur
759 3897 1036 3953 dicentes:
1071 3894 1316 3963 Quisnam
1354 3896 1533 3966 poterit
1572 3894 1740 3949 salvus
1781 3894 1938 3963 ﬁeri?

350 3993 484 4061 Quia
510 3992 712 4065 facilius
732 3992 888 4046 intrat
909 3989 1129 4045 camelus
1150 4006 1239 4061 per
1264 3989 1493 4058 foramen
1521 4004 1660 4052 acus,
1686 4003 1840 4056 quam
1858 3986 1938 4041 di-

352 4101 437 4141 ves
458 4085 513 4139 in
531 4099 740 4154 regnum
763 4082 1000 4137 etelorum
1028 4078 1239 4154 (Matth.
1263 4094 1375 4143 χιχ,
1397 4076 1617 4147 24-26).
1640 4077 1938 4133 Annuntia-

349 4179 426 4235 vit
452 4178 595 4235 enim
626 4178 705 4233 eis
731 4175 1092 4232 fortitudinem
1131 4188 1353 4245 operum
1398 4187 1654 4238 suorum;
1685 4171 1937 4242 quoniam
1964 4240 1965 4243 η

346 4286 463 4344 qua
489 4270 776 4324 hominibus
820 4268 1041 4339 diﬂicilia
1080 4274 1229 4332 sunt,
1261 4264 1363 4319 Deo
1394 4266 1566 4337 facilia
1592 4274 1727 4319 sunt.
1762 4263 1828 4319 Ut
1856 4263 1938 4318 det

346 4366 449 4420 illis
475 4364 821 4419 Iurreditatem
842 4360 1094 4416 Gentium.
1121 4360 1254 4415 [tum
1283 4370 1364 4415 est
1392 4358 1533 4415 enim
1554 4368 1607 4414 et
1629 4358 1695 4413 ad
1717 4359 1934 4425 Gentes,

346 4467 401 4515 et
427 4464 753 4529 praeceptum
780 4453 1031 4510 divitibus
1060 4453 1219 4523 hujus
1247 4452 1427 4508 saeculi
1462 4467 1568 4506 non
1598 4451 1824 4522 superbe
1851 4466 1939 4507 sa-

347 4566 496 4623 pere,
524 4562 699 4618 neque
725 4560 941 4617 sperare
958 4545 1010 4600 in
1036 4545 1239 4600 incerto
1260 4544 1560 4599 divitiarum
1584 4561 1604 4608 ;
1624 4542 1717 4598 sed
1743 4544 1796 4597 in
1827 4542 1937 4599 Deo

348 4646 471 4699 vivo
500 4642 520 4713 (
543 4641 565 4697 ι
594 4639 728 4695 Tim.
757 4654 809 4694 vi
834 4680 848 4705 ,
881 4638 947 4694 l7
970 4638 989 4709 )
1014 4680 1029 4706 ,
1060 4639 1144 4692 cui
1174 4636 1330 4692 facile
1358 4645 1439 4690 est
1464 4634 1604 4705 quod
1635 4635 1937 4691 hominibus

346 4735 567 4793 difﬁcile
594 4742 697 4789 est.
724 4731 814 4789 Sic
838 4732 981 4788 enim
1008 4730 1158 4786 multi
1185 4727 1357 4784 vocati
1384 4736 1544 4795 sunt,
1574 4727 1649 4783 sic
1680 4736 1936 4799 occupata

346 4839 431 4886 est
460 4825 748 4882 haereditas
781 4823 1031 4881 Gentium
1051 4864 1066 4891 ,
1093 4822 1171 4877 sic
1198 4822 1390 4875 factum
1430 4830 1510 4875 cst
1539 4828 1597 4873 ut
1626 4820 1783 4874 etiam
1814 4820 1935 4891 plu-

346 4918 469 4978 rimi
502 4917 596 4989 qui
623 4931 726 4972 non
754 4914 1072 4971 dimiserunt
1101 4911 1277 4968 omnia
1309 4925 1404 4966 sua
1431 4910 1483 4964 in
1509 4908 1608 4964 hac
1633 4910 1743 4964 vita
1769 4918 1827 4963 ut
1852 4924 1938 4965 se-

350 5017 643 5082 querentur
663 5021 785 5063 eum
808 5048 822 5071 ,
850 5007 1011 5061 vitam
1041 5004 1200 5060 etiam
1227 5004 1395 5073 ipsam
1436 5017 1535 5071 pro
1564 5000 1793 5056 nominis
1822 5002 1936 5072 ejus

350 5100 688 5158 confessione
709 5104 1143 5162 contemnerent;
1174 5103 1229 5150 et
1258 5102 1507 5165 tauquam
1537 5092 1730 5149 cameli
1756 5092 1933 5148 itumi-

351 5194 541 5250 liautes
575 5207 635 5248 se
673 5190 741 5245 ad
768 5188 1028 5262 portanda
1052 5201 1214 5243 onera
1243 5200 1609 5257 pressurarum
1637 5227 1653 5253 ,
1676 5186 1937 5242 intrarent

349 5290 509 5347 etiam
536 5286 676 5344 sicut
696 5299 790 5357 per
814 5283 1053 5340 foramen
1076 5297 1222 5347 acus,
1254 5296 1350 5350 per
1378 5288 1791 5351 compungentes
1812 5296 1933 5352 pas-

344 5381 515 5440 sionis
537 5377 829 5451 angustias.
868 5376 987 5447 Ipse
1010 5373 1141 5431 fecit
1166 5372 1311 5439 inec,
1345 5370 1431 5428 cui
1458 5372 1635 5427 omnia
1662 5371 1933 5442 possibilia

344 5483 491 5532 sunt.
710 5538 713 5539 ν

416 5567 473 5622 7.
502 5564 675 5636 Opera
704 5577 945 5617 manuum
964 5561 1076 5632 ejus
1092 5559 1273 5613 veritas
1293 5566 1339 5613 et
1359 5557 1634 5628 judicium.
1665 5557 1933 5615 Teneatur

347 5659 545 5718 veritas
566 5656 635 5712 ab
663 5654 728 5711 iis
748 5653 839 5725 qui
879 5650 1183 5724 judicantur
1211 5650 1315 5705 hic.
1348 5648 1664 5705 iudicantur
1682 5650 1768 5705 hic
1794 5666 1933 5706 mar-

348 5764 511 5832 tyres,
536 5760 593 5809 et
618 5749 686 5807 ad
706 5749 962 5819 judicium
989 5745 1368 5817 perducuntur,
1390 5758 1496 5815 quo
1511 5759 1615 5800 non
1634 5744 1806 5799 solum
1829 5760 1925 5801 eos

407 5884 421 5913 ε
463 5872 598 5931 add,
619 5879 726 5932 quae
747 5878 839 5917 non
860 5861 1129 5929 inﬁrmitas.
1158 5862 1319 5921 Abest,
1343 5872 1453 5923 non,
1472 5872 1499 5910 a
1522 5856 1738 5922 pluribus
1758 5865 1862 5909 Mss.

1427 356 1821 417 ENARRATIO
1858 356 1926 415 IN
1962 355 2284 423 PSALMUM
2312 367 2426 426 CX.

2179 286 2215 293 ..ο

2070 481 2313 581 aquibus
2332 482 2553 581 judicati
2581 495 2725 581 sunt,
2751 491 2846 549 sed
2890 493 3049 551 etiam
3100 499 3318 572 angelos
3345 501 3658 581 dijudieent,

2071 567 2275 668 (lCor.
2304 590 2374 642 vr,
2400 577 2434 632 5
2462 575 2521 650 ),
2570 580 2825 640 adversus
2854 600 2989 656 quos
3035 587 3115 645 eis
3164 567 3280 648 erat
3324 567 3654 668 colluctatio;

2068 664 2227 721 etiam
2256 682 2378 724 cum
2430 671 2497 727 ab
2553 672 2855 733 hominibus
2899 678 3127 750 judicari
3178 683 3501 745 viderentur.
3538 664 3657 755 Non

2066 760 2323 830 separet‘
2348 776 2379 816 a
2418 761 2627 822 Christo
2653 768 2954 838 tribulatio‘,
2978 776 3241 845 angustia,
3273 776 3461 851 fames,
3493 785 3654 841 nudi-

2066 857 2167 918 tas,
2194 851 2399 923 gladius
2424 854 2616 926 (Rom.
2638 874 2751 928 vin,
2774 862 2842 917 55
2869 861 2912 934 ).
2939 863 3141 921 Fidelia
3152 868 3292 924 enim
3311 874 3482 927 omnia
3506 892 3652 934 man.

2065 942 2185 998 data
2200 947 2308 1015 ejus
2336 966 2354 1003 :
2383 964 2487 1005 non
2516 950 2668 1022 fallit,
2692 954 2914 1012 exhibet
2932 958 3072 1028 quod
3120 962 3383 1031 promisit.
3413 966 3523 1023 Non
3572 979 3651 1027 ta-

2063 1052 2187 1094 men
2208 1040 2347 1112 quod
2375 1045 2638 1114 promisit,
2682 1057 2764 1103 est
2821 1049 2908 1106 hic
2957 1055 3393 1127 exspectandum,
3425 1076 3529 1117 non
3561 1062 3650 1121 hic

2060 1134 2380 1203 Sperandum
2404 1152 2419 1202 ;
2447 1137 2541 1194 sed
2578 1141 2878 1210 conﬁrmata
2924 1153 3041 1199 sunt
3081 1146 3135 1200 in
3174 1148 3414 1204 secutum
3451 1156 3646 1223 seaculi,

2059 1226 2194 1296 facta
2214 1228 2267 1282 in
2293 1233 2497 1285 veritate
2524 1242 2572 1287 et
2586 1234 2807 1304 justitia.
2842 1235 2955 1292 Hoc
2998 1245 3083 1294 est
3112 1254 3294 1296 verum
3340 1251 3393 1298 et
3418 1243 3641 1316 justum,

2060 1320 2217 1376 uthic
2238 1322 2526 1392 laboretur,
2555 1325 2662 1381 illic
2700 1328 3065 1399 requiescatur
3090 1349 3103 1385 :
3132 1332 3274 1403 quia,
3317 1334 3646 1407 Redemptio-

2057 1430 2169 1468 nem
2190 1416 2321 1469 misit
2347 1417 2534 1489 populo
2554 1434 2665 1473 suo.
2696 1418 2849 1476 Unde
2870 1430 3048 1477 autem
3086 1422 3439 1495 redimuntur,
3480 1429 3583 1484 nisi
3614 1445 3645 1489 a

2056 1507 2359 1577 captivitate
2389 1511 2827 1581 peregrinationis
2873 1512 3070 1584 hujus?
3098 1513 3215 1570 Non
3262 1530 3389 1587 ergo
3430 1521 3644 1591 requies

2055 1598 2154 1654 nisi
2186 1599 2239 1654 in
2261 1600 2463 1655 caelesti
2484 1602 2653 1672 patria
2682 1603 2999 1674 requiratur.

2125 1692 2178 1748 8.
2209 1692 2363 1749 Dedit
2387 1694 2600 1765 quidem
2623 1696 2763 1752 Deus
2813 1697 3067 1754 lsraelitis
3114 1700 3416 1759 carnalibus
3466 1710 3642 1762 terrev

2052 1799 2173 1839 nam
2224 1784 2542 1855 Jerusalem,
2598 1804 2710 1856 qua:
2754 1790 2902 1843 servit
2948 1806 3064 1844 eum
3095 1791 3216 1860 ﬁliis
3254 1792 3516 1850 suis:scd
3542 1795 3643 1854 hoc

2054 1878 2216 1935 Vetus
2258 1879 2656 1937 Testamentum
2691 1890 2795 1950 est,
2815 1882 2881 1937 ad
2918 1892 3153 1940 veterem
3178 1884 3448 1942 hominem
3475 1889 3642 1958 perti-

2051 1972 2325 2040 nens.Qui
2351 1981 2526 2029 autem
2568 1974 2637 2029 ibi
2684 1974 2905 2047 ﬁguram
2961 1976 3357 2046 intellexerunt,
3400 1978 3641 2038 hteredes

2052 2068 2211 2123 etiam
2268 2077 2395 2125 tunc
2435 2068 2573 2123 Novi
2622 2068 2957 2125 Tcstamenti'
2992 2071 3352 2139 exstiterunt;
3390 2075 3641 2143 quoniam

2048 2179 2161 2231 quia
2187 2180 2389 2218 sursum
2409 2171 2479 2218 est
2503 2163 2788 2218 Jerusalem
2805 2164 2963 2218 libera
2998 2173 3089 2231 est,
3127 2182 3238 2236 qua:
3263 2175 3335 2221 est
3355 2177 3513 2222 mater
3542 2185 3641 2224 no-

2047 2254 2189 2328 stra(
2220 2255 2390 2311 Galat.
2420 2272 2489 2322 tv,
2520 2256 2610 2324 25,
2642 2255 2712 2311 26
2745 2256 2763 2325 )
2791 2265 2991 2313 aeterna
3018 2256 3071 2311 in
3102 2258 3273 2313 caelis.
3310 2257 3505 2315 Vetere
3536 2276 3634 2317 au-

2048 2358 2154 2403 tem
2176 2349 2284 2415 illo,
2315 2349 2488 2418 reipsa
2520 2349 2802 2419 probatum
2830 2357 2913 2404 est
2941 2349 3246 2405 transitoria
3290 2352 3633 2421 promisisse:

2048 2440 2313 2496 Mandavit
2345 2444 2539 2514 quippe
2565 2443 2617 2496 in
2655 2450 2897 2497 wternum
2935 2442 3308 2499 Testamentum
3336 2462 3500 2500 suum.
3531 2447 3636 2507 Sed

2046 2535 2209 2605 quod,
2258 2534 2360 2589 nisi
2414 2534 2663 2590 Novum?
2702 2534 2864 2605 Cujus
2908 2535 3081 2590 haeres
3117 2535 3357 2607 quisquis
3385 2552 3505 2594 esse
3535 2553 3633 2595 vo-

2045 2627 2225 2691 lueris,
2257 2627 2379 2682 nolo
2407 2635 2458 2682 te
2479 2625 2650 2692 fallas,
2679 2641 2779 2681 nec
2803 2637 2996 2680 terram
3027 2626 3325 2683 trahentem
3353 2628 3433 2686 lac
3459 2631 3635 2688 etme!

2044 2718 2328 2774 carnaliter
2372 2720 2592 2789 cogites,
2626 2733 2732 2773 non
2782 2732 2990 2773 amoena
3042 2718 3259 2788 praedia,
3291 2736 3397 2776 non
3450 2720 3636 2779 hortos

2044 2811 2344 2867 fructifcros
2393 2821 2447 2867 et
2501 2826 2730 2880 opacos,
2792 2827 2898 2865 non
2953 2810 3058 2866 tale
3098 2812 3300 2882 aliquid
3358 2814 3633 2870 mediteris

2043 2905 2283 2976 adipisci,
2308 2905 2465 2976 quale
2495 2905 2632 2961 solet
2659 2903 2744 2960 hic
2764 2904 2948 2959 oculus
2963 2904 3200 2959 avaritiae
3229 2908 3631 2977 concupiscere.

2042 2998 2174 3055 Cum
2233 2999 2375 3053 enim
2422 2998 2490 3052 sit
2540 2998 2691 3052 radix
2750 2998 2987 3052 omnium
3058 2997 3319 3053 malorum
3371 3000 3634 3071 cupiditas

2046 3090 2066 3166 (
2094 3090 2114 3144 ι
2146 3090 2277 3146 Tim.
2310 3107 2383 3156 Vl,
2410 3090 2538 3163 10),
2567 3090 2877 3161 perimenda
2909 3098 2993 3145 est
3023 3097 3082 3145 ut
3106 3156 3107 3159 η
3135 3090 3223 3145 hic
3261 3101 3625 3159 consumatur,

2044 3198 2151 3239 non
2180 3181 2471 3237 diﬁ'erenda
2504 3190 2561 3237 ut
2600 3181 2673 3235 ibi
2713 3182 2954 3236 satietur.
3010 3179 3190 3236 Primo
3247 3197 3431 3252 poenas
3483 3183 3628 3255 fuge,

2042 3278 2313 3348 gehennas
2341 3275 2516 3332 devita
2545 3293 2558 3328 :
2589 3285 2871 3347 antequam
2909 3274 3182 3331 desideres
3234 3278 3630 3346 promittentem

2042 3368 2230 3434 Deum,
2260 3383 2389 3425 cave
2426 3367 2737 3424 minantem.
2766 3367 3013 3423 Sanctum
3041 3366 3184 3422 enim
3210 3375 3255 3423 et
3283 3368 3501 3423 terribile
3536 3385 3631 3425 no-

2041 3480 2155 3519 men
2182 3465 2311 3537 ejus.

2112 3554 2365 3629 9.[vers.
2398 3554 2655 3629 10.]Pro
2694 3553 2900 3610 deliciis
2947 3560 3127 3609 autem
3169 3553 3419 3609 omnibus
3468 3553 3629 3625 hujus

2040 3650 2241 3714 saeculi,
2270 3648 2458 3721 quales
2474 3649 2563 3703 vel
2586 3655 2837 3719 expertus
2875 3660 2952 3710 es,
3003 3647 3086 3701 vel
3111 3660 3306 3717 augere
3358 3660 3419 3701 ac
3448 3646 3631 3702 multi-

2042 3742 2241 3814 plicare
2261 3740 2542 3811 cogitando
2567 3748 2738 3810 potes,
2767 3738 3145 3794 immortalium
3175 3738 3481 3793 deliciarum
3512 3754 3631 3795 ma-

2042 3844 2176 3892 trem
2208 3835 2524 3904 concupisce
2549 3834 2859 3902 sapicntiam
2892 3831 3045 3897 :sed,
3073 3830 3289 3884 Initium
3340 3831 3624 3899 sapientia,

2041 3932 2191 3983 timor
2210 3928 2439 3982 Domini.
2473 3926 2767 3982 Delectabit
2814 3925 2923 3988 illa,
2976 3932 3030 3978 et
3076 3921 3415 3976 inell‘abiliter
3442 3924 3627 3992 procul

2040 4020 2202 4075 dubio
2226 4017 2513 4073 delectabit
2534 4016 2694 4071 castis
2710 4024 2869 4084 atque
2899 4013 3113 4067 mternis
3140 4011 3380 4066 veritatis
3426 4012 3629 4081 ample-

2041 4111 2197 4165 xibus
2223 4128 2235 4163 :
2269 4108 2363 4164 sed
2386 4109 2533 4178 prius
2555 4107 2649 4161 tibi
2667 4105 2913 4161 donanda
2935 4112 3058 4159 sunt
3082 4103 3456 4173 debita,quam
3488 4119 3625 4174 pra:-

2042 4206 2147 4259 mia
2173 4201 2475 4274 ﬁagitanda.
2508 4199 2720 4254 Initium
2746 4214 2873 4269 ergo
2916 4196 3178 4267 sapientia:
3201 4196 3351 4249 timor
3396 4195 3626 4251 Domini.

2040 4297 2213 4352 Bonus
2240 4305 2312 4351 est
2361 4294 2658 4350 intellectus.
2688 4293 2815 4361 Quis
2860 4292 3055 4361 negat?
3103 4288 3208 4345 Sed
3254 4289 3550 4361 intelligere
3573 4298 3629 4347 et

2042 4408 2149 4450 non
2181 4392 2376 4459 facere,
2408 4388 2768 4462 periculosum
2794 4394 2896 4441 est.
2932 4383 3104 4438 Bonus
3133 4397 3260 4453 ergo
3305 4382 3626 4452 facientibus.

2040 4486 2149 4543 Nec
2172 4484 2391 4542 extollat
2411 4490 2641 4537 mentem
2669 4480 2721 4534 in
2752 4478 3077 4549 superbiam.
3103 4473 3265 4545 Cujus
3299 4477 3440 4531 enim
3469 4476 3627 4532 timor

2041 4592 2123 4640 est
2150 4581 2355 4637 initium
2385 4576 2679 4649 sapientiae,
2710 4572 2846 4627 Laus
2863 4572 2971 4643 ejus
2997 4580 3162 4625 manet
3177 4570 3231 4625 in
3257 4571 3499 4625 swculum
3528 4584 3626 4625 sw-

2042 4670 2510 4740 culi:et.ltocerit
2546 4666 2844 4739 praemium,
2897 4664 2983 4719 hic
3026 4662 3166 4729 linis,
3220 4663 3336 4718 hate
3361 4665 3519 4718 statio
3539 4676 3625 4718 se-

2042 4768 2241 4839 desque
2268 4775 2539 4836 perpetua.
2570 4761 2680 4814 Illic
2727 4756 3070 4813 inveniuntur
3138 4753 3383 4809 mandata
3423 4752 3621 4821 ﬁdelia,

2042 4860 2352 4916 conﬁrmata
2378 4857 2430 4909 in
2461 4854 2712 4910 sacculum
2768 4848 2948 4905 saeculi
3017 4863 3031 4912 ;
3066 4846 3176 4916 ipsa
3205 4853 3289 4899 est
3344 4844 3623 4899 limreditas

2042 4954 2169 5010 Novi
2196 4950 2523 5009 Tcstamenti
2565 4944 2810 5001 mandata
2850 4942 2902 4995 in
2944 4947 3221 4994 aeternum.
3258 4935 3425 4990 Unam
3480 4935 3621 5004 petii,

2040 5046 2230 5117 inquit,
2252 5061 2284 5097 a
2304 5042 2553 5107 Domino,
2596 5038 2725 5091 hanc
2758 5032 3032 5104 requiram,
3065 5037 3118 5082 ut
3152 5026 3425 5081 inhabitem
3455 5026 3507 5079 in
3532 5026 3623 5081 do-

2042 5154 2122 5192 mo
2144 5135 2349 5192 Domini
2378 5150 2467 5205 per
2494 5146 2665 5185 omnes
2707 5127 2811 5181 dies
2837 5124 2951 5178 vitae
2976 5134 3100 5174 mea:
3125 5121 3141 5192 (
3174 5117 3317 5173 Psal.
3354 5133 3497 5182 xxvi,
3529 5117 3622 5186 4).

2041 5232 2187 5288 Beati
2212 5231 2352 5286 enim
2379 5226 2468 5298 qui
2502 5222 2740 5279 habitant
2784 5219 2836 5273 in
2875 5216 3037 5272 domo
3067 5212 3271 5269 Domini
3302 5227 3317 5278 ;
3348 5211 3398 5265 in
3425 5208 3621 5265 smcula

2040 5328 2357 5384 saeculorum
2432 5318 2721 5376 laudabunt
2790 5328 2911 5371 eum
2945 5310 3140 5385 (Psal.
3195 5321 3396 5362 Lxxxm
3427 5347 3441 5371 ,
3490 5304 3524 5360 5
3553 5303 3572 5374 )
3605 5319 3621 5357 :

2042 5419 2289 5492 quoniam
2307 5416 2417 5469 laus
2436 5414 2542 5483 ejus
2567 5416 2731 5463 manet
2746 5408 2800 5461 in
2828 5404 3067 5460 saeculum
3089 5398 3281 5456 seaculi.

2104 5576 2119 5606 ¹
2154 5574 2225 5623 sic
2258 5578 2360 5619 MSS.
2388 5572 2440 5616 Αι
2463 5565 2594 5623 Edd.,
2617 5575 2732 5625 quos
2754 5573 2845 5611 non
2868 5562 3115 5623 separaret
3136 5570 3165 5606 a
3186 5553 3389 5613 Christo,
3412 5557 3505 5601 etc.
