4188 6450
608 359 746 418 1467

618 475 1819 512 _________._________._____.__.

1065 570 1146 630 lN
1190 561 1577 626 PSALMUM
1620 559 1762 621 CXI

1202 685 1337 742 ENA
1347 681 1605 742 RRATIO

1121 817 1292 858 SERHO
1322 818 1390 856 AD
1422 813 1687 856 POPULUI.

1837 477 2180 490 ψ

685 927 736 980 1.
767 921 942 979 Credo
967 919 1108 991 quod
1147 916 1472 982 attendistis,
1523 913 1734 980 fratres,
1777 913 1934 984 hujus
1989 911 2198 968 titulum

617 1018 828 1090 psalmi,
873 1014 1252 1083 memoriaeque
1303 1009 1618 1064 mandastis.
1669 1007 1957 1072 Conversio,
2008 1005 2199 1076 inquit,

614 1110 788 1182 Aggwi
810 1117 856 1162 et
881 1106 1165 1161 Zacharite.
1191 1101 1434 1157 Nondum
1472 1107 1624 1155 erant
1662 1098 1717 1153 hi
1761 1098 2051 1168 praphetaz,
2083 1111 2205 1152 eum

615 1207 714 1260 ista
762 1211 973 1258 cantata
1028 1208 1170 1256 sunt.
1221 1196 1458 1268 Namque
1506 1194 1646 1250 inter
1683 1202 1892 1264 tempus
1945 1191 2206 1259 David,et

617 1293 1134 1366 trausmigrationem
1180 1289 1359 1362 populi
1385 1287 1546 1344 Israel
1589 1288 1640 1341 in
1674 1286 2039 1357 Babyloniam,
2069 1299 2204 1355 qua-

619 1388 909 1444 tuordecim
963 1384 1333 1456 generationes
1391 1388 1768 1443 numerantur,
1827 1378 1964 1434 sicut
2029 1375 2206 1430 divina

617 1482 913 1549 Scriptura,
966 1477 1301 1546 maximeque
1329 1473 1608 1528 Matthmus
1632 1471 1953 1540 evangelista
1986 1476 2208 1523 testatur

619 1573 637 1643 (
674 1571 858 1626 Matth.
889 1585 926 1633 ι,
956 1569 1065 1637 17)
1099 1585 1110 1620 :
1155 1565 1324 1621 eversi
1360 1573 1537 1620 autem
1567 1561 1750 1633 templi
1799 1560 2073 1614 renovatio
2116 1571 2206 1614 se-

617 1663 848 1720 cundum
877 1660 1049 1717 sancti
1078 1659 1323 1714 Jeremiae
1351 1655 1682 1727 prophetiam
1706 1696 1721 1720 ,
1747 1669 1810 1708 ex
1852 1653 1936 1707 illa
1961 1652 2211 1708 transmi-

615 1756 858 1828 gratione
885 1762 1004 1824 post
1053 1750 1386 1821 septuaginta
1413 1762 1584 1802 annos
1622 1745 1935 1815 sperabatur
1965 1745 1982 1813 (
2008 1743 2203 1797 Jcrem.

619 1865 742 1915 xxv,
775 1846 880 1911 12;
913 1854 958 1900 et
993 1858 1150 1905 χχιχ.
1177 1841 1245 1896 10
1276 1840 1293 1911 )
1325 1858 1336 1895 :
1371 1840 1459 1910 qui
1488 1853 1606 1894 cum
1655 1837 2075 1907 complerentur,
2107 1834 2208 1890 sub

622 1939 778 1994 Dario
809 1952 931 2008 rege
955 1933 1239 2006 Babylonis
1297 1931 1498 2002 impleti
1545 1937 1669 1985 sunt
1714 1928 1913 2000 Spiritu
1945 1937 2128 1984 sancto
2155 1926 2210 1982 hi

620 2033 726 2088 duo
772 2029 1063 2102 prOphetae,
1098 2029 1325 2098 Aggaeus
1372 2032 1426 2080 et
1463 2021 1870 2087 Zacharias;et
1912 2020 2070 2074 ambo
2091 2025 2213 2090 post

621 2125 845 2180 invicem
881 2122 1017 2176 intra
1053 2135 1215 2174 unum
1275 2131 1474 2172 annum
1535 2113 1852 2186 prOphetare
1911 2120 2207 2182 coeperunt,

619 2219 760 2290 quod
786 2217 852 2273 ad
878 2213 1278 2273 renovationem
1310 2209 1525 2281 templi,
1569 2209 1705 2263 sicut
1734 2214 1882 2261 tanto
1914 2215 2040 2261 ante
2068 2220 2206 2277 prte-

620 2313 818 2368 dictum
847 2319 956 2375 est,
1000 2306 1271 2378 pertinere
1308 2303 1520 2358 videtur
1556 2299 1599 2375 (l
1628 2297 1787 2354 Esdr.
1811 2314 1830 2354 ι
1853 2340 1866 2364 ,
1893 2315 1960 2364 v;
1991 2298 2122 2368 Agg.
2153 2312 2208 2362 l;

619 2406 839 2464 Zachar.
869 2404 931 2473 l).
982 2400 1088 2457 Sed
1127 2397 1367 2471 quisquis
1411 2394 1762 2466 corporaliter
1789 2392 1952 2462 gestis
1999 2390 2212 2445 oculum

620 2497 796 2554 cordis
818 2493 1020 2564 inﬁgit,
1053 2505 1227 2560 neque
1250 2487 1372 2543 inde
1397 2487 1450 2541 in
1480 2485 1706 2556 gratiam
1732 2481 2023 2553 Spiritualis
2054 2480 2211 2534 intel-

621 2592 787 2646 lectus
831 2583 1177 2647 extenditur,
1240 2579 1444 2635 habitat
1483 2576 1802 2648 cogitatione
1857 2573 1910 2628 in
1952 2570 2214 2644 lapidibus

623 2680 826 2750 templi,
856 2676 1044 2748 quibus
1073 2671 1295 2728 visibilis
1327 2669 1523 2724 fabrica
1550 2666 1795 2722 manibus
1827 2664 2100 2719 hominum
2133 2663 2214 2716 in-

627 2780 827 2829 structa
860 2768 1167 2839 consurgit;
1197 2779 1295 2820 nec
1325 2765 1438 2834 ipse
1466 2761 1601 2831 lapis
1625 2760 1776 2814 vivus
1802 2757 2050 2824 efﬁcitur,
2086 2765 2214 2811 tem-

628 2866 714 2937 plo
744 2863 819 2918 illi
849 2858 1282 2916 accommodatus
1307 2866 1465 2926 atque
1490 2863 1644 2924 aptus
1669 2895 1683 2920 ,
1715 2851 1856 2924 quod
1885 2851 1935 2904 in
1967 2866 2064 2905 suo
2085 2865 2207 2904 cor-

624 2971 754 3029 pore
801 2955 1030 3026 primum
1078 2950 1333 3006 Dominus
1381 2946 1662 3018 ﬁguravit,
1705 2961 1826 2998 cum
1871 2943 1986 2998 ait:
2023 2941 2216 2997 Solvite

625 3049 868 3122 templum
908 3047 1002 3101 hoc
1026 3087 1041 3111 ,
1071 3053 1118 3098 et
1145 3042 1313 3097 triduo
1350 3037 1601 3095 suscitabo
1627 3036 1757 3092 illud
1784 3034 1965 3106 (Joan.
1997 3050 2030 3088 ll
2053 3077 2066 3098 ,
2095 3030 2210 3104 19).

626 3142 724 3198 Est
748 3139 892 3197 enim
919 3149 1115 3206 corpus
1137 3132 1343 3188 Domini
1366 3130 1575 3201 plenius
1604 3127 1713 3198 ipsa
1738 3133 1916 3182 sancta
1951 3122 2213 3190 Ecclesia,

624 3234 778 3305 cujus
821 3238 980 3300 caput
1006 3225 1246 3283 ascendit
1284 3225 1334 3279 in
1363 3222 1578 3286 emtum,
1607 3219 1695 3290 qui
1726 3227 1806 3274 est
1829 3218 2058 3272 maxime
2083 3215 2217 3286 lapis

626 3328 776 3382 vivus
795 3366 812 3392 ,
860 3323 995 3394 lapis
1019 3318 1290 3391 augularis
1313 3359 1329 3383 ,
1382 3315 1450 3372 de
1476 3331 1582 3385 quo
1609 3313 1795 3368 beatus
1825 3311 2014 3366 Petrus
2041 3307 2170 3364 dicit
2199 3323 2213 3362 :

633 3438 651 3471 ε
689 3417 771 3472 Ad
816 3430 970 3486 quem
999 3411 1314 3467 accedentes
1345 3410 1362 3440 ί
1386 3406 1613 3476 lapidem
1641 3405 1816 3458 vivum
1844 3445 1857 3468 ,
1893 3401 1960 3456 ab
1988 3400 2218 3455 homini-

629 3515 726 3570 bus
752 3509 1124 3582 reprobatum,
1153 3521 1183 3560 a
1211 3505 1320 3559 Deo
1354 3509 1530 3556 autem
1561 3499 1788 3554 electum
1816 3505 1868 3552 et
1894 3495 2218 3549 honoriﬁca-

629 3618 777 3672 tum;
806 3612 860 3660 et
881 3617 979 3658 vos
1009 3614 1136 3671 ergo
1158 3607 1410 3667 tanquam
1438 3592 1641 3664 lapides
1669 3590 1774 3644 vivi
1801 3586 2138 3644 acdiﬁeamiui
2162 3588 2217 3641 in

630 3700 846 3756 domum
876 3691 1204 3766 spiritualem
1230 3731 1246 3756 ,
1292 3688 1346 3742 in
1376 3683 1734 3741 sacerdotium
1763 3691 2005 3737 sanctum
2024 3721 2040 3747 ,
2082 3676 2217 3734 offe-

629 3802 810 3850 rentes
853 3785 1156 3860 spirituales
1196 3783 1440 3838 victimas
1483 3785 1730 3849 acceptas
1763 3775 1872 3831 Deo
1913 3789 2008 3845 per
2033 3772 2217 3830 Jesum

628 3887 897 3943 Christum
929 3901 942 3936 :
969 3881 1093 3953 quia
1113 3878 1352 3935 continet
1380 3874 1673 3946 Scriptura,
1696 3872 1834 3927 Ecce
1858 3884 2000 3940 pono
2023 3870 2074 3924 in
2089 3868 2218 3924 Sion

630 3978 856 4051 lapidem
881 3973 1184 4045 angularem
1208 4012 1224 4037 ,
1254 3970 1502 4033 electum,
1539 3965 1829 4036 pretiosum
1851 4005 1866 4030 ,
1892 3971 1948 4018 et
1975 3961 2064 4034 qui
2102 3976 2219 4018 cre-

633 4050 830 4125 diderit
858 4067 909 4122 in
936 4066 1085 4121 illum
1107 4105 1123 4130 ,
1157 4077 1264 4138 non
1290 4057 1647 4116 confundetur
1683 4075 1702 4109 ι
1738 4056 1778 4122 (Ι
1805 4053 1944 4109 Petr.
1979 4069 2014 4107 ll
2035 4095 2049 4118 ,
2073 4050 2216 4126 4-6).

634 4165 776 4234 Ergo
806 4169 863 4216 ut
889 4159 980 4215 ﬁat
1024 4158 1248 4229 quisque
1291 4155 1426 4224 lapis
1450 4153 1604 4208 vivus
1632 4149 1698 4205 ad
1750 4148 1912 4204 talem
1962 4145 2218 4202 fabricam

635 4253 859 4309 idoneus
883 4291 898 4316 ,
945 4247 1293 4321 spiritualiter
1321 4245 1579 4316 intelligat
1607 4240 1790 4311 templi
1819 4239 2220 4295 renovationcm

638 4361 706 4401 ex
732 4343 885 4398 ruina
910 4347 1092 4395 vetere
1118 4353 1237 4408 qua:
1263 4338 1315 4390 in
1336 4335 1503 4391 Adam
1533 4332 1666 4387 facta
1697 4340 1801 4398 est,
1830 4330 2220 4401 reparationem

639 4435 761 4490 novi
801 4432 981 4505 populi
1027 4428 1320 4486 secundum
1352 4441 1547 4482 novum
1573 4423 1841 4478 hominem
1871 4432 2031 4492 atque
2057 4421 2221 4476 caele-

637 4535 775 4583 stem
801 4544 814 4580 :
845 4534 903 4579 ut
926 4522 1063 4578 sicut
1089 4519 1420 4593 portavimus
1446 4516 1729 4587 imaginem
1759 4514 1954 4569 terreni
1981 4556 1995 4581 ,
2039 4522 2220 4584 porte-

637 4634 756 4676 mus
789 4626 844 4675 et
887 4615 1170 4688 imaginem
1216 4612 1332 4682 ejus
1373 4610 1462 4680 qui
1493 4608 1559 4664 de
1606 4607 1745 4664 ccelo
1789 4615 1872 4661 est
1913 4607 1954 4676 (l
1983 4605 2100 4660 Cor.
2132 4619 2220 4670 xv,

637 4711 730 4783 49)
757 4753 772 4780 ,
818 4724 924 4781 quo
954 4704 1221 4779 possimus
1254 4713 1377 4775 pOs-t
1418 4715 1605 4756 omnes
1634 4698 1813 4755 saeculi
1846 4698 2002 4768 hujus
2041 4706 2224 4752 aetates

641 4815 890 4875 tanquam
928 4808 1050 4872 post
1098 4795 1430 4867 septuaginta
1476 4806 1646 4846 annos
1670 4833 1684 4859 ,
1730 4791 1817 4861 qui
1849 4790 2071 4862 mystico
2100 4803 2223 4858 per-

641 4895 883 4953 fectionis
929 4904 1153 4947 numero
1190 4886 1612 4959 prmsignantur,
1648 4890 1702 4937 et
1728 4891 1976 4952 tauquam
2003 4889 2226 4950 postca-

642 4988 937 5060 ptivitatem
987 4983 1289 5054 longinqua:
1342 4975 1820 5050 peregrinationis,
1873 4989 1976 5029 non
2026 4973 2227 5027 ruitura

645 5081 782 5135 Iunle
829 5076 1105 5140 construi,
1149 5073 1244 5130 sed
1287 5081 1485 5128 aeterna
1538 5068 1938 5125 immortalitate
1985 5063 2225 5121 solidari.

642 5171 982 5241 Spiritualem
1013 5166 1208 5239 quippe
1226 5164 1544 5228 Jerusalem,
1577 5177 1681 5217 non
1712 5159 1879 5231 magis
1901 5157 2225 5224 Judzeorum,

644 5277 798 5331 quam
830 5271 1058 5316 vestram
1090 5273 1208 5314 esse
1245 5256 1529 5328 deputetis.
1581 5255 1729 5310 Sicut
1771 5253 1911 5308 enim
1941 5251 2066 5306 dicit
2090 5251 2230 5321 Apo-

645 5354 813 5409 stolus
841 5392 856 5418 ,
895 5371 913 5403 ‹
941 5351 1058 5406 Jam
1106 5365 1210 5406 non
1241 5351 1371 5407 estis
1404 5349 1668 5420 peregrini
1701 5356 1754 5403 et
1802 5344 2085 5417 inquilini;
2137 5343 2230 5400 sed

643 5446 772 5505 estis
800 5444 941 5499 cives
979 5451 1281 5497 sanctorum
1325 5451 1378 5496 et
1411 5440 1685 5496 domestici
1726 5438 1852 5505 Dei,
1900 5435 2230 5508 supersedit!-

645 5540 748 5597 cati
791 5551 956 5609 super
998 5533 1402 5592 fundamentum
1455 5534 1832 5604 Apostolorum
1861 5541 1914 5589 et
1941 5532 2234 5602 Propheta-

646 5647 799 5698 rum,
849 5629 967 5699 ipso
994 5641 1204 5683 summo
1232 5625 1470 5696 angulari
1512 5625 1687 5695 lapide
1727 5625 1987 5680 existente
2021 5620 2235 5679 Christo

649 5725 776 5780 Jesu
801 5765 816 5791 ,
865 5723 915 5777 in
958 5737 1062 5793 quo
1105 5719 1279 5776 omnis
1320 5717 1599 5773 :ediﬁcatio
1636 5727 1913 5788 compacta
1959 5717 2153 5773 crescit
2182 5716 2234 5771 in

717 5859 736 5892 ί
768 5864 870 5911 1188-
881 5893 894 5919 ,
926 5855 1214 5909 accedimus.

1803 345 1860 401 S.
1902 341 2268 401 AUGUSTlNl
2306 342 2612 401 El’lSCOPl

2305 457 2561 528 templum
2587 467 2829 516 sanetum
2855 460 2909 516 in
2933 461 3158 518 Domino
3180 505 3194 531 ,
3242 464 3296 518 in
3323 479 3428 536 quo
3456 473 3513 522 et
3537 481 3631 523 vos
3654 473 3861 532 candiﬁ-

2304 551 2498 605 camini
2532 553 2584 606 in
2615 551 2975 608 habitaculum
3005 555 3212 610 Domini
3239 556 3289 610 in
3315 558 3506 627 spiritu
3530 577 3550 612 ι
3578 561 3781 631 (Ephcs.
3809 579 3857 634 u,

2307 641 2516 716 £9422).
2566 643 2678 699 lloc
2705 655 2786 698 est
2817 646 3068 714 templum
3099 646 3191 701 Dei
3216 688 3232 714 ,
3261 648 3327 702 ad
3368 649 3510 719 quod
3545 653 3767 722 pertinet
3789 672 3863 711 sa.

2307 741 2639 790 crameutum
2687 735 3110 805 prophetationis
3135 734 3337 809 ‘Aggazi
3361 749 3412 794 et
3458 740 3726 800 Zachariae
3753 765 3764 799 :
3791 750 3864 805 cui

2309 841 2494 881 rursus
2524 825 2661 882 idem
2691 828 2962 898 apostolus
2990 826 3153 897 dicit,
3189 829 3451 902 Templum
3487 835 3618 887 enim
3646 835 3734 891 Dei
3761 858 3866 895 sun-

2309 928 2445 972 ctum
2465 928 2559 985 est,
2589 920 2723 989 quod
2745 921 2862 975 estis
2889 935 2974 976 eos
2996 920 3044 992 (l
3067 921 3187 978 Cor.
3220 933 3297 991 tn,
3328 925 3437 998 17).
3465 925 3711 999 Quisquis
3735 934 3871 1003 igitur

2308 1025 2370 1065 se
2396 1011 2467 1065 ad
2491 1025 2626 1080 Opus
2653 1011 2810 1081 hujus
2837 1013 3269 1071 coaediﬁcationis
3289 1058 3305 1083 ,
3354 1027 3406 1073 et
3432 1018 3500 1073 ad
3525 1035 3672 1089 spem
3697 1036 3872 1082 sanctae

2313 1103 2583 1173 ﬁrmaeque
2608 1105 2959 1174 compaginis,
2985 1113 3230 1177 tanquam
3257 1109 3489 1179 lapidem
3515 1111 3690 1167 rivum
3711 1116 3772 1170 ab
3791 1117 3873 1171 hu-

2306 1196 2395 1266 jus
2424 1197 2606 1252 mundi
2652 1198 2866 1253 ruinosa
2915 1199 3032 1254 labe
3070 1203 3366 1268 convertit;
3414 1205 3661 1276 intelligit
3691 1209 3872 1268 titulum

2311 1287 2538 1355 Psalmi,
2592 1289 2832 1361 intelligit
2875 1294 3280 1348 conversionem
3312 1296 3492 1366 Aggmi
3523 1307 3577 1353 et
3603 1296 3869 1358 Zacharias

2311 1379 2505 1436 Cantet
2531 1396 2658 1452 ergo
2696 1397 2813 1452 quae
2844 1393 3141 1453 sequuntur
3163 1425 3178 1452 ,
3229 1403 3338 1442 non
3383 1393 3492 1443 tam
3523 1391 3712 1462 lingua:
3739 1411 3872 1465 voce,

2312 1489 2468 1542 quam
2499 1475 2618 1528 vita:
2650 1477 2687 1528 ί.
2741 1475 2857 1530 Erit
2881 1478 3022 1531 enim
3050 1479 3258 1534 aediﬁcii
3291 1479 3555 1549 perfectio
3576 1525 3590 1549 ,
3626 1485 3875 1544 ineffabilis

2315 1579 2416 1634 pax
2445 1565 2528 1618 illa
2570 1567 2880 1635 sapientiae,
2929 1569 3080 1637 cujus
3126 1570 3336 1624 initium
3387 1582 3473 1627 est
3513 1575 3667 1629 timor
3697 1576 3876 1634 Domini

2317 1654 2497 1726 (Prov.
2531 1672 2569 1758 1.,
2597 1656 2651 1728 7)
2687 1675 2699 1711 :
2731 1658 2854 1713 inde
2881 1674 3007 1729 ergo
3031 1661 3271 1730 incipiat,
3307 1679 3469 1734 quem
3494 1668 3772 1724 coaediﬁcat
3795 1671 3875 1728 ista

2313 1761 2412 1801 COll
2421 1761 2614 1802 \‘CI‘SIO.

2385 1841 2439 1894 2.
2473 1841 2629 1914 [uera
2669 1840 2746 1915 1.]
2775 1841 2961 1897 Beatus
2982 1845 3124 1899 enim
3151 1847 3230 1900 vir
3254 1849 3340 1918 qui
3365 1851 3507 1904 timet
3532 1849 3810 1921 Dominum,
3833 1860 3874 1911 in

2316 1934 2569 1987 mandatis
2605 1935 2713 2006 ejus
2743 1935 2870 1989 volet
2901 1937 3070 1991 nimis.
3118 1937 3326 1994 Viderit
3353 1941 3496 1997 Deus
3517 1983 3531 2009 ,
3564 1946 3648 2014 qtti
3679 1948 3810 2001 solus
3835 1961 3878 2004 et

2318 2027 2579 2082 veraciter
2609 2035 2662 2081 et
2693 2028 3114 2084 misericorditer
3135 2030 3356 2100 judicat,
3391 2046 3647 2104 quantum
3675 2039 3878 2110 lstepro-

2320 2117 2460 2172 liciat
2489 2118 2540 2171 iu
2568 2118 2833 2174 mandatis
2855 2120 2972 2190 ejus
3005 2138 3016 2172 :
3047 2123 3300 2192 quoniam
3341 2127 3550 2179 tentatio
3580 2138 3649 2181 est
3689 2131 3778 2184 vim
3801 2132 3876 2185 Iut-

2318 2227 2470 2264 mana
2489 2227 2640 2281 super
2662 2221 2866 2278 terram,
2897 2213 3033 2268 sicut
3061 2224 3275 2272 sanctus
3292 2216 3397 2272 Job
3418 2218 3547 2274 dicit
3579 2220 3694 2290 (Job
3711 2238 3786 2287 vn,
3815 2227 3872 2298 1).

2319 2305 2387 2360 Ει
2439 2306 2629 2360 iterum
2680 2309 2938 2378 scriptum
2985 2320 3112 2366 est:
3158 2330 3178 2364 ι
3213 2313 3481 2381 Quoniam
3535 2327 3721 2388 corpus
3757 2320 3874 2390 quod

2318 2399 2716 2468 corrumpitur,
2750 2411 3001 2471 aggravat
3041 2404 3273 2459 animam
3302 2449 3314 2471 ,
3345 2416 3403 2461 et
3430 2408 3674 2478 deprimit
3699 2420 3873 2467 terrena

2319 2491 2634 2546 inhabitatio
2663 2506 2879 2548 sensum
2902 2495 3068 2550 multa
3095 2498 3420 2568 cogitantem
3452 2520 3468 2552 ι
3503 2501 3655 2570 (Sep.
3686 2521 3750 2569 ut,
3782 2505 3871 2577 15).

2319 2583 2418 2650 Qui
2449 2585 2901 2656 autemdijudicat
2925 2603 3044 2656 nos,
3076 2585 3329 2646 Dominus
3351 2602 3439 2648 est
3469 2609 3481 2646 :
3518 2609 3614 2649 mre
3633 2603 3872 2652 antetcm-

2320 2691 2421 2746 pus
2444 2676 2684 2746 judicare
2712 2678 2967 2734 debemus
2986 2722 3000 2745 ,
3043 2681 3214 2738 donec
3239 2685 3423 2740 veniat
3452 2683 3729 2754 Dominus,
3752 2699 3795 2744 ct
3817 2691 3869 2744 il-

2319 2769 2542 2825 luminet
2565 2770 2876 2827 abscondita
2901 2773 3263 2843 tenebrarum,
3295 2786 3349 2832 et
3382 2779 3730 2836 manliestabit
3753 2784 3871 2853 cogi-

2321 2862 2548 2917 tationes
2579 2863 2790 2928 cordis;
2843 2873 2898 2920 et
2943 2874 3067 2920 tunc
3112 2867 3227 2923 laus
3272 2869 3380 2925 erit
3429 2873 3871 2943 unicuiqueIDco

2321 2952 2367 3024 (l
2399 2954 2516 3009 Cor.
2547 2971 2619 3020 tv,
2658 2957 2691 3010 4
2711 2966 2757 3010 et
2781 2957 2859 3028 5).
2899 2957 3104 3014 Viderit
3126 2976 3255 3032 ergo
3283 2962 3375 3018 ille
3408 2961 3662 3034 quantum
3687 2967 3870 3037 quisque

2324 3046 2567 3116 proﬁciat
2612 3048 2663 3100 in
2711 3050 2976 3105 mandatis
3013 3052 3130 3121 ejus
3163 3071 3176 3106 :
3209 3063 3385 3110 tamen
3438 3057 3577 3112 volet
3621 3058 3766 3113 nimis
3799 3061 3869 3129 qui

2323 3153 2504 3209 pacem
2563 3140 2703 3196 illius
2748 3142 3182 3200 comdiﬁcationis
3229 3146 3594 3217 adamaverit;
3653 3165 3742 3206 nec
3777 3153 3867 3222 jam

2323 3234 2612 3305 desperare
2641 3234 2799 3306 debet
2824 3279 2838 3303 ,
2885 3239 3133 3308 quoniam
3175 3242 3227 3295 in
3252 3245 3512 3300 mandatis
3534 3248 3644 3318 ejus
3671 3247 3782 3301 solet
3804 3248 3868 3299 nio

2322 3327 2450 3392 mis,
2510 3333 2565 3380 et
2611 3342 2715 3398 pax
2768 3327 2819 3382 iu
2869 3336 3009 3384 terra
3061 3331 3371 3390 hominibus
3430 3337 3585 3392 bonae
3628 3339 3868 3394 voluntatis

2324 3416 2474 3488 (Luc.
2507 3433 2574 3482 ιι,
2609 3419 2724 3488 tt).

2395 3511 2447 3564 5.
2483 3509 2632 3584 [vers
2655 3512 2708 3577 2,
2743 3511 2821 3585 5.]
2856 3513 3000 3582 lude,
3035 3515 3223 3572 Potens
3252 3519 3304 3573 in
3326 3527 3466 3575 terra
3487 3523 3578 3576 erit
3593 3539 3743 3576 semen
3763 3523 3865 3592 ejus.

2323 3603 2518 3659 Semen
2541 3602 2733 3659 futura:
2758 3606 2948 3662 messis
2969 3649 2983 3674 ,
3012 3623 3174 3679 opera
3207 3625 3324 3666 esse
3355 3612 3729 3668 misericordiae
3757 3616 3867 3682 Apo—

2324 3695 2492 3750 stolus
2513 3696 2662 3751 testis
2689 3707 2790 3763 est,
2823 3703 2910 3769 qui
2940 3699 3101 3766 dicit,
3130 3700 3328 3757 Bonum
3353 3715 3526 3760 autent
3552 3706 3769 3777 facientes
3789 3717 3868 3758 non

2325 3787 2665 3856 deﬁciamus;
2697 3799 2921 3860 tempore
2945 3793 3077 3846 enim
3108 3796 3315 3866 praprio
3355 3808 3596 3852 metemus
3623 3798 3790 3870 (Galnt.
3811 3812 3862 3862 τι,

2325 3879 2382 3951 9)
2413 3896 2426 3933 :
2451 3890 2504 3935 et
2527 3881 2741 3949 iterum,
2776 3881 2889 3937 Hoc
2913 3895 3099 3952 autem,
3130 3888 3299 3957 inquit
3321 3891 3365 3956 ³,
3392 3891 3482 3961 qui
3501 3908 3647 3962 parce
3672 3891 3863 3952 seruiunt,

2327 3989 2476 4044 parce
2505 3983 2550 4027 et
2575 3983 2722 4029 metet
2746 3974 2813 4047 (ll
2836 3974 2956 4030 Cor.
2978 3994 3047 4044 ιι,
3081 3978 3156 4052 ﬁ).
3190 3979 3326 4047 Quid
3353 3993 3556 4052 autem,
3585 3985 3772 4048 fratres,
3795 3995 3865 4050 po—

2325 4065 2522 4120 tentius
2543 4103 2559 4133 ,
2593 4081 2750 4136 quam
2779 4075 2835 4121 ut
2864 4085 3083 4139 regnum
3112 4071 3369 4127 coelorum
3398 4115 3413 4142 ,
3446 4092 3551 4130 non
3588 4077 3741 4131 solum
3761 4073 3864 4127 Zac-

2327 4158 2508 4214 chmus
2538 4169 2681 4215 emat
2706 4161 2929 4217 dimidio
2957 4179 3136 4220 rerum
3159 4181 3376 4222 suarum
3409 4168 3558 4241 (Luc.
3591 4185 3691 4235 xix,
3712 4163 3863 4239 8).sed

2326 4258 2380 4304 et
2406 4250 2561 4306 vidua
2584 4250 2792 4307 duobus
2829 4255 3048 4311 minutis
3082 4255 3273 4327 (Marc.
3308 4273 3379 4313 xu
3400 4301 3417 4328 ,
3446 4261 3536 4332 12)
3557 4301 3570 4328 ,
3603 4270 3652 4316 et
3674 4268 3863 4314 tantum-

2327 4345 2447 4439 dem
2478 4346 2549 4401 ibi
2581 4355 2802 4418 uterque
2828 4348 3139 4419 possideat?
3180 4351 3305 4422 quid
3338 4356 3638 4439 potentius,
3666 4365 3798 4423 quam
3820 4357 3863 4403 ut

2328 4437 2466 4492 idem
2498 4452 2718 4509 regnum
2749 4449 2802 4494 et
2837 4439 3105 4496 thesauris
3143 4442 3292 4497 diviti
3313 4486 3327 4509 ,
3359 4427 3414 4500 Et
3453 4447 3612 4500 calice
3639 4460 3770 4515 aqua:
3794 4440 3863 4495 fri-

2327 4528 2463 4599 gidm
2507 4530 2726 4599 pauperi
2753 4531 2973 4585 valeat?
3021 4532 3157 4588 Sunt
3199 4541 3376 4589 autem
3421 4537 3512 4607 qui
3553 4538 3644 4591 ista
3689 4533 3857 4594 faciant,

2328 4621 2453 4674 dum
2482 4629 2692 4676 terrena
2721 4624 3077 4693 conquirunt,
3129 4635 3220 4679 aut
3247 4625 3334 4681 hic
3359 4627 3653 4684 mercedem
3685 4639 3862 4696 speran-

2330 4722 2411 4769 tes
2431 4729 2459 4768 a
2490 4713 2740 4780 Domino,
2772 4725 2864 4769 aut
2887 4715 3192 4772 hominibus
3219 4719 3429 4788 placere
3455 4719 3744 4792 cupientes:
3769 4713 3856 4777 sed,

2333 4805 2600 4861 Generatie
2635 4817 2882 4862 rectarum
2909 4807 3257 4876 benedicatur,
3301 4810 3356 4866 id
3397 4822 3479 4867 est
3507 4824 3658 4881 opera
3690 4817 3857 4867 eorum,

2331 4913 2556 4968 quorum
2581 4899 2751 4954 bonus
2777 4900 2916 4954 Deus
2943 4899 3140 4966 Israel,
3175 4903 3264 4973 qui
3289 4915 3434 4959 recto
3454 4912 3574 4959 sunt
3601 4899 3770 4960 corde;
3793 4910 3860 4950 τε·

2333 4999 2476 5044 ctum
2507 4999 2686 5046 autem
2715 5006 2809 5046 cor
2843 5000 2965 5058 est,
3009 5007 3116 5048 non
3143 4994 3395 5051 resistere
3425 4994 3561 5050 Patri
3585 4985 3857 5048 emendanti,

2334 5088 2387 5135 et
2417 5080 2636 5136 credere
2662 5082 2934 5152 pollicenti
2962 5101 2975 5137 :
2999 5099 3112 5158 non
3148 5099 3335 5140 eorttm
3357 5084 3546 5157 quibus
3569 5091 3859 5138 commoven-

2337 5179 2421 5226 tur
2463 5171 2662 5242 pedes,
2713 5182 2768 5228 et
2805 5173 3151 5230 effunduntur
3195 5191 3414 5246 gressus
3453 5185 3606 5247 atque
3637 5173 3856 5229 labatur,

2335 5265 2472 5320 sicut
2500 5265 2552 5318 in
2595 5266 2702 5320 alio
2727 5267 2934 5337 psalmo
2959 5268 3168 5324 canitur
3192 5311 3206 5336 ,
3235 5270 3360 5326 dum
3389 5270 3563 5326 sciant
3588 5268 3637 5323 in
3658 5268 3856 5335 peccato-

2335 5357 2482 5412 rihus
2509 5373 2693 5428 pcem
2725 5369 3064 5430 peccatorum
3108 5361 3382 5429 videntes,
3427 5373 3479 5418 et
3520 5365 3690 5431 putant
3714 5350 3854 5425 perire

2337 5467 2496 5523 opera
2541 5468 2671 5521 sua,
2721 5455 2841 5524 quia
2885 5470 2989 5509 non
3031 5455 3109 5511 eis
3150 5471 3355 5514 merces
3393 5455 3618 5513 redditur
3661 5446 3852 5520 peritura

2339 5542 2508 5617 (Psal.
2541 5561 2687 5601 Lxxn
2708 5588 2722 5611 ,
2755 5547 2935 5619 1-14).
2969 5547 3037 5601 At
3072 5549 3170 5604 iste
3191 5549 3270 5603 vir
3297 5551 3386 5620 qui
3429 5549 3570 5602 timet
3599 5539 3853 5598 Dominum,

2404 5728 2421 5797 ξ
2459 5737 2557 5797 itm.
2586 5729 2638 5773 et
2659 5723 2840 5797 aliquot
2860 5731 2986 5797 Mss},
3011 5724 3296 5797 tam‘lingua
3317 5732 3363 5777 et
3378 5737 3508 5797 uoce,
3525 5714 3771 5797 entitling};

2403 5791 2422 5900 ξ
2458 5767 2840 5850 nissime}?
2859 5767 3776 5852 ἆὶιᾞίἰιῐζὶίῖἔὸῗέἱιῖὁιιῖ’ἐὲιέῐῖέ⁷ιίιπίς
3792 5767 3840 5818 ab

2345 5865 2400 5902 οδ
2421 5885 2439 5901 ο
