4188 6462
310 427 461 486 "69

309 553 373 603 et
394 545 451 601 in
474 540 735 617 templum
775 546 1017 597 sanctum
1050 538 1149 595 Dei
1174 534 1522 595 conversione
1550 534 1684 590 recti
1720 532 1898 589 cordis

308 647 527 712 aptatur
550 678 566 703 ,
608 652 709 692 nec
735 636 954 707 gloriam
983 632 1257 691 hominum
1286 630 1496 701 quaerit,
1528 644 1631 684 nec
1656 636 1897 682 terrenas

307 732 527 790 divitias
560 728 922 801 concupiscit;
974 736 1029 783 et
1068 735 1276 794 tamen,
1328 722 1503 778 Gloria
1546 732 1590 775 et
1626 721 1812 776 divitiae
1844 720 1897 773 in

310 828 464 881 domo
489 825 617 897 ejus.
654 823 851 878 Domus
878 820 1021 877 enim
1047 821 1164 893 ejus
1188 863 1202 888 ,
1234 834 1328 875 cor
1356 817 1472 887 ejus
1502 824 1613 883 est;
1642 815 1754 878 ubi,
1786 813 1898 869 Deo

308 919 566 975 laudante
597 919 617 950 ¹
639 959 655 985 ,
680 915 986 987 opulentius
1014 913 1217 968 habitat
1246 927 1366 967 cum
1397 926 1491 980 spe
1514 909 1637 963 vitae
1658 915 1890 972 aeternio,

309 1026 493 1083 quam,
528 1006 838 1064 hominibus
864 1006 1221 1074 adulantibus,
1249 1004 1301 1059 in
1321 1001 1659 1057 marmoratis
1685 998 1899 1069 laquea-

310 1103 488 1171 tisque
516 1101 671 1157 tectis
708 1116 828 1156 cum
855 1100 1046 1155 timore
1074 1095 1263 1152 mortis
1288 1103 1521 1151 aeternae.
1558 1091 1726 1161 Hujus
1754 1088 1896 1145 enim

299 1194 508 1267 iustitia
548 1202 716 1248 manet
756 1193 810 1247 in
851 1192 1092 1247 steculum
1136 1187 1308 1245 διεσαιὶ
1340 1204 1357 1242 :
1387 1187 1499 1258 ipsa
1546 1185 1663 1255 ejus
1704 1182 1892 1255 gloria,

302 1288 439 1359 ipsa:
479 1286 701 1342 divitize.
752 1285 896 1341 Illius
930 1291 1105 1339 autem
1138 1296 1371 1353 purpura
1398 1288 1452 1337 et
1476 1280 1669 1353 byssus
1695 1288 1748 1334 et
1768 1292 1896 1348 epu-

298 1378 365 1435 la:
418 1377 755 1450 Splendidze,
802 1388 855 1434 et
893 1393 1014 1434 cum
1059 1386 1254 1448 praesto
1298 1385 1448 1440 sunt,
1500 1380 1814 1438 transeunt;
1843 1378 1898 1427 et

297 1486 428 1526 cum
458 1469 528 1526 ad
572 1469 732 1526 ﬁnem
760 1471 1041 1537 venerint,
1089 1484 1240 1539 aquae
1266 1475 1466 1539 guttam
1497 1482 1562 1521 ex
1588 1465 1752 1535 digito
1781 1462 1897 1517 stil-

295 1562 455 1618 laute
495 1561 809 1618 desiderans
832 1604 847 1627 ,
888 1561 1082 1616 ardens
1123 1559 1301 1630 lingua
1334 1559 1583 1614 clamabit
1612 1554 1760 1629 (Luc.
1786 1571 1893 1622 xvr,

294 1653 564 1723 19-24).

375 1746 435 1799 4.
478 1742 631 1817 [vers.
659 1742 798 1817 4-9.]
838 1742 1089 1798 Exortum
1127 1753 1197 1799 est
1231 1745 1285 1798 in
1321 1740 1531 1798 tenebris
1561 1742 1725 1795 lumen
1752 1742 1898 1797 rectis

294 1839 481 1892 corde.
514 1837 704 1893 Merito
727 1837 960 1907 dirigunt
980 1853 1072 1893 cor
1099 1838 1147 1892 in
1176 1838 1339 1893 Deum
1372 1851 1546 1899 suum,
1578 1835 1767 1890 merito
1787 1850 1899 1889 am-

286 1928 495 1982 bulant
539 1929 672 1983 recti
700 1944 820 1983 cum
851 1928 961 1985 Deo
987 1944 1114 1996 suo,
1156 1935 1528 1999 prmponentes
1561 1926 1675 1996 ejus
1709 1925 1897 1981 volun-

286 2030 475 2077 tatem
507 2021 640 2087 sibi;
683 2037 855 2093 neque
888 2022 955 2077 de
991 2037 1084 2077 sua
1119 2020 1404 2093 quidquam
1434 2019 1661 2091 superbe
1693 2034 1898 2089 praesu-

286 2121 545 2167 mentes.
574 2112 927 2167 Meminerunt
949 2114 1090 2167 enim
1132 2112 1294 2167 fuisse
1330 2126 1387 2166 se
1428 2109 1713 2180 aliquando
1754 2118 1902 2165 lene-

286 2203 460 2267 bras,
512 2219 654 2259 nunc
690 2212 867 2259 autem
907 2204 1076 2258 lucem
1115 2203 1167 2257 in
1209 2201 1433 2257 Domino
1463 2202 1479 2271 (
1506 2198 1697 2271 Ephcs.
1729 2218 1780 2268 v,
1810 2198 1897 2273 8).

292 2293 610 2349 Misericors
642 2303 689 2350 et
727 2296 987 2349 miserator
1016 2304 1061 2348 et
1086 2294 1257 2365 justus
1282 2293 1528 2347 Dominus
1556 2291 1715 2347 Deus.
1749 2290 1904 2347 Dele—

293 2394 421 2440 ctat
460 2387 604 2456 quod
643 2387 922 2441 misericors
965 2394 1010 2439 et
1047 2388 1344 2450 miserator,
1370 2383 1462 2439 sed
1492 2392 1655 2439 terret
1679 2382 1902 2439 fortasse

297 2477 459 2549 quod
479 2478 654 2547 justus
682 2476 922 2532 Dominus
954 2475 1112 2531 Deus.
1139 2475 1289 2531 Nulla
1319 2475 1692 2545 desperatione
1719 2475 1901 2531 formi-

300 2570 432 2636 des,
459 2571 618 2625 beate
647 2568 729 2623 vir
753 2568 845 2639 qui
868 2570 1021 2623 times
1051 2568 1331 2622 Dominum
1354 2576 1405 2621 et
1430 2566 1483 2621 in
1507 2566 1768 2621 mandatis
1788 2567 1903 2636 ejus

302 2663 469 2718 voles
496 2659 658 2715 nimis
690 2679 703 2715 :
735 2670 850 2716 esto
882 2661 1077 2728 suavis,
1110 2660 1367 2715 miserere
1403 2669 1456 2715 et
1489 2660 1790 2715 commoda.
1826 2658 1903 2715 Ita

306 2756 462 2811 enim
492 2753 667 2824 justus
696 2763 777 2808 est
808 2753 1058 2807 Dominus
1097 2753 1236 2808 Deus
1258 2796 1271 2819 ,
1310 2763 1367 2807 ut
1403 2751 1660 2824 judicium
1689 2752 1761 2806 illi
1789 2753 1905 2807 sine

305 2845 687 2900 misericordia
711 2843 898 2912 faciat,
930 2845 1016 2914 qui
1054 2861 1160 2899 non
1188 2844 1310 2899 fecit
1340 2843 1759 2899 misericordiam
1788 2844 1907 2915 (Ja-

310 2937 431 2992 cobi
454 2952 516 3002 ll,
542 2936 641 3007 i3)
668 2952 682 2989 :
711 2935 892 2991 Suavis
914 2946 1087 2990 autem
1116 2937 1190 2989 vir
1213 2936 1297 3007 qui
1322 2936 1582 2990 miseretur
1606 2946 1651 2990 et
1680 2953 1903 2990 commo-

312 3030 448 3094 dat;
497 3044 604 3083 non
641 3043 762 3083 eum
788 3038 996 3083 emovet
1020 3030 1159 3083 Deus
1185 3045 1247 3083 ex
1278 3044 1372 3084 ore
1397 3044 1513 3095 suo,
1543 3039 1791 3101 tanquam
1821 3031 1905 3085 in-

315 3136 565 3177 suavem.
594 3120 840 3183 Dimittite
861 3161 874 3184 ,
900 3122 1086 3191 inquit,
1120 3130 1163 3175 et
1187 3121 1462 3175 dimittetur
1490 3122 1657 3188 vobis;
1697 3122 1831 3191 date,
1860 3131 1907 3176 et

317 3213 529 3273 dabitur
555 3214 692 3266 vobis
718 3211 866 3282 (Luc.
886 3226 957 3277 vt,
986 3212 1074 3278 37,
1103 3212 1214 3283 58).
1248 3213 1301 3266 In
1327 3227 1391 3267 eo
1416 3212 1554 3282 quod
1586 3211 1826 3275 dimittis,
1852 3220 1909 3267 ut

318 3306 625 3361 dimittatur
662 3304 774 3371 tibi,
819 3306 1119 3371 misereris;
1159 3306 1210 3359 in
1252 3320 1316 3360 eo
1348 3304 1488 3375 quod
1515 3303 1638 3372 das,
1671 3314 1727 3359 ut
1753 3304 1909 3359 detur

320 3397 457 3462 tibi,
515 3396 841 3451 commodas.
900 3395 1151 3464 Quamvis
1206 3396 1347 3451 enim
1395 3394 1631 3466 generali
1692 3394 1908 3452 nomine

327 3488 509 3542 omnis
558 3487 919 3542 misericordia
953 3487 1159 3541 dicatur
1194 3501 1295 3557 qua
1339 3487 1534 3541 misero
1568 3488 1905 3557 subvenitur,

331 3580 563 3633 interest
591 3586 765 3633 tamen
796 3578 883 3633 ubi
913 3592 1015 3632 non
1044 3578 1305 3648 impendis
1325 3592 1423 3632 nec
1448 3587 1716 3649 sumptum
1744 3594 1907 3651 pecu-

330 3673 450 3734 nias,
476 3686 575 3727 nec
596 3672 885 3741 corporalis
905 3672 1100 3726 laboris
1122 3671 1452 3737 industriam,
1472 3673 1565 3728 sed
1588 3673 1911 3744 ignoscendo

329 3763 472 3833 quod
502 3768 558 3817 in
582 3773 633 3818 te
662 3763 885 3834 quisque
905 3764 1160 3833 peccavit,
1185 3773 1239 3819 et
1268 3772 1477 3819 tuorum
1500 3767 1666 3835 gratis
1696 3781 1912 3837 compa-

330 3876 419 3915 ras
444 3859 657 3913 veniam
687 3865 1045 3928 peceatorum.
1075 3858 1200 3913 Haec
1228 3857 1335 3913 duo
1351 3859 1689 3928 benignitatis
1711 3858 1907 3929 ofﬁcia,

332 3953 775 4024 ignoscendorum
804 3963 1136 4023 peccatorum
1173 3962 1227 4008 et
1265 3954 1643 4008 beneficiorum
1684 3970 1911 4024 erogan-

336 4044 543 4111 dorum,
569 4045 707 4100 sicut
744 4045 799 4099 in
848 4044 1134 4115 Evangelio
1170 4045 1311 4115 quod
1354 4048 1908 4115 commemoravimus,

336 4136 607 4201 Dimittite,
630 4146 677 4190 et
706 4136 977 4190 dimittetur
999 4136 1167 4200 vobis;
1195 4137 1329 4203 date,
1348 4146 1391 4190 et
1411 4136 1612 4190 dabitur
1636 4138 1768 4192 vobis
1791 4153 1809 4205 ,'
1835 4140 1913 4194 sic

334 4229 386 4283 in
409 4228 513 4283 isto
537 4240 694 4281 versu
723 4225 953 4281 arbitror
972 4240 1090 4281 esse
1115 4226 1382 4294 distincta,
1414 4226 1595 4282 Suavis
1622 4229 1695 4281 vir
1722 4230 1806 4299 qui
1828 4231 1913 4283 mi-

330 4330 523 4377 seretur
550 4327 596 4372 et
634 4315 935 4371 commodat.
976 4316 1054 4373 Ne
1087 4316 1221 4387 pigri
1251 4317 1317 4371 ad
1344 4318 1457 4373 lucc
1485 4319 1669 4384 simus,
1700 4320 1907 4375 fratres.

332 4411 567 4467 Gloriam
593 4410 783 4481 quaerit
822 4408 912 4480 qui
951 4409 1220 4465 desiderat
1258 4411 1510 4465 vindicari
1553 4425 1645 4479 se;
1700 4413 1795 4469 sed
1834 4422 1913 4468 at-

334 4502 493 4565 tende
526 4500 666 4571 quod
707 4500 960 4570 scriptum
1002 4512 1083 4555 est
1116 4499 1336 4555 :Melior
1360 4512 1432 4557 est
1469 4504 1553 4572 qui
1588 4505 1734 4558 vincit
1762 4506 1909 4572 iram,

331 4610 484 4665 quant
527 4593 614 4663 qui
656 4592 791 4662 capit
828 4592 1077 4646 civitatem
1116 4590 1313 4665 (Prov.
1356 4610 1473 4660 xvr,
1516 4595 1645 4665 '52).
1691 4595 1911 4653 Divitias

333 4684 525 4756 quierit
552 4682 640 4752 qui
681 4698 786 4737 non
828 4683 938 4737 vult
976 4682 1104 4737 dare
1140 4684 1492 4753 pauperibus;
1523 4687 1736 4741 attende
1770 4687 1912 4757 quod

332 4775 593 4845 scriptum
622 4782 704 4828 est
731 4790 744 4826 :
771 4772 988 4828 Habebis
1020 4774 1308 4828 thesaurum
1335 4775 1389 4829 in
1409 4776 1531 4830 coelo
1562 4776 1771 4849 (Matt/1.
1799 4793 1908 4847 χιχ,

332 4866 445 4938 21).
477 4866 595 4921 Νοη
619 4882 745 4938 ergo
766 4866 872 4920 eris
899 4866 1156 4937 inglorius
1192 4868 1548 4937 ignoscendo;
1594 4871 1717 4940 quia
1744 4869 1809 4925 de
1836 4873 1911 4926 ira

336 4961 477 5016 vieta
509 4957 824 5012 laudabilius
848 4957 1200 5028 triumphatur
1224 4975 1236 5010 :
1257 4974 1362 5013 non
1383 4972 1582 5029 egenus
1601 4961 1909 5026 tribuendo;

333 5051 459 5121 quia
493 5048 772 5103 thesaurus
799 5048 1030 5104 ctelestis
1055 5048 1252 5103 certius
1280 5048 1598 5118 possidetur.
1633 5050 1782 5105 Hunc
1805 5067 1911 5107 ver-

333 5156 453 5217 spm
492 5138 822 5217 parturiebat
864 5138 956 5195 ille
1002 5137 1285 5208 superior,
1334 5136 1509 5194 Gloria
1550 5148 1595 5194 et
1635 5140 1823 5195 divitia:
1862 5142 1915 5195 in

334 5237 489 5290 domo
513 5234 640 5304 ejus.

407 5328 462 5383 5.
496 5326 596 5394 Qui
622 5324 737 5380 haec
763 5324 938 5394 itaque
971 5323 1131 5392 facit,
1164 5323 1409 5395 Disponet
1438 5340 1688 5380 sermones
1716 5342 1835 5380 suos
1860 5328 1913 5381 in

329 5420 549 5491 judicio.
580 5418 739 5474 Facta
779 5418 889 5488 ipsa
923 5433 1201 5475 sermones
1236 5428 1361 5474 sunt
1398 5420 1589 5491 quibus
1630 5422 1685 5476 in
1715 5421 1913 5492 judicio

332 5511 689 5573 defendetur;
715 5509 857 5580 quod
885 5510 935 5566 ei
959 5525 1065 5567 non
1093 5511 1197 5567 erit
1220 5512 1337 5568 sine
1365 5513 1747 5580 misericordia,
1788 5517 1909 5585 quia

390 5647 416 5717 ,ι
443 5645 518 5717 sic
540 5643 905 5717 melior-estis.
931 5650 985 5695 At
1006 5645 1147 5717 Edd.,_
1169 5655 1273 5717 Deo
1289 5647 1547 5717 habitante;
1571 5657 1624 5700 et
1662 5650 1799 5717 intra,
1828 5652 1914 5703 ho-

334 5706 543 5758 minibus
564 5705 876 5770 habitantibus
903 5720 921 5758 :
946 5720 1056 5770 qua:
1083 5705 1228 5758 etiam
1260 5709 1405 5760 lectio
1428 5705 1911 5763 reluctantibus'ms.

334 5769 675 5837 irrepseratiu
700 5767 872 5837 librum
892 5767 1064 5837 Quiest.
1090 5779 1203 5837 octo
1215 5770 1270 5818 ad
1297 5771 1560 5830 Dulcitium,
1586 5776 1632 5822 in
1652 5790 1747 5837 quo
1772 5775 1914 5831 libro.

366 5828 517 5901 ptest.
538 5828 588 5901 β,
614 5831 733 5901 hanc
751 5830 901 5892 ipsam
923 5832 1066 5880 trium
1090 5832 1296 5895 priorum
1321 5828 1914 5899 versunchpositionem

369 5892 631 5953 cscriptatu
654 5892 819 5940 habes.

1426 415 1820 475 ENARBATIO
1857 412 1922 472 IN
1959 414 2288 475 PSALMUM
2324 418 2461 476 CXI.

3448 425 3474 479 l
3485 424 3588 481 470

2002 541 2056 588 et
2094 535 2207 604 ipse
2234 534 2357 591 fecit
2382 535 2823 594 misericordiam.
2856 536 3108 604 Quoniam
3136 537 3189 591 in
3214 543 3455 593 aeternum
3483 556 3585 594 non

2002 626 2387 682 commovebitur
2413 645 2431 681 :
2467 629 2557 698 qui
2597 628 2663 683 ad
2701 626 2974 685 dexteram
3026 639 3332 701 segregatus
3370 632 3582 697 audiet,

2011 719 2203 787 Venite,
2233 721 2475 775 benedicti
2504 721 2677 777 Patris
2700 723 2817 789 mei,
2847 723 3085 794 percipite
3113 741 3323 795 regnum
3340 725 3475 794 quod
3500 742 3585 780 vo-

2001 815 2075 871 bis
2102 825 2335 884 paratum
2358 825 2430 872 est
2455 818 2518 871 ab
2543 818 2735 887 origine
2758 818 2957 871 mundi.
3001 816 3181 887 Neque
3226 817 3367 872 enim
3409 818 3583 887 aliqua

2000 906 2111 962 illic
2126 922 2334 975 eorum,
2354 908 2456 962 nisi
2479 923 2642 976 opera
2667 907 3047 963 misericordia:
3069 919 3581 963 commemorantur.

1999 999 2195 1056 Audiet
2220 1015 2366 1072 ergo,
2408 999 2611 1067 Venite,
2644 1001 2887 1056 benedicti
2915 1001 3087 1057 Patris
3119 1004 3253 1069 mei;
3282 1003 3403 1074 quia
3430 1019 3581 1074 gene-

2000 1095 2128 1149 ratio
2165 1104 2415 1150 rectorum
2456 1094 2792 1152 benedicatur.
2832 1095 2956 1161 Sic,
2995 1094 3063 1150 In
3112 1096 3352 1151 memoria
3394 1107 3583 1150 aeterna

2000 1189 2094 1242 erit
2119 1188 2327 1255 justus:
2353 1189 2489 1244 etab
2523 1189 2701 1243 auditu
2734 1188 2868 1242 malo
2906 1203 3009 1242 non
3051 1186 3270 1253 timebit;
3306 1186 3447 1257 quod
3479 1186 3583 1242 dici

1998 1283 2181 1340 audiet
2208 1283 2273 1339 iis
2299 1282 2389 1353 qui
2414 1298 2445 1337 a
2471 1282 2701 1338 sinistris
2731 1290 2918 1346 erunt,
2942 1279 3025 1334 Ite
3049 1281 3103 1335 in
3126 1280 3293 1351 ignem
3319 1290 3583 1348 ceternum,

2000 1380 2086 1448 qui
2130 1384 2448 1450 praeparatus
2473 1385 2544 1432 est
2560 1376 2760 1431 diabolo
2799 1384 2845 1430 et
2866 1376 3056 1446 angelis
3077 1376 3187 1446 ejus
3208 1374 3422 1445 (Matth.
3454 1390 3577 1441 xxv,

2000 1470 2089 1537 54,
2114 1468 2246 1541 61).

2071 1561 2123 1616 6.
2157 1560 2338 1631 Itaque
2374 1559 2464 1630 qui
2510 1559 2597 1613 hic
2643 1574 2750 1613 non
2792 1572 2886 1612 sua
2927 1556 3271 1628 qumrit,sed
3296 1572 3415 1627 quae
3456 1557 3584 1612 Jesu

1999 1651 2232 1718 Christi;
2267 1650 2479 1707 labores
2517 1650 2901 1719 patientissime
2940 1649 3187 1716 sustinet,
3220 1648 3477 1719 promissa
3521 1651 3583 1700 ti-

2000 1745 2189 1801 denter
2208 1751 2483 1816 exspectat
2510 1762 2523 1797 :
2553 1741 2803 1796 Paratum
2824 1751 2904 1796 est
2925 1758 3008 1795 cor
3035 1742 3145 1811 ejus
3171 1757 3374 1812 sperare
3392 1741 3445 1794 in
3472 1740 3584 1794 Do-

2002 1838 2156 1890 mino.
2185 1835 2366 1906 Neque
2401 1834 2519 1891 ullis
2556 1832 2935 1889 tentationibus
2976 1830 3233 1901 frangitur
3262 1830 3582 1899 :Cou/irma—

2003 1939 2107 1983 tum
2131 1937 2203 1981 est
2225 1944 2311 1981 cor
2334 1928 2462 1997 ejus,
2498 1942 2601 1980 non
2621 1924 3036 1990 commovebitur,
3063 1923 3218 1977 donec
3248 1923 3411 1977 videat
3438 1939 3587 1993 super

2002 2022 2230 2076 inimicos
2256 2037 2392 2075 suos.
2425 2018 2628 2073 Inimici
2658 2018 2775 2087 ejus
2803 2017 2886 2071 hic
2909 2016 3088 2072 videre
3119 2016 3257 2072 bona
3282 2016 3585 2081 voluerunt,

2002 2122 2202 2169 etcum
2232 2112 2310 2167 eis
2336 2110 2618 2166 invisibilia
2649 2110 3107 2179 promitterentur,
3138 2107 3383 2161 dicebant
3415 2125 3427 2161 :
3462 2106 3588 2172 Quis

2005 2200 2413 2260 ostendet'nobis
2451 2203 2580 2257 bona
2624 2200 2815 2274 (Psal.
2846 2217 2917 2265 tv,
2947 2199 3425 2273 6)..Conlirmetur
3459 2215 3587 2269 ergo

2006 2313 2099 2353 cor
2141 2305 2406 2363 nostrum,
2450 2310 2549 2351 nec
2587 2308 3020 2350 commoveamur
3045 2332 3059 2357 ,
3103 2291 3272 2346 donec
3312 2290 3587 2345 videamus

2005 2404 2164 2458 super
2200 2388 2442 2442 inimicos
2468 2395 2700 2445 nostros.
2739 2385 2814 2439 llli
2841 2385 2986 2440 enim
3022 2383 3205 2438 volunt
3240 2381 3421 2437 videre
3450 2382 3587 2436 bona

2006 2481 2278 2535 hominum
2319 2480 2370 2534 in
2414 2488 2549 2533 terra
2578 2477 2955 2541 morientium;
2988 2489 3086 2529 nos
3112 2473 3379 2528 credimus
3407 2473 3588 2527 videre

2007 2572 2143 2628 bona
2173 2572 2381 2626 Domini
2407 2572 2457 2624 in
2482 2578 2622 2625 terra
2647 2569 2931 2623 viventium
2962 2567 3128 2636 (Psal.
3161 2582 3301 2631 xxvi,
3324 2566 3433 2638 15).

2079 2669 2133 2722 7.
2162 2665 2265 2721 Sed
2293 2680 2539 2734 magnum
2563 2670 2663 2729 est,
2683 2661 3053 2717 confirmatum
3080 2659 3279 2714 habere
3295 2674 3387 2713 cor
3409 2669 3462 2714 et
3483 2674 3586 2713 non

2008 2757 2331 2814 commoveri
2353 2798 2366 2821 ,
2394 2771 2513 2810 cum
2542 2754 2615 2809 illi
2637 2752 2868 2824 gaudent
2897 2753 2984 2821 qui
3009 2760 3190 2806 amant
3214 2750 3353 2821 quod
3385 2750 3583 2815 vident,

2010 2862 2063 2907 et
2088 2851 2345 2907 insultant
2368 2848 2419 2904 ei
2446 2848 2535 2918 qui
2556 2847 2698 2919 quod
2724 2862 2828 2902 non
2854 2845 2996 2901 videt
3014 2853 3194 2914 Sperat
3226 2863 3239 2898 :
3264 2853 3315 2899 et
3336 2861 3435 2897 non
3461 2860 3587 2897 cont-
3642 2846 3645 2849 ‘

2011 2945 2286 2999 movebitur
2314 2942 2470 2996 donec
2499 2939 2663 2994 videat
2685 2947 2738 2994 et
2760 2939 2893 3010 ipse,
2925 2954 3029 2992 non
3056 2937 3305 2993 deorsum
3336 2936 3476 3006 quod
3501 2937 3591 2990 ini-

2011 3036 2133 3090 mici
2156 3035 2288 3104 ejus,
2322 3032 2415 3088 sed
2443 3046 2654 3086 sursum
2685 3046 2837 3101 super
2861 3029 3090 3083 inimicos
3119 3045 3234 3083 suos
3254 3069 3270 3095 ,
3297 3028 3435 3098 quod
3463 3043 3592 3083 ocu~

2010 3129 2093 3184 lus
2121 3143 2226 3182 non
2260 3125 2412 3194 vidit,
2440 3138 2540 3179 nec
2560 3123 2704 3177 auris
2730 3121 2963 3185 audivit,
3010 3134 3109 3175 nec
3149 3120 3199 3173 in
3240 3134 3332 3173 cor
3362 3120 3592 3173 hominis

2011 3219 2288 3283 ascendit,
2342 3216 2483 3289 quod
2524 3215 2839 3287 praeparavit
2895 3214 3035 3268 Deus
3083 3211 3422 3282 diligentibus
3468 3225 3589 3265 eum

2014 3313 2057 3385 (Ι
2094 3313 2210 3367 Cor.
2237 3327 2293 3376 ιι,
2324 3306 2403 3381 9).
2445 3308 2636 3375 Quanti
2669 3307 2808 3361 valet
2836 3305 2937 3360 hoc
2976 3304 3117 3375 quod
3146 3320 3248 3358 non
3278 3302 3505 3366 videtur,
3539 3309 3593 3357 et

2014 3404 2205 3461 emitur
2232 3402 2359 3456 tanti
2392 3409 2646 3471 quantum
2677 3398 2900 3469 quisque
2934 3397 3131 3451 habere
3156 3395 3422 3465 potuerit!
3461 3394 3593 3454 Pro-

2014 3506 2132 3568 pter
2160 3496 2261 3550 hoc
2282 3504 2335 3550 et
2362 3495 2448 3549 ille
2470 3494 2673 3565 sparsit,
2698 3492 2832 3547 dedit
2855 3490 3157 3562 pauperibus
3186 3506 3204 3541 :
3225 3505 3330 3544 non
3356 3488 3590 3552 videbat,

2014 3598 2068 3645 et
2087 3589 2324 3652 emebat;
2358 3586 2450 3651 sed
2497 3585 2587 3640 ille
2621 3585 2927 3640 thesaurum
2968 3584 3216 3639 servabat
3244 3583 3294 3636 in
3322 3582 3477 3645 coelo,
3505 3582 3593 3652 qui

2015 3683 2218 3738 esurire
2256 3690 2312 3736 et
2344 3681 2493 3735 sitire
2532 3680 2583 3733 in
2624 3678 2942 3749 pauperibus
2983 3674 3297 3745 dignabatur
3334 3674 3384 3727 in
3427 3682 3590 3727 terra.

2013 3774 2129 3831 Non
2153 3775 2343 3830 mirum
2365 3783 2448 3829 est
2476 3772 2633 3843 igitur
2652 3771 2697 3825 si
2718 3770 2927 3826 Iustitia
2954 3770 3061 3840 ejus
3085 3775 3249 3821 manet
3272 3766 3324 3819 in
3353 3766 3593 3819 sa’culum

2014 3868 2184 3923 steculi
2213 3882 2231 3921 :
2257 3865 2476 3922 custode
2506 3864 2595 3918 illo
2623 3863 2712 3934 qui
2751 3861 2988 3917 condidit
3021 3860 3234 3913 smcula.
3275 3858 3444 3911 Cornu
3481 3858 3592 3925 ejus

2016 3960 2317 4033 exaltabitty-
2347 3959 2399 4011 in
2423 3958 2627 4028 gloria:
2653 3955 2805 4024 cujus
2836 3953 3102 4008 humilitas
3127 3966 3155 4004 a
3189 3949 3430 4019 superbis
3467 3964 3593 4003 Cull-

2018 4052 2366 4109 temnebatur.

2087 4145 2139 4200 8.
2168 4142 2316 4217 [vers.
2351 4141 2464 4215 10.]
2491 4141 2736 4196 Peccator
2757 4138 2960 4203 videbit,
2990 4145 3037 4191 et
3055 4126 3335 4191 irascetur:
3362 4149 3481 4190 sera
3504 4135 3592 4190 illa

2015 4238 2218 4293 scilicet
2258 4244 2415 4306 atque
2455 4234 2775 4288 infructuosa
2816 4229 3145 4301 paenitentia.
3190 4228 3317 4284 Nam
3356 4230 3595 4282 irascetur

2016 4331 2099 4385 cui
2142 4329 2309 4399 magis
2349 4342 2504 4397 quam
2541 4325 2660 4390 sibi,
2701 4339 2820 4379 cum
2852 4323 2992 4377 dicet
3026 4340 3036 4374 :
3076 4320 3211 4389 Quid
3240 4322 3379 4375 nobis
3409 4321 3596 4392 profuit

2016 4419 2292 4491 superbia?
2322 4429 2366 4472 et
2406 4418 2692 4472 divitiarum
2719 4416 2971 4488 jactautia
3009 4414 3129 4485 quid
3167 4415 3376 4468 contulit
3418 4414 3597 4468 nobis?

2016 4513 2203 4569 videns
2229 4527 2395 4569 cornu
2422 4511 2536 4581 ejus
2566 4510 2785 4565 exaltari
2816 4510 2865 4563 in
2894 4508 3082 4579 gloria,
3107 4507 3197 4577 qui
3220 4508 3414 4576 sparsit
3434 4517 3485 4561 et
3508 4508 3597 4561 de-

2017 4607 2095 4661 dit
2124 4605 2460 4677 pauperibus.
2485 4601 2729 4657 Dentibus
2759 4602 2860 4656 suis
2882 4600 3097 4672 frendet,
3130 4610 3177 4653 et
3209 4598 3417 4654 tabescet
3441 4615 3459 4651 :
3478 4600 3596 4667 quia

2018 4700 2126 4755 illic
2156 4700 2257 4754 erit
2283 4698 2521 4768 ploratus
2559 4705 2612 4750 et
2648 4694 2844 4749 stridor
2865 4694 3123 4748 dentium.
3152 4692 3265 4746 Non
3294 4692 3432 4745 enim
3456 4690 3598 4744 fron-

2018 4794 2161 4850 debit
2184 4795 2223 4858 ³,
2249 4802 2302 4846 et
2322 4792 2566 4857 virescet,
2599 4789 2737 4845 sicut
2763 4789 2913 4843 ﬁeret
2929 4789 2971 4843 si
2997 4794 3297 4858 Opportune
3319 4800 3439 4839 eum
3467 4794 3598 4837 lem-

2020 4901 2149 4955 pore
2188 4885 2501 4955 paeniteret;
2542 4881 2636 4938 sed
2662 4890 2786 4935 tunc
2816 4880 3112 4951 paenitebit,
3142 4892 3261 4931 cum
3298 4875 3599 4930 desiderium

2021 4987 2337 5048 peccatorum
2368 4975 2543 5046 peribit
2571 4992 2589 5029 :
2621 4974 2763 5028 nullo
2800 4970 3117 5025 succedente
3143 4967 3350 5023 solatio.
3400 4966 3600 5021 Peribit

2020 5072 2339 5128 desiderium
2382 5078 2717 5140 peccatorum
2744 5109 2758 5133 ,
2795 5080 2914 5119 cum
2964 5062 3223 5116 transient
3262 5059 3440 5115 omnia
3485 5069 3599 5113 tan-

2018 5179 2178 5237 quam
2205 5163 2389 5218 umbra
2426 5161 2589 5231 (Sap.
2622 5175 2672 5224 v,
2703 5157 2753 5223 8,
2785 5156 2872 5227 9),
2900 5170 3018 5209 cum
3050 5153 3169 5207 feno
3197 5161 3473 5208 arescente
3502 5151 3599 5206 flos

2018 5256 2245 5313 decidet.
2268 5254 2495 5309 Verbum
2526 5262 2699 5306 autem
2736 5248 2942 5303 Domini
2969 5246 3109 5316 quod
3134 5255 3314 5301 manet
3348 5246 3403 5300 in
3438 5256 3598 5302 aeter-

2020 5366 2147 5407 num
2178 5348 2341 5420 (Isai.
2372 5363 2457 5413 XL,
2483 5342 2575 5416 8),
2605 5344 2739 5397 sicut
2778 5342 3031 5395 falsorum
3064 5340 3336 5395 beatorum
3362 5340 3595 5394 vanitate

2020 5442 2251 5499 derisum
2287 5446 2387 5505 est,
2422 5439 2497 5493 sic
2531 5434 2837 5491 earumdem
2873 5448 3117 5489 verorum
3140 5434 3456 5490 miserorum
3481 5447 3601 5502 per.

2020 5534 2204 5588 ditioni
2236 5529 2605 5601 superridebit.

2086 5690 2101 5720 ι
2128 5695 2227 5737 Am.
2259 5694 2309 5737 et
2328 5693 2462 5751 Mss,
2483 5686 2693 5751 frendet.
2717 5695 2920 5751 Moxque
2944 5700 3008 5737 ex
3031 5687 3104 5736 bis
3127 5686 3335 5749 quidam,
3360 5679 3602 5732 ου’ρυίιῴ

2021 5757 2123 5802 scut
2151 5762 2167 5798 :
2192 5764 2247 5799 ac
2269 5749 2501 5809 nonnulli,
2529 5757 2573 5800 et
2598 5749 2867 5801 revirescet.
