4188 6446
699 330 832 387 1471

1150 548 1232 610 ΙΝ
1273 548 1656 613 PSALMUM
1696 548 1869 612 CXII

1258 669 1677 727 ENARRATIO.

1199 798 1370 842 SERIO
1409 803 1477 842 AD
1514 801 1777 843 POPULUII.

759 896 809 949 I.
835 892 985 968 [vers.
1011 894 1149 969 1-5.]
1178 896 1378 965 Nosﬁs,
1407 897 1618 969 fratres,
1640 908 1696 957 et
1722 902 2017 973 saepissime
2050 904 2273 962 audistis

684 988 737 1045 in
764 990 1052 1061 Evangelia
1081 991 1361 1048 Dominum
1383 993 1584 1061 dicere,
1618 1013 1637 1047 ι
1667 995 1836 1051 Sinite
1862 1012 2060 1067 pueros
2087 998 2273 1055 venire

681 1079 748 1135 ad
776 1096 860 1136 mc
890 1097 905 1147 ;
934 1083 1117 1145 talium
1152 1092 1235 1139 est
1260 1085 1400 1141 enim
1433 1101 1653 1157 regnum
1685 1088 1945 1144 caelorum
1971 1107 1985 1153 ;
2018 1109 2037 1143 ι
2069 1101 2125 1146 et
2168 1092 2270 1148 ite—

681 1186 819 1240 rum,
854 1190 872 1224 ‹
900 1171 954 1229 Si
977 1175 1093 1244 quis
1116 1189 1219 1230 non
1245 1178 1509 1247 receperit
1536 1194 1757 1250 regnum
1788 1181 1914 1244 Dei,
1938 1181 2076 1235 sicut
2105 1198 2268 1252 puer,

682 1280 787 1319 non
816 1265 1033 1321 intrabit
1059 1267 1112 1321 in
1144 1268 1270 1323 illud
1307 1288 1324 1321 ι
1361 1268 1584 1338 (Matth.
1620 1286 1746 1337 XIX,
1779 1273 1883 1335 II;
1920 1289 2043 1329 xvnt
2070 1316 2083 1341 ,
2116 1275 2186 1340 5;
2222 1285 2271 1330 et

683 1354 848 1411 Marc.
874 1374 926 1424 κ,
962 1359 1045 1425 II,
1072 1360 1159 1432 15)
1187 1378 1199 1413 :
1221 1370 1273 1416 et
1300 1362 1481 1417 multis
1501 1363 1620 1417 aliis
1639 1364 1769 1419 locis
1792 1364 2046 1420 Dominus
2062 1377 2266 1435 noster,

681 1464 776 1520 per
804 1451 1068 1521 singulare
1116 1452 1427 1509 humilitatis
1456 1456 1757 1525 exemplum
1788 1458 2091 1527 superbiam
2122 1468 2267 1515 vete-

679 1543 754 1598 ris
780 1543 1009 1600 hominis
1035 1546 1100 1600 ad
1130 1546 1485 1603 innovandam
1516 1549 1790 1606 humiliter
1815 1550 1977 1606 vitam
2017 1554 2266 1609 similitu-

676 1635 801 1691 dine
827 1638 1044 1707 puerilis
1075 1640 1248 1694 mtatis
1273 1648 1509 1695 accusat.
1533 1641 1897 1713 Quapropter,
1930 1643 2229 1699 charissimi
2246 1687 2262 1713 ,

676 1746 796 1786 cum
822 1732 1024 1786 cantari
1051 1733 1245 1789 auditis
1266 1735 1318 1789 in
1348 1734 1597 1802 Psalmis,
1622 1735 1873 1801 Laudate,
1900 1739 2062 1808 pueri,
2085 1737 2265 1793 Domi-

677 1839 819 1891 num,
853 1838 918 1878 ne
943 1824 1271 1880 arbitremini
1302 1826 1367 1881 ad
1398 1840 1493 1881 vos
1518 1826 1672 1882 istam
1704 1828 2126 1886 exhortationem
2157 1846 2263 1888 non

677 1916 963 1984 pertinere,
995 1918 1115 1986 quia
1140 1917 1249 1986 jam
1292 1919 1535 1987 corporis
1580 1920 1859 1988 pueritiam
1881 1924 2208 1993 supergressi
2241 1966 2256 1992 ,

675 2008 757 2063 vel
779 2008 1000 2078 juvenili
1029 2009 1223 2065 decore
1251 2011 1514 2067 virescitis
1534 2052 1551 2079 ,
1578 2013 1662 2069 vel
1689 2015 1843 2069 senili
1867 2015 2071 2072 honore
2096 2032 2261 2073 canc-

674 2100 822 2156 scitis
852 2118 865 2153 :
893 2103 1142 2157 omnibus
1188 2105 1330 2158 enim
1376 2104 1527 2160 vobis
1574 2105 1705 2162 dicit
1730 2108 2054 2189 Apostolus,
2085 2110 2263 2168 Nolite

673 2197 794 2267 efﬁci
827 2199 969 2267 pueri
996 2200 1262 2265 mentibus;
1287 2201 1374 2254 sed
1401 2201 1597 2255 malitia
1619 2204 1817 2271 parvuli
1836 2214 2012 2271 estote,
2037 2214 2091 2258 ut
2120 2223 2260 2260 men-

672 2292 801 2345 tibus
823 2292 1029 2362 perfecti
1049 2293 1154 2346 sitis
1178 2292 1218 2364 (l
1235 2291 1352 2348 Cor.
1379 2309 1489 2361 xrv,
1513 2294 1629 2365 20).
1653 2296 1766 2362 Qua
1785 2297 1984 2352 malitia
2004 2299 2258 2367 maxime,

669 2383 771 2439 nisi
814 2385 1106 2455 superbia?
1132 2384 1247 2455 lpsa
1273 2386 1415 2441 enim
1440 2386 1509 2441 de
1548 2400 1680 2441 vana
1724 2389 2023 2458 granditate
2055 2406 2259 2460 praesu-

670 2491 820 2531 mens
848 2491 953 2530 non
980 2476 1107 2531 sinit
1129 2477 1398 2531 hominem
1424 2477 1701 2534 ambulare
1727 2495 1821 2549 per
1842 2490 2043 2535 arctam
2073 2482 2212 2535 viam
2238 2523 2254 2547 ,

666 2576 720 2622 et
764 2567 963 2623 intrare
1006 2582 1103 2637 per
1136 2576 1417 2637 angustam
1456 2577 1663 2638 portam
1690 2589 1704 2625 :
1735 2584 1869 2639 puer
1894 2580 2071 2626 autem
2104 2571 2256 2628 facile

665 2658 829 2712 intrat
859 2674 953 2727 per
980 2668 1298 2729 angustum;
1331 2669 1385 2714 et
1417 2658 1537 2714 ideo
1559 2675 1740 2727 nemo,
1772 2662 1870 2716 nisi
1902 2671 1956 2715 ut
1979 2678 2113 2733 puer
2134 2705 2149 2730 ,
2176 2663 2258 2716 in-

663 2760 769 2806 trat
803 2752 853 2805 in
895 2767 1117 2822 regnum
1148 2753 1427 2808 caelorum.
1456 2753 1593 2820 Quid
1620 2763 1799 2809 autem
1846 2756 2111 2825 superbiae
2140 2772 2255 2810 ma-

664 2842 777 2897 litia
802 2842 1070 2910 deterius,
1098 2859 1217 2914 qua:
1247 2845 1591 2915 praepositum
1625 2860 1728 2900 non
1772 2846 1883 2900 vult
1928 2847 2124 2902 habere
2154 2862 2252 2903 nec

665 2933 875 2988 Deum?
902 2933 1033 2988 Nam
1061 2936 1315 3004 scriptum
1346 2944 1460 3001 est,
1491 2935 1710 2990 Initium
1734 2938 1981 3007 superbia:
2010 2940 2249 3008 hominis,

662 3036 949 3098 apostatare
967 3044 998 3080 a
1020 3025 1130 3082 Deo
1153 3025 1337 3099 (Eccli.
1363 3045 1417 3092 x,
1439 3024 1550 3094 14).
1574 3027 1723 3084 Hanc
1742 3044 1800 3084 se
1828 3030 2083 3086 adversus
2110 3047 2250 3101 prm-

660 3128 813 3188 cepta
852 3117 1029 3173 divina
1071 3118 1287 3174 tumidis
1328 3119 1626 3175 cervicibus
1668 3119 1963 3191 erigentem
2010 3129 2064 3176 et
2102 3123 2251 3178 suavi

653 3214 783 3287 jugo
805 3215 1010 3270 Domini
1032 3215 1367 3270 resistentem
1385 3214 1618 3285 dejicite,
1636 3214 1879 3285 frangite,
1903 3216 2249 3273 comminuite

658 3318 816 3378 atque
841 3309 1159 3373 consumite,
1187 3316 1243 3363 et
1272 3308 1494 3375 laudate,
1524 3306 1688 3374 pueri,
1716 3305 2016 3373 Dominum,
2042 3308 2248 3363 laudate

659 3418 839 3455 nomen
866 3399 1095 3455 Domini.
1127 3400 1218 3455 Illa
1256 3401 1398 3455 enim
1431 3409 1695 3470 prostrata
1736 3410 1791 3455 et
1840 3401 2098 3457 exstincta
2135 3443 2148 3467 ,
2180 3417 2246 3457 ex

656 3507 752 3547 ore
782 3485 1056 3546 infantium
1080 3500 1133 3546 et
1162 3492 1466 3546 lactentinm
1496 3491 1770 3561 perﬁcitur
1791 3492 1907 3547 laus
1930 3492 2101 3562 (Psal.
2130 3509 2242 3559 vni,

656 3582 734 3655 3);
770 3582 855 3637 illa
882 3597 1136 3653 oppressa
1167 3591 1327 3652 atque
1345 3582 1541 3646 deleta,
1572 3583 1661 3653 qui
1687 3582 1964 3651 gloriatur,
1990 3583 2043 3637 in
2067 3584 2246 3638 Domi-

656 3690 725 3729 no
750 3675 1005 3747 glorietur
1029 3673 1069 3745 (I
1095 3673 1214 3730 Cor.
1239 3690 1274 3737 l,
1299 3674 1409 3742 31).
1438 3672 1554 3729 Non
1581 3682 1799 3729 cantant
1818 3673 1915 3729 ista
1933 3675 2019 3744 qui
2046 3690 2105 3729 se
2126 3689 2244 3730 ma-

652 3784 787 3840 gnos
812 3776 1015 3838 putant;
1044 3782 1150 3822 non
1172 3774 1389 3821 cantant
1413 3766 1510 3821 ista
1529 3766 1616 3836 qui
1643 3774 2029 3837 cognoscentes
2051 3767 2241 3836 Deum,

653 3878 758 3918 non
788 3862 928 3917 sicut
958 3861 1123 3915 Deum
1150 3858 1604 3930 gloriﬁcaverunt,
1635 3867 1729 3914 aut
1754 3860 1951 3929 gratias
1979 3868 2241 3930 egerunt:

653 3970 711 4008 se
733 3952 952 4009 laudant
979 3952 1087 4018 illi,
1119 3967 1225 4007 non
1258 3952 1446 4017 Deum;
1478 3966 1584 4007 non
1610 3952 1753 4006 enim
1787 3952 2109 4021 puerisunt.
2136 3953 2240 4009 No-

652 4063 772 4101 men
819 4061 975 4102 suum
1023 4045 1199 4116 potius
1245 4043 1526 4116 praedicari
1552 4045 1737 4100 volunt
1766 4085 1779 4109 ,
1807 4054 1861 4100 et
1889 4060 1994 4100 non
2027 4045 2245 4101 laudant

657 4157 849 4197 nomen
881 4140 1107 4193 Domini.
1138 4139 1322 4218 "aqua
1366 4148 1697 4197 evanueumt
1740 4138 1789 4192 in
1831 4138 2244 4217 cogitationibus

652 4234 762 4296 suis
791 4282 806 4307 ,
831 4248 885 4295 ct
909 4242 1248 4294 obscuratum
1292 4248 1374 4295 est
1412 4240 1672 4310 insipiens
1697 4254 1790 4295 cor
1815 4255 2000 4295 eorum
2034 4257 2048 4305 ;
2079 4249 2132 4295 et
2155 4241 2239 4294 di-

652 4342 834 4388 centes
862 4348 920 4386 se
945 4346 1062 4387 esse
1085 4331 1374 4401 sapientes,
1403 4331 1547 4385 stulti
1580 4330 1701 4386 facti
1728 4341 1852 4385 sunt
1872 4332 2048 4401 (Rom.
2081 4347 2118 4398 ι,
2145 4332 2236 4400 21,

651 4424 744 4495 22)
775 4441 788 4477 :
818 4423 1107 4477 voluerunt
1151 4437 1345 4477 nomen
1375 4436 1529 4477 suum
1560 4421 1859 4477 diutissime
1886 4433 1939 4477 et
1981 4423 2238 4479 latissime

650 4515 912 4572 diﬁ‘amari
935 4516 975 4583 ί,
1004 4515 1112 4571 cito
1133 4515 1232 4585 ipsi
1258 4518 1311 4569 in
1337 4516 1611 4586 angustias
1639 4516 1930 4569 transituri.
1958 4515 2123 4571 Deum
2145 4516 2239 4572 de-

650 4618 736 4666 cet
760 4652 775 4677 ,
805 4608 1085 4664 Dominum
1121 4607 1276 4663 decet
1314 4616 1370 4663 et
1397 4622 1609 4676 semper
1637 4616 1693 4662 et
1717 4606 1911 4676 ubique
1937 4608 2233 4678 praedicari.

649 4704 874 4773 Semper
897 4716 1026 4772 ergo
1052 4698 1373 4771 praedicetur
1398 4717 1411 4754 :
1447 4718 1467 4752 ‹
1500 4699 1581 4755 Sit
1618 4713 1813 4753 nomen
1837 4698 2045 4755 Domini
2073 4700 2238 4757 bene-

648 4795 870 4858 dictum,
895 4807 960 4848 ex
990 4790 1092 4846 hoc
1116 4798 1171 4845 et
1198 4805 1367 4861 usque
1389 4790 1443 4844 in
1467 4790 1741 4845 sacculum.
1769 4807 1787 4841 ι
1815 4788 2022 4860 Ubique
2051 4792 2239 4860 prazdi-

646 4898 798 4945 cetur
830 4904 843 4941 :
872 4905 891 4939 ‹
949 4887 994 4941 Α
1045 4885 1177 4941 solis
1221 4894 1341 4941 ortu
1369 4899 1540 4955 usque
1575 4884 1642 4939 ad
1681 4899 1951 4953 occasum,
1982 4886 2192 4943 laudate
2214 4888 2234 4920 ²

649 4996 844 5038 nomen
876 4979 1106 5035 Domini.

717 5076 773 5131 2.
814 5075 1030 5145 Qumrat
1054 5090 1123 5131 ex
1146 5088 1234 5130 me
1256 5073 1450 5145 aliquis
1476 5087 1763 5144 puerorum
1788 5080 2092 5128 sanctorum
2117 5072 2233 5127 lau-

647 5169 888 5225 dantium
919 5182 1117 5224 nomen
1156 5167 1366 5222 Domini
1393 5208 1408 5235 ,
1445 5175 1501 5223 et
1529 5165 1673 5222 dicat
1704 5165 1835 5220 mihi
1870 5184 1881 5219 :
1913 5166 2050 5222 Ecce
2074 5183 2229 5237 usque

645 5263 700 5317 in
720 5260 961 5316 saeculum
984 5303 1000 5329 ,
1037 5260 1242 5331 accipio
1274 5274 1441 5332 usque
1475 5262 1528 5316 in
1569 5267 1872 5327 aeternum;
1917 5275 2013 5315 cur
2054 5269 2233 5316 autem

646 5370 710 5410 ex
737 5354 866 5419 hoc,
911 5361 967 5408 et
1007 5369 1113 5409 non
1144 5362 1267 5410 ante
1307 5353 1409 5409 hoc
1449 5362 1505 5409 et
1547 5362 1671 5409 ante
1708 5352 1888 5408 omnia
1928 5352 2123 5408 saecula
2170 5353 2236 5407 sit

646 5462 831 5503 nomen
854 5443 1064 5499 Domini
1088 5444 1397 5501 benedictum
1420 5446 1444 5499 ?
1466 5444 1823 5517 Respondebo
1853 5445 2077 5517 parvulo
2100 5488 2116 5515 ,
2141 5445 2234 5517 qui

711 5606 726 5638 ⁸
763 5607 853 5666 Sic,
891 5609 947 5654 ut
984 5602 1047 5654 ad
1083 5602 1432 5666 subsequentia
1454 5602 1603 5666 verba
1628 5609 1821 5666 constet
1859 5604 2133 5666 antithesis,
2149 5602 2233 5666 Ie-

646 5663 861 5731 gendum
883 5680 993 5717 cum
1015 5663 1299 5735 melioribus
1453 5670 1510 5713 At.
1547 5665 1683 5735 add.
1698 5726 1708 5735 ι
1723 5665 1970 5735 voluertmt
2006 5663 2233 5718 latissime

828 5742 977 5796 mm
996 5734 1043 5796 et
1064 5724 1573 5796 quiesmediﬁweti
1601 5726 1882 5788 [νοιιιεηιηε
1902 5741 2075 5781 nomen
2094 5740 2236 5781 suum

648 5790 914 5858 diutissime
936 5800 982 5841 ct
1006 5788 1241 5858 latissime
1257 5787 1548 5858 diﬁanwrzll
1570 5848 1580 5858 _

710 5853 731 5883 '
756 5858 849 5904 Hoc
872 5852 973 5907 loco
996 5850 1213 5903 nonnulli
1231 5847 1358 5914 Msél,
1385 5847 1641 5903 laudabile.

1974 334 2030 394 S.
2059 335 2429 396 AUGUSTINI
2465 341 2768 405 EPISCOPI

2390 472 2499 515 non
2528 466 2915 524 contumaciter
2944 471 3133 540 quaerit
3163 488 3175 527 :
3218 473 3381 535 Vobis
3407 478 3596 540 dicitur
3618 526 3633 554 ,
3668 486 3845 552 domini
3873 508 3917 558 et

2384 553 2535 621 pueri
2564 556 2605 621 ι,
2654 556 2805 613 vobis
2846 559 3041 619 dicitur
3064 605 3079 629 ,
3115 564 3345 625 Laudato
3387 590 3563 631 nomen
3605 553 3829 641 Domini:

2385 662 2568 703 nomen
2590 648 2803 707 Domini
2822 653 3137 733 benedictum
3158 676 3178 725 ;
3202 663 3271 717 sit
3296 678 3324 717 a
3350 666 3499 723 vobis
3528 685 3713 729 nomen
3740 676 3917 740 Domini

2382 738 2721 798 benedictum
2749 788 2762 813 ,
2794 764 2859 802 ea:
2886 749 2980 803 hoc
3004 752 3190 823 utique
3214 770 3281 811 ex
3310 772 3415 828 quo
3441 763 3591 818 vobis
3626 765 3820 826 dicitur.
3850 738 3918 832 In;

2380 833 2555 904 cipitis
2582 836 2724 892 enim
2765 839 2983 899 laudare
3007 886 3022 911 ,
3062 846 3155 901 sed
3195 849 3311 906 sine
3348 850 3449 909 ﬁne
3484 854 3706 914 laudate.
3748 863 3821 919 Ex
3844 867 3918 923 hoc

2380 939 2510 996 ergo
2538 936 2583 981 et
2612 945 2766 1001 usque
2794 932 2847 985 in
2873 935 3113 991 swculum
3138 978 3153 1005 ,
3184 940 3300 996 sine
3326 942 3429 998 ﬁne
3453 944 3674 1004 laudate.
3707 950 3777 1009 Ne
3801 955 3917 1016 dica-

2378 1019 2487 1073 tis:
2518 1020 2805 1093 Incipimus
2832 1026 3047 1097 quidem
3076 1030 3295 1089 laudare
3320 1034 3636 1107 Dominum,
3662 1047 3772 1115 quia
3795 1054 3917 1119 pueri

2379 1124 2605 1178 sumus;
2659 1115 2753 1171 sed
2797 1132 2917 1172 cum
2967 1122 3295 1180 ereverimus
3341 1130 3621 1202 magnique
3665 1115 3914 1212 fuerimus,

2378 1218 2476 1258 nos
2503 1204 2647 1275 ipsos
2672 1206 3024 1266 laudabimus.
3042 1211 3167 1305 .Non
3195 1216 3273 1272 sic
3301 1259 3313 1283 ,
3345 1222 3493 1289 pueri
3519 1264 3534 1288 ,
3567 1239 3666 1279 non
3692 1228 3764 1282 sic
3787 1247 3799 1283 :
3820 1204 3915 1301 pro;

2376 1308 2559 1366 pterea
2586 1301 2715 1356 dicit
2746 1302 3000 1360 Dominus
3022 1301 3116 1376 per
3139 1308 3328 1366 Isaiam
3354 1353 3369 1379 ,
3402 1312 3517 1385 Ego
3542 1334 3691 1385 sum;
3728 1331 3769 1376 et
3794 1340 3915 1396 usque

2376 1390 2498 1445 dum
2517 1396 2788 1449 senescutis
2810 1437 2826 1462 ,
2860 1413 2951 1469 ego
2972 1415 3083 1454 sum
3112 1400 3131 1474 (
3152 1402 3281 1458 Isai.
3314 1422 3440 1462 XLVI
3468 1451 3481 1474 ,
3513 1412 3547 1465 4
3567 1409 3609 1481 ).
3635 1412 3723 1470 Ille
3744 1390 3916 1489 semper

2374 1482 2671 1542 laudandus
2699 1496 2781 1543 est
2806 1491 2893 1560 qui
2925 1501 3026 1547 est.
3053 1493 3285 1552 Laudate
3308 1540 3321 1564 ,
3361 1504 3508 1570 pueri
3531 1545 3545 1571 ,
3587 1522 3648 1560 ea:
3674 1508 3789 1577 hoc,
3822 1482 3914 1570 lau-

2374 1579 2496 1631 date
2523 1617 2538 1643 ,
2575 1593 2731 1635 senes
2755 1620 2769 1646 ,
2798 1589 2845 1634 et
2872 1599 3030 1653 usque
3056 1586 3108 1640 in
3134 1590 3396 1648 steculum.
3426 1593 3559 1660 Quia
3596 1612 3823 1657 senectus
3847 1620 3916 1661 re-

2373 1678 2483 1725 stra
2512 1671 2747 1728 albescet
2765 1675 2979 1744 quidem
3009 1681 3158 1736 canis
3180 1686 3457 1754 sapientia:
3484 1730 3499 1753 ,
3537 1691 3628 1746 sed
3652 1710 3747 1749 non
3773 1701 3914 1757 carnis

2371 1773 2637 1820 vetustate
2664 1778 2982 1825 marcescet.
3012 1773 3117 1827 Aut
3146 1778 3395 1844 quoniam
3426 1779 3530 1836 hoc
3555 1782 3669 1839 loco
3695 1785 3914 1846 humilita-

2371 1864 2476 1911 tem
2507 1858 2684 1928 potius
2708 1859 2918 1916 videtur
2944 1862 3244 1933 signiﬁcare
3273 1871 3509 1939 pueritia
3537 1915 3551 1939 ,
3584 1877 3665 1931 cui
3694 1883 3912 1940 contraria

2369 1960 2451 2005 est
2474 1966 2610 2007 vana
2631 1961 2684 2007 et
2707 1952 2839 2008 falsa
2870 1957 3136 2027 superbiae
3166 1962 3477 2031 magnitudo
3504 1983 3519 2032 ;
3554 1976 3607 2023 et
3633 1968 3743 2025 ideo
3772 1974 3913 2030 Darni-

2369 2060 2493 2100 num
2519 2047 2622 2102 nisi
2654 2049 2805 2118 pueri
2839 2065 2944 2105 non
2979 2051 3233 2121 laudant,
3271 2058 3395 2127 quia
3431 2062 3647 2130 superbi
3684 2080 3791 2120 eum
3824 2068 3913 2122 lau-

2367 2137 2497 2193 dare
2524 2154 2628 2195 non
2657 2152 2854 2197 norunt
2881 2162 2893 2197 :
2920 2145 2990 2199 sit
3009 2156 3257 2203 senectus
3278 2159 3455 2206 vestra
3481 2156 3696 2224 puerilis
3713 2200 3726 2223 ,
3756 2170 3800 2214 ct
3821 2177 3912 2230 puc-

2367 2231 2486 2287 ritia
2515 2233 2734 2299 senilis;
2764 2234 2814 2290 id
2835 2244 2917 2291 est
2943 2254 2955 2290 :
2984 2247 3041 2293 ut
3076 2255 3176 2295 nec
3212 2242 3474 2313 sapientia
3516 2257 3684 2303 vestra
3728 2251 3787 2305 sit
3818 2269 3909 2309 cum

2365 2324 2613 2393 superbia
2644 2367 2660 2391 ,
2695 2341 2791 2381 nec
2818 2327 3088 2386 humilitas
3130 2334 3245 2389 sine
3292 2336 3555 2405 sapientia
3580 2380 3594 2404 ,
3643 2349 3697 2395 ut
3731 2342 3910 2399 laudetis

2367 2413 2647 2471 Dominum
2676 2434 2739 2471 ea:
2762 2419 2856 2473 hoc
2887 2430 2936 2475 et
2961 2439 3118 2493 usque
3135 2425 3187 2478 in
3213 2429 3478 2481 siccatum.
3503 2429 3820 2504 Quacumque
3839 2452 3910 2491 au-

2366 2516 2470 2563 tem
2496 2510 2547 2563 in
2580 2512 2816 2580 parvulis
2844 2516 3041 2569 sanctis
3078 2516 3321 2573 Ecclesia
3361 2518 3565 2578 Christi
3608 2524 3907 2595 diﬁ‘undilur,

2362 2598 2591 2655 Laudale
2616 2619 2796 2657 nomen
2825 2603 3073 2660 Domini:
3096 2607 3196 2664 hoc
3239 2618 3321 2665 est
3359 2612 3505 2667 enim
3533 2656 3547 2678 ,
3594 2616 3636 2668 A
3675 2616 3781 2671 solis
3819 2626 3907 2672 ortu

2360 2707 2516 2762 usque
2541 2693 2612 2747 ad
2640 2711 2875 2750 occasum
2899 2740 2913 2764 ,
2942 2698 3145 2754 laudate
3172 2718 3355 2757 nomen
3382 2702 3615 2760 Domini.

2432 2786 2484 2840 ὅ.
2510 2785 2658 2859 [vers
2688 2787 2766 2860 4.]
2819 2789 3061 2847 Eacelsus
3107 2810 3258 2864 super
3286 2812 3460 2851 omnes
3489 2808 3653 2869 gentes
3683 2798 3904 2857 Dominus.

2359 2877 2555 2933 Gentes
2586 2878 2831 2936 homines
2860 2890 3020 2937 sunt:
3053 2885 3179 2954 quid
3210 2887 3401 2942 mirum
3436 2891 3483 2943 si
3528 2904 3683 2961 super
3709 2892 3904 2949 homines

2358 2970 2602 3025 excelsus
2631 2980 2713 3027 est
2734 2973 3025 3029 Dominus?
3054 2976 3130 3029 Illi
3156 2993 3319 3048 super
3346 2994 3405 3034 se
3433 2983 3675 3038 excelsos
3696 2999 3810 3055 quos
3829 2999 3903 3040 co-

2357 3061 2491 3129 lunt,
2519 3064 2685 3119 oculis
2712 3066 2894 3121 vident
2919 3067 2971 3121 in
2998 3068 3134 3123 coelo
3161 3068 3383 3141 fulgere,
3414 3075 3589 3129 solem
3613 3084 3666 3131 et
3692 3076 3840 3131 lunam
3861 3085 3902 3133 et

2355 3153 2556 3220 stellas,
2589 3156 2679 3225 qui
2725 3164 2981 3214 creatum
3007 3160 3275 3225 serviunt,
3308 3162 3622 3221 deserentes
3645 3167 3899 3224 Creatorem

2357 3246 2464 3303 Sed
2493 3262 2597 3304 non
2629 3248 2802 3305 solum
2833 3251 3058 3308 excelsus
3084 3270 3237 3325 super
3262 3272 3437 3313 omnes
3464 3270 3632 3331 gentes
3668 3260 3898 3327 Dominus;

2354 3354 2539 3395 verum
2578 3341 2737 3396 etiam
2759 3359 2910 3413 super
2932 3344 3083 3401 catos
3101 3346 3265 3418 gloria
3285 3349 3415 3422 ejus.
3439 3350 3573 3407 Cceli
3602 3368 3743 3423 supra
3763 3367 3812 3408 se
3830 3368 3899 3408 su-

2354 3431 2587 3501 spiciunt
2614 3434 2635 3465 ³
2667 3449 2822 3501 eum;
2855 3444 2909 3490 et
2952 3436 3178 3493 humiles
3209 3454 3331 3495 eum
3353 3455 3542 3498 secum
3572 3444 3769 3511 habent,
3796 3460 3896 3500 conn

2353 3526 2523 3579 stituti
2564 3539 2723 3581 carne
2759 3526 2898 3583 infra
2941 3528 3167 3599 ccelum,
3196 3532 3287 3602 qui
3335 3548 3434 3603 pro
3489 3536 3579 3592 illo
3616 3552 3714 3593 non
3751 3539 3894 3593 colunt

2355 3616 2573 3670 caelum.

2422 3724 2476 3778 4.
2519 3721 2687 3798 [vers.
2740 3726 2793 3791 5,
2845 3724 2942 3801 6.]
2985 3726 3110 3791 Quis
3162 3726 3305 3781 enim
3354 3726 3491 3781 sicut
3531 3725 3763 3780 Dominus
3788 3720 3894 3776 Deus

2348 3825 2538 3884 noster,
2568 3819 2654 3888 qui
2692 3819 2745 3872 in
2766 3819 2885 3873 allis
2912 3820 3123 3885 habitat,
3172 3829 3218 3873 et
3261 3821 3480 3875 humilia
3518 3823 3751 3894 respicit?
3772 3818 3892 3886 Quis-

2345 3922 2503 3978 quam
2526 3918 2739 3980 putaret
2759 3911 2899 3979 quod
2923 3911 2975 3965 in
2996 3912 3119 3966 altis
3139 3913 3289 3967 caelis
3310 3913 3538 3982 habitet,
3560 3916 3691 3970 unde
3710 3912 3889 3968 humilia

2346 4007 2557 4055 terrena
2589 4002 2865 4071 respiciat;
2912 4003 3007 4058 sed
3053 4004 3266 4059 humilia
3304 4006 3511 4075 respicit
3552 4009 3603 4061 in
3629 4008 3740 4061 caelo
3774 4015 3814 4059 et
3847 4004 3887 4055 in

2345 4100 2495 4146 terra.
2551 4092 2605 4147 In
2661 4094 2852 4165 quibus
2901 4110 3028 4166 ergo
3074 4097 3195 4152 altis
3249 4098 3478 4168 habitat,
3527 4101 3664 4156 unde
3705 4096 3884 4153 humilia

2350 4191 2602 4259 respiciat
2632 4190 2687 4244 in
2712 4190 2850 4245 coelo
2876 4200 2930 4245 et
2959 4192 3013 4245 in
3035 4192 3220 4246 terra?
3246 4193 3328 4247 An
3361 4190 3417 4247 in
3442 4191 3636 4261 quibus
3654 4191 3758 4245 altis
3777 4186 3893 4243 habi-

2347 4291 2465 4349 tat,
2498 4283 2657 4337 etiam
2707 4284 2819 4353 ipsa
2863 4283 3081 4339 humilia
3128 4286 3387 4356 respicit?
3431 4285 3529 4339 Sic
3560 4284 3693 4339 enim
3736 4280 3891 4337 exaltat

2347 4376 2613 4442 humiles,
2642 4384 2699 4430 ut
2738 4392 2845 4431 non
2885 4376 3045 4433 faciat
3084 4378 3363 4448 superbos.
3412 4380 3601 4448 Itaque
3636 4387 3685 4432 et
3720 4378 3763 4429 in
3797 4372 3890 4427 altis

2347 4468 2552 4523 habitat
2577 4484 2711 4539 quos
2740 4470 2939 4525 exaltat
2962 4510 2977 4535 ,
3027 4464 3257 4541 taeitque
3302 4472 3401 4527 sibi
3431 4485 3531 4527 eos
3575 4469 3782 4531 coelum,
3812 4458 3888 4518 hoc

2345 4569 2428 4615 est
2450 4560 2632 4616 sedem
2670 4576 2855 4627 suam;
2904 4570 2958 4616 et
2996 4578 3089 4617 eos
3128 4572 3307 4617 tamen
3352 4579 3459 4619 non
3495 4561 3776 4634 superbos.
3814 4551 3885 4608 θεά

2344 4668 2559 4723 semper
2584 4654 2825 4709 subditos
2852 4654 3109 4709 intuendo
3138 4697 3151 4721 ,
3183 4656 3343 4710 etiam
3374 4657 3424 4710 in
3454 4658 3568 4728 ipso
3589 4651 3719 4711 cmlo
3746 4645 3885 4702 Ιιιιιηί·

2344 4744 2413 4800 lia
2439 4746 2692 4816 respicit,
2722 4746 2774 4801 in
2801 4746 2993 4816 quibus
3021 4747 3251 4802 excelsis
3274 4747 3497 4803 habitat.
3531 4744 3747 4818 Spiritus
3772 4737 3882 4795 enim

2345 4854 2442 4909 per
2485 4838 2673 4893 Isaiam
2716 4838 2786 4892 ita
2827 4838 3058 4908 loquitur
3087 4855 3101 4904 ;
3160 4857 3178 4891 ι
3208 4839 3335 4895 Ilrec
3371 4840 3501 4896 dicit
3535 4835 3811 4895 Altissimus
3841 4828 3883 4882 in

2344 4930 2571 4986 excelsis
2601 4929 2845 4985 habitans
2865 4972 2879 4997 ,
2908 4931 2961 4985 in
2982 4938 3244 4985 aeternum
3273 4947 3468 4987 nomen
3494 4932 3637 5001 ejus,
3668 4922 3883 4985 Dominus

2346 5023 2638 5078 altissimus
2684 5023 2739 5077 in
2797 5023 2997 5078 sanctis
3041 5023 3279 5094 requiem
3338 5024 3559 5081 habens.
3591 5043 3610 5076 ι
3667 5012 3882 5091 Ειροευὶι

2344 5115 2470 5187 quid
2501 5115 2729 5180 dixerit,
2757 5115 2811 5169 in
2835 5115 3044 5169 excelsis
3065 5116 3340 5179 habitans;
3386 5117 3487 5172 hoc
3529 5116 3663 5171 enim
3709 5109 3877 5183 plenius

2343 5210 2584 5266 elocutus
2608 5251 2625 5276 ,
2657 5209 2709 5262 in
2733 5210 2920 5264 sanctis
2939 5251 2953 5275 ,
2981 5209 3150 5280 inquit
3173 5252 3186 5276 ,
3216 5210 3437 5280 requiem
3457 5209 3657 5263 habens.
3692 5203 3782 5261 Sed
3803 5197 3875 5271 qui

2342 5312 2466 5358 sunt
2494 5302 2665 5358 sancti
2691 5343 2705 5367 ,
2732 5300 2837 5357 nisi
2866 5301 3095 5357 humiles
3117 5343 3130 5367 ,
3174 5303 3263 5373 qui
3302 5302 3450 5373 pueri
3492 5300 3696 5357 laudant
3727 5289 3872 5352 Domi°

2344 5398 2510 5452 num?
2539 5398 2721 5467 Itaque
2746 5396 3024 5466 adjungit:
3065 5395 3134 5449 Et
3167 5396 3503 5467 pusillanimis
3540 5395 3661 5448 dans
3699 5400 3872 5460 Μασκα-

2343 5491 2621 5545 nimitatem
2642 5531 2656 5556 ,
2686 5498 2733 5544 et
2753 5489 2881 5543 dans
2909 5490 3061 5543 vitam
3084 5489 3170 5560 qui
3202 5490 3255 5544 in
3287 5490 3566 5545 humilitate
3603 5485 3753 5542 cordis
3779 5480 3875 5535 sttui

2344 5583 2475 5657 (Id.
2519 5598 2660 5649 Lvu,
2709 5581 2837 5652 15).
2866 5582 2925 5637 In
2962 5582 3153 5649 quibus
3194 5582 3392 5638 sanctis
3432 5582 3661 5651 requiem
3706 5573 3874 5635 trabeis

2408 5789 2427 5855 ξ
2450 5787 2522 5835 sic
2535 5784 2715 5855 aliquot
2723 5789 2829 5855 Mss.
2850 5786 2903 5831 At
2915 5780 3051 5855 add"
3063 5784 3464 5855 pueri

2410 5852 2431 5883 ³
2463 5859 2563 5900 Am.
2591 5845 2661 5896 Er.
2692 5852 2744 5896 et
2766 5845 2933 5910 plures
2950 5852 3077 5909 use,
3101 5845 3378 5911 suscipito“.

3947 1264 3968 1330 i

4076 3298 4085 3369 ἒ

4008 5308 4027 5371 1
