4188 6440
268 347 424 408 ηπ»

266 469 370 526 his
418 467 775 541 pusillanimis
812 466 905 524 dat
948 468 1455 540 magnanimitatem.
1505 467 1647 524 Dans
1691 467 1876 537 utique

269 565 779 635 magnanimitatem
820 564 1060 619 excelsos
1098 562 1263 630 facit,
1306 562 1359 617 in
1400 561 1591 632 quibus
1638 563 1876 633 requiem

271 657 493 714 habens
524 656 578 711 in
609 656 835 713 excelsis
862 655 1084 711 habitat.
1114 654 1218 711 Sed
1250 655 1374 726 quia
1405 654 1758 724 pusillanimis
1784 652 1875 708 dat

274 751 781 822 magnanimitatem
806 791 820 815 ,
855 749 1041 804 eadem
1070 748 1278 805 excelsa
1310 748 1362 801 in
1401 746 1594 817 quibus
1635 746 1875 814 habitat,

276 842 507 899 humilia
562 842 799 913 respicit.
852 841 959 897 Sed
1016 837 1266 907 humilia,
1318 838 1529 909 inquit,
1576 838 1780 909 respicit
1824 838 1880 891 in

280 936 407 991 calo
438 946 488 990 et
517 936 573 989 in
602 947 755 989 terra.

354 1029 409 1083 5.
455 1027 523 1083 Et
553 1026 809 1083 excitavit
834 1040 932 1081 nos
956 1026 1113 1080 etiam
1141 1038 1386 1096 quaerere
1410 1031 1588 1079 utrum
1613 1022 1801 1078 eadem
1826 1022 1878 1078 in

282 1120 423 1177 coelo
450 1161 468 1183 ,
499 1133 622 1189 qure
650 1117 702 1171 in
733 1124 913 1182 terra;
942 1131 1011 1170 an
1036 1115 1139 1170 alia
1178 1116 1231 1170 in
1269 1115 1442 1181 coelo,
1491 1114 1597 1168 alia
1641 1113 1693 1167 in
1738 1121 1880 1168 terra

285 1210 516 1267 humilia
547 1209 803 1281 respiciat
840 1208 1095 1263 Dominus
1126 1207 1265 1263 Deus
1294 1215 1495 1262 noster.
1525 1205 1582 1260 Si
1613 1204 1756 1260 enim
1785 1219 1878 1259 ea—

283 1306 410 1362 dem
436 1346 454 1373 ,
487 1304 644 1359 video
674 1301 1121 1374 quemadmodum
1144 1302 1246 1357 hoc
1265 1300 1556 1370 intelligam
1586 1297 1879 1353 secundum

270 1398 609 1469 Apostolum
638 1397 943 1452 dicentem:
981 1413 1001 1447 ι
1030 1396 1087 1450 1η
1132 1409 1293 1450 carne
1326 1393 1470 1449 enim
1505 1390 1837 1446 ambulantes
1862 1431 1877 1457 ,

268 1505 386 1545 non
417 1487 720 1545 secundum
743 1501 958 1542 carnem
982 1484 1271 1540 militamus
1299 1502 1313 1538 :
1339 1498 1486 1538 arma
1513 1481 1656 1538 enim
1678 1480 1880 1535 militia:

263 1593 486 1639 nostra:
518 1597 627 1637 non
655 1578 887 1635 carnalia
912 1620 926 1642 ,
956 1576 1049 1633 sed
1080 1576 1313 1647 potentia
1341 1575 1451 1630 Deo
1481 1593 1500 1626 ι
1537 1604 1557 1645 (
1580 1571 1625 1627 ll
1652 1570 1774 1627 Cor.
1806 1587 1836 1626 x
1862 1612 1877 1639 ,

262 1675 305 1732 3
337 1683 384 1728 et
436 1672 540 1741 4).
582 1671 733 1727 Unde
761 1684 888 1741 ergo
931 1660 1335 1739 potentia,nisi
1382 1667 1505 1735 quia
1546 1662 1881 1734 spiritualia?

268 1766 418 1822 Cum
452 1766 633 1835 itaque
665 1762 948 1833 Apostolus
974 1769 1029 1816 et
1060 1760 1114 1815 in
1143 1774 1305 1815 carne
1330 1756 1565 1812 ambulet
1589 1797 1601 1821 ,
1636 1765 1689 1812 et
1718 1755 1880 1825 spiri-

263 1857 505 1911 tualiter
537 1854 769 1931 militet,
804 1868 911 1907 non
939 1852 1134 1907 mirum
1179 1850 1224 1906 si
1264 1848 1531 1904 humilitas
1573 1847 1691 1918 ejus
1734 1856 1789 1904 et
1824 1848 1878 1903 in

254 1950 417 2004 caelo
473 1946 763 2017 respicitur
808 1953 1026 2014 propter
1074 1941 1291 2014 spiritus
1338 1940 1677 2007 libertatem,
1728 1948 1780 1993 et
1826 1938 1881 1994 in

254 2050 419 2096 terra
454 2049 677 2110 prOpter
706 2036 946 2106 corporis
991 2034 1323 2090 servitutem.
1366 2032 1509 2087 Idem
1546 2032 1741 2102 quippe
1774 2030 1881 2085 alio

254 2134 397 2189 loco
434 2132 611 2197 dicit,
647 2150 665 2183 ι
693 2130 885 2185 Nostra
916 2130 1058 2184 enim
1091 2127 1425 2183 conversatio
1467 2127 1521 2181 in
1558 2126 1707 2181 coelis
1746 2133 1829 2181 est
1854 2143 1874 2177 ι

258 2222 572 2293 (Philipp.
616 2238 711 2288 ιιι,
754 2220 907 2293 20):
956 2220 1072 2291 ipse
1120 2220 1248 2274 item
1298 2218 1459 2284 dicit,
1514 2236 1533 2269 ι
1562 2218 1822 2288 optimum
1855 2236 1874 2269 ι

262 2317 379 2372 sibi
417 2335 440 2368 ι
476 2330 601 2371 esse
627 2314 844 2370 dissolvi
874 2324 925 2369 et
951 2328 1069 2370 esse
1096 2330 1217 2368 cum
1246 2311 1457 2368 Christo
1482 2353 1495 2378 ,
1524 2326 1742 2367 manere
1780 2326 1880 2365 au-

262 2420 384 2467 tem
421 2411 479 2464 in
512 2424 677 2465 carne
701 2423 1061 2464 necessarium
1088 2448 1103 2473 ,
1138 2425 1155 2458 ι
1190 2406 1397 2475 inquit,
1432 2423 1452 2456 ‹
1482 2413 1702 2475 propter
1727 2418 1822 2458 vos
1852 2421 1872 2455 ι

273 2510 293 2575 (
318 2502 416 2556 Id.
452 2519 468 2557 ι
497 2546 511 2569 ,
540 2503 613 2558 25
635 2544 650 2569 ,
677 2501 750 2557 24
775 2501 819 2572 ).
849 2499 1077 2554 Proinde
1107 2499 1347 2568 quisquis
1387 2497 1631 2568 intelligit
1666 2505 1720 2552 et
1754 2511 1883 2551 con-

271 2595 653 2651 versationem
680 2592 923 2662 Apostoli
950 2591 1004 2645 in
1029 2590 1180 2645 coelis
1204 2632 1218 2656 ,
1248 2598 1303 2645 et
1346 2590 1400 2643 in
1439 2603 1600 2645 carne
1647 2589 1882 2643 mansio-

276 2702 410 2743 nem
458 2686 517 2741 in
566 2685 760 2750 terris;
809 2683 968 2739 simul
1020 2691 1231 2753 oportet
1283 2681 1542 2750 intelligat
1597 2682 1881 2735 Dominum

278 2779 461 2837 Deum
490 2784 734 2832 nostrum
757 2776 808 2830 in
831 2774 1058 2830 excelsis
1084 2774 1282 2829 sanctis
1303 2773 1627 2828 habitantem
1652 2816 1666 2840 ,
1690 2788 1881 2843 quem-

278 2868 583 2928 admodum
620 2876 796 2923 tamen
832 2866 1046 2923 eosdem
1090 2874 1302 2919 sanctos
1344 2864 1571 2919 humiles
1600 2864 1698 2919 sibi
1746 2874 1799 2920 et
1827 2865 1883 2920 in

287 2960 437 3016 coelo
467 2960 722 3029 rcSpiciat
746 3001 760 3025 ,
790 2958 1038 3028 quoniam
1065 2972 1183 3028 quae
1220 2971 1432 3012 sursum
1468 2965 1592 3011 sunt
1629 2957 1879 3027 sapiunt,

284 3053 376 3124 qui
403 3067 505 3122 spe
532 3052 551 3082 ¹
578 3058 987 3106 resurrexcrunt
1012 3063 1130 3103 cum
1157 3048 1371 3103 Christo
1396 3048 1414 3120 (
1436 3048 1629 3103 Coloss.
1659 3064 1715 3102 ιιι
1740 3089 1755 3115 ,
1783 3049 1808 3103 1
1838 3048 1880 3119 );

286 3156 342 3202 et
374 3147 434 3201 in
464 3155 609 3201 terra
634 3186 649 3211 ,
678 3145 929 3215 quoniam
960 3145 1193 3199 nondum
1225 3143 1382 3197 soluti
1407 3152 1530 3197 sunt
1558 3142 1734 3197 carnis
1760 3141 1880 3195 vin-

287 3238 416 3291 eulo
443 3278 458 3303 ,
489 3245 550 3291 ut
574 3251 641 3291 ex
666 3243 771 3289 tota
798 3236 905 3289 vita
929 3251 1023 3290 sua
1048 3236 1253 3307 possint
1272 3250 1391 3291 esse
1417 3249 1536 3288 cum
1560 3234 1791 3289 Christo.
1822 3233 1882 3291 Si

288 3342 421 3382 vero
469 3326 574 3380 alia
620 3326 873 3381 Dominus
912 3327 1053 3381 Deus
1094 3335 1275 3383 noster
1315 3325 1535 3380 humilia
1573 3326 1790 3395 resliicit
1827 3326 1881 3381 in

291 3420 433 3476 coelo
455 3462 471 3485 ,
504 3428 560 3475 et
583 3419 683 3473 alia
713 3420 767 3474 in
790 3430 929 3475 terra
954 3436 968 3486 ;
997 3419 1160 3474 credo
1182 3418 1323 3489 quod
1351 3420 1402 3473 in
1424 3418 1561 3474 coelo
1582 3418 1692 3489 jam
1715 3420 1883 3489 respi-

292 3513 366 3568 cit
392 3525 532 3583 quos
556 3512 803 3579 vocavit,
845 3520 900 3567 et
938 3510 1141 3566 habitat
1178 3512 1231 3566 in
1282 3512 1398 3577 eis;
1440 3511 1492 3565 in
1534 3519 1673 3566 terra
1703 3520 1881 3567 autem

294 3604 516 3675 respicit
541 3618 673 3674 quos
700 3613 854 3657 vocat
879 3645 894 3669 ,
921 3612 981 3658 ut
1007 3602 1207 3658 habitet
1229 3603 1279 3656 in
1308 3602 1408 3657 eis.
1433 3601 1568 3657 Istos
1591 3603 1733 3658 enim
1762 3619 1886 3674 pos-

296 3694 435 3749 sidet
460 3694 703 3751 caelestia
730 3693 1024 3765 cogitantes
1051 3736 1065 3760 ,
1098 3694 1217 3749 illos
1255 3695 1452 3750 excitat
1494 3702 1706 3751 terrena
1739 3709 1883 3751 som-

296 3789 529 3846 hiantes.

366 3881 419 3938 6.
461 3881 569 3938 Sed
597 3882 719 3952 quia
757 3879 970 3935 difﬁcile
1005 3880 1306 3935 obtinemus
1351 3890 1408 3934 ut
1444 3880 1648 3949 possint
1685 3888 1739 3935 et
1778 3880 1879 3950 ipsi

292 3975 401 4044 jam
432 3974 659 4028 humiles
686 3972 791 4027 dici
814 4013 830 4039 ,
857 3975 946 4042 qui
976 3971 1210 4026 nondum
1237 3970 1384 4025 suavi
1405 3970 1531 4040 jugo
1560 3971 1767 4024 Domini
1794 3972 1880 4042 pia

299 4066 437 4122 colla
460 4066 761 4134 junxerunt-
778 4063 1206 4134 quandoquidem
1237 4062 1458 4117 humilia
1499 4064 1600 4117 isto
1638 4064 1786 4127 loco,
1824 4073 1883 4119 ut

295 4166 481 4213 sancta
503 4159 525 4190 ³
556 4156 915 4227 intelligamus
939 4197 953 4220 ,
986 4170 1081 4227 per
1119 4164 1286 4209 totum
1329 4164 1529 4209 textum
1571 4153 1767 4209 Psalmi
1802 4154 1883 4210 di-

296 4255 433 4308 vina:
491 4250 784 4306 admonent
838 4249 1064 4315 litterae;
1123 4256 1205 4303 est
1248 4256 1301 4301 et
1347 4248 1485 4302 alius
1535 4247 1877 4315 intellectus,

298 4362 457 4416 quem
488 4360 699 4399 mecum
726 4342 969 4398 Charitas
998 4351 1174 4397 vestra
1195 4339 1514 4395 consideret.
1538 4340 1717 4395 leos
1743 4356 1884 4396 nunc

298 4436 585 4507 significari
616 4434 848 4489 arbitror
873 4449 967 4489 eos
996 4433 1084 4503 qui
1113 4432 1372 4486 sedebunt
1408 4448 1568 4501 super
1602 4431 1882 4487 duodecim

298 4532 523 4585 thronos
548 4570 562 4594 ,
593 4538 646 4583 et
692 4543 811 4582 cum
848 4526 1073 4581 Domino
1116 4524 1429 4595 judicabant
1472 4523 1699 4596 (Matth.
1752 4541 1842 4580 xix
1866 4567 1881 4592 ,

296 4622 365 4679 28
390 4625 429 4688 );
465 4632 622 4675 teme
653 4629 831 4674 autem
856 4618 1069 4673 nomine
1093 4626 1341 4672 eceteram
1370 4616 1760 4673 multitudinem
1791 4617 1885 4673 be-

298 4719 636 4773 nedictormn
662 4755 677 4777 ,
706 4713 797 4783 qui
828 4712 1217 4767 constituentur
1245 4710 1311 4765 ad
1337 4710 1611 4765 dexteram
1636 4752 1651 4777 ,
1694 4718 1752 4765 ut
1790 4726 1885 4781 per

299 4825 460 4882 opera
495 4804 876 4862 misericordia:
914 4802 1196 4859 collaudati
1246 4802 1567 4873 recipiantur
1605 4802 1671 4857 ab
1714 4802 1792 4857 eis
1830 4802 1883 4856 in

302 4900 641 4957 tabernacula
670 4907 867 4954 mterna
893 4939 906 4962 ,
936 4912 1068 4968 quos
1097 4896 1299 4950 amicos
1338 4895 1437 4949 sibi
1475 4894 1543 4950 de
1583 4909 1885 4949 mammona

300 4992 595 5063 iniquitatis
622 4992 675 5045 in
715 4989 870 5059 hujus
916 4990 1037 5044 vita:
1073 4987 1397 5042 mortalitate
1443 4986 1685 5042 fecerunt
1714 4983 1881 5058 (Luc.

300 5102 389 5140 xvi
414 5127 429 5151 ,
478 5085 512 5136 9
538 5101 576 5153 ι.
617 5083 707 5137 Eis
751 5081 943 5151 quippe
984 5079 1113 5135 dicit
1148 5079 1477 5151 Apostolus:
1522 5080 1582 5135 Si
1622 5096 1713 5135 nos
1750 5080 1886 5134 vobis

300 5175 591 5249 spiritztalia
619 5174 975 5229 seminavimus
999 5216 1013 5239 ,
1036 5190 1276 5245 magnum
1302 5182 1373 5227 est
1401 5174 1443 5226 si
1469 5182 1631 5227 vestra
1658 5173 1886 5227 carnalia

302 5283 549 5325 metamus
590 5267 649 5341 (l
699 5269 816 5322 Cor.
863 5284 915 5322 ix
940 5307 954 5332 ,
996 5267 1056 5322 Η
1086 5265 1141 5341 )?
1190 5265 1341 5334 Quod
1380 5266 1539 5321 etiam
1579 5266 1661 5322 his
1704 5267 1885 5322 verbis

298 5365 401 5419 dici
436 5374 609 5436 potest
635 5382 647 5414 :
678 5362 733 5418 Si
760 5377 857 5416 nos
882 5361 1032 5416 vobis
1061 5361 1299 5417 cmlestia
1324 5362 1701 5416 seminavimus
1728 5403 1743 5429 ,
1773 5378 1886 5418 ma-

296 5473 460 5528 gnum
489 5455 642 5509 estsi
676 5466 883 5509 terrena
914 5463 1087 5508 vestra
1133 5455 1437 5509 metamus?
1482 5452 1538 5507 ln
1581 5441 1719 5510 coelo
1756 5469 1883 5525 ergo

296 5549 515 5619 respicit
543 5548 780 5602 etelestia
808 5546 1132 5600 seminantes
1156 5588 1169 5610 ,
1204 5545 1254 5599 in
1285 5555 1422 5600 terra
1460 5554 1634 5600 autem
1672 5555 1882 5599 terrena

295 5639 613 5703 reddentes;
657 5646 831 5692 tamen
877 5636 1103 5691 humiles
1140 5646 1191 5691 ct
1231 5636 1328 5692 hos
1367 5646 1419 5693 ct
1463 5638 1600 5693 illos.
1651 5637 1881 5693 Humilia

359 5799 377 5830 ι
413 5796 587 5845 Plures
606 5802 736 5853 Mss,,
760 5795 933 5857 quippe
957 5801 1339 5845 resurrcxcrtmt.

355 5860 380 5894 ι
410 5860 485 5912 Sic
510 5866 614 5908 uss.
641 5859 748 5907 ΗΜ.
774 5854 912 5918 vero,
948 5862 998 5908 nt
1020 5865 1231 5908 srmctam
1256 5854 1531 5909 Ecclesium.

1395 332 1791 407 manuario
1828 341 1895 400 IN
1931 328 2253 408 PSALMUM
2291 343 2454 411 ex".

3439 358 3580 431 14⁵14

1984 468 2125 522 enim
2162 470 2363 541 respicit
2398 473 2453 527 in
2493 474 2619 529 caelo
2660 480 2709 529 et
2744 475 2800 531 in
2839 484 3018 544 terra;
3053 480 3176 551 quia
3220 482 3581 547 meminerunt

1986 563 2198 633 utrique
2227 565 2351 635 quid
2385 567 2580 622 fuerint
2618 584 2713 639 per
2752 572 3200 629 suam'malitiam
3227 618 3242 643 ,
3286 577 3411 648 quid
3452 578 3580 635 facti

1985 654 2091 708 sint
2119 670 2216 725 per
2257 658 2463 713 Domini
2507 662 2753 730 gratiam.
2793 663 2977 735 Neque
3016 666 3159 722 enim
3200 669 3301 724 illis
3348 681 3583 729 tantum-

1988 750 2150 804 modo
2180 750 2309 805 dicit
2339 752 2445 808 Vas
2471 754 2748 811 electionis
2772 799 2787 825 ,
2825 777 2843 810 ε
2875 759 3071 816 Fuistis
3107 765 3247 818 enim
3294 766 3580 834 aliquando

1985 840 2222 897 tenebrae
2246 858 2261 908 ;
2293 859 2436 899 nunc
2464 855 2640 901 autem
2672 849 2759 903 lux
2784 850 2834 904 in
2863 850 3088 907 Domino
3108 872 3126 905 ι
3154 853 3383 927 (Ephes.
3408 875 3458 921 v,
3483 860 3577 931 8);

1987 942 2043 989 et
2071 936 2262 990 iterum
2290 979 2304 1003 ,
2356 957 2375 988 ι
2419 938 2601 995 Gratia
2639 942 2771 996 salvi
2812 942 2935 999 facti
2970 948 3100 1002 estis
3140 964 3235 1019 per
3277 951 3434 1007 ﬁdem
3459 995 3473 1020 ,
3526 965 3578 1010 et

1988 1025 2092 1083 hoc
2116 1044 2222 1083 non
2254 1045 2317 1085 ex
2346 1032 2500 1088 vobis
2526 1075 2541 1099 ,
2576 1034 2668 1089 sed
2700 1034 2790 1091 Dei
2817 1036 3015 1093 donum
3042 1049 3124 1095 est
3148 1083 3163 1107 ,
3193 1057 3296 1097 non
3318 1058 3383 1098 ex
3405 1048 3577 1114 Operi-

1985 1118 2084 1174 bus
2107 1162 2122 1186 ,
2152 1136 2219 1175 ne
2245 1120 2381 1177 forte
2425 1124 2543 1194 quis
2580 1126 2869 1183 extollatur
2900 1149 2917 1182 ι
2949 1147 2963 1184 :
3007 1131 3101 1186 sed
3145 1134 3303 1188 etiam
3342 1124 3577 1206 seipsum

1985 1211 2227 1283 adjungit
2248 1228 2640 1286 consequenter
2662 1260 2676 1283 ,
2706 1219 2890 1275 dicens
2914 1263 2929 1289 ,
2973 1241 2993 1274 ι
3025 1222 3170 1279 Illius
3208 1226 3349 1280 enim
3391 1243 3575 1283 sumus

1985 1301 2292 1373 ﬁgmentum
2319 1348 2334 1371 ,
2383 1309 2550 1363 creati
2590 1310 2642 1364 in
2683 1311 2935 1381 operibus
2977 1312 3153 1369 bonis.
3190 1335 3209 1368 ι
3256 1316 3392 1372 Dicit
3420 1321 3578 1374 etiam

1985 1407 2225 1450 seorsum
2256 1396 2323 1452 de
2369 1413 2428 1453 se
2473 1408 2528 1455 et
2581 1401 2710 1470 ipsis
2762 1403 2849 1471 qui
2896 1405 3255 1474 respiciuntnr
3299 1409 3354 1462 in
3402 1411 3577 1465 coelo:

1991 1503 2010 1537 ‹
2041 1486 2263 1543 Fuimus
2307 1490 2447 1544 enim
2479 1510 2524 1555 ι,
2574 1492 2785 1564 inquit,
2835 1513 2854 1546 ι
2886 1504 2938 1550 et
2978 1511 3075 1552 nos
3124 1500 3438 1555 naturaliter
3486 1502 3579 1557 ﬁlii

1986 1576 2079 1632 ira:
2104 1618 2118 1641 ,
2159 1579 2295 1634 sicut
2346 1590 2399 1636 et
2442 1584 2623 1638 centeri
2657 1603 2675 1636 ι
2724 1584 2856 1654 (Id.
2888 1602 2960 1653 ιι,
2991 1588 3126 1644 5-10
3155 1593 3193 1659 ).
3238 1590 3301 1645 Et
3342 1591 3575 1648 iterum:

1992 1686 2011 1720 ‹
2047 1667 2265 1727 Fuimus
2287 1674 2430 1728 enim
2459 1684 2511 1730 et
2539 1691 2639 1731 nos
2669 1696 2711 1743 ι,
2746 1677 2953 1748 inquit,
2988 1699 3007 1733 ‹
3036 1682 3181 1736 stulti
3209 1684 3493 1754 aliquando
3523 1696 3581 1744 et

1986 1761 2245 1819 increduli
2270 1807 2285 1833 ,
2318 1777 2562 1824 errantes
2587 1811 2599 1833 ,
2632 1771 2926 1828 servientes
2951 1772 3230 1831 desideriis
3258 1786 3309 1832 et
3333 1778 3568 1849 volupta-

1988 1854 2129 1911 tibus
2154 1858 2317 1914 variis
2343 1900 2358 1924 ,
2388 1860 2440 1915 in
2481 1862 2679 1917 malitia
2708 1872 2762 1918 et
2790 1863 2986 1920 invidia
3016 1876 3233 1936 agentes
3257 1910 3271 1935 ,
3307 1869 3581 1927 abomina-

1985 1945 2123 2003 biles
2147 1991 2163 2016 ,
2196 1951 2421 2007 invicem
2453 1953 2580 2008 odio
2603 1954 2862 2011 habentes
2892 1974 2906 2011 :
2931 1972 3051 2012 eum
3079 1970 3256 2016 autem
3280 1962 3578 2035 benignitas

1986 2047 2042 2093 et
2089 2037 2389 2096 humanitas
2428 2043 2601 2098 illuxit
2636 2044 2927 2103 Salvatoris
2969 2049 3064 2104 Dei
3109 2053 3315 2119 nostri,
3363 2069 3467 2110 non
3511 2071 3578 2112 ex

1986 2131 2238 2197 operibus
2258 2132 2482 2201 justitize
2517 2152 2636 2206 qua:
2686 2139 2910 2194 fecimus
2956 2156 3093 2210 nos,
3145 2144 3239 2198 sed
3287 2148 3577 2207 secundum

1985 2235 2135 2277 suam
2184 2225 2610 2283 misericordiam
2661 2230 2838 2287 salvos
2874 2248 2974 2288 nos
3018 2236 3140 2289 fecit
3178 2251 3272 2306 per
3309 2237 3576 2297 lavacrum

1984 2318 2445 2385 regenerationis»
2490 2320 2634 2393 (Tit.
2670 2338 2764 2388 ιιι,
2817 2325 2975 2396 5-5).
3022 2327 3160 2383 Ecce
3194 2329 3413 2387 humilia
3458 2349 3575 2404 quae

1986 2408 2343 2477 respiciuntur
2370 2412 2420 2465 in
2452 2413 2613 2467 coelo.
2652 2414 2967 2484 Spirituales
3000 2420 3142 2474 enim
3175 2432 3330 2486 sunt,
3365 2432 3419 2478 et
3460 2439 3576 2479 om-

1985 2500 2072 2554 nia
2097 2501 2364 2571 judicant;
2397 2505 2488 2561 sed
2520 2515 2695 2561 tamen
2719 2507 2947 2565 humiles
2974 2553 2989 2577 ,
3024 2528 3091 2567 ne
3112 2513 3305 2583 dejecli
3336 2515 3575 2587 judiceno

1986 2600 2090 2647 tur.
2124 2593 2258 2661 Quid
2296 2595 2362 2650 de
2405 2599 2583 2666 seipso
2626 2599 3014 2669 singulariter?
3060 2618 3236 2660 nonne
3284 2607 3405 2662 talia
3451 2620 3577 2667 sunt

1986 2700 2105 2755 qua:
2133 2691 2563 2744 commemorat?
2594 2708 2613 2742 ι
2643 2690 2741 2758 Qui
2781 2706 2886 2747 non
2923 2707 3040 2748 sum
3073 2713 3119 2761 ι,
3161 2695 3370 2767 inquit,
3403 2718 3421 2751 ί
3460 2699 3576 2757 ido-

1987 2793 2119 2833 neus
2146 2781 2327 2834 vocari
2355 2783 2630 2850 apostolus
2655 2823 2671 2849 ,
2722 2785 2844 2854 quia
2890 2796 3202 2855 persecutus
3235 2805 3353 2844 sum
3399 2791 3577 2849 Eccle-

1986 2871 2118 2926 siam
2145 2872 2319 2943 Dcii(l
2342 2874 2458 2929 Cor.
2482 2892 2573 2940 xv,
2594 2876 2651 2947 9)
2678 2896 2690 2931 :
2716 2895 2734 2929 ‹
2758 2878 2850 2932 sed
2876 2880 3294 2937 misericordiam
3317 2898 3577 2942 consecu-

1989 2972 2072 3019 tus
2097 2979 2213 3019 sum
2240 3008 2254 3031 ,
2283 2967 2408 3037 quia
2437 2968 2689 3039 ignorans
2713 2969 2814 3026 feci
2855 2971 2909 3027 in
2940 2971 3315 3034 incredulitate
3352 2978 3371 3049 (
3394 2978 3410 3031 Ι
3442 2977 3575 3036 Tim.

1986 3054 2201 3129 ωδ).

2060 3150 2110 3203 7.
2155 3148 2327 3222 [vers.
2360 3152 2520 3226 7-9.]
2562 3155 2801 3227 Denique
2826 3168 2946 3227 post
2971 3159 3101 3215 istos
3126 3177 3315 3219 versus
3337 3206 3352 3231 ,
3385 3167 3576 3236 quibus

1987 3245 2061 3299 ait
2091 3244 2141 3299 in
2169 3244 2383 3300 Psalmo
2413 3246 2675 3317 Spiritus,
2735 3268 2753 3303 ι
2786 3250 2917 3318 Quis
2962 3253 3097 3308 sicut
3141 3254 3398 3313 Dominus
3436 3260 3576 3318 Deus

1986 3346 2169 3393 noster
2193 3378 2207 3404 ,
2242 3339 2331 3409 qui
2361 3339 2415 3393 in
2458 3339 2580 3395 altis
2618 3340 2862 3411 habitat,
2906 3352 2961 3399 et
2999 3344 3214 3402 humilia
3263 3352 3479 3420 respicit
3522 3354 3577 3409 in

1986 3429 2122 3484 coelo
2152 3438 2204 3484 et
2232 3430 2283 3485 in
2314 3440 2453 3486 terra
2481 3450 2493 3486 :
2538 3450 2556 3484 ι
2583 3432 2771 3488 volens
2797 3434 2992 3491 docere
3020 3452 3118 3491 nos
3147 3454 3312 3509 quare
3348 3442 3399 3497 in
3441 3445 3577 3500 ctelo

1986 3518 2207 3574 humilia
2236 3562 2251 3586 ,
2299 3536 2420 3577 cum
2463 3522 2571 3591 jam
2620 3525 2927 3594 Spirituales
2972 3529 3148 3599 magni
3194 3538 3249 3585 et
3279 3531 3576 3600 judiciariis

1985 3611 2203 3667 sedibus
2225 3612 2365 3683 digni
2392 3656 2407 3679 ,
2440 3615 2528 3669 tali
2552 3616 2922 3687 signiﬁcentur
2941 3619 3156 3691 eloquio
3180 3639 3193 3688 ;
3220 3624 3447 3695 subjecit
3469 3639 3576 3683 sta-

1986 3705 2079 3758 tim
2104 3748 2118 3770 ,
2159 3725 2177 3759 ‹
2207 3708 2305 3774 Qui
2350 3707 2508 3779 erigit
2550 3725 2581 3764 a
2627 3717 2771 3766 terra
2824 3713 3036 3783 inopem
3061 3755 3076 3778 ,
3132 3724 3186 3771 et
3230 3716 3298 3772 de
3341 3727 3576 3777 stercore

1985 3800 2185 3855 exaltat
2214 3816 2503 3873 pauperem
2530 3821 2544 3868 ;
2573 3812 2631 3858 ut
2659 3805 2889 3861 eollocet
2916 3821 3037 3861 eum
3062 3824 3184 3864 cum
3214 3810 3535 3882 principibus
3558 3858 3572 3881 ,

1987 3905 2108 3946 eum
2141 3892 2471 3961 principibus
2493 3893 2673 3963 populi
2701 3895 2805 3949 sui.
2838 3914 2857 3948 ι
2884 3895 2997 3950 Non
3026 3898 3203 3968 itaque
3222 3898 3574 3969 dedignentur

1986 3998 2106 4040 esse
2136 3983 2357 4039 humilia
2377 3987 2548 4056 capita
2574 3986 2903 4042 excelsorum
2930 4029 2945 4054 ,
2975 3988 3073 4043 sub
3097 3988 3315 4045 dextera
3340 3992 3571 4048 Domini.

1986 4073 2239 4142 Quamvis
2278 4076 2419 4131 enim
2466 4076 2760 4132 collocetur
2807 4077 2978 4132 ﬁdelis
3019 4079 3301 4138 dominicae
3336 4085 3574 4153 pecuniae

1986 4167 2323 4239 dispensator
2363 4184 2484 4225 cum
2529 4170 2855 4240 principibus
2905 4172 3085 4242 populi
3135 4174 3267 4241 Dei,
3322 4178 3572 4247 quamvis

1987 4276 2235 4319 sessurus
2263 4264 2332 4318 sit
2358 4263 2409 4318 in
2437 4263 2717 4319 duodecim
2745 4263 2961 4320 sedibus
2985 4307 3002 4332 ,
3031 4275 3085 4322 et
3111 4268 3330 4338 angelos
3360 4286 3575 4343 quoque

1984 4355 2346 4425 judicaturus;
2398 4371 2429 4410 a
2480 4364 2619 4411 terra
2668 4364 2847 4412 tamen
2900 4357 3055 4428 inops
3102 4360 3363 4431 erigitur,
3412 4372 3465 4418 et
3506 4365 3575 4422 de

1987 4456 2226 4505 stercore
2255 4464 2454 4520 pauper
2482 4449 2767 4505 exaltatur.
2804 4452 2883 4505 An
2915 4449 3050 4507 forte
3076 4467 3180 4507 non
3209 4463 3290 4509 est
3310 4455 3575 4513 esaltalus

1988 4540 2056 4597 de
2087 4549 2322 4597 stercore
2346 4584 2360 4606 ,
2388 4540 2476 4611 qui
2504 4540 2773 4597 serviebat
2806 4539 3087 4598 desideriis
3128 4553 3183 4599 et
3216 4546 3575 4618 voluptatibus

1986 4634 2192 4688 variis?
2229 4631 2333 4689 Sed
2380 4631 2517 4688 forte
2561 4648 2680 4688 cum
2727 4634 2825 4688 ista
2867 4635 2977 4703 jam
3023 4634 3264 4704 diceret,
3312 4653 3415 4693 non
3461 4650 3574 4695 erat

1989 4727 2144 4796 inops
2168 4768 2182 4793 ,
2216 4741 2320 4780 non
2350 4740 2570 4796 pauper.
2598 4724 2736 4794 Quid
2762 4741 2889 4797 ergo
2912 4726 3088 4783 adhuc
3115 4727 3413 4798 ingemiscit
3449 4745 3573 4800 gra-

1988 4828 2180 4882 vatus,
2232 4817 2782 4888 habitaculum-quod
2833 4818 2901 4873 de
2947 4820 3084 4874 cmlo
3138 4828 3220 4873 est
3267 4819 3572 4889 superindui

1988 4913 2209 4983 cupiens
2247 4910 2331 4981 (ll
2372 4909 2490 4965 Cor.
2523 4909 2714 4983 v,2)?
2757 4910 2866 4966 Cur
2889 4953 2903 4976 ,
2943 4927 3012 4966 ne
3044 4910 3183 4966 forte
3225 4927 3282 4966 se
3315 4914 3571 4981 extollat,

1989 5006 2355 5077 colapbizatur
2371 5048 2385 5070 ,
2413 5014 2467 5061 et
2493 5003 2738 5061 subditur
2757 5004 2946 5075 angelo
2966 5013 3163 5059 satanas
3187 5044 3202 5070 ,
3225 5005 3439 5059 stimulo
3458 5021 3573 5061 car-

1988 5100 2074 5156 nis
2102 5114 2211 5154 suae
2234 5098 2251 5169 (
2275 5097 2363 5152 Id.
2392 5114 2463 5153 xu
2487 5141 2502 5165 ,
2531 5099 2563 5152 7
2591 5098 2645 5169 )?
2686 5096 2838 5152 Altus
2866 5105 2949 5151 est
2977 5096 3189 5166 quidem
3223 5096 3493 5153 habitante
3520 5098 3572 5154 in

1988 5208 2047 5247 se
2074 5191 2299 5246 Domino
2324 5232 2338 5256 ,
2382 5200 2435 5245 et
2475 5190 2679 5244 habens
2723 5202 2844 5243 eum
2887 5185 3143 5256 Spiritum
3181 5189 3269 5258 qui
3307 5197 3575 5245 scrutatur

1989 5285 2165 5339 omnia
2192 5324 2206 5349 ,
2235 5284 2393 5338 etiam
2425 5279 2757 5336 altitudinem
2801 5277 2890 5332 Dei
2934 5275 2953 5350 (
2980 5277 2995 5330 Ι
3023 5279 3141 5332 Cor.
3176 5294 3248 5345 ιι,
3283 5279 3393 5351 10)
3425 5298 3438 5333 :
3469 5282 3572 5336 ita-

1988 5392 2092 5448 que
2122 5377 2175 5430 in
2202 5375 2340 5431 coelo
2370 5383 2488 5437 est;
2539 5370 2634 5426 sed
2677 5378 2733 5425 et
2775 5370 2828 5425 in
2869 5370 3005 5427 coelo
3052 5371 3307 5428 Dominus
3351 5371 3571 5431 humilia

1988 5469 2221 5540 respicit.

2058 5562 2111 5616 8.
2153 5558 2289 5628 Quid
2321 5571 2447 5628 ergo
2470 5597 2485 5624 ,
2520 5555 2712 5611 fratres
2736 5596 2750 5620 ,
2787 5554 2832 5610 si
2867 5554 2975 5625 jam
3016 5555 3315 5611 audivimus
3351 5555 3570 5613 humilia

1985 5671 2104 5727 quae
2159 5655 2210 5708 in
2260 5652 2397 5708 coelo
2436 5659 2601 5715 sunt,
2644 5648 2871 5705 exaltata
2917 5648 2983 5704 de
3020 5658 3296 5713 stercore,
3352 5657 3409 5702 ut
3446 5664 3569 5704 cum

1986 5746 2165 5819 populi
2197 5744 2591 5799 collocarentur
2616 5741 2971 5813 principibus;
3012 5741 3212 5795 nihilne
3235 5752 3568 5810 consequen-

1987 5851 2070 5899 ter
2108 5836 2412 5896 audivimus
2450 5836 2520 5895 de
2565 5835 2853 5894 humilibus
2894 5848 3011 5907 quae
3054 5833 3106 5889 in
3169 5842 3313 5921 terra
3352 5832 3578 5911 respicit
