4188 6456
659 296 798 359 1475

662 406 962 462 Dominus?
991 405 1275 460 Paueiores
1299 404 1442 458 enim
1480 410 1601 457 sunt
1647 400 1722 454 illi
1765 399 1920 454 amici
1954 399 2242 469 judicaturi

664 515 785 556 eum
815 499 1039 555 Domino
1059 541 1071 563 ,
1106 498 1284 570 plures
1313 502 1490 572 autem
1518 495 1602 549 isti
1635 508 1768 564 quos
1795 492 2058 562 recipiunt
2087 493 2139 546 in
2169 501 2248 546 ta-

661 591 944 649 bernacula
972 601 1189 644 aeterna.
1214 587 1467 654 Quamvis
1489 588 1632 642 enim
1664 595 1768 641 tota
1793 585 2043 641 frumenti
2070 601 2244 640 massa

657 688 709 743 in
753 685 1146 755 comparatione
1189 682 1441 750 sejunctae
1485 680 1648 750 palea:
1693 694 1888 750 paucos
1933 677 2130 734 habere
2167 677 2244 731 vi-

655 779 871 840 deatur;
899 793 990 845 per
1020 791 1077 829 se
1104 785 1278 828 tamen
1306 773 1666 837 considerata,
1702 772 1917 842 c0piosa
1943 778 2044 826 est.
2092 769 2245 823 Multi

658 869 790 923 enim
818 868 914 936 ﬁlii
953 867 1162 920 deserta:
1185 908 1200 932 ,
1241 864 1402 936 magis
1431 880 1581 935 quam
1617 865 1724 933 ejus
1763 878 1876 933 qua:
1905 863 2049 918 habet
2083 863 2246 916 virum

657 959 675 1029 (
704 957 830 1012 Isai.
861 974 947 1013 LIV
970 1001 984 1024 ,
1016 958 1041 1012 1
1069 957 1126 1027 );
1161 956 1313 1012 multi
1349 955 1439 1010 filii
1486 955 1602 1026 ejus
1639 970 1756 1024 qua:
1795 971 1888 1024 per
1928 954 2150 1024 gratiam
2193 954 2244 1007 in

660 1060 934 1106 senectute
961 1050 1240 1119 concepit,
1280 1063 1438 1117 quam
1468 1046 1582 1118 ejus
1608 1062 1726 1116 quae
1752 1045 1820 1101 ab
1848 1045 2063 1100 ineunte
2089 1053 2247 1100 actate

654 1143 812 1214 Legis
840 1143 1055 1198 vinculo
1083 1142 1329 1196 maritala
1359 1150 1459 1195 est.
1503 1140 1567 1194 Et
1603 1155 1701 1210 ego
1736 1139 1950 1209 quidem
1989 1137 2109 1193 dico
2135 1180 2149 1205 ,
2192 1138 2245 1192 in

666 1235 941 1290 senectute
966 1233 1248 1304 concepit;
1275 1234 1488 1286 intuens
1523 1230 1710 1286 Suram
1745 1240 1968 1285 matrem
2007 1239 2245 1285 nostram

655 1329 709 1381 in
742 1342 847 1380 uno
887 1325 1068 1391 Isaac,
1116 1340 1211 1394 per
1255 1337 1443 1378 omnes
1487 1332 1673 1392 gentes
1714 1331 1938 1377 matrem
1987 1322 2242 1377 fidelium.

653 1417 790 1486 Quae
819 1425 994 1472 autem
1022 1430 1250 1486 persona
1276 1423 1358 1469 est
1385 1413 1524 1483 apud
1565 1411 1754 1467 Isaiam
1782 1455 1794 1478 ,
1833 1413 2007 1468 videte
2040 1431 2050 1466 :
2097 1415 2246 1484 quasi

656 1509 876 1563 omnino
901 1523 1006 1562 non
1038 1507 1224 1562 matris
1246 1549 1260 1572 ,
1308 1521 1409 1561 nec
1443 1506 1560 1576 ejus
1595 1521 1716 1576 quae
1754 1507 1958 1576 peperit
1991 1506 2244 1578 aliquem.

657 1599 726 1654 Et
771 1609 946 1654 tamen
991 1598 1117 1668 quid
1162 1599 1210 1652 ei
1255 1596 1494 1652 dicitur?
1536 1615 1554 1648 ι
1587 1597 1772 1652 Dicent
1803 1616 1848 1661 ι,
1892 1596 2098 1668 inquit,
2131 1617 2148 1649 ‹
2196 1599 2246 1652 in

654 1690 874 1744 auribus
902 1690 1004 1744 luis
1026 1689 1117 1744 ﬁlii
1158 1689 1229 1743 tui
1269 1705 1402 1758 quos
1439 1687 1697 1742 amiseras
1729 1704 1742 1740 :
1789 1688 2045 1758 Angustia
2096 1688 2249 1743 nobis

657 1794 738 1838 est
771 1786 820 1836 in
852 1783 954 1836 isto
989 1783 1106 1836 loco
1129 1821 1146 1847 ,
1177 1779 1334 1835 facite
1367 1781 1544 1850 itaque
1575 1779 1729 1834 nobis
1756 1788 1809 1834 et
1831 1796 1972 1835 nunc
1997 1781 2170 1836 locum
2195 1781 2246 1834 in

657 1890 764 1944 quo
793 1889 1208 1927 commoremur.
1237 1871 1318 1926 'I'u
1344 1888 1471 1927 vero
1499 1870 1646 1926 dices
1673 1872 1724 1926 in
1752 1871 1915 1927 corde
1941 1880 2030 1926 tuo
2063 1891 2076 1925 :
2121 1872 2250 1939 Quis

657 1967 929 2037 generavit
952 1965 1082 2020 mihi
1113 1966 1242 2020 istos
1263 2008 1278 2035 ,
1309 1981 1428 2020 cum
1457 1965 1620 2020 sciam
1648 1980 1734 2020 me
1761 1979 1879 2021 esse
1906 1965 2022 2020 sine
2049 1965 2169 2019 filiis
2194 1975 2250 2019 et

655 2058 870 2112 viduam
893 2059 916 2111 ’ἐ
945 2057 1074 2123 Quis
1118 2073 1245 2128 ergo
1286 2058 1416 2112 istos
1458 2056 1707 2112 educavit
1749 2056 1925 2111 mihi?
1964 2072 2063 2129 ego
2106 2058 2248 2112 enim

657 2150 908 2205 derelicta
940 2149 1014 2203 lui
1043 2150 1196 2214 sola;
1236 2148 1289 2202 hi
1317 2158 1495 2204 autem
1525 2149 1656 2203 mihi
1700 2150 1786 2205 ubi
1824 2157 1976 2204 erant
2008 2168 2026 2202 ι
2076 2148 2244 2219 (Isai.

657 2259 801 2310 xux,
828 2243 898 2297 20
931 2254 975 2296 et
993 2241 1054 2296 2i
1081 2241 1138 2313 )?
1165 2243 1242 2297 Ex
1269 2258 1330 2298 ea
1355 2257 1483 2315 ergo
1511 2253 1659 2313 parte
1689 2244 1787 2299 ista
1816 2243 1943 2299 dicit
1967 2244 2206 2300 Ecclesia
2230 2287 2244 2311 ,

657 2351 757 2404 qua
782 2334 989 2389 videtur
1015 2334 1144 2388 nihil
1177 2350 1362 2404 parere
1390 2334 1443 2390 in
1473 2335 1588 2390 istis
1618 2336 1786 2392 turbis
1812 2352 1928 2406 qua:
1959 2352 2062 2391 non
2093 2337 2248 2392 dimi-

656 2438 843 2482 serunt
867 2428 1044 2481 omnia
1071 2470 1084 2493 ,
1110 2436 1166 2482 ut
1188 2436 1541 2497 sequerentur
1569 2428 1852 2483 Dominum
1876 2471 1889 2494 ,
1920 2437 1974 2483 et
1999 2429 2247 2484 sederent

656 2534 817 2588 snper
840 2517 1122 2574 duodecim
1154 2520 1395 2574 thronos.
1435 2518 1542 2574 Sed
1579 2535 1736 2590 quam
1776 2520 1928 2574 nmlti
1968 2521 2019 2574 in
2059 2520 2244 2575 eadem

658 2610 810 2665 turba
841 2611 1096 2665 facientes
1127 2609 1225 2665 sibi
1258 2611 1458 2666 amicos
1486 2609 1553 2666 de
1583 2625 1887 2665 mammona
1919 2610 2242 2681 iniquitatis,

657 2715 752 2772 per
793 2717 954 2770 Opera
991 2701 1371 2758 misericordia:
1409 2701 1474 2757 ad
1519 2701 1795 2758 dexteram
1834 2702 2095 2757 stabunt?
2129 2702 2243 2758 Non

655 2793 828 2846 solum
869 2807 995 2861 ergo
1037 2793 1191 2861 erigit
1227 2791 1296 2848 de
1336 2802 1576 2848 stercore
1600 2835 1614 2858 ,
1658 2808 1817 2862 quem
1863 2792 2088 2848 collocet
2122 2809 2243 2848 cum

655 2884 983 2955 principibus
1039 2885 1215 2955 populi
1265 2887 1386 2949 sui;
1432 2886 1526 2941 sed
1569 2887 1727 2941 etiam
1755 2929 1769 2954 ,
1834 2886 2079 2942 llabitare
2124 2890 2244 2958 facit

655 2976 872 3032 sterilem
900 2977 953 3030 in
988 2977 1138 3030 domo
1164 3020 1179 3044 ,
1221 2988 1431 3032 matrem
1471 2979 1693 3048 ﬁliorum
1730 2980 1982 3033 ltetantem
2004 2999 2022 3034 :
2055 2980 2146 3051 qui
2189 2981 2241 3035 in

654 3068 778 3123 altis
823 3067 1026 3122 habitat
1050 3110 1062 3134 ,
1095 3077 1148 3123 et
1174 3069 1392 3122 humilia
1419 3070 1633 3139 respicit
1661 3071 1712 3124 in
1736 3070 1872 3125 cmlo
1899 3081 1951 3125 et
1977 3072 2027 3125 in
2061 3081 2198 3126 terra
2224 3113 2239 3139 ,

652 3175 840 3218 semen
869 3161 1133 3214 Abraham
1161 3161 1299 3216 sicut
1321 3161 1503 3217 stellas
1524 3163 1644 3219 coeli
1671 3205 1686 3228 ,
1711 3164 2046 3219 sanctitatem
2077 3165 2244 3220 subli~

652 3268 796 3309 mem
824 3253 874 3306 in
903 3253 1148 3322 supernis
1178 3253 1392 3310 sedibus
1441 3257 1756 3311 collocatam
1789 3299 1801 3320 ,
1854 3265 1908 3312 ct
1946 3258 2081 3313 sicut
2119 3273 2239 3313 are-

653 3359 776 3400 nam
811 3345 860 3396 in
887 3359 980 3397 ora
1025 3345 1187 3398 maris
1210 3387 1225 3412 ,
1268 3347 1668 3402 misericordem
1706 3358 1864 3418 atque
1905 3349 2240 3405 innumeram

652 3436 1046 3492 multitudinem
1076 3453 1105 3492 a
1141 3440 1370 3495 sinistris
1409 3440 1658 3497 fluctibus
1694 3451 1853 3516 atque
1890 3445 2240 3502 amaritudine

654 3528 815 3598 impia
850 3539 1180 3598 segregatam
1205 3533 1244 3581 ί.

1072 3699 1154 3759 ΙΝ
1203 3699 1577 3762 PSALMUM
1633 3700 1831 3762 CXIII

1249 3801 1666 3857 ENARRATIO.

1309 3906 1481 3946 εειηιο
1520 3908 1554 3946 1.

1119 3983 1196 4037 De
1218 3984 1382 4053 prima
1408 3995 1550 4055 parte
1572 3984 1791 4040 Psalmi.

723 4095 773 4149 i.
818 4094 965 4166 [vers.
1015 4095 1154 4168 1-6.]
1199 4095 1449 4167 Legimus
1490 4099 1740 4169 quidem,
1792 4100 2237 4173 notissimumque

650 4186 962 4250 retinemus,
990 4187 1318 4243 dilectissimi
1343 4187 1555 4255 fratres,
1585 4191 1725 4260 quod
1748 4203 1994 4248 narratur
2023 4194 2074 4249 in
2104 4196 2236 4252 libro

653 4277 820 4332 Exodi
848 4321 860 4343 ,
899 4280 1146 4347 populum
1179 4279 1339 4335 Israel
1378 4280 1656 4336 liberatum
1688 4283 1755 4338 ab
1785 4284 1963 4355 iniqua
1992 4285 2234 4343 domina-

649 4368 797 4424 tione
835 4369 1204 4439 [Egyptiorum
1254 4373 1392 4426 inter
1421 4371 1620 4428 divisos
1646 4372 1836 4429 fluctus
1866 4378 2026 4431 maris
2057 4387 2231 4434 trans-

649 4461 756 4515 isse
798 4476 892 4531 per
923 4460 1118 4514 siccum
1147 4460 1338 4533 (Exod.
1372 4479 1456 4517 xw
1480 4506 1492 4527 ,
1523 4465 1615 4534 22)
1654 4483 1666 4519 :
1699 4465 1986 4524 Iordanem
2023 4486 2232 4543 quoque

649 4552 865 4606 flnvmm
888 4592 903 4618 ,
932 4567 1052 4606 cum
1087 4567 1182 4621 per
1210 4568 1330 4606 eum
1363 4554 1414 4607 in
1446 4565 1640 4611 terram
1671 4561 2036 4627 promissionis
2064 4564 2230 4620 intra-

647 4653 786 4710 rent,
819 4652 1012 4697 tactum
1048 4643 1267 4712 pedibus
1298 4646 1629 4701 sacerdotum
1657 4664 1833 4704 arcam
1867 4653 2074 4709 Domini
2104 4672 2227 4726 por-

649 4737 895 4802 tantium,
928 4735 1136 4789 stetisse
1161 4734 1392 4806 desuper
1414 4737 1672 4793 infrenato
1695 4739 1872 4810 lapsu;
1895 4743 1962 4799 ab
1984 4745 2230 4803 inferiore

644 4835 818 4882 autem
853 4835 1000 4896 parte
1021 4825 1328 4893 defluxisse,
1354 4826 1493 4895 quod
1519 4829 1765 4885 currebat
1791 4833 1840 4886 in
1868 4850 2033 4903 mare,
2057 4838 2229 4896 donec

644 4919 696 4974 in
754 4920 898 4973 sicco
951 4917 1217 4972 stantibus
1272 4918 1636 4975 sacerdotibus
1699 4927 1950 4980 transiret
2003 4931 2226 5000 populus

641 5011 922 5066 universus
947 5008 1126 5082 (Josue
1154 5026 1230 5077 ιιι,
1279 5009 1758 5077 15-17);ηονίιηυε
1781 5017 1912 5083 lucc,
1933 5035 2029 5075 nec
2053 5031 2222 5079 tamen

641 5103 885 5157 arbitrari
916 5118 1011 5156 nos
1034 5111 1243 5172 oportet
1269 5103 1319 5158 in
1347 5103 1445 5159 hoc
1476 5106 1700 5175 psalmo,
1733 5109 1817 5163 cui
1847 5126 1986 5166 nunc
2005 5112 2224 5170 Alleluia

642 5196 982 5264 pronuntiato
1023 5205 1342 5267 cantatoque
1386 5199 1758 5268 respondimus
1780 5245 1793 5268 ,
1843 5203 1892 5258 id
1921 5220 2077 5276 agere
2106 5207 2222 5278 Spi-

640 5288 799 5341 ritum
846 5298 1084 5343 sanctum
1113 5333 1126 5357 ,
1172 5299 1231 5344 ut
1271 5293 1532 5360 prieterita
1582 5293 1668 5347 illa
1713 5306 1856 5364 gesta
1888 5301 2216 5370 recolentes,

639 5397 972 5452 nequaquam
1005 5381 1178 5437 futura
1219 5384 1338 5439 talia
1385 5387 1699 5458 cogitemus.
1728 5387 1836 5444 Illa
1861 5393 2001 5447 enim
2022 5438 2036 5462 ,
2082 5398 2219 5454 sicut

702 5520 717 5589 ι
743 5527 826 5588 ⁸διε
849 5523 948 5589 Ain,
976 5522 1028 5587 et
1049 5514 1266 5589 melioris
1289 5525 1416 5589 notae
1437 5526 1540 5589 Mss.
1568 5529 1622 5589 At
1643 5529 1771 5585 Lov.,
1807 5528 2054 5582 sanctitate
2070 5535 2216 5589 subli-

634 5578 705 5651 mi
735 5576 1028 5651 in_supernis
1057 5576 1248 5651 sedibus
1271 5577 1486 5651 collocat,
1508 5589 1553 5651 et
1577 5582 1698 5634 sicut
1721 5576 1869 5651 arena
1891 5576 2050 5644 nisi}?
2069 5576 2217 5651 {iiiis

634 5641 1082 5716 ἠιςριίειῑταειιιυςε
1099 5642 1694 5716 ξεθτςθςιιξίοριίωιιετο
1719 5650 1808 5716 nisi
1841 5641 1974 5716 quod
1990 5641 2214 5712 ιὼόῖίιὲῖ

634 5703 946 5778 €9,116?!2
966 5703 1562 5778 habet,
1584 5709 1798 5778 Nonnulli
1823 5703 1942 5770 γὸνὸ

636 5765 800 5820 uitale
820 5758 1019 5820 sublime
1039 5763 1092 5820 in
1111 5758 1334 5830 supernis
1354 5764 1546 5819 sedibus
1568 5758 1941 5827 cauacazdnii"
1962 5758 2088 5786 “’””

1905 291 1962 346 S.
2003 287 2367 346 AUGUSTINI
2406 286 2710 346 EPISCOPI
3781 305 3896 365 1176

2362 398 2492 454 dicit
2531 401 2850 470 Apostolus,
2899 403 2952 456 in
2995 404 3162 476 ﬁgura
3203 407 3548 479 contingebant
3581 412 3709 478 illis;
3744 421 3903 488 scripta

2359 502 2476 544 sunt
2501 501 2665 544 autem
2705 494 2772 546 ad
2795 493 3164 563 correptionem
3190 505 3430 563 nostram,
3462 499 3517 553 in
3544 517 3662 569 quos
3688 504 3794 574 ﬁnis
3819 525 3901 564 sa.

2357 583 2584 636 culorum
2612 583 2808 636 obvenit
2851 583 2912 657 (I
2945 584 3063 639 Cor.
3109 603 3163 653 x,
3198 586 3308 659 11).
3349 587 3482 644 Cum
3513 591 3669 662 igitur
3695 597 3906 657 audimus

2356 676 2408 728 in
2437 675 2670 742 Psalmo,
2702 675 2770 730 In
2810 677 2944 731 exitu
2971 678 3140 736 Israel
3178 679 3240 733 de
3269 679 3531 753 /Egyplo,
3563 684 3733 742 domus
3769 687 3905 747 Iacob

2355 767 2418 819 de
2442 769 2630 838 pOpqu
2658 768 2902 837 barbaro,
2950 776 3086 842 facta
3127 783 3200 827 est
3227 772 3413 830 Iudaea
3441 779 3763 848 sanctificatio
3783 787 3904 852 eius,

2354 855 2523 912 Israel
2548 871 2766 930 potestas
2793 863 2934 932 ejus;
2962 879 3102 918 mare
3127 865 3251 920 vidit
3278 875 3325 920 et
3357 869 3507 939 fugit,
3536 869 3768 929 Iordanis
3802 893 3905 933 con-

2357 966 2528 1005 versus
2578 961 2649 1005 est
2695 963 2973 1007 retrorsum
3004 971 3024 1009 :
3053 971 3120 1009 ne
3163 956 3494 1013 arbitremini
3545 961 3696 1018 nobis
3736 970 3906 1025 narrari

2357 1041 2647 1112 prmterita,
2673 1043 2764 1098 sed
2792 1045 2972 1115 potius
2999 1044 3173 1101 futura
3203 1047 3414 1117 praedici
3439 1067 3454 1115 ;
3487 1051 3606 1122 quia
3630 1054 3712 1108 illa
3731 1072 3907 1130 quoque

2357 1133 2608 1189 miracula
2650 1150 2771 1190 cum
2818 1137 2871 1190 in
2901 1136 2990 1192 illo
3021 1140 3217 1209 populo
3248 1141 3434 1196 fierent
3457 1184 3472 1209 ,
3521 1150 3783 1213 praesentia
3806 1154 3902 1221 qui-

2358 1224 2504 1292 dem,
2538 1225 2632 1281 sed
2660 1243 2765 1282 non
2796 1228 2912 1284 sine
2943 1229 3241 1287 futurorum
3272 1234 3658 1304 significatione
3680 1243 3901 1312 gereban-

2357 1328 2459 1374 tur.
2490 1319 2720 1392 Ideoque
2751 1330 2806 1375 ut
2832 1323 3171 1392 ostenderet,
3218 1326 3306 1396 qui
3340 1328 3612 1396 psalleudo
3659 1331 3748 1387 ista
3789 1351 3898 1405 prte-

2355 1411 2598 1480 dicebat,
2656 1414 2841 1470 eadem
2891 1432 2951 1472 se
2999 1419 3176 1473 verbis
3229 1434 3388 1490 agere
3436 1438 3554 1492 qua:
3602 1425 3702 1480 illic
3748 1425 3894 1485 factis'

2359 1504 2684 1574 agebantur,
2732 1523 2838 1562 uno
2886 1509 3185 1580 eodemque
3231 1513 3436 1582 Spiritu
3484 1529 3730 1586 operante
3757 1531 3805 1576 et
3833 1523 3904 1578 illa

2355 1596 2496 1653 facta
2537 1608 2591 1654 et
2636 1600 2749 1654 lucc
2794 1600 2954 1669 dicta,
3006 1612 3065 1657 ut
3107 1603 3158 1658 id
3201 1607 3343 1676 quod
3389 1607 3442 1661 in
3486 1609 3590 1664 fine
3631 1613 3903 1672 surculorum

2356 1688 2807 1745 manifestandum
2858 1693 3265 1763 reservabatur,
3321 1697 3506 1768 ﬁguris
3557 1716 3727 1758 rerum
3776 1716 3902 1777 atque

2353 1781 2642 1838 verborum
2674 1786 3124 1852 praecurrentibus
3168 1787 3539 1859 nuntiaretur;
3583 1808 3681 1848 non
3723 1797 3901 1852 onmiuo

2353 1885 2416 1927 ea
2443 1871 2577 1927 dixit
2601 1887 2719 1943 qua:
2753 1873 2822 1927 ibi
2851 1882 3001 1944 gesta
3031 1886 3175 1944 sunt,
3209 1878 3303 1933 sed
3332 1879 3494 1936 aliter
3520 1883 3749 1952 quaedam
3775 1902 3898 1956 quam

2357 1961 2465 2018 illic
2495 1963 2631 2018 lecta
2659 1963 2944 2021 didicimus
2969 1984 2981 2020 :
3008 1984 3074 2023 ne
3115 1985 3240 2024 vere
3270 1980 3548 2040 putaretur
3578 1983 3818 2032 transacta
3839 1995 3900 2034 re-

2353 2053 2550 2121 colere,
2584 2055 2758 2126 potius
2783 2072 2940 2127 quam
2975 2069 3196 2114 ventura
3229 2061 3579 2133 praedicere”.
3605 2067 3769 2124 Primo
3788 2069 3896 2125 enim

2353 2145 2638 2202 Iordanem
2674 2148 2847 2219 ipsum
2875 2167 2980 2206 non
3029 2167 3304 2210 reversum
3335 2171 3461 2212 esse
3493 2168 3800 2229 retrorsum,
3825 2163 3894 2218 scd

2353 2239 2567 2295 stetisse
2595 2240 2821 2311 legimus
2850 2243 2917 2298 ab
2947 2259 3009 2300 ea
3041 2255 3219 2315 parte,
3264 2263 3370 2318 qua
3413 2264 3564 2322 aqum
3605 2250 3811 2322 desuper
3834 2256 3894 2309 in-

2352 2331 2606 2400 fluebant,
2635 2349 2754 2388 cum
2779 2335 3007 2406 populus
3031 2337 3118 2393 ille
3141 2339 3425 2406 transiret;
3450 2341 3640 2397 deinde
3658 2346 3895 2414 gestientes

2351 2433 2558 2478 montes
2584 2424 2855 2496 collesque
2895 2442 3002 2482 non
3049 2428 3272 2500 legimus
3308 2449 3321 2486 :
3359 2449 3484 2504 qua:
3523 2435 3597 2490 sic
3624 2435 3826 2500 addidit,
3855 2446 3895 2491 ut

2349 2515 2508 2570 etiam
2535 2516 2712 2571 omnia
2735 2517 2834 2572 ista
2859 2528 3150 2589 repeteret.
3177 2521 3308 2577 Nam
3338 2539 3467 2580 cum
3489 2525 3717 2593 dixisset,
3750 2528 3894 2584 «Marc

2348 2606 2481 2663 vidit
2519 2615 2573 2662 et
2598 2605 2766 2680 fugit,
2807 2609 3055 2668 Iordanis
3093 2628 3390 2672 conversus
3436 2628 3518 2674 est
3558 2630 3887 2685 retrorsum“

2349 2700 2643 2768 contexuit,
2678 2721 2697 2753 ί
2721 2700 2924 2760 Montes
2949 2707 3247 2776 gestiet-unt
3278 2711 3430 2765 velut
3454 2714 3670 2780 arietes,
3699 2725 3744 2770 et
3765 2717 3890 2770 colles

2348 2792 2494 2848 velut
2513 2794 2826 2865 agniovium
2855 2814 2867 2850 :
2892 2799 3186 2873 eademque
3206 2820 3396 2860 rursus
3425 2807 3718 2880 interrogat,
3741 2827 3758 2863 ι
3780 2810 3887 2878 Quid

2347 2893 2430 2940 est
2458 2885 2583 2952 tibi,
2618 2902 2764 2943 mare
2788 2929 2802 2955 ,
2848 2891 2989 2960 quod
3019 2892 3224 2963 fugisti;
3268 2905 3322 2950 et
3370 2906 3427 2953 tu
3449 2941 3462 2964 ,
3511 2899 3772 2969 Iordanis,
3796 2905 3888 2972 quia

2348 2989 2640 3034 conversus
2669 2993 2727 3034 es
2756 2982 3085 3036 retrorsum?
3116 2996 3348 3057 montes,
3379 2991 3502 3060 quia
3527 2993 3760 3063 gestiistis
3781 2996 3886 3049 velut

2346 3068 2569 3134 arietes;
2602 3077 2655 3124 et
2681 3069 2866 3138 colles,
2902 3073 3046 3128 velut
3072 3076 3193 3146 agni
3227 3080 3448 3134 ovium?
3485 3101 3504 3134 ι

2416 3158 2468 3212 2.
2493 3159 2847 3216 Attendamus
2868 3178 2995 3233 ergo
3021 3167 3148 3235 quid
3172 3168 3592 3242 admoneamur;
3620 3175 3729 3246 quia
3753 3185 3797 3231 et
3819 3176 3885 3231 illa

2345 3247 2480 3302 facta
2510 3250 2690 3319 figura:
2719 3260 2915 3308 nostrze
2942 3253 3176 3327 fuerunt,
3202 3267 3257 3315 et
3283 3260 3403 3318 bace
3429 3263 3566 3321 dicta
3593 3276 3647 3323 ut
3669 3283 3754 3324 nos
3775 3269 3884 3340 ipsos

2345 3355 2788 3410 recognoscamus
2819 3344 3120 3403 hortantur.
3161 3350 3217 3407 Si
3260 3354 3409 3409 enim
3450 3359 3665 3428 gratiam
3692 3360 3769 3415 Dei
3792 3376 3881 3431 quae

2343 3429 2466 3484 data
2515 3440 2598 3486 est
2640 3433 2792 3488 nobis
2834 3435 2988 3491 firmo
3028 3439 3192 3496 corde
3236 3445 3572 3516 retinemus,
3613 3465 3700 3504 nos
3738 3429 3882 3505 sumus

2343 3520 2508 3577 Israel
2541 3538 2724 3578 semen
2757 3526 2983 3583 Abrahae
3010 3547 3022 3583 :
3045 3532 3198 3588 nobis
3236 3534 3365 3591 dicit
3399 3539 3706 3608 Apostolus,
3739 3540 3879 3611 «Ergo

2343 3627 2524 3668 semen
2553 3616 2780 3673 Abrahae
2804 3620 2932 3676 estis
2963 3640 2981 3674 ›
3017 3622 3214 3694 (Galat.
3245 3643 3321 3696 ιιι,
3352 3629 3476 3704 29).
3507 3633 3632 3699 Quia
3661 3634 3778 3688 sicut
3800 3633 3877 3687 alio

2342 3704 2461 3760 loco
2491 3706 2656 3775 dicit,
2705 3728 2722 3760 ι
2751 3710 2861 3764 Non
2892 3713 2945 3767 in
2977 3715 3386 3775 circumcisione
3406 3765 3419 3788 ,
3472 3723 3564 3778 sed
3591 3725 3638 3778 in
3667 3724 3875 3794 prmpulio

2341 3795 2589 3867 deputata
2637 3809 2718 3856 est
2761 3802 2988 3859 Abrahae
3029 3807 3162 3862 fides
3202 3809 3267 3862 ad
3304 3811 3587 3881 justitiam,
3625 3824 3675 3870 et
3707 3815 3870 3885 signum

2341 3889 2547 3960 accepit
2570 3890 3013 3960 circumcisionis,
3045 3898 3374 3967 signaculum
3407 3904 3620 3974 justitizc
3641 3905 3764 3970 ﬁdei,
3782 3919 3872 3977 qua:

2341 3988 2424 4034 est
2451 3981 2504 4034 in
2533 3985 2790 4053 praeputio
2821 3993 2880 4039 ut
2914 3987 3196 4058 deputetur
3221 4001 3274 4048 et
3309 3993 3421 4050 illis
3447 3997 3512 4068 ad
3537 3999 3802 4068 justitiam;
3830 4005 3871 4050 ut

2341 4068 2411 4124 sit
2438 4079 2586 4139 pater
2605 4071 3025 4132 eiremncisionis
3054 4078 3134 4134 his
3156 4082 3245 4152 qui
3268 4099 3371 4138 non
3407 4065 3576 4142 serum
3604 4104 3660 4143 ex
3684 4089 3868 4142 circum-

2340 4161 2542 4218 cisione
2564 4173 2708 4233 sunt,
2740 4166 2832 4221 sed
2859 4176 2912 4222 et
2949 4169 3031 4224 his
3055 4173 3142 4242 qui
3173 4188 3472 4246 sequuntur
3515 4181 3715 4252 vestigia
3741 4179 3864 4244 ﬁdei,

2339 4269 2456 4324 qua:
2487 4257 2642 4310 estin
2663 4259 2918 4329 prmputio
2946 4263 3112 4332 patris
3134 4269 3298 4321 nostri
3319 4270 3564 4325 Abrahze.
3592 4292 3609 4325 ι
3640 4271 3738 4326 Non
3756 4269 3864 4326 enim

2338 4349 2624 4404 carnaliter
2662 4351 2991 4409 circumcisae
3039 4360 3182 4428 genti
3226 4365 3592 4421 tantummodo
3624 4366 3770 4422 factus
3803 4373 3865 4420 est

2337 4451 2506 4512 pater,
2534 4443 2619 4497 cui
2647 4444 2844 4500 dictum
2875 4457 2977 4515 est,
3012 4448 3220 4506 Patrem
3260 4456 3532 4512 multarum
3560 4460 3758 4531 gentium
3782 4474 3854 4528 po-

2333 4533 2414 4588 sui
2439 4544 2502 4587 te.
2531 4533 2810 4592 Multarum
2830 4548 3026 4607 autem,
3053 4560 3159 4599 non
3181 4549 3548 4617 quarumdam,
3567 4551 3654 4606 sed
3672 4550 3860 4607 omnium

2335 4625 2513 4696 (Rom.
2545 4644 2616 4695 iV,
2639 4629 2832 4702 9-17);
2865 4634 3006 4702 quod
3035 4646 3218 4706 aperte
3238 4639 3447 4705 dicitur,
3471 4659 3586 4698 cum
3611 4643 3654 4698 ei
3678 4643 3858 4697 dicitur:

2335 4713 2400 4808 Iit
2443 4715 2792 4773 benedicentur
2834 4722 2886 4776 in
2933 4734 2979 4778 te
3016 4742 3186 4782 omnes
3227 4742 3395 4802 gentes
3427 4731 3572 4808 (Gen.
3611 4749 3735 4799 ml,
3773 4730 3856 4800 18).

2333 4807 2518 4864 Nullus
2563 4812 2738 4882 itaque
2781 4815 3206 4876 Christianorum
3249 4840 3307 4879 se
3337 4841 3367 4879 a
3395 4807 3604 4883 nemine
3628 4825 3764 4882 Israel
3787 4838 3856 4876 ar-

2331 4898 2562 4956 bitretur
2609 4912 2942 4960 extraneum.
2984 4909 3094 4965 Illis
3138 4913 3281 4969 enim
3329 4917 3417 4987 qui
3465 4917 3772 4973 crediderunt
3805 4927 3852 4968 es

2329 4990 2548 5061 Iuda-is,
2602 4993 2654 5048 in
2699 5011 2923 5066 quorum
2967 5016 3188 5059 numero
3228 5008 3579 5079 principaliter
3617 5005 3853 5079 Apostolos

2331 5085 2654 5155 invenimus,
2706 5090 2760 5145 in
2804 5094 3045 5165 angulari
3093 5098 3266 5169 lapide
3296 5103 3614 5175 copulamur.
3650 5103 3764 5159 Hinc
3794 5101 3851 5153 ait

2329 5177 2584 5234 Dominus
2614 5181 2722 5236 alio
2771 5183 2887 5240 loco
2912 5204 2924 5240 :
2949 5187 3125 5244 Habeo
3151 5192 3280 5248 alias
3306 5212 3415 5250 oves
3442 5213 3548 5268 qua:
3572 5213 3661 5250 non
3687 5200 3780 5248 sunt
3803 5190 3849 5242 dc

2327 5267 2420 5323 hoc
2449 5271 2602 5337 ovili;
2633 5283 2826 5342 Oportet
2849 5293 2924 5330 me
2949 5288 2996 5332 et
3020 5280 3138 5335 illas
3157 5284 3424 5352 adducere,
3455 5267 3514 5341 ut
3537 5288 3596 5341 sit
3619 5302 3729 5340 unus
3751 5294 3845 5352 grex

2326 5371 2373 5415 et
2394 5378 2525 5415 unus
2547 5373 2720 5434 pastor
2749 5365 2927 5438 (Joan.
2953 5386 3006 5436 χ,
3040 5372 3153 5444 16).
3183 5375 3412 5448 Populus
3435 5393 3555 5449 ergo
3574 5377 3842 5433 christianus

2323 5457 2490 5526 magis
2505 5452 2694 5526 'israel,
2720 5468 2773 5516 et
2794 5460 2906 5532 ipse
2932 5466 3106 5534 potius
3129 5468 3318 5527 domus
3335 5472 3510 5528 Iacob.
3539 5471 3663 5526 Idem
3685 5467 3837 5538 (ιυῐρρθ

2322 5545 2483 5602 Israel
2514 5549 2599 5618 qui
2631 5548 2814 5606 Iacob.
2845 5552 2935 5608 Illa
2962 5571 3090 5613 vero
3119 5562 3269 5617 turba
3295 5563 3602 5628 Iudaeorum,
3628 5575 3728 5630 qua:
3749 5569 3835 5610 inec

2325 5639 2428 5695 rito
2454 5640 2690 5711 perfidiae
2719 5647 2999 5716 reprobata
3025 5659 3126 5719 est,
3151 5653 3416 5724 voluptate
3440 5653 3622 5711 carnali
3644 5643 3834 5706 vendidit

2384 5735 2403 5802 ξ
2429 5741 2528 5782 Am.
2555 5742 2608 5784 et
2630 5749 2800 5788 omnes
2824 5753 2974 5802 prope
2993 5749 3122 5800 Mss.
3143 5749 3332 5802 ﬁgures.

2387 5798 2406 5827 ³
2429 5804 2606 5847 omnes
2628 5812 2779 5864 prOpe
2801 5798 2927 5865 uss;
2960 5798 3248 5867 prmidefe.
