4188 6450
372 314 510 378 “71

373 431 726 502 primogenita
757 446 875 500 sua,
905 441 962 494 ut
985 447 1090 496 non
1115 433 1181 489 ad
1203 433 1387 500 Jacob,
1414 435 1507 489 sed
1526 434 1592 490 ad
1618 435 1758 494 Esau
1784 437 1956 510 potius

373 525 680 596 pertineret.
730 523 890 582 Scitis
938 539 1167 597 namque
1211 525 1264 582 in
1313 525 1418 581 hoc
1467 527 1722 597 mysterio
1765 527 1960 583 dictum

371 630 511 678 esse,
550 615 686 687 Quia
715 619 881 688 major
906 618 1083 674 serviet
1111 618 1296 672 minori
1324 615 1473 687 (Gen.
1503 634 1627 685 xxv,
1653 619 1740 684 '55,
1769 619 1886 690 25).

440 707 493 762 '5.
518 703 784 778 Egyptus
813 717 1011 774 autem,
1034 709 1285 780 quoniam
1311 708 1692 780 interpretatur
1705 708 1957 780 Afﬁictio,

368 798 453 853 vel
480 797 758 875 Affligens,
804 799 887 853 vel
914 798 1289 870 Comprimens
1307 840 1323 867 ,
1352 814 1495 872 saepe
1524 800 1577 856 in
1607 800 1836 872 imagine
1862 817 1958 872 po-

365 890 512 946 nitur
562 890 722 962 hujus
767 891 980 956 saeculi;
1013 906 1042 955 a
1071 893 1177 962 quo
1213 891 1562 963 spiritualiter
1604 891 1959 948 recedendum

365 995 472 1051 est,
505 1000 574 1040 ne
600 985 766 1046 simus
783 985 968 1055 jugum
997 984 1248 1040 ducentes
1273 999 1393 1040 cum
1423 983 1726 1044 inﬁdelibus
1749 985 1815 1056 (ll
1836 983 1954 1040 Cor.

365 1094 442 1145 vi,
477 1080 591 1149 Li).
623 1078 713 1134 Sic
738 1079 880 1136 enim
908 1079 1132 1148 quisque
1156 1077 1453 1134 Jerusalem
1479 1078 1714 1134 ccelestis
1744 1077 1802 1132 ﬁt
1829 1077 1960 1133 civis

364 1169 637 1238 idoneus,
683 1185 803 1225 eum
852 1170 1079 1240 primum
1130 1168 1253 1224 huic
1300 1170 1497 1225 saeculo
1537 1171 1954 1234 renuntiaverit;

362 1262 818 1336 quemadmodum
868 1262 959 1319 ille
990 1262 1218 1332 populus
1250 1263 1300 1316 in
1344 1271 1542 1317 terram
1589 1262 1959 1332 promissionis

361 1357 486 1418 duci
516 1371 624 1412 non
658 1355 846 1426 potuit,
875 1354 975 1410 nisi
1005 1354 1151 1425 prius
1175 1353 1241 1409 ab
1267 1351 1498 1424 Egypto
1525 1353 1826 1408 recederet.
1850 1351 1957 1409 Sed

361 1449 504 1510 sicut
549 1449 642 1505 ille
679 1463 783 1504 non
832 1447 954 1502 inde
997 1446 1276 1512 discessit,
1327 1447 1430 1501 nisi
1477 1446 1661 1501 divino
1703 1446 1957 1503 liberatus

363 1544 596 1609 auxilio;
631 1543 709 1596 sic
735 1557 892 1596 nemo
917 1540 1076 1596 corde
1106 1540 1173 1596 ab
1199 1539 1301 1595 hoc
1329 1540 1524 1594 saeculo
1549 1540 1828 1607 avertitur,
1855 1541 1957 1597 nisi

364 1638 564 1698 divinze
591 1633 974 1692 misericordia:
1001 1649 1221 1690 munere
1246 1632 1479 1703 adjutus.
1501 1632 1652 1703 Quod
1678 1635 1820 1690 enim
1849 1634 1956 1690 illic

367 1729 530 1786 semel
577 1728 973 1798 praeﬁguratum
1003 1736 1084 1782 est
1105 1768 1119 1792 ,
1163 1727 1265 1781 hoc
1306 1726 1358 1781 in
1388 1727 1490 1782 isto
1517 1726 1622 1783 ﬁne
1649 1727 1832 1783 smculi
1853 1769 1868 1794 ,
1901 1727 1954 1791 in

366 1822 485 1888 bac,
533 1823 676 1878 sicut
713 1821 901 1886 beatus
947 1819 1180 1875 Joannes
1224 1819 1440 1885 scribit,
1491 1820 1624 1876 hora
1666 1821 1954 1877 novissima

363 1914 409 1985 (Ι
431 1914 589 1978 ann.
620 1929 679 1977 ιι,
715 1912 826 1984 l8),
872 1912 1194 1983 quotidianis
1232 1912 1487 1968 Ecclesia:
1527 1911 1720 1977 fetibus
1749 1913 1799 1967 in
1825 1928 1956 1968 uno-

362 2021 577 2076 quoque
601 2004 856 2060 credente
877 2003 1191 2072 completur.
1218 2001 1410 2058 Audite
1431 2003 1745 2074 Apostolum
1768 2003 1951 2062 docto-

360 2113 477 2155 rem
506 2096 761 2153 Gentium
789 2095 1069 2150 docentem
1099 2103 1154 2150 et
1181 2095 1530 2150 instruentem
1559 2114 1571 2148 :
1602 2114 1620 2148 ι
1645 2095 1781 2152 Nolo
1810 2097 1952 2154 enim

362 2207 485 2260 vos,
515 2210 536 2242 ι
566 2190 754 2260 inquit,
785 2207 804 2242 ι
834 2189 1096 2260 ignorare,
1127 2187 1340 2254 fratres,
1385 2187 1506 2256 quia
1562 2202 1748 2243 omnes
1775 2196 1952 2258 patres

363 2283 534 2342 nostri
557 2282 656 2338 sub
682 2281 823 2338 nube
851 2279 1065 2335 fuerunt
1083 2322 1098 2346 ,
1128 2287 1182 2334 et
1223 2293 1409 2334 omnes
1433 2293 1528 2349 per
1553 2294 1699 2334 mare
1723 2280 1950 2334 transic-

362 2387 516 2442 runt,
563 2386 616 2432 et
645 2389 832 2431 omnes
863 2374 917 2427 in
944 2372 1193 2444 Moysen‘
1216 2371 1466 2442 baptizati
1494 2380 1620 2426 sunt
1649 2373 1700 2426 in
1731 2371 1872 2427 nube
1898 2381 1953 2428 et

362 2472 416 2528 in
443 2470 578 2525 mari
602 2511 616 2535 ,
658 2477 711 2524 et
737 2481 927 2524 omnes
951 2464 1197 2521 eumdem
1226 2465 1766 2536 cibumspiritualem
1798 2482 1951 2520 man-

364 2565 725 2631 ducavernnt,
775 2574 828 2620 et
871 2577 1059 2618 omnes
1103 2561 1350 2618 eumdem
1394 2570 1578 2630 potum
1621 2560 1950 2630 spiritualem

364 2654 632 2716 biberunt.
658 2655 918 2712 Bibcbant
938 2655 1080 2711 enim
1105 2653 1173 2710 de
1192 2653 1455 2724 Spirituali
1481 2664 1741 2723 sequente
1763 2662 1911 2722 petra
1935 2670 1948 2706 :

364 2760 513 2822 petra
546 2760 723 2806 autem
755 2757 872 2804 erat
907 2748 1174 2804 Christus.
1215 2746 1319 2802 Sed
1363 2761 1468 2801 non
1498 2746 1550 2800 in
1583 2747 1828 2802 omnibus
1853 2746 1952 2800 illis

363 2843 499 2900 bene
521 2841 848 2909 complacuit
869 2841 978 2896 Deo
1004 2859 1016 2894 :
1043 2839 1297 2910 prostrati
1320 2838 1462 2893 enim
1485 2847 1608 2893 sunt
1632 2839 1682 2892 in
1711 2837 1948 2894 deserto.

364 2933 488 2990 ﬂrec
511 2942 688 2988 autem
719 2933 900 3002 ﬁgurae
933 2942 1128 2987 nostra?
1150 2930 1306 2985 facite
1331 2941 1457 2986 sunt
1478 2949 1496 2982 ι
1520 2929 1562 3001 (1
1580 2929 1697 2986 Cor.
1721 2947 1776 2996 ιε,
1807 2931 1948 3001 1-6).

364 3025 499 3094 Quid
528 3026 688 3078 vultis
715 3024 940 3095 amplius
960 3066 972 3089 ,
1020 3022 1216 3078 fratres
1255 3021 1624 3077 dilectissimi?
1649 3022 1808 3077 Certe
1838 3039 1952 3078 ma-

365 3119 616 3176 nifestum
647 3126 730 3173 est
758 3133 862 3172 non
897 3117 1129 3170 humana
1159 3115 1480 3185 suspicione,
1513 3114 1606 3168 sed
1637 3115 1949 3184 apostolico,

351 3212 416 3272 rid
440 3222 528 3270 est
552 3213 733 3276 divino
760 3219 816 3267 et
852 3209 1120 3266 dominico
1150 3208 1485 3276 magisterio;
1523 3208 1666 3264 Deus
1694 3209 1838 3264 enim
1872 3209 1950 3263 ιο-
1983 3217 1990 3222 ·

362 3306 629 3377 quebatur
676 3304 728 3358 in
780 3305 892 3368 eis,
939 3312 994 3358 et
1041 3294 1283 3372 quamvis
1330 3300 1400 3356 de
1450 3301 1659 3356 carneis
1703 3301 1950 3369 nubibus,

363 3409 545 3456 tamen
578 3397 837 3454 Dominus
861 3394 1140 3452 intonahat
1164 3412 1176 3448 :
1201 3403 1347 3449 certe
1373 3406 1501 3463 ergo
1534 3402 1680 3448 tanto
1703 3393 1952 3449 testimo-

363 3494 450 3548 nio
491 3489 836 3546 manifestum
877 3498 959 3543 est
1001 3486 1088 3542 illa
1131 3485 1309 3541 omnia
1350 3483 1571 3555 ﬁgurate
1600 3494 1781 3553 gesta,
1814 3500 1954 3541 nunc

362 3585 420 3640 in
443 3593 628 3639 nostra
659 3581 832 3641 salute
857 3579 1144 3650 compleri;
1190 3577 1310 3648 quia
1341 3586 1466 3632 tunc
1497 3576 1671 3632 futura
1703 3592 1952 3647 praenun-

363 3676 653 3740 tiabantur,
678 3688 818 3728 nunc
858 3671 1128 3743 praeterita
1168 3669 1436 3741 leguntur,
1479 3669 1838 3740 etpratsentia
1866 3685 1955 3725 co-

361 3775 718 3840 gnoscuntur.

432 3863 488 3917 4.
515 3861 708 3916 Audite
736 3857 878 3929 quod
903 3866 985 3912 est
1015 3856 1336 3922 mirabilius,
1381 3854 1662 3910 Librorum
1712 3865 1952 3911 veterum

363 3960 705 4013 sacramenta
729 3948 992 4012 occultata
1017 3955 1176 4018 atque
1200 3947 1392 4012 velata,
1424 3946 1680 4000 nonnulla
1710 3961 1779 4001 ex
1805 3955 1954 4016 parte

366 4059 402 4108 δ
425 4031 601 4108 Lib'ris
644 4042 914 4110 veteribus
951 4040 1197 4096 revelari.
1235 4037 1366 4092 Nam
1407 4037 1654 4092 Michaeas
1698 4037 1955 4108 propheta

367 4137 440 4192 ita
467 4134 728 4206 loquitur:
751 4150 770 4184 ι
795 4132 959 4188 Ριοιιι
979 4131 1109 4197 dies,
1128 4151 1148 4183 ι
1168 4128 1356 4201 inquit,
1372 4149 1389 4182 ι
1405 4129 1744 4199 profectionis
1773 4145 1954 4186 eorum

363 4244 431 4286 ex
463 4228 731 4299 Aigypto,
760 4223 1036 4282 ostendam
1083 4222 1346 4282 mirabilia
1391 4221 1515 4277 illis.
1561 4219 1829 4276 Videbunt
1857 4236 1954 4276 na-

363 4324 580 4389 tiones,
635 4330 688 4377 et
740 4318 1137 4380 confundantur
1185 4318 1252 4373 ab
1302 4318 1446 4380 omni
1505 4315 1685 4388 vigore
1735 4329 1954 4373 eorum:

363 4414 616 4472 inanibus
645 4428 744 4470 ora
777 4428 874 4469 sua
917 4411 1226 4475 obstruent,
1269 4425 1424 4464 aures
1454 4409 1560 4464 illis
1589 4407 1960 4464 obsurdabun-

365 4516 475 4573 tur,
524 4505 854 4575 delingentes
895 4513 1129 4569 terram,
1174 4501 1320 4557 velut
1360 4508 1634 4570 serpentes
1685 4499 1959 4556 trahentes

367 4607 601 4663 terram;
628 4595 1084 4654 conturbabuntur
1111 4592 1180 4648 de
1199 4591 1632 4648 conclusionibus
1664 4605 1868 4656 eorum,
1900 4590 1952 4645 in

367 4693 602 4749 Domino
629 4691 738 4746 Bco
759 4696 944 4746 nostro
969 4686 1216 4746 excident
1257 4695 1452 4751 mente,
1484 4693 1538 4740 et
1569 4684 1906 4740 terrebantur
1930 4699 1960 4737 a

370 4797 445 4842 te.
480 4783 613 4850 Quis
656 4782 770 4838 Deo
805 4790 896 4838 tuo
939 4779 1163 4847 similis,
1213 4776 1464 4833 auferens
1506 4775 1871 4846 iniquitatem,
1911 4782 1965 4830 et

370 4873 775 4945 transgrediens
817 4872 1148 4943 impietatem
1191 4868 1420 4925 residuis
1459 4866 1784 4924 haereditatis
1829 4866 1962 4920 tute?

369 4970 446 5027 Et
470 4984 576 5025 non
598 4967 862 5025 continuit
889 4967 945 5022 in
975 4963 1337 5025 testimonium
1357 4962 1489 5017 iram
1513 4975 1682 5026 suam,
1712 4958 1960 5030 quoniam

368 5061 712 5118 voluntarius
739 5068 796 5116 et
812 5057 1119 5114 misericors
1143 5063 1255 5120 est;
1287 5055 1400 5125 ipse
1425 5060 1699 5108 convertet
1719 5059 1774 5106 et
1803 5050 1964 5106 mise-

374 5153 584 5216 rebitur
609 5151 814 5217 nostri,
843 5149 1118 5218 demerget
1141 5146 1331 5202 delicta
1364 5153 1543 5199 nostra
1563 5185 1578 5211 ,
1610 5142 1885 5212 demerget
1912 5140 1964 5195 in

375 5245 548 5299 maris
589 5241 905 5312 profundum
931 5255 1116 5302 omnes
1142 5238 1326 5308 culpas
1363 5243 1573 5292 nostras
1609 5253 1627 5286 ι
1649 5232 1833 5306 (Mich.
1870 5248 1964 5299 vn,

380 5330 599 5406 15-19.).
637 5332 839 5403 Nempe
891 5329 1193 5395 advertitis,
1242 5327 1464 5394 fratres,
1524 5323 1854 5380 manifestius
1882 5322 1969 5378 hic

375 5429 580 5501 aperiri
623 5433 962 5482 sacrosancta
1007 5421 1281 5496 mysteria.
1332 5419 1389 5474 ιιι
1441 5420 1541 5474 Ιιοε
1583 5433 1710 5489 ergo
1769 5417 1970 5487 psalmo

378 5498 630 5596 quamvis
667 5521 845 5576 futura
873 5519 1138 5574 intueatur
1176 5513 1431 5569 mirabilis
1467 5510 1758 5582 prophetiae
1798 5498 1970 5579 Spiri-

379 5627 502 5683 tus,
546 5625 727 5670 tamen
775 5611 984 5667 videtur
1024 5608 1168 5664 velut
1209 5613 1474 5662 transacta
1520 5618 1760 5658 narrare.
1810 5600 1974 5656 Facta

367 5719 479 5775 ut,
506 5708 699 5779 inquit,
721 5704 904 5762 Iudaea
929 5701 1262 5771 sanctiﬁcatio
1286 5699 1394 5770 ejus
1415 5713 1430 5751 :
1448 5713 1585 5752 mare
1604 5695 1726 5766 vidit
1746 5704 1793 5752 et
1816 5693 1974 5768 fugit:

455 5847 481 5881 ί
496 5847 573 5898 sic
588 5850 699 5895 Mss.
711 5842 850 5906 iuxta
868 5847 1017 5891 Graec.
1038 5844 1095 5888 At
1113 5834 1249 5898 add,
1266 5832 1320 5884 in
1341 5840 1518 5896 Moyse.

1447 317 1848 382 ENARRATIO
1885 318 1949 378 IN
1988 322 2310 384 PBALMUM
2348 327 2528 384 CXIII.

3516 343 3654 408 14τὸ

2073 448 2128 496 ει
2156 444 2290 511 facta
2317 451 2409 506 est.
2439 450 2493 497 et
2516 443 2657 508 vidit,
2681 455 2736 504 et
2757 446 2906 517 fugit,
2935 448 3188 516 praeteriti
3214 455 3470 523 temporis
3492 457 3651 518 verba

2070 543 2222 599 sunt;
2269 545 2323 594 et
2346 552 2612 592 conversus
2636 547 2708 591 est
2736 536 3008 607 Iordanis,
3040 549 3091 600 et
3127 545 3396 613 gestierunt
3424 558 3648 618 montes,

2069 635 2123 682 et
2146 638 2396 684 commota
2415 639 2486 684 est
2509 639 2661 697 terra,
2682 631 2868 690 eodem
2892 634 3051 694 modo
3071 639 3398 706 praeteritum
3424 653 3648 711 sonant;

2068 717 2184 773 sine
2229 719 2534 789 praeiudicio
2579 731 2752 781 tamen
2795 725 3119 798 intelligendi
3161 729 3356 786 futura.
3401 735 3648 806 Alioquin

2068 820 2256 868 contra
2288 813 2664 884 Evnngelicum
2706 818 3066 883 testimonium
3095 823 3332 893 cogimur
3367 827 3527 884 etiam
3564 830 3649 886 illa

2068 918 2176 959 non
2202 904 2268 959 de
2293 903 2470 960 futuro
2497 908 2847 976 praenuntiata
2867 951 2881 976 ,
2903 910 2997 965 sed
3023 911 3090 967 de
3117 916 3383 983 prreterito
3412 933 3647 975 commc-

2066 1007 2292 1062 morata,
2321 999 2622 1070 intelligere
2646 1018 2658 1054 :
2681 999 2971 1058 Divisertmt
2992 1005 3085 1064 sibi
3115 1009 3400 1063 restituente
3432 1028 3568 1077 mea,
3603 1023 3648 1068 et

2064 1106 2215 1158 super
2237 1090 2582 1146 vestimentum
2622 1107 2786 1153 meum
2827 1093 3067 1148 miserunt
3109 1106 3292 1152 sortem
3321 1099 3489 1168 (Psal.
3522 1119 3640 1168 xxx,

2067 1181 2178 1251 l9).
2205 1181 2333 1246 Quae
2355 1182 2594 1251 quamvis
2616 1183 2792 1239 verbis
2813 1187 3064 1254 praeteriti
3086 1192 3337 1258 temporis
3357 1191 3495 1248 dicta
3516 1194 3640 1261 sint,

2065 1271 2118 1326 id
2146 1282 2320 1332 tamen
2349 1274 2773 1342 praenuntiabant
2819 1277 2961 1346 quod
2994 1287 3139 1333 tanto
3168 1290 3285 1350 post
3327 1282 3559 1342 futurum
3591 1287 3641 1340 in

2064 1363 2311 1432 passione
2341 1363 2951 1449 Dominiocompleretur.
2989 1369 3094 1424 Sed
3123 1381 3297 1428 tamen
3317 1416 3331 1439 ,
3363 1375 3643 1434 dilectissi-

2063 1455 2156 1520 mi,
2185 1456 2442 1526 propheta
2479 1458 2581 1513 istc
2605 1474 2764 1528 quem
2790 1465 3238 1530 commemoravi,
3269 1467 3430 1524 etiam
3461 1486 3642 1536 gressa

2063 1546 2224 1603 corda
2253 1549 2471 1613 limavit,
2505 1558 2558 1604 et
2597 1550 2663 1608 ad
2705 1552 3043 1623 intelligenda
3079 1555 3146 1610 de
3173 1560 3454 1626 prmtcritis
3483 1563 3642 1626 rebus

2061 1639 2225 1709 gestis
2273 1638 2445 1695 futura
2487 1640 2853 1700 incunctanter
2898 1646 3172 1714 extendit;
3221 1659 3274 1702 ut
3314 1666 3420 1705 non
3467 1654 3639 1710 solum

2062 1732 2353 1801 apostolica
2380 1733 2700 1790 auctoritate
2735 1735 2929 1805 ﬁguras
2956 1747 3166 1795 nostras
3194 1741 3310 1798 illas
3337 1743 3499 1802 fuisse
3525 1762 3641 1803 cre-

2060 1825 2270 1892 damus,
2303 1829 2396 1882 sed
2423 1843 2522 1882 nec
2549 1828 2616 1884 ab
2642 1829 2768 1897 ipsis
2790 1829 3072 1900 Prophelis
3101 1833 3200 1890 hoc
3222 1839 3638 1905 praetermissum

2061 1934 2200 1984 esse,
2254 1928 2311 1974 ut
2352 1921 2511 1975 etiam
2551 1937 2736 1977 eorum
2781 1925 2989 1995 eloquio
3035 1926 3354 1996 pandente',
3402 1931 3642 1990 videntes

2058 2021 2217 2082 atque
2239 2013 2550 2082 gaudentes,
2583 2015 2713 2070 certi
2739 2031 2801 2072 ac
2838 2018 3044 2084 securi,
3085 2017 3153 2072 de
3195 2018 3439 2076 thesauro
3471 2022 3563 2078 Dei
3590 2034 3643 2080 et

2058 2121 2191 2160 nova
2223 2115 2277 2160 et
2316 2116 2494 2162 vetera
2534 2108 2867 2164 concorditer
2900 2109 3113 2164 sibimet
3150 2111 3472 2170 cohaerentia
3518 2133 3640 2185 pro-

2058 2195 2314 2252 feramus.
2343 2196 2476 2252 Cum
2506 2198 2649 2254 enim
2677 2206 2823 2255 tanto
2855 2208 2972 2268 post
2997 2215 3268 2270 egressum
3297 2205 3473 2274 populi
3500 2206 3640 2262 illius

2057 2304 2122 2347 ex
2145 2289 2393 2360 iEgypto,
2427 2296 2480 2344 et
2508 2298 2654 2346 tanto
2682 2301 2802 2346 ante
2830 2292 2926 2346 ista
2955 2293 3205 2348 Ecclesiae
3243 2304 3479 2364 tempora
3525 2297 3639 2356 lucc

2057 2397 2176 2453 quae
2201 2383 2652 2448 commemoravi,
2683 2385 2963 2449 cecinerit;
3009 2392 3183 2441 tamen
3213 2401 3272 2441 se
3301 2386 3472 2443 futura
3503 2404 3637 2458 prte-

2057 2473 2239 2529 dicere
2267 2474 2385 2530 sine
2413 2474 2520 2530 ulla
2549 2473 2878 2531 dubitatione
2909 2485 3150 2531 testatur.
3193 2477 3482 2532 Secundum
3508 2481 3633 2548 dies,

2058 2567 2258 2637 inquit,
2305 2566 2629 2637 profectionis
2651 2582 2825 2621 eorum
2862 2583 2925 2621 ea:
2964 2566 3220 2638 ﬁgi/pta,
3255 2571 3515 2624 ostendam
3545 2573 3636 2626 mi-

2057 2660 2237 2713 rabilia
2256 2657 2380 2714 illis.
2411 2657 2656 2712 Videbunt
2680 2659 2924 2721 nationes,
2949 2669 2994 2713 et
3015 2660 3399 2729 confundentur.
3427 2661 3537 2718 Hoc
3558 2673 3639 2718 est

2057 2752 2197 2822 quod
2221 2751 2306 2807 hic
2329 2751 2525 2807 dictum
2555 2760 2659 2819 εει,
2695 2751 2836 2806 Μαι-ε
2860 2752 2982 2805 uidit
3004 2793 3019 2817 ,
3050 2762 3093 2812 et
3125 2754 3252 2824 fugit
3274 2769 3292 2807 :
3312 2754 3354 2808 si
3385 2754 3525 2808 enim
3556 2755 3640 2810 hic

2058 2857 2156 2913 per
2181 2842 2340 2898 verba
2377 2842 2631 2913 prazteriti
2661 2842 2938 2912 temporis,
2969 2843 3106 2898 sicut
3131 2850 3231 2906 est,
3261 2843 3384 2896 vidit
3409 2852 3462 2898 et
3485 2845 3637 2915 fugit,

2058 2936 2266 2991 occulte
2296 2934 2471 2996 futura
2504 2933 2892 3005 praedicantur;
2933 2931 3178 2988 Videbunt
3230 2941 3376 2989 certe
3419 2943 3465 2988 et
3516 2952 3639 2990 con-

2058 3029 2368 3100 fundentur,
2400 3027 2612 3097 quando
2643 3026 2807 3082 futuri
2838 3027 3092 3096 temporis
3138 3026 3298 3082 verba
3338 3036 3492 3095 sunt,
3523 3028 3640 3098 quis

2058 3120 2252 3176 audeat
2289 3120 2356 3176 de
2397 3119 2555 3176 rebus
2591 3118 2872 3190 praeteritis
2900 3118 3167 3186 cogitare?
3207 3117 3276 3171 Et
3305 3118 3460 3186 paulo
3489 3128 3637 3188 post,

2059 3213 2204 3282 ipsos
2226 3213 2405 3267 hostes
2427 3220 2657 3276 nostros,
2680 3210 2770 3280 qui
2796 3224 2894 3264 nos
2921 3209 3178 3279 fugientes
3201 3217 3255 3263 ut
3275 3211 3642 3267 interimerent

2059 3304 2420 3375 sequebantur
2439 3345 2454 3371 ,
2495 3302 2548 3358 id
2573 3313 2654 3358 est
2677 3301 2865 3358 delicta
2898 3309 3101 3365 nostra,
3130 3301 3267 3356 sicut
3287 3301 3566 3373 Egyptios
3588 3303 3640 3358 in

2059 3398 2194 3454 mari
2220 3397 2455 3461 obrutos,
2491 3396 2562 3450 ita
2594 3395 2646 3450 in
2690 3394 2962 3464 Baptismo
3003 3395 3248 3449 demersa
3292 3405 3345 3450 ct
3381 3396 3641 3451 exstincta

2059 3491 2178 3547 luce
2205 3490 2403 3545 clarius
2433 3481 2695 3553 intimat,'
2719 3486 2902 3542 dicens
2927 3505 2938 3540 :
2970 3504 2989 3538 ι
3009 3485 3268 3553 Quoniam
3315 3487 3643 3544 voluntarius

2059 3595 2114 3641 et
2139 3584 2447 3639 misericors
2483 3588 2597 3649 est,
2640 3582 2755 3650 ipse
2782 3587 3062 3636 convertet
3091 3587 3144 3636 et
3172 3580 3509 3636 miserebitur
3548 3596 3645 3635 no-

2059 3679 2193 3743 stri;
2241 3677 2513 3746 demerget
2566 3673 2757 3729 delicta
2812 3681 3026 3738 nostra,
3081 3669 3356 3742 demerget
3390 3672 3444 3726 in
3482 3672 3644 3726 maris

2060 3769 2378 3843 profundum
2409 3782 2596 3823 omnes
2620 3767 2802 3836 culpas
2833 3774 3060 3820 nostras.
3087 3783 3106 3816 ι

2133 3865 2185 3920 5.
2219 3861 2355 3929 Quid
2384 3867 2485 3926 est,
2518 3857 2858 3914 charissimi?
2884 3854 2984 3923 Qui
3013 3870 3106 3910 vos
3135 3854 3450 3923 cognoscitis
3474 3851 3643 3907 Israc-

2061 3956 2180 4011 litas
2205 3951 2498 4008 secundum
2541 3963 2722 4004 semen
2756 3946 3013 4010 Abrahae,
3047 3945 3136 4014 qui
3175 3945 3301 3999 estis
3335 3943 3522 3998 domus
3550 3941 3642 4000 Ja-

2061 4049 2161 4104 cob
2208 4043 2498 4102 secundum
2555 4040 2964 4111 promissionem
3009 4037 3247 4100 licerech
3271 4079 3286 4105 ,
3341 4037 3645 4107 cognoscite

2062 4141 2222 4197 etiam
2247 4153 2343 4193 vos
2368 4136 2560 4192 exiisse
2588 4136 2655 4190 ab
2683 4130 2935 4204 Egypto,
2965 4132 3054 4200 qui
3081 4116 3204 4186 huic
3224 4131 3420 4186 saeculo
3441 4145 3640 4186 renun-

2063 4234 2266 4298 tiastis;
2316 4230 2509 4287 cxiisse
2533 4227 2602 4283 de
2647 4225 2848 4296 pepulo
2875 4223 3100 4282 barbaro
3123 4265 3138 4290 ,
3186 4223 3278 4293 qui
3310 4223 3645 4280 confessione

2064 4325 2273 4399 pietatis
2307 4336 2400 4376 vos
2431 4335 2462 4374 a
2488 4315 2836 4389 blasphemiis
2875 4315 3112 4386 gentium
3149 4313 3482 4384 sejunxistis.
3527 4313 3644 4370 Non

2065 4427 2148 4475 est
2172 4416 2313 4472 enim
2344 4414 2520 4484 lingua
2546 4418 2742 4473 vestra,
2776 4407 2870 4464 sed
2899 4407 3120 4463 barbara
3145 4448 3160 4473 ,
3193 4422 3312 4476 qua:
3343 4405 3508 4461 Deum
3533 4405 3647 4461 lau-

2065 4509 2194 4567 dare
2221 4523 2325 4564 non
2356 4506 2516 4569 novit,
2538 4502 2623 4558 cui
2651 4517 2742 4556 vos
2762 4500 2985 4556 cantatis
3004 4499 3250 4554 Alleluia.
3288 4516 3305 4549 ι
3338 4498 3495 4554 Facta
3517 4507 3599 4554 est
3622 4518 3641 4550 ι

2068 4605 2208 4662 enim
2258 4621 2275 4654 ι
2309 4600 2488 4657 Iudaea
2540 4596 2889 4653 sanctiﬁcatio
2937 4594 3051 4664 ejus
3085 4613 3104 4645 ι
3151 4593 3202 4648 in
3247 4593 3396 4648 vobis
3433 4611 3444 4644 :
3486 4611 3504 4644 (
3533 4591 3646 4646 Non

2068 4695 2209 4751 enim
2236 4693 2323 4764 qui
2352 4693 2402 4746 in
2429 4688 2710 4744 manifesto
2733 4686 2949 4742 Judaeus
2972 4694 3054 4741 est
3075 4726 3089 4751 ,
3130 4699 3299 4754 neque
3320 4700 3436 4753 quze
3459 4684 3510 4736 in
3536 4697 3648 4736 ma-

2069 4787 2262 4844 nifesto
2299 4785 2353 4839 in
2392 4798 2555 4838 carne
2588 4790 2672 4836 est
2709 4777 3074 4843 circumcisio;
3124 4775 3218 4831 sed
3243 4775 3332 4845 qui
3360 4775 3412 4829 in
3442 4774 3648 4830 occulto

2070 4879 2286 4938 Judzeus
2327 4885 2446 4943 est,
2487 4886 2541 4931 et
2586 4871 2990 4929 circumcisione
3033 4867 3209 4924 cordis
3251 4866 3426 4938 (Rom.
3460 4881 3527 4931 ιι,
3553 4863 3645 4928 28,

2068 4973 2186 5044 29).
2231 4971 2557 5038 lnterrogate
2581 4981 2707 5036 ergo
2737 4964 2899 5019 corda
2937 4968 3110 5016 vestra
3148 4976 3162 5012 :
3193 4958 3236 5012 si
3266 4973 3329 5013 ea
3367 4957 3648 5011 circumci-

2072 5066 2151 5122 dit
2174 5064 2340 5129 ﬁdes,
2371 5061 2417 5116 si
2440 5059 2680 5131 purgavit
2700 5054 2964 5112 confessio
2990 5068 3006 5114 ;
3037 5054 3088 5105 in
3119 5049 3270 5104 vobis
3297 5053 3431 5121 facta
3460 5056 3530 5102 est
3553 5046 3650 5100 Ju-

2074 5157 2185 5211 dwa
2236 5151 2570 5222 sanctiﬁcatio
2613 5150 2754 5221 ejus,
2801 5145 2852 5199 in
2897 5141 3044 5197 vobis
3070 5139 3236 5195 Israel
3263 5147 3478 5209 potestas
3520 5140 3652 5209 ejus.

2074 5247 2233 5305 Dedit
2270 5245 2415 5301 enim
2457 5241 2605 5297 vobis
2649 5245 2966 5308 potestatem
3005 5231 3144 5288 ﬁlios
3182 5226 3276 5287 Dei
3318 5229 3435 5287 fieri
3466 5228 3652 5302 (Joan.

2075 5339 2292 5412 1,12).

2149 5435 2202 5490 6.
2233 5432 2482 5489 Jainvero
2511 5423 2820 5482 recordetur
2849 5418 3207 5490 unusquisque
3235 5426 3501 5481 vestrum,
3535 5430 3652 5468 cum

2078 5528 2190 5583 Deo
2216 5525 2376 5580 vellet
2414 5535 2508 5576 cor
2532 5517 2800 5589 applicare
2825 5555 2838 5581 ,
2885 5513 3106 5584 ejusque
3131 5511 3280 5568 suavi
3316 5510 3443 5580 jugo
3462 5548 3478 5574 ,
3509 5521 3652 5560 rece-

2083 5619 2216 5676 dens
2241 5633 2270 5672 a
2298 5614 2535 5687 pristinis
2562 5607 2872 5682 ignorantiae
2902 5621 3010 5660 suae
3041 5602 3318 5660 desideriis
3341 5643 3356 5668 ,
3407 5601 3654 5654 devotum

2147 5756 2164 5788 ι
2202 5755 2275 5805 sic
2291 5751 2471 5816 aliquot
2495 5787 2509 5812 ,
2545 5758 2650 5816 Mss.
2685 5754 2742 5798 Αι
2775 5744 2910 5816 laid,
2934 5739 3308 5816 praetermissum
3331 5742 3416 5801 est,
3443 5742 3495 5788 ut
3515 5735 3656 5791 etiam

2086 5831 2251 5871 eorum
2271 5805 2456 5881 eloquio
2477 5805 2789 5881 panderetur.
2818 5805 3060 5870 Vident“,
3083 5810 3180 5856 etc.
