4188 6442
602 328 744 391 1479

604 449 840 506 animum
866 445 1133 511 subdere,
1175 430 1584 511 carnalibusque
1626 433 1787 507 hujus
1814 434 2000 492 mundi
2039 434 2192 490 factis

607 541 687 613 (In
715 539 906 612 quibus
930 538 1045 593 sine
1066 535 1239 591 fructu
1269 531 1542 588 laborabat
1566 572 1580 597 ,
1612 537 1864 600 tanquam
1886 529 1939 583 in
1966 526 2196 599 Egypto

608 633 804 689 lateres
828 631 927 687 sub
946 630 1077 685 dura
1107 626 1471 682 dominatione
1510 620 1708 677 diaboli
1735 620 1958 690 faceret)
1979 661 1993 685 ,
2020 618 2197 673 audita

610 739 743 779 voce
774 720 981 778 Domini
1010 718 1237 774 dicentis
1257 758 1272 785 ,
1313 716 1489 771 Venite
1507 715 1575 769 ad
1600 730 1679 768 me
1701 756 1715 780 ,
1744 728 1914 768 omnes
1939 712 2023 781 qui
2058 711 2200 766 labo-

612 816 738 870 ratis
764 823 810 869 et
847 812 1044 868 onerati
1085 811 1237 876 estis,
1289 819 1336 863 et
1362 824 1453 879 ego
1482 823 1568 861 uos
1608 806 1834 875 reﬁciam
1878 802 2087 876 (Matth.
2122 818 2195 871 χι,

612 910 705 981 28)
726 952 741 976 ,
780 909 1005 963 desertis
1034 914 1193 976 atque
1223 902 1449 974 abjectis
1475 903 1575 958 sub
1602 902 1771 957 levem
1794 899 1991 956 Christi
2030 898 2199 955 sarci-

612 1016 735 1056 nam
766 1014 985 1054 currere
1021 1016 1035 1051 :
1068 995 1384 1053 recordetur
1424 1009 1551 1065 ergo
1578 993 1940 1063 unusquisque
1964 1001 2199 1047 vestrum

610 1091 1061 1165 quemadmodum
1089 1090 1266 1145 omnia
1312 1088 1586 1144 saecularia
1615 1086 1993 1157 impedimenta
2020 1100 2199 1142 cesse-

612 1196 737 1242 runt
760 1227 776 1252 ,
807 1184 1227 1240 dissuadentium
1254 1183 1270 1213 ¹
1299 1196 1459 1237 voces
1486 1188 1576 1235 aut
1602 1194 1883 1249 erumpere
1926 1193 2031 1233 non
2059 1192 2201 1232 ausa:

616 1287 776 1342 sunt,
799 1285 891 1331 aut
915 1273 1256 1331 considerato
1281 1271 1479 1328 Christi
1510 1270 1727 1326 nomine
1757 1285 1853 1340 per
1878 1282 2063 1324 omnes
2091 1276 2201 1322 ter-

614 1385 705 1427 ras
733 1370 964 1425 exaltato
989 1376 1044 1423 et
1078 1367 1338 1421 honorato
1366 1363 1693 1421 tremefactae
1727 1362 2005 1417 siluerunt.
2037 1359 2200 1430 Ergo,

616 1462 766 1518 Mare
795 1462 916 1517 vidit
946 1470 992 1515 et
1031 1461 1161 1532 fugit
1188 1475 1206 1513 :
1236 1468 1293 1513 ut
1320 1458 1413 1513 tibi
1451 1458 1567 1513 sine
1594 1454 2019 1512 contradictione
2045 1451 2111 1508 ad
2134 1451 2197 1506 li-

613 1555 876 1611 bertatem
904 1552 1234 1623 spiritualem
1257 1548 1587 1621 panderetur
1610 1549 1715 1603 via.

683 1649 738 1703 7.
768 1647 1012 1703 Iordanis
1042 1654 1221 1700 autem
1262 1641 1720 1714 quemadmodum
1761 1651 2038 1695 retrorsum
2078 1654 2203 1692 con-

616 1757 786 1796 versus
810 1740 900 1806 sit,
942 1738 1067 1793 nolo
1096 1744 1247 1792 extra
1271 1749 1367 1789 vos
1396 1734 1670 1804 quaeratis,
1701 1731 1827 1787 nolo
1855 1729 2059 1800 aliquid
2079 1728 2205 1784 mali

618 1830 983 1903 suscpieemini.
1034 1828 1277 1897 Increpat
1322 1826 1463 1880 enim
1511 1824 1769 1879 Dominus
1815 1821 2073 1892 quosdam
2115 1818 2206 1890 qui

616 1927 834 1982 dorsum
857 1924 922 1979 ad
953 1938 1074 1978 eum
1104 1927 1428 1991 posuerunt,
1460 1926 1513 1972 et
1550 1932 1659 1971 non
1696 1916 1881 1970 faciem
1906 1912 2113 1987 (let-ent.
2147 1926 2201 1977 ιι,

616 2019 732 2090 27).
775 2018 841 2073 Et
875 2015 1112 2087 quisquis
1152 2011 1472 2083 principium
1519 2024 1671 2065 suum
1700 2007 1934 2073 deserit,
1968 2015 2020 2061 et
2049 2021 2079 2060 a
2110 2019 2207 2059 suo

616 2110 871 2167 Creatore
908 2107 1166 2162 avertitur
1189 2146 1204 2171 ,
1237 2112 1488 2172 tanquam
1515 2101 1706 2156 ﬂuvius
1734 2100 1783 2153 in
1816 2112 1985 2163 mare,
2015 2096 2208 2152 labitur

618 2204 673 2260 in
701 2202 860 2273 hujus
886 2198 1069 2256 surculi
1094 2195 1471 2252 amaricantem
1500 2192 1751 2247 malitiam
1780 2192 1821 2243 ².
1853 2190 2059 2243 Bonum
2081 2201 2208 2258 ergo

619 2304 704 2353 est
744 2294 818 2350 illi
857 2302 914 2353 ut
959 2299 1251 2347 retrorsum
1301 2294 1675 2353 convertatur,
1724 2284 1921 2352 liatque
1951 2281 2024 2335 illi
2064 2280 2206 2335 Deus

616 2396 743 2443 ante
790 2384 980 2441 faciem
1023 2380 1307 2444 redeunti,
1354 2391 1512 2447 quem
1547 2376 1647 2431 sibi
1674 2389 1703 2429 a
1744 2384 1891 2443 tergo
1923 2380 2204 2442 posuerat;

618 2488 673 2534 et
703 2478 794 2532 ﬁat
838 2475 912 2530 illi
957 2482 1104 2529 retro
1156 2485 1307 2525 mare
1334 2468 1494 2539 hujus
1524 2466 1739 2531 saeculi,
1789 2463 1932 2535 quod
1957 2463 2057 2518 sibi
2087 2470 2209 2518 ante

616 2568 838 2633 faciem,
868 2580 989 2619 cum
1016 2563 1139 2618 illuc
1164 2561 1434 2617 laberetur
1454 2601 1469 2626 ,
1501 2556 1785 2621 ell‘ecerat;
1842 2566 1895 2610 et
1919 2556 1996 2609 sic
2020 2553 2208 2608 oblivi-

624 2670 805 2716 SCﬂllll‘
825 2672 886 2713 03
906 2671 1024 2726 qua:
1050 2663 1194 2710 l‘Cll‘O
1214 2662 1358 2719 Slllll,
1379 2650 1504 2705 utin
1518 2664 1581 2705 ea
1604 2663 1722 2719 ([083
1738 2655 1859 2701 ante
1877 2656 1999 2701 sunt
2026 2653 2209 2700 exten-

623 2753 778 2808 datur
803 2748 1063 2821 (Philipp.
1088 2763 1165 2812 ιιι,
1197 2746 1286 2810 15)
1318 2761 1332 2798 :
1361 2742 1501 2813 quod
1525 2740 1633 2811 jam
1662 2751 1921 2795 converso
1951 2736 2077 2791 utile
2104 2744 2206 2791 est.

620 2843 858 2913 Namque
888 2848 1169 2907 antequam
1194 2840 1537 2891 convertatur
1558 2871 1573 2897 ,
1607 2830 1651 2885 si
1678 2844 1740 2885 ea
1766 2844 1883 2899 quae
1914 2835 2059 2883 retro
2088 2834 2210 2881 sunt

622 2931 951 2991 obliviscitur
979 2971 992 2995 ,
1021 2929 1186 2984 Deum
1210 2924 1579 2989 obliviscitur;
1611 2922 1733 2992 quia
1760 2921 1932 2991 ipsum
1963 2929 2107 2975 retro
2131 2917 2210 2974 fe-

622 3034 770 3085 cerat
796 3067 809 3092 ,
856 3023 923 3079 ad
971 3035 1128 3092 quem
1175 3017 1392 3073 dorsum
1435 3022 1683 3087 posuerat
1713 3031 1725 3067 :
1755 3014 1879 3068 etsi
1922 3014 1974 3067 in
2001 3027 2061 3068 ea
2091 3027 2210 3082 qua:

622 3128 747 3176 ante
785 3126 909 3173 sunt
950 3111 1288 3175 extenditur,
1330 3109 1382 3163 in
1412 3107 1665 3163 saeculum
1700 3104 2040 3170 extenditur;
2087 3103 2209 3175 quia

623 3215 795 3286 ipsum
835 3210 934 3266 sibi
966 3216 1087 3263 ante
1114 3205 1301 3260 faciem
1345 3210 1631 3274 posuerat,
1678 3214 1785 3271 quo
1826 3198 2008 3254 avidus
2036 3198 2209 3255 irrue-

621 3307 731 3363 bat.
763 3300 1009 3359 Jordanis
1032 3312 1161 3369 ergo
1187 3296 1307 3351 illos
1336 3291 1634 3365 signiﬁcat,
1662 3290 1754 3362 qui
1781 3291 2003 3361 gratiam
2027 3289 2208 3359 Bapti-

622 3397 722 3453 smi
751 3398 1139 3465 perceperunt;
1187 3394 1241 3443 et
1269 3386 1343 3442 sic
1369 3384 1617 3441 Jordanis
1645 3383 1972 3439 convertitur
2011 3391 2211 3437 retror-

624 3504 776 3552 sum,
813 3502 932 3542 eum
978 3484 1055 3539 illi
1089 3487 1471 3539 convertuntur
1501 3477 1567 3532 ad
1596 3477 1762 3531 Deum
1784 3517 1798 3544 ,
1844 3484 1902 3530 ut
1940 3489 2060 3530 eum
2100 3472 2209 3543 jam

622 3591 773 3639 retro
798 3594 904 3635 non
934 3577 1186 3639 habeant,
1214 3574 1306 3629 sed
1337 3570 1569 3627 revelata
1594 3568 1729 3624 facie
1753 3568 1975 3640 gloriam
2000 3566 2209 3621 Domini

622 3673 995 3749 speculantes,
1047 3670 1100 3723 in
1152 3664 1395 3722 eamdem
1438 3661 1721 3732 imaginem
1770 3658 2211 3716 transformentur

622 3785 653 3826 a
679 3766 843 3840 gloria
874 3765 927 3819 in
953 3760 1175 3835 gloriam
1203 3755 1271 3829 (ll
1295 3754 1413 3811 Cor.
1442 3770 1496 3809 ιιι
1520 3796 1535 3821 ,
1566 3752 1677 3824 l8).

693 3862 746 3919 8.
778 3859 976 3915 Montes
1000 3853 1271 3926 gestierunt
1305 3848 1439 3903 velut
1474 3845 1651 3900 arietes
1679 3859 1697 3898 .'
1724 3841 1905 3898 ﬁdeles
1927 3840 2208 3913 dispensa-

622 3967 773 4014 tores
794 3951 945 4009 verbi
974 3944 1213 4003 veritatis
1239 3940 1410 3999 sancti
1436 3936 1673 4011 Apostoli
1693 3977 1709 4005 ,
1737 3933 1906 3990 sancti
1936 3934 2209 4005 Evangelii

624 4046 1026 4123 praedicatores.
1054 4036 1119 4092 Et
1141 4036 1291 4091 colles
1320 4033 1454 4089 velut
1482 4030 1601 4102 agni
1628 4028 1815 4084 ovium.
1846 4024 1911 4081 Hi
1941 4033 2065 4081 sunt
2088 4025 2208 4096 qui-

620 4116 725 4196 bus
748 4136 975 4200 dicitur,
1018 4128 1084 4184 In
1111 4127 1307 4183 Christo
1344 4121 1470 4178 Jesu
1514 4136 1600 4192 per
1642 4116 1971 4189 Evangelium
2009 4131 2098 4187 ego
2126 4130 2210 4169 vos

624 4231 775 4306 genui
804 4244 821 4283 :
850 4226 905 4281 lii
931 4232 1057 4279 sunt
1084 4219 1274 4291 quibus
1299 4214 1516 4280 dicitur,
1551 4210 1673 4265 Non
1694 4218 1748 4263 ut
1771 4206 2081 4278 confundam
2102 4220 2206 4273 vos,

628 4296 735 4379 haec
761 4316 943 4381 scribo,
976 4312 1063 4368 sed
1088 4318 1143 4365 ut
1164 4309 1296 4379 ﬁlios
1324 4321 1457 4359 meos
1476 4302 1794 4357 charissimos
1822 4314 1997 4352 moneo
2018 4296 2058 4369 (1
2089 4296 2208 4353 Cor.

624 4430 677 4474 1v
699 4456 712 4479 ,
742 4410 842 4476 15,
877 4405 965 4477 li)
999 4423 1011 4458 :
1050 4402 1104 4457 hi
1143 4408 1265 4456 sunt
1292 4397 1359 4453 de
1386 4394 1578 4465 quibus
1616 4392 1842 4457 dicitur,
1888 4387 2076 4479 Alferte
2103 4386 2210 4442 Do-

625 4478 762 4563 mino
807 4500 941 4572 ﬁlios
984 4496 1193 4551 arietum
1233 4487 1402 4563 (Psat.
1434 4500 1600 4539 xxvnt
1625 4526 1638 4551 ,
1669 4483 1747 4553 l).
1802 4478 2073 4535 Attendite
2115 4493 2210 4549 per

623 4614 810 4659 omnes
838 4606 1026 4656 terras,
1059 4588 1148 4661 qui
1176 4582 1343 4640 nosris
1368 4580 1469 4635 ista
1496 4576 1695 4642 mirari,
1723 4583 1775 4630 et
1798 4573 2026 4645 gaudere
2052 4582 2210 4643 atque

623 4702 841 4753 cantare
869 4684 1093 4743 Domino
1119 4680 1230 4735 Deo
1273 4682 1481 4737 vestro;
1533 4666 1787 4723 attendite
1829 4666 1927 4720 ista
1951 4663 2208 4735 compleri

621 4805 720 4863 per
746 4796 933 4842 omnes
958 4784 1165 4851 gentes,
1190 4784 1308 4842 qua:
1335 4776 1457 4821 ante
1486 4772 1593 4819 tam
1618 4761 1774 4833 longa
1803 4768 2041 4829 tempora
2071 4756 2207 4827 ﬁgu-

620 4862 735 4940 rate
758 4887 907 4950 geSIa
937 4881 1097 4942 atque
1122 4862 1371 4937 prmdicta
1401 4864 1543 4950 sunt.

691 4938 1107 5035 9.Vlnterrog—ate
1132 4966 1185 5014 et
1204 4955 1385 5019 dicite,
1420 4968 1437 5002 ι
1468 4945 1605 5018 Quid
1633 4951 1714 5002 est
1741 4942 1856 5009 tibi,
1882 4956 2047 5005 mare,
2067 4938 2207 5011 quod

621 5064 839 5136 fugisti;
889 5067 941 5114 et
982 5064 1039 5109 tu
1063 5095 1078 5120 ,
1110 5045 1356 5106 Jordanis
1377 5084 1392 5109 ,
1437 5039 1562 5112 quia
1588 5049 1879 5093 conversus
1907 5048 1965 5089 es
2004 5040 2206 5088 retror-

620 5127 784 5215 sum?
825 5158 1053 5215 montes,
1081 5145 1204 5216 quia
1232 5137 1486 5213 gestiistis
1508 5134 1652 5189 velut
1677 5130 1869 5185 arietes
1893 5144 1907 5194 ;
1939 5137 1993 5183 et
2020 5127 2203 5193 colles,

622 5251 761 5305 sicut
796 5243 915 5314 agni
945 5235 1161 5295 ovium?
1197 5253 1215 5287 ι
1268 5229 1406 5299 Quid
1433 5235 1543 5291 est,
1575 5239 1608 5280 ο
1634 5220 1883 5278 saeculum
1905 5259 1919 5283 ,
1948 5218 2089 5288 quod
2116 5224 2204 5271 tua

623 5309 1001 5409 impedimenta
1049 5323 1360 5385 cesserunt?
1404 5317 1528 5392 quid
1555 5326 1674 5381 est,
1722 5328 1753 5368 ο
1783 5318 1859 5367 tot
1887 5309 2049 5365 millia
2094 5317 2205 5409 toto

620 5399 752 5489 orbe
781 5423 1016 5484 fidelium
1042 5463 1055 5486 ,
1098 5418 1222 5473 huic
1249 5411 1447 5470 mundo
1478 5404 1893 5465 renuntiantium
1914 5442 1929 5469 ,
1970 5399 2111 5471 quod
2137 5399 2204 5455 ad

619 5535 857 5585 vestrum
885 5515 1168 5575 Dominum
1197 5501 1609 5567 convertimini?
1637 5497 1773 5568 Quid
1794 5505 1876 5553 est
1900 5494 2043 5566 quod
2072 5509 2203 5566 gau-

679 5665 697 5698 ι
723 5668 797 5711 ετ,
820 5664 873 5709 ει
893 5663 1023 5713 ιον,,
1046 5642 1379 5713 dissidentium
1413 5647 1457 5692 et
1482 5632 2085 5713 dissuadentium_t‘ocg.___
2095 5638 2201 5713 im“.

614 5693 877 5780 omittat,
896 5693 1295 5770 Frigiditatem;
1330 5712 1435 5755 Mss.
1463 5714 1581 5753 vero
1604 5713 1701 5749 non
1720 5698 1943 5759 habent,
1969 5693 2205 5752 dissiden.

612 5793 855 5900 “laniﬁca
874 5851 1002 5905 ttss.,
1022 5834 1361 5891 amaricanlem
1388 5824 1624 5881 lwtitt'am.

1809 314 1866 373 S.
1907 310 2276 375 AUGUSTINI
2314 311 2619 376 EPISCOPI

2303 434 2471 499 detis,
2499 437 2766 507 quibusin
2792 436 2896 493 fine
2924 437 3131 496 dicetur
3164 455 3177 496 :
3212 435 3388 513 Euge,
3416 442 3543 500 bone
3561 461 3725 515 serue,
3753 465 3868 520 quo.

2301 529 2440 583 niam
2467 530 2520 584 in
2550 532 2725 601 paucis
2756 532 2923 601 ﬁdelis
2945 533 3107 605 fuisti,
3130 552 3288 606 supra
3305 537 3462 592 multa
3482 549 3529 594 te
3551 542 3868 599 constituant?

2303 618 2429 689 quid
2460 628 2543 676 est
2573 621 2713 690 quod
2744 622 3018 693 gaudetis,
3070 625 3264 696 quibus
3297 627 3349 682 in
3378 627 3479 685 line
3506 630 3746 687 dicetur:
3782 632 3870 689 Ve-

2305 713 2424 779 nite,
2460 713 2702 768 benedicti
2731 712 2907 771 Patris
2942 718 3070 785 mei,
3102 720 3345 789 percipite
3370 737 3577 793 regnum
3601 724 3730 794 quod
3752 724 3873 783 vobis

2307 815 2540 875 paratum
2561 815 2632 861 est
2661 807 2724 860 ab
2750 808 2943 879 origine
2966 810 3141 864 mundi
3173 810 3381 883 (Matth.
3413 828 3542 880 xxv,
3574 813 3666 881 21,
3693 815 3813 886 34)?

2380 897 2465 953 10.
2496 896 2646 971 [υενε.
2671 897 2748 972 7.]
2779 900 3195 971 Respondebant
3219 903 3371 959 vobis
3396 903 3507 960 hrec
3534 906 3733 974 omnia,
3761 923 3875 965 vos-

2307 1005 2410 1060 que
2451 989 2550 1060 ipsi
2595 991 2986 1062 respondebitis
3028 993 3175 1050 vobis
3207 1011 3220 1048 :
3248 994 3293 1048 A
3333 996 3463 1066 facie
3510 995 3716 1051 Domini
3757 1015 3878 1054 com-

2307 1091 2445 1134 mota
2482 1090 2555 1136 est
2589 1090 2723 1135 terra
2747 1124 2761 1149 ,
2803 1099 2835 1137 a
2875 1085 3002 1155 facie
3028 1083 3124 1139 Dei
3162 1084 3342 1140 Jacob.
3389 1085 3526 1155 Quid
3565 1097 3676 1156 est,
3708 1106 3739 1143 a
3763 1092 3879 1162 {acie

2310 1171 2549 1241 Domini;
2603 1175 2705 1231 nisi
2742 1175 2857 1245 ejus
2884 1178 3167 1246 praesentia
3202 1179 3289 1248 qui
3325 1178 3459 1233 dixit
3489 1198 3500 1234 :
3537 1178 3670 1235 Ecce
3694 1198 3780 1252 ego
3802 1199 3876 1237 ro-

2309 1265 2497 1319 biscum
2549 1284 2662 1322 sum
2707 1284 2865 1338 usque
2903 1269 2956 1323 in
3011 1272 3491 1325 consummationem
3542 1272 3717 1327 sazculi
3764 1272 3877 1345 (Id.

2310 1374 2498 1425 xxvnt,
2527 1357 2674 1433 20)?
2700 1358 2976 1417 Commota
3005 1371 3087 1418 est
3113 1363 3255 1418 enim
3283 1372 3424 1420 terra
3451 1380 3466 1429 ;
3490 1365 3588 1420 sed
3616 1364 3735 1436 quia
3761 1367 3881 1423 male

2309 1451 2456 1521 pigra
2487 1463 2851 1522 remanserat,
2881 1466 3148 1511 commota
3170 1466 3251 1512 est
3272 1497 3287 1523 ,
3318 1465 3377 1512 ut
3405 1457 3631 1513 solidius
3660 1458 3881 1517 ﬁrmare-

2312 1551 2398 1598 tur
2421 1558 2451 1598 a
2480 1542 2616 1599 facie
2646 1545 2879 1601 Domini.

2384 1636 2471 1694 11.
2502 1636 2651 1709 [vers.
2681 1636 2760 1711 8.]
2796 1639 2897 1706 Qui
2938 1641 3180 1695 convertit
3218 1650 3413 1711 petram
3441 1642 3497 1696 in
3523 1651 3704 1715 stagna
3740 1660 3881 1718 aqua-

2310 1743 2454 1794 rum,
2500 1736 2547 1782 et
2573 1745 2749 1799 rupem
2776 1729 2829 1783 in
2875 1734 3037 1802 fontes
3065 1748 3331 1803 aquarum.
3383 1733 3636 1804 Seipsum
3674 1740 3805 1792 enim
3839 1748 3885 1794 et

2311 1818 2595 1891 quamdam
2620 1835 2769 1877 suam
2799 1821 3049 1879 duritiam
3073 1823 3340 1893 liquel‘ecit
3365 1824 3430 1879 ad
3458 1826 3757 1897 irrigandos
3774 1827 3881 1884 lide-

2312 1913 2391 1969 les
2415 1929 2541 1970 suos
2563 1956 2578 1982 ,
2610 1923 2667 1969 ut
2694 1916 2844 1970 lieret
2874 1915 2926 1970 in
2953 1916 3035 1971 eis
3062 1915 3183 1972 fons
3208 1932 3361 1987 aqua:
3389 1917 3640 1974 salientis
3668 1920 3719 1975 in
3743 1922 3882 1977 vitam

2313 2015 2564 2095 :etcrnam
2594 2007 2773 2078 (Joan.
2806 2025 2879 2077 iv,
2909 2009 2999 2081 14)
3026 2027 3039 2075 ;
3068 2011 3188 2081 quia
3213 2011 3379 2081 prius,
3402 2026 3529 2067 eum
3553 2012 3881 2084 ignoraretur,

2313 2100 2478 2156 durus
2503 2100 2801 2157 videbatur.
2833 2102 2960 2157 Inde
2985 2102 3059 2157 illi
3092 2102 3285 2158 turbati
3309 2112 3457 2174 sunt,
3489 2114 3545 2161 et
3572 2121 3675 2161 non
3705 2122 3877 2178 exspe-

2314 2202 2589 2247 ctaverunt
2635 2192 2806 2248 donec
2854 2192 3145 2264 Scripturis
3196 2195 3395 2266 apertis
3448 2196 3701 2253 inﬂueret
3745 2208 3883 2268 atque

2312 2284 2598 2341 inundaret
2620 2285 2672 2340 in
2701 2301 2824 2351 eos,
2866 2287 2956 2357 qui
2998 2286 3282 2355 dixerunt,
3325 2288 3507 2345 Durus
3527 2300 3600 2344 est
3620 2292 3699 2345 hic
3722 2308 3880 2360 sermo,

2311 2376 2423 2447 quis
2452 2385 2612 2441 potest
2656 2394 2768 2432 eum
2813 2378 2991 2432 audire
3030 2376 3139 2448 (Id.
3163 2394 3215 2432 vt
3239 2419 3253 2445 ,
3281 2377 3418 2449 6|)?
3468 2378 3575 2436 Ista
3606 2389 3775 2450 petra,
3800 2381 3881 2437 ista

2313 2466 2507 2524 duritia
2539 2483 2792 2525 conversa
2820 2478 2903 2526 est
2928 2471 2979 2524 in
3009 2483 3192 2541 Stagna
3218 2485 3483 2542 aquarum
3511 2513 3526 2539 ,
3557 2481 3611 2527 et
3630 2472 3722 2527 ista
3747 2488 3879 2544 rupes

2312 2560 2367 2616 in
2410 2561 2585 2619 fontes
2613 2577 2871 2633 aquarum
2893 2605 2907 2631 ,
2941 2578 3063 2619 cum
3103 2578 3384 2636 resurgens
3404 2567 3660 2637 exposuit
3686 2568 3788 2633 eis,
3814 2566 3880 2621 in-

2313 2655 2516 2745 cipiens
2537 2671 2566 2710 a
2595 2654 2775 2727 Moyse
2795 2670 2891 2727 per
2915 2671 3101 2712 onmes
3127 2656 3426 2727 Prophetas
3454 2701 3470 2727 ,
3500 2660 3624 2730 quia
3653 2660 3725 2716 sic
3748 2674 3877 2731 opor-

2314 2748 2459 2802 tebat
2506 2745 2776 2803 Christum
2824 2748 2929 2818 pati
2962 2747 3113 2819 (Luc.
3143 2764 3271 2804 xxxv
3295 2792 3311 2818 ,
3338 2749 3470 2806 26a
3497 2751 3625 2823 27);
3674 2762 3723 2809 et
3759 2754 3876 2811 misit

2312 2840 2565 2912 Spiritum
2588 2852 2850 2907 sanctum,
2881 2841 2947 2897 de
2975 2858 3082 2914 quo
3102 2842 3334 2914 dicebat,
3372 2844 3438 2900 Si
3465 2847 3580 2917 quis
3600 2848 3715 2917 sitit,
3740 2848 3874 2902 satiat

2313 2940 2360 2985 et
2386 2930 2519 2987 bibat
2548 2930 2727 3002 (Joan.
2756 2947 2851 2999 vn,
2882 2931 2996 3004 57).

2696 3084 2747 3121 IN
2785 3082 3030 3124 PSALIUII
3070 3084 3199 3126 CIIII
3237 3085 3513 3128 Αιτειιυιί.

2388 3209 2473 3263 12.
2509 3206 2658 3282 [vers.
2683 3207 2758 3281 1.]
2789 3207 2911 3263 Non
2939 3210 3101 3277 nobis,
3128 3209 3364 3279 Domine,
3394 3229 3503 3267 non
3520 3213 3677 3283 nobis,
3702 3213 3781 3268 sed
3796 3229 3871 3269 no-

2314 3302 2441 3357 mini
2472 3311 2558 3355 tuo
2588 3302 2655 3355 da
2693 3300 2929 3372 gloriam.
2976 3302 3157 3359 Gratia
3196 3305 3393 3375 quippe
3435 3306 3543 3362 ista
3582 3308 3872 3377 erumpentis

2313 3410 2464 3467 aqua:
2488 3395 2555 3451 de
2584 3404 2733 3465 petra
2761 3393 2926 3467 (petra
2946 3404 3113 3450 autent
3132 3406 3238 3450 erat
3260 3396 3497 3454 Christus
3520 3396 3560 3471 [Ι
3591 3398 3705 3457 Cor.
3724 3415 3771 3463 x,
3787 3398 3868 3471 4]).

2314 3504 2420 3546 non
2458 3490 2609 3560 quasi
2638 3489 2891 3561 operibus
2916 3489 3340 3560 praecedentibus
3361 3491 3489 3548 data
3528 3504 3625 3562 est,
3670 3494 3755 3550 sed
3792 3494 3871 3548 mi-

2315 3590 2527 3637 serante
2557 3581 2649 3637 illo
2674 3581 2767 3652 qui
2800 3580 3058 3650 justilicat
3084 3582 3303 3652 impium
3335 3582 3521 3655 (Rom.
3550 3601 3601 3639 xv
3622 3627 3636 3651 ,
3676 3585 3748 3656 5).
3792 3582 3869 3638 Et-

2314 3675 2455 3731 enim
2481 3673 2725 3730 Christus
2751 3689 2851 3745 pro
2880 3674 3056 3744 impiis
3078 3683 3321 3730 mortuus
3346 3686 3425 3731 est
3458 3676 3573 3748 (Id.
3599 3693 3631 3732 v
3651 3719 3665 3743 ,
3697 3676 3776 3747 6),
3816 3690 3869 3730 ne

2315 3766 2473 3821 ullam
2517 3780 2666 3821 suam
2715 3766 3001 3831 homines,
3052 3766 3147 3823 sed
3195 3767 3428 3824 nominis
3474 3768 3569 3825 Dei
3608 3774 3868 3838 quaererem

2312 3858 2557 3929 gloriam.

2386 3953 2473 4008 1⁸5.
2504 3950 2653 4023 [uers.
2681 3950 2762 4024 2.]
2794 3950 2963 4023 Super
2984 3952 3328 4008 misericordia
3356 3960 3445 4007 tua
3466 3993 3483 4020 ,
3516 3942 3773 4025 inquit,“
3800 3966 3867 4006 se-

2314 4045 2461 4100 ritate
2501 4053 2609 4099 tua.
2642 4043 2768 4100 Haec
2793 4043 2921 4112 duo,
2948 4044 3370 4101 misericordiam
3396 4054 3456 4101 et
3484 4022 3767 4113 veritatem,
3792 4042 3867 4098 ad—

2314 4138 2503 4194 vertite
2529 4138 2582 4193 in
2625 4136 2825 4193 sanctis
2862 4136 3153 4207 Scripturis
3189 4152 3347 4209 quam
3378 4137 3486 4195 sibi
3508 4154 3650 4210 saepe
3672 4138 3865 4209 jungen-

2315 4245 2420 4291 tur.
2467 4233 2523 4288 In
2548 4247 2644 4289 sua
2670 4232 2868 4303 quippe
2889 4231 3254 4287 misericordia
3284 4233 3499 4289 vocavit
3528 4232 3729 4301 impios,
3754 4238 3800 4286 et
3820 4231 3862 4284 in

2313 4326 2536 4382 veritate
2567 4323 2772 4395 judicat
2796 4337 2890 4379 eos
2910 4322 3002 4393 qui
3030 4323 3202 4379 vocati
3231 4322 3416 4378 venire
3447 4323 3743 4379 noluerunt.
3772 4317 3861 4374 Ne-

2313 4415 2514 4488 quando
2538 4414 2706 4469 dicant
2741 4412 2923 4469 Gentes
2940 4454 2957 4481 ,
2990 4412 3087 4469 Ubi
3115 4422 3188 4469 est
3212 4411 3353 4468 Deus
3371 4414 3590 4469 eorum?
3634 4412 3686 4468 lu
3712 4409 3860 4467 novis-

2313 4508 2451 4564 simo
2489 4506 2632 4563 enim
2682 4505 2960 4576 apparebit
3007 4504 3369 4561 misericordia
3416 4506 3537 4576 ejus
3582 4513 3636 4562 et
3678 4502 3854 4565 veritas,

2312 4598 2524 4671 quando
2564 4598 2774 4669 signum
2818 4596 2939 4651 Filii
2983 4594 3216 4651 hominis
3249 4597 3530 4668 apparebit
3556 4598 3606 4653 in
3634 4595 3782 4657 C(elo,
3815 4597 3857 4644 et

2314 4700 2441 4749 tunc
2479 4691 2731 4762 plangent
2777 4703 2963 4745 omnes
3007 4688 3175 4744 tribus
3211 4696 3368 4744 teme
3390 4729 3406 4755 ,
3436 4703 3544 4745 nec
3568 4687 3749 4751 dicent,
3778 4679 3857 4737 Ubi

2312 4792 2383 4839 est
2410 4781 2545 4837 Deus
2571 4781 2781 4837 eorum?
2827 4794 2949 4836 cum
2989 4780 3069 4835 eis
3098 4794 3203 4834 non
3234 4777 3408 4834 adhuc
3433 4776 3719 4836 credendus
3739 4786 3854 4846 pra:-

2311 4873 2519 4930 dicatur
2537 4914 2553 4941 ,
2582 4870 2673 4927 sed
2699 4870 2811 4942 jam
2840 4868 3148 4926 tremendus
3173 4867 3494 4925 ostenditur.

2390 4968 2473 5023 14.
2509 4963 2659 5038 [vers.
2685 4962 2762 5036 5.]
2815 4962 2953 5019 Deus
2990 4973 3159 5018 autem
3202 4971 3370 5018 noster
3414 4962 3468 5017 in
3509 4960 3630 5017 cwlo
3664 4970 3851 5014 sursum.

2294 5059 2427 5115 ‘Non
2452 5057 2507 5113 in
2537 5056 2675 5112 coelo
2695 5096 2709 5122 ,
2756 5054 2843 5110 ubi
2871 5054 3039 5109 solem
3068 5062 3122 5109 et
3160 5054 3341 5109 lunam
3365 5052 3580 5118 vident,
3607 5062 3753 5120 Opera
3776 5043 3852 5099 Dei

2311 5167 2430 5224 qua:
2459 5150 2679 5215 colunt;
2726 5147 2820 5203 sed
2842 5148 2895 5201 in
2918 5148 3041 5202 creto
3066 5163 3302 5213 sursum,
3332 5145 3474 5219 quod
3513 5139 3851 5213 transgreditur

2312 5244 2490 5300 omnia
2529 5256 2753 5313 corpora
2787 5240 3023 5296 coelestia
3056 5246 3112 5295 et
3139 5238 3431 5295 terrestria.
3477 5236 3584 5293 Nec
3611 5235 3684 5290 sic
3704 5240 3775 5288 est
3806 5228 3849 5282 in

2311 5336 2452 5392 cmlo
2478 5335 2617 5389 Deus
2645 5341 2831 5388 noster
2854 5373 2868 5397 ,
2898 5331 3049 5403 quasi
3078 5330 3349 5387 subtracto
3374 5328 3508 5386 emlo
3535 5326 3726 5384 ruinam
3753 5321 3847 5374 sine

2311 5428 2438 5493 sede
2482 5424 2751 5482 formidet.
2803 5423 2870 5478 In
2898 5423 3034 5479 cretis
3060 5432 3103 5477 et
3125 5423 3177 5477 in
3206 5432 3341 5477 terra
3363 5421 3531 5477 omnia
3562 5420 3845 5489 quacum“

2311 5520 2465 5576 voluit
2494 5519 2629 5591 fecit.
2657 5515 2765 5572 Nec
2792 5514 2990 5586 indiget
3010 5515 3260 5585 operibus
3288 5514 3427 5580 suis,
3455 5522 3688 5581 tanquam
3707 5506 3753 5559 in
3778 5501 3842 5591 eis

2266 5608 2274 5617 ³
2309 5612 2635 5677 collocetur,
2666 5618 2725 5665 ut
2761 5615 3005 5674 maneat;
3050 5606 3143 5662 sed
3184 5607 3237 5662 in
3271 5620 3367 5662 sua
3400 5601 3679 5660 arternitate
3701 5601 3845 5667 perst-

2248 5724 2275 5759 .'
2309 5711 2422 5776 stit,
2450 5708 2507 5763 in
2535 5722 2638 5779 qua
2663 5720 2886 5761 manens
2909 5703 3086 5760 omnia
3112 5716 3457 5775 quaecumque
3482 5697 3643 5754 voluit
3666 5690 3777 5748 iecit
3795 5687 3842 5739 in

2319 5802 2469 5863 caelis
2498 5810 2549 5859 et
2577 5802 2629 5859 in
2656 5810 2796 5865 terra
2829 5817 2842 5855 :
2874 5812 3045 5871 neque
3068 5798 3209 5857 enim
3228 5796 3340 5871 jam
3360 5809 3499 5857 eum
3513 5782 3859 5866 portabant.“

4092 1822 4093 1859 l

4092 1938 4093 1971 l

4092 2046 4093 2069 ι

4092 2116 4093 2139 ι

4088 5412 4093 5494 ᾗ
