4188 6470
339 437 473 496 ιιει

341 555 408 608 ab
439 569 507 608 eo
533 553 645 608 ﬁeri
671 559 920 624 possent;
951 549 1182 622 quando,
1214 547 1314 603 nisi
1338 546 1544 610 ﬁerent,
1569 561 1687 600 enm
1711 551 1923 612 portare

338 659 448 698 non
480 651 722 712 possent.
773 641 912 712 Ergo
941 642 992 695 in
1016 641 1207 710 quibus
1234 648 1316 692 est
1342 637 1474 707 ipse,
1507 645 1754 704 tanquam
1783 629 1922 684 indi-

337 737 515 805 gentia
545 735 786 789 continet
811 775 824 798 ,
869 749 972 786 non
999 733 1066 787 ab
1093 732 1172 787 eis
1203 738 1450 800 tanquam
1483 727 1724 796 indigens
1751 722 1921 778 conti—

341 838 518 884 netur.
551 828 674 882 Sive
701 827 776 880 sic
806 825 1128 894 intelligatur
1149 864 1162 886 ,
1194 822 1258 875 In
1287 820 1422 876 είειὶε
1445 828 1490 873 et
1516 819 1566 872 in
1598 828 1730 871 terra
1752 815 1922 869 omnia

336 934 663 987 quacumque
687 917 839 971 voluit
860 917 1010 987 fecit,
1042 915 1122 968 vel
1147 915 1196 968 in
1222 911 1608 982 superioribus,
1649 908 1728 962 vel
1761 908 1811 961 itt
1843 907 1917 960 in-

337 1009 625 1066 ferioribus
650 1008 828 1079 populi
872 1007 953 1062 sui
997 1006 1344 1060 voluntariam
1371 1003 1589 1072 gratiant
1613 1014 1760 1054 suam
1789 1012 1918 1051 con-

335 1103 541 1167 stituit,
591 1116 659 1154 ne
702 1100 824 1169 quis
863 1098 929 1152 de
957 1112 1176 1166 operum
1221 1093 1424 1148 meritis
1471 1091 1765 1158 glorietur:
1797 1087 1917 1156 quia

335 1195 448 1248 sive
488 1199 699 1246 montes
737 1190 966 1259 gestiant
1005 1187 1142 1241 velut
1172 1186 1397 1248 arietes,
1429 1183 1543 1236 sive
1581 1180 1747 1235 eolles
1775 1178 1920 1232 velut

334 1285 455 1355 agni
494 1284 710 1347 ovium;
751 1297 778 1334 a
807 1281 938 1336 facie
971 1279 1175 1334 Domini
1215 1284 1477 1332 commota
1507 1283 1588 1327 est
1627 1284 1764 1327 terra
1791 1313 1803 1335 ,
1851 1285 1918 1324 ne

335 1376 386 1429 in
410 1375 638 1430 terrenis
661 1373 904 1428 sordibus
924 1379 1178 1443 perpetuo
1208 1375 1558 1424 remanerent.

1001 1519 1172 1561 SERID
1210 1519 1266 1557 ll.

796 1617 874 1674 De
897 1619 1056 1673 altera
1085 1627 1226 1687 parte
1255 1613 1465 1669 Psalmi.

406 1735 456 1790 ι.
498 1731 652 1806 iners.
681 1730 762 1806 4.]
791 1732 1103 1801 Quanquam
1150 1728 1375 1784 fortasse
1409 1725 1643 1780 onmium
1673 1722 1911 1777 l'salmo-

339 1845 449 1884 rum
477 1829 549 1884 sit
577 1842 678 1881 una
724 1826 991 1882 contextio
1021 1823 1301 1894 diligenter
1343 1819 1698 1883 intuentibus,
1748 1815 1817 1869 ita
1858 1824 1914 1867 ut

332 1922 508 1976 nullus
539 1927 796 1990 sequatur
823 1918 910 1988 qui
937 1932 1040 1972 non
1068 1913 1330 1986 superiori
1358 1911 1521 1982 possit
1553 1909 1762 1980 adjungi
1788 1926 1802 1973 ;
1835 1919 1912 1961 ta-

329 2030 451 2068 men
479 2015 641 2068 istum
677 2013 746 2066 ita
785 2010 1209 2072 consideremus,
1245 2017 1491 2074 tanquam
1529 2013 1750 2074 uterque
1779 2014 1912 2054 unus

325 2108 431 2170 sit,
465 2108 567 2161 iste
594 2104 794 2159 scilicet
817 2118 880 2158 ac
913 2102 1173 2172 superior.
1227 2098 1462 2168 Namque
1489 2111 1608 2150 eum
1636 2095 1687 2148 in
1717 2093 1805 2147 illo
1831 2092 1911 2145 di.

326 2206 475 2251 etum
507 2196 596 2262 sit,
629 2195 774 2249 «Non
799 2192 972 2260 nobis,
997 2192 1238 2256 Domine,
1266 2204 1370 2244 non
1402 2187 1573 2248 nobis,
1597 2184 1691 2240 sed
1711 2183 1908 2238 nomini

327 2299 420 2343 tuo
447 2289 515 2343 da
561 2287 783 2358 gloriam
819 2304 834 2340 :
865 2299 1026 2355 super
1066 2281 1432 2338 misericordia
1477 2290 1563 2333 tua
1604 2287 1657 2334 et
1687 2276 1910 2332 veritate

327 2392 414 2437 tua
447 2401 462 2438 :
492 2379 773 2451 nequando
794 2379 972 2434 dicant
996 2378 1213 2444 Gentes,
1245 2375 1346 2433 Ubi
1371 2384 1451 2429 est
1474 2374 1612 2428 Deus
1636 2372 1855 2429 eorum?
1885 2393 1903 2424 ι

325 2474 446 2542 quia
479 2471 798 2528 invisibilem
840 2471 1002 2525 Deum
1025 2469 1247 2524 colimus
1271 2509 1285 2533 ,
1317 2466 1403 2536 qui
1431 2465 1692 2520 nullorum
1721 2478 1910 2532 corpo-

328 2565 432 2619 reis
457 2563 661 2624 oculis,
705 2561 952 2618 cordibus
989 2569 1164 2614 autem
1213 2573 1500 2628 paucorum
1548 2555 1908 2610 mundissimis

329 2666 483 2710 notus
511 2665 592 2709 est
621 2673 633 2707 :
667 2665 912 2724 tanquam
942 2653 1060 2706 ideo
1093 2652 1297 2720 possint
1324 2649 1503 2704 dicere
1534 2648 1730 2702 Gentes
1757 2687 1774 2711 ,
1811 2645 1909 2700 Ubi

329 2761 397 2802 est
440 2747 576 2801 Deus
604 2747 818 2799 eorum?
862 2745 980 2813 quia
1012 2743 1108 2812 ipsi
1155 2749 1376 2811 possunt
1419 2737 1700 2791 ostendere
1739 2737 1907 2791 oculis

328 2840 458 2892 deus
481 2852 610 2891 suos
635 2854 648 2900 ;
695 2836 864 2905 priuto
889 2833 1164 2888 admonuit
1189 2832 1438 2900 operibus
1464 2829 1646 2885 sentiri
1674 2843 1909 2899 praesen-

332 2930 454 2982 tiam
490 2928 581 2982 Dei
613 2926 799 2992 nostri,
827 2925 947 2995 quia
978 2939 1096 2978 cum
1123 2923 1191 2978 sit
1219 2923 1269 2975 in
1295 2922 1416 2975 malo
1443 2937 1676 2985 sursum,
1707 2919 1760 2972 in
1783 2920 1909 2973 caelo

330 3030 373 3074 et
401 3021 452 3073 in
485 3029 618 3072 terra
643 3018 812 3071 omnia
841 3032 1164 3089 quwcumque
1189 3013 1343 3067 voluit
1372 3013 1506 3083 fecit.
1557 3012 1623 3066 Et
1653 3013 1798 3081 quasi
1828 3012 1909 3066 di-

329 3121 493 3174 ceret,
522 3109 1027 3165 OstendantGentes
1042 3107 1172 3162 deos
1191 3121 1345 3170 suos;
1379 3103 1688 3170 Sinmlucra,
1717 3104 1905 3174 inquit,

328 3200 565 3254 Gentium
593 3209 852 3268 argentum
877 3208 923 3251 et
944 3214 1145 3260 aurum,
1169 3213 1322 3265 opera
1345 3212 1586 3248 manuum
1612 3196 1866 3248 hominum
1890 3209 1908 3248 :

330 3292 379 3344 id
413 3300 493 3346 est
512 3331 529 3355 ,
567 3289 810 3359 quamvis
839 3289 1002 3342 Deum
1034 3297 1270 3341 nostrum
1295 3286 1596 3340 carnalibus
1623 3285 1793 3339 oculis
1821 3301 1908 3338 vn-

329 3384 454 3438 stris
483 3398 588 3436 non
623 3381 887 3450 possimus
911 3379 1196 3434 ostendere
1217 3419 1232 3442 ,
1262 3394 1424 3447 quem
1454 3394 1546 3446 per
1572 3393 1729 3445 opera
1758 3377 1910 3431 intel-

327 3477 496 3544 ligere
517 3473 813 3538 debuistis;
843 3472 1005 3526 nolite
1039 3481 1214 3525 tamen
1249 3468 1430 3524 seduci
1471 3468 1789 3523 vanitatibus
1823 3484 1910 3523 ve-

328 3569 488 3631 stris,
533 3565 652 3636 qnia
693 3578 786 3618 vos
830 3578 888 3615 ea
926 3577 1042 3632 qum
1070 3559 1242 3615 colitis
1269 3559 1433 3628 digito
1474 3558 1692 3628 potestis
1730 3568 1910 3612 osten-

328 3660 476 3712 dere.
537 3656 698 3710 Mnlto
745 3655 937 3723 quippe
983 3653 1260 3706 honestius
1309 3667 1413 3705 non
1461 3650 1728 3705 haberetis
1768 3651 1906 3717 quod

330 3752 561 3820 possetis
587 3747 869 3802 ostendere
891 3789 905 3812 ,
947 3761 1103 3817 quam
1132 3756 1186 3799 ut
1213 3745 1262 3798 in
1294 3760 1357 3800 eo
1384 3743 1523 3815 quod
1554 3743 1666 3799 istis
1687 3744 1855 3799 oculis
1879 3760 1908 3798 a

329 3842 482 3896 vobis
528 3840 822 3894 ostenditur
846 3880 862 3904 ,
914 3838 1076 3892 vestri
1117 3836 1294 3891 cordis
1320 3836 1530 3891 ea‘citas
1555 3835 1865 3890 ostendatur
1892 3853 1905 3890 :

326 3932 454 4001 quid
482 3932 624 3985 enim
667 3929 946 3983 ostenditis
970 3970 986 3994 ,
1033 3927 1134 3981 nisi
1168 3942 1354 3981 aurum
1385 3938 1437 3981 et
1463 3925 1772 3996 argentum?
1804 3926 1907 3979 lla-

329 4024 456 4078 bent
485 4021 698 4092 quidem
726 4032 780 4075 et
806 4036 943 4075 aerea
967 4061 983 4085 ,
1011 4029 1063 4072 et
1085 4019 1254 4089 lignea
1277 4060 1291 4086 ,
1318 4027 1370 4072 et
1396 4017 1570 4072 ﬁctilia
1603 4015 1904 4080 simulacra,

331 4126 386 4167 et
407 4113 770 4182 hujuscemodi
794 4112 1008 4165 alterius
1036 4111 1364 4178 alteriusque
1384 4108 1618 4162 materia:
1642 4125 1656 4171 ;
1682 4107 1773 4161 sed
1795 4123 1912 4176 pre-

330 4208 527 4261 tiosnm
558 4220 743 4261 eorum
768 4204 1389 4258 maluitcommemorare
1419 4200 1648 4269 Spiritus
1674 4208 1908 4263 sanctus,

327 4299 449 4367 quia
481 4314 604 4352 cum
635 4297 687 4351 in
715 4312 778 4352 eo
803 4296 1027 4366 quisque
1049 4293 1188 4364 quod
1226 4293 1298 4347 illi
1339 4291 1550 4347 cltarius
1584 4299 1668 4346 est
1686 4291 1915 4345 erubue-

329 4391 432 4454 rit,
486 4388 652 4442 multo
682 4387 885 4441 facilius
928 4386 1182 4441 avertitur
1205 4399 1235 4439 a
1263 4383 1604 4438 veneratione
1640 4383 1907 4436 vitiorum.

330 4479 464 4535 Nam
493 4479 690 4534 dictum
720 4487 801 4532 est
831 4479 936 4532 alio
957 4476 1078 4532 loco
1102 4475 1492 4546 Scripturarum
1514 4474 1581 4529 de
1602 4475 1912 4529 simulacro-

331 4592 447 4630 rum
475 4573 767 4628 cultoribus
797 4591 810 4626 :
842 4572 1070 4626 Dicentes
1113 4571 1249 4640 ligno
1269 4613 1283 4634 ,
1317 4569 1475 4623 Pater
1494 4585 1632 4624 meus
1667 4586 1718 4623 es
1749 4579 1800 4622 tu
1823 4583 1842 4632 ;
1868 4579 1913 4621 et

331 4667 530 4738 lapidi,
579 4663 656 4717 Tu
701 4681 779 4717 me
818 4663 1033 4734 genuisti
1069 4661 1346 4732 (Jereutnu
1371 4701 1384 4723 ,
1418 4659 1532 4730 ‘27).
1585 4657 1687 4714 Sed
1720 4674 1787 4713 ne
1815 4653 1913 4712 sibi

332 4758 652 4832 pntdentior
679 4759 922 4814 videatur
945 4756 1030 4826 qui
1060 4756 1159 4809 hoc
1190 4771 1294 4808 non
1325 4754 1467 4824 ligno
1491 4762 1546 4808 et
1581 4753 1738 4823 lapidi
1763 4753 1913 4807 dixe—

333 4853 402 4906 rit
426 4895 442 4918 ,
492 4850 586 4904 sed
626 4865 757 4904 auro
799 4857 852 4903 et
892 4855 1140 4916 argento;
1193 4846 1294 4900 hnc
1321 4844 1537 4915 aspiciat
1565 4885 1579 4909 ,
1609 4845 1710 4898 huc
1732 4859 1914 4898 aurem

329 4947 514 5002 Cordis
539 4943 816 4998 intendat:
851 4942 1136 4997 Simulacra
1176 4937 1406 4992 Gentium.
1438 4946 1699 5007 argentum
1735 4945 1780 4990 et
1819 4953 1914 4988 au-

334 5054 470 5090 rum.
516 5034 632 5090 Non
675 5034 936 5102 abiectum
974 5031 1170 5100 aliquid
1209 5039 1263 5084 et
1302 5028 1636 5096 aSpcrnabile
1677 5028 1914 5081 nomina.

335 5140 446 5182 tum
477 5137 557 5180 est
588 5144 599 5178 :
631 5135 684 5180 et
714 5126 759 5179 ei
790 5124 1000 5194 quidem
1033 5125 1212 5177 animo
1238 5120 1326 5189 qui
1355 5129 1492 5174 terra
1521 5135 1623 5172 non
1650 5129 1750 5184 est,
1777 5128 1916 5172 terra

335 5230 419 5275 est
449 5229 502 5274 et
533 5233 718 5271 aurum
746 5228 800 5270 et
840 5224 1114 5285 argentum
1139 5230 1152 5276 ;
1197 5213 1291 5267 sed
1323 5212 1613 5280 speciosior
1638 5221 1795 5280 atque
1821 5209 1920 5264 ful-

337 5311 570 5380 gentior,
599 5307 821 5363 solidior
845 5317 1000 5376 atque
1031 5304 1248 5357 ﬁrmior.
1281 5302 1396 5357 Noli
1426 5317 1553 5372 ergo
1580 5301 1774 5356 addere
1805 5316 1919 5355 ma-

336 5418 439 5456 nus
473 5401 766 5460 hominum,
793 5409 846 5452 ut
867 5415 931 5451 ex
959 5413 1022 5451 eo
1040 5398 1253 5451 metallo
1269 5395 1406 5466 quod
1439 5393 1561 5449 fecit
1586 5410 1742 5449 verus
1763 5396 1918 5460 Dens,

339 5492 473 5546 velis
520 5489 696 5544 facere
741 5490 932 5542 falsum
983 5487 1178 5551 deum;
1233 5487 1339 5540 imo
1390 5484 1578 5540 falsum
1629 5487 1918 5550 hominem,

337 5598 498 5654 quem
547 5596 647 5651 pro
689 5594 818 5634 vero
861 5579 1131 5632 venereris
1173 5577 1314 5639 Deo;
1361 5592 1516 5646 quem
1562 5577 1797 5647 quisquis
1830 5593 1924 5645 pro

341 5689 471 5728 vero
497 5671 720 5726 homine
757 5671 808 5722 itt
842 5669 1126 5722 amicitiam
1151 5668 1439 5735 reciperet,
1465 5668 1740 5723 insaniret.
1775 5669 1924 5722 Ducit

337 5769 482 5820 enim
507 5806 522 5829 ,
558 5774 609 5818 et
648 5762 837 5816 all'eetu
865 5761 1091 5830 quodam
1131 5761 1310 5813 intimo
1350 5762 1484 5830 rapit
1528 5761 1730 5815 inﬁrma
1763 5762 1923 5816 corda

339 5856 648 5913 mortalium
696 5855 879 5907 forma.-
921 5853 1244 5912 similitudo,
1294 5861 1345 5904 et
1393 5853 1749 5907 mentiti-mum
1802 5855 1917 5909 imi-

706 5945 928 6006 Ssaer.
980 5948 1234 6004 AL’GL‘ST
1309 5945 1407 6004 IV.

1477 423 1869 486 ENARRATlO
1908 420 1974 476 IN
2015 421 2331 479 PSMMUM
2369 422 2550 480 CXlll.

3474 429 3613 484 “8‘2

2035 543 2138 591 tata
2159 552 2416 609 compago
2443 558 2455 594 :
2483 540 2576 594 sed
2591 541 2730 594 sicut
2754 540 3004 596 fabricata
3027 542 3229 612 singula
3256 545 3511 605 ostendis.
3533 547 3611 601 sic

2031 628 2252 683 ostende
2293 631 2467 685 officia
2516 631 2879 700 singulorum,
2917 649 3141 703 quorum
3195 644 3245 688 te
3291 635 3519 707 efﬁgies,
3579 656 3615 694 ο

2030 717 2261 775 lunnana
2282 723 2483 777 vanitas
2499 765 2513 788 ,
2543 724 2721 778 trahit.

2076 811 2128 864 2.
2151 807 2298 884 [vers.
2329 812 2470 886 5-7.]
2498 814 2630 869 ιΟδ»
2658 816 2796 871 enim
2821 816 3065 884 «habent,
3091 827 3138 874 et
3162 835 3265 875 non
3295 821 3606 891 loquentur;

2028 904 2212 959 oeulos
2234 904 2450 969 habent,
2476 916 2528 960 et
2553 922 2658 961 non
2687 907 2939 963 videbunt
2962 927 2973 960 :
2998 926 3153 964 aures
3175 911 3392 976 ltahent,
3422 923 3474 969 et
3497 931 3602 968 non

2027 995 2272 1060 audient;
2303 1013 2460 1052 nares
2489 998 2705 1064 habent,
2731 1011 2785 1054 et
2810 1016 2916 1054 non
2948 1001 3248 1058 odorabunt
3273 1022 3284 1058 :
3309 1021 3496 1060 manus
3518 1006 3609 1060 ha-

2028 1087 2185 1154 bent,
2217 1099 2402 1145 etnon
2430 1092 2865 1158 contrectabunt;
2916 1093 3076 1162 pedes
3123 1095 3352 1158 habent,
3403 1110 3457 1153 et
3498 1115 3602 1154 non

2025 1178 2372 1235 ambulabunt
2400 1199 2413 1234 :
2447 1197 2550 1236 non
2578 1183 2882 1238 clamabunt
2909 1184 2958 1238 in
2992 1185 3230 1240 fancilms
3259 1189 3390 1246 suis.
3430 1210 3447 1242 ι
3483 1191 3600 1245 Jam

2023 1286 2151 1342 ergo
2174 1274 2362 1330 artifex
2395 1275 2584 1330 melior
2607 1287 2686 1331 est
2713 1277 2825 1343 eis,
2857 1277 2978 1348 quia
3010 1293 3074 1334 ea
3119 1281 3289 1349 potuit
3333 1283 3603 1338 membro-

2024 1378 2138 1417 rum
2172 1374 2318 1420 motu
2346 1374 2505 1436 atque
2531 1366 2712 1422 ofﬁcio
2740 1367 3002 1423 fabricare
3035 1387 3048 1423 :
3079 1386 3235 1439 quem
3269 1381 3442 1428 tamen
3471 1377 3603 1429 arti-

2023 1454 2175 1508 ﬁcem
2205 1464 2255 1510 te
2282 1457 2463 1527 utique
2492 1457 2714 1528 puderet
2739 1459 2984 1515 adorare.
3013 1462 3198 1516 Melior
3223 1473 3276 1517 et
3307 1475 3379 1529 tu,
3411 1482 3601 1537 quam-

2023 1544 2101 1599 vis
2125 1560 2184 1599 ca
2212 1561 2316 1600 non
2345 1545 2564 1613 feceris;
2592 1550 2840 1620 quoniam
2870 1567 2987 1620 qua:
3015 1551 3102 1606 illa
3132 1568 3235 1608 non
3262 1568 3486 1626 possunt
3517 1558 3598 1612 fa-

2019 1635 2114 1690 cis.
2143 1635 2328 1692 Melior
2358 1647 2410 1694 et
2436 1639 2602 1694 bestia
2629 1657 2642 1694 :
2667 1640 2734 1695 ad
2763 1640 2864 1696 hoc
2895 1643 3034 1698 enim
3064 1644 3298 1699 additmu
3331 1657 3445 1713 est,
3479 1648 3599 1703 Non

2019 1728 2308 1784 clamabunt
2352 1732 2405 1785 in
2450 1735 2680 1804 faucibus
2722 1735 2845 1789 suis.
2898 1735 3172 1807 Namque,
3206 1753 3325 1793 eum
3353 1744 3599 1810 superius

2018 1818 2259 1886 dixisset,
2290 1822 2360 1879 0:
2381 1826 2594 1893 habent,
2619 1836 2664 1881 et
2688 1843 2786 1880 non
2812 1828 3111 1898 loquentur;
3140 1831 3262 1900 quid
3289 1846 3420 1900 opus
3445 1845 3558 1887 erat
3575 1877 3588 1895 ,

2020 1919 2297 1980 postquam
2344 1929 2372 1968 a
2419 1916 2590 1986 capite
2626 1932 2793 1987 usque
2819 1919 2884 1972 ad
2914 1919 3077 1988 pedes
3105 1922 3340 1976 membra
3371 1922 3594 1979 decursa

2017 2010 2160 2065 sunt,
2189 2001 2256 2056 de
2282 2001 2508 2058 faucium
2535 2005 2770 2062 clamore
2799 2016 3073 2078 repetere;
3108 2010 3230 2073 nisi,
3261 2012 3441 2078 credo,
3469 2015 3590 2083 quia

2018 2090 2103 2144 illa
2126 2109 2242 2161 qna-
2263 2093 2328 2148 de
2347 2095 2558 2150 exteris
2584 2097 2837 2152 membris
2857 2103 3332 2165 commemorabat,
3354 2119 3595 2158 commu-

2016 2182 2101 2236 nia
2129 2198 2246 2239 esse
2287 2184 2590 2243 hominibus
2619 2188 2920 2260 belluisque
2948 2192 3244 2247 sentimus?
3271 2192 3402 2248 Nam
3429 2204 3482 2249 et
3515 2199 3594 2249 vi-

2015 2277 2138 2333 dent
2159 2319 2174 2346 ,
2201 2289 2256 2334 et
2279 2281 2496 2336 audiunt
2521 2324 2534 2349 ,
2569 2293 2623 2337 et
2649 2284 2905 2339 olfacinnt
2925 2328 2940 2354 ,
2969 2297 3022 2342 et
3045 2289 3340 2354 ambulant,
3362 2300 3416 2346 et
3440 2308 3592 2361 quae-

2014 2369 2158 2435 dam,
2185 2371 2322 2425 sicut
2347 2373 2544 2438 simize,
2579 2375 2822 2430 manibus
2843 2387 3198 2434 contrectant.
3249 2381 3379 2436 Illud
3417 2395 3594 2440 autem

2014 2460 2152 2529 quod
2179 2461 2245 2514 de
2272 2477 2366 2516 ore
2389 2462 2616 2529 dixerat,
2643 2468 2914 2536 proprium
2946 2478 3027 2523 est
3054 2469 3317 2536 hominis;
3341 2475 3592 2542 quoniam

2015 2549 2196 2605 bestia:
2229 2569 2332 2607 non
2376 2553 2682 2625 loquuntur.
2714 2557 2792 2613 Ne
2817 2559 2935 2628 quis
2961 2570 3137 2614 autem
3162 2562 3228 2616 ad
3261 2564 3371 2616 sola
3403 2564 3592 2620 huma-

2015 2659 2204 2698 norum
2235 2646 2594 2701 membrorum
2621 2664 2782 2720 Opera
2809 2652 3030 2705 referret
3060 2669 3177 2722 qua:
3205 2655 3342 2708 dicta
3374 2667 3514 2721 sunt,
3541 2669 3595 2713 et

2013 2734 2115 2788 diis
2141 2735 2388 2791 Gentium
2417 2739 2560 2794 solos
2588 2738 2830 2795 homines
2856 2751 3235 2812 anteponeret;
3265 2757 3384 2814 post
3411 2751 3589 2802 omnia

2013 2827 2267 2894 subdidit,
2291 2827 2493 2893 dicens,
2517 2829 2568 2883 Ν
2572 2848 2636 2884 οη
2657 2832 2946 2887 clamabunt
2969 2836 3018 2887 in
3046 2837 3276 2906 faucibus
3297 2839 3400 2891 suis
3416 2854 3434 2891 .’
3449 2841 3588 2907 quod

2015 2933 2226 2972 rursum
2257 2918 2560 2975 hominibus
2588 2925 2972 2994 pecoribusque
2998 2942 3281 2980 commune
3307 2937 3409 2983 est.
3435 2930 3590 2996 Quod

2014 3009 2056 3063 si
2085 3010 2260 3079 primo
2287 3009 2530 3077 dixisset,
2562 3027 2680 3066 cum
2713 3015 2780 3068 ab
2807 3031 2898 3068 ore
2924 3016 3085 3084 cmpit
3110 3017 3344 3072 membra
3375 3029 3592 3088 percar-

2015 3115 2154 3164 rere,
2180 3102 2252 3155 Ds
2280 3101 2496 3168 habent,
2527 3114 2581 3158 et
2607 3118 2712 3158 nou
2743 3106 3077 3171 clamabunt;
3109 3119 3297 3162 cuncta
3329 3111 3488 3164 etiam
3513 3112 3591 3166 sic

2013 3191 2080 3245 ad
2113 3202 2352 3247 naturam
2385 3193 2614 3250 hominis
2645 3195 2992 3264 referrentur,
3019 3215 3118 3254 nec
3145 3200 3298 3255 facile
3327 3202 3393 3255 ibi
3431 3203 3590 3273 quid-

2014 3300 2170 3353 quam
2202 3284 2268 3338 de
2298 3289 2675 3344 communione
2715 3288 2945 3345 ferarum
2978 3307 3170 3347 sensus
3199 3295 3466 3349 audientis
3495 3297 3594 3350 ad-

2015 3386 2268 3431 verteret.
2297 3378 2429 3432 Cum
2454 3395 2582 3435 vero
2614 3381 2741 3435 illud
2771 3380 2838 3436 de
2868 3397 2961 3436 ore
2991 3382 3154 3450 dixit,
3179 3384 3321 3455 quod
3358 3385 3590 3441 hominis

2015 3470 2288 3539 proprium
2320 3480 2421 3538 est,
2445 3481 2497 3526 et
2523 3481 2639 3540 post
2661 3475 3118 3530 enumerationem
3146 3478 3374 3547 partium
3402 3493 3592 3548 corpo-

2015 3562 2090 3616 ris
2113 3578 2270 3632 quam
2297 3564 2732 3618 commemoratis
2772 3565 2993 3634 pedibus
3032 3568 3345 3624 terminasse
3372 3570 3594 3628 videba-

2014 3662 2120 3717 tur,
2153 3652 2424 3721 adjunsit,
2456 3651 2575 3707 Non
2603 3654 2893 3708 clamabunt
2919 3657 2972 3709 in
2998 3656 3230 3726 faucibus
3255 3662 3394 3724 suis;
3423 3662 3594 3717 lecto-

2017 3759 2128 3798 rem
2158 3744 2239 3798 vel
2269 3744 2563 3799 auditorem
2596 3744 2717 3800 fecit
2747 3746 3028 3814 intentum,
3054 3757 3114 3802 ut
3133 3749 3256 3804 dum
3285 3752 3474 3820 quscrit
3497 3766 3594 3808 cur

2015 3835 2249 3889 additum
2271 3837 2356 3898 sit,
2384 3836 2659 3892 admoneri
2682 3852 2740 3890 se
2764 3837 3004 3892 inveniat
3023 3838 3322 3894 simulacris
3338 3839 3588 3895 Gentium

2016 3946 2122 3984 non
2167 3939 2367 3982 tantutn
2414 3929 2687 3990 homines,
2735 3928 2826 3982 sed
2871 3929 3029 3983 etiam
3076 3929 3280 3983 belluas
3308 3945 3366 3985 se
3393 3931 3590 3986 debere

2018 4035 2329 4090 praeponere
2355 4038 2366 4072 :
2397 4029 2453 4074 ut
2478 4020 2520 4074 si
2550 4019 2710 4088 pudet
2734 4019 2957 4073 adorare
2988 4018 3210 4074 beStiam
3232 4062 3246 4084 ,
3278 4037 3433 4091 quam
3468 4022 3592 4077 fecit

2020 4113 2159 4166 Deus
2187 4111 2448 4166 videntem
2471 4153 2484 4178 ,
2515 4111 2816 4166 audientem
2835 4153 2849 4177 ,
2881 4111 3191 4167 odorantetn
3212 4157 3226 4178 ,
3259 4124 3595 4171 contrectan-

2018 4213 2147 4269 tem,
2171 4202 2526 4257 ambulantem
2549 4244 2563 4267 ,
2592 4201 2910 4257 clamantem
2942 4205 2992 4257 in
3018 4203 3254 4260 faucibus
3281 4207 3410 4267 suis,
3433 4207 3594 4264 “vide-

2016 4306 2138 4350 rent
2163 4310 2318 4364 quam
2349 4293 2651 4365 pudendum
2678 4306 2820 4350 esset
2842 4296 3066 4351 adorare
3088 4307 3311 4366 mutum,
3333 4310 3386 4356 et
3405 4317 3594 4358 carens

2018 4387 2122 4441 vita
2151 4403 2418 4457 sensuque
2443 4386 2818 4452 simulacrum;
2851 4387 2933 4441 cui
2958 4387 3024 4442 ad
3057 4388 3158 4444 hoc
3189 4390 3386 4446 ineset
3415 4395 3596 4449 simili-

2021 4479 2146 4533 tudo
2177 4477 2573 4541 membrorum,
2607 4487 2665 4532 ut
2693 4479 2866 4532 anima
2895 4479 3199 4535 carnalibus
3231 4484 3475 4539 Sensibus
3502 4485 3596 4541 de~

2021 4574 2162 4634 dita,
2191 4572 2341 4642 quasi
2373 4572 2565 4627 viventi
2597 4581 2758 4642 atque
2788 4572 3035 4626 animata:
3081 4573 3266 4628 fornue
3307 4577 3597 4644 applicaret

2021 4665 2288 4729 aﬁ'ectunt,
2314 4679 2433 4719 cum
2459 4680 2520 4719 ea
2545 4664 2748 4719 videret
2775 4681 2892 4734 qure
2925 4665 2976 4718 in
3005 4681 3101 4720 suo
3125 4683 3352 4738 corp-tre
3380 4671 3493 4722 viva
3519 4682 3598 4724 at.-

2023 4773 2125 4826 que
2171 4758 2401 4810 animata
2445 4756 2686 4811 sentiret.
2733 4755 2946 4823 Quanto
2997 4773 3124 4828 ergo
3182 4761 3368 4812 n'ielius
3421 4776 3596 4814 mores

2024 4858 2182 4918 atque
2201 4855 2498 4916 serpentes,
2529 4854 2584 4901 et
2604 4844 2654 4901 id
2679 4861 2848 4915 genus
2873 4847 3219 4902 anitnantium
3249 4859 3436 4902 caetera
3464 4851 3500 4911 ³,
3531 4851 3598 4904 de

2025 4939 2322 4992 simulacris
2337 4937 2607 5002 Gentium,
2628 4937 2672 4990 si
2699 4938 2767 4990 ita
2785 4936 3065 4992 dicendum
3083 4948 3185 5002 est,
3204 4939 3599 5009 quodammodo

2021 5031 2259 5101 judicant
2282 5074 2295 5095 ,
2327 5032 2380 5085 in
2419 5031 2612 5099 quibus
2649 5031 2771 5100 quia
2801 5045 2904 5083 non
2931 5029 3167 5083 sentiunt
3205 5031 3491 5087 humanam
3519 5037 3602 5087 vi-

2027 5135 2171 5190 tam,
2213 5137 2316 5178 non
2359 5131 2547 5177 curant
2592 5122 2876 5174 humanam
2925 5120 3182 5190 ﬁguram?
3211 5121 3390 5190 Itaque
3433 5125 3483 5178 in
3524 5128 3604 5180 eis

2028 5217 2343 5288 plerumque
2372 5214 2664 5277 nidiﬁcant,
2689 5224 2738 5266 et
2769 5213 2867 5266 nisi
2900 5213 3145 5268 humanis
3167 5217 3396 5270 motibus
3425 5218 3606 5274 deter-

2030 5319 2266 5374 reantur,
2300 5308 2440 5362 nulla
2471 5306 2568 5360 sibi
2603 5304 2898 5359 habitacula
2939 5306 3223 5362 munitiora
3263 5312 3604 5379 conquirunt.

2031 5400 2204 5454 Movet
2235 5412 2362 5467 ergo
2386 5412 2444 5451 se
2472 5395 2630 5448 homo
2651 5435 2666 5460 ,
2696 5405 2751 5448 ut
2779 5394 3040 5448 virentem
3070 5395 3294 5452 bestiam
3323 5415 3352 5452 a
3383 5417 3480 5456 suo
3507 5402 3607 5455 deo

2031 5492 2327 5553 deterreat;
2351 5498 2405 5544 ct
2429 5487 2579 5543 illum
2603 5501 2708 5539 non
2730 5501 2787 5539 se
2811 5496 3135 5554 moventem,
3159 5491 3308 5560 quasi
3341 5503 3607 5559 potentem

2032 5581 2190 5646 colit,
2221 5597 2247 5632 a
2277 5593 2382 5649 quo
2426 5576 2702 5632 meliorem
2734 5575 3008 5630 deterruit.
3063 5579 3323 5633 Deterruit
3359 5582 3498 5634 Cllllll
3533 5583 3608 5634 vi-

2099 5738 2115 5770 ι
2150 5736 2223 5784 sic
2237 5742 2338 5784 ttss.
2365 5732 2477 5781 Edd.
2499 5744 2648 5797 vero:
2674 5739 2855 5791 (tuatua
2869 5745 2983 5797 ergo
3006 5735 3158 5797 magis
3178 5735 3251 5784 uel
3270 5749 3330 5783 in.
3349 5735 3439 5786 lius
3454 5750 3610 5791 mures

2034 5805 2177 5910 atqui;
2195 5802 2454 5867 serpentes,
2480 5803 2524 5844 et
2562 5793 2616 5844 id
2648 5793 3125 5856 genusunininntituit
3151 5797 3374 5858 colerent,
3405 5811 3512 5862 φα
3552 5804 3612 5851 ά.-

2035 5874 2156 5910 stum
2179 5871 2322 5910 (ιονιξ.
2349 5867 2442 5908 etc.

2035 5895 2221 5912 ιῖιιιιιιιιοι
2238 5895 2248 5908 1
2265 5895 2322 5919 νυ,
2349 5895 2416 5908 ’.κιι
2432 5895 2442 5906 Ι

2588 5946 3108 6022 ίρηιιναηιεκςρρι
3144 5947 3169 6016 j
