4188 6484
650 419 788 476 1485

649 531 862 588 dentent
902 545 932 586 a
977 544 1121 586 czeco
1144 572 1158 597 ,
1191 528 1492 584 audientem
1539 540 1570 582 a
1613 525 1812 594 surdo,
1849 527 2167 582 clamantem
2201 541 2230 579 a

652 633 821 692 muto,
845 623 1201 679 ambulantem
1227 620 1294 675 ab
1320 619 1600 688 immobili,
1623 619 1944 675 sentientem
1966 618 2034 674 ab
2061 619 2234 673 insen-

649 726 767 772 sato
786 758 800 784 ,
835 715 1102 771 viventem
1129 729 1157 768 a
1190 721 1398 768 mortuo
1421 754 1434 778 ,
1466 714 1574 768 imo
1598 712 1869 768 deteriore
1897 727 2056 784 quam
2090 726 2233 766 mor-

650 819 761 862 tuo.
794 806 1057 862 Morinum
1087 806 1280 876 quippe
1311 805 1450 860 sicut
1471 804 1812 859 manifestum
1835 817 1915 859 est
1945 819 2049 860 non
2078 805 2232 859 vive-

647 914 728 967 re,
761 901 829 953 ita
861 898 1199 953 manifestum
1227 907 1309 952 est
1337 897 1622 967 aliquando
1643 897 1860 952 vixisse.
1889 897 2232 968 Quapmpter

647 991 808 1046 deum
835 990 925 1060 qui
951 1005 1054 1045 nec
1080 988 1208 1044 vivit
1235 1003 1332 1044 nec
1356 989 1508 1054 vixit,
1536 988 1776 1059 profecto
1797 995 1851 1044 et
1873 997 2115 1044 tnortuus
2135 1003 2233 1044 an-

646 1081 861 1138 teeedit.

717 1175 770 1229 5.
813 1173 952 1240 Quid
981 1174 1083 1228 hoc
1111 1171 1466 1236 manifestius,
1500 1170 1694 1228 fratres
1723 1171 1828 1225 mei
1859 1169 2229 1226 dilectissimi?

556 1254 569 1269 ’
645 1267 769 1337 quid
819 1266 1150 1322 evidentius?
1176 1264 1306 1328 Quis
1351 1279 1484 1333 puer
1531 1265 1922 1334 interrogatus,
1971 1277 2078 1318 non
2124 1261 2228 1319 hoc

646 1367 852 1414 certum
899 1373 1019 1413 esse
1056 1355 1380 1426 respondeat
1397 1396 1412 1420 ,
1439 1354 1581 1425 quod
1609 1354 1899 1410 Siumlaera
1923 1355 2148 1426 gentium
2174 1370 2231 1409 as

647 1453 863 1514 habent,
894 1460 939 1504 et
967 1466 1067 1504 non
1097 1449 1400 1518 loquentur;
1430 1445 1607 1501 oculos
1633 1446 1850 1512 habent,
1884 1456 1930 1500 et
1959 1462 2060 1501 non
2087 1445 2229 1500 vide-

649 1544 791 1610 bunt,
809 1552 864 1599 et
880 1551 1070 1596 cmtera
1092 1555 1210 1611 qum
1227 1539 1439 1594 divinus
1457 1553 1636 1593 sermo
1654 1537 1961 1593 contexuit?
1976 1537 2085 1592 Cur
2101 1551 2230 1607 ergo

645 1644 926 1705 tantopere
954 1632 1184 1703 Spiritus
1208 1641 1428 1688 sanetus
1457 1639 1612 1685 curat
1640 1630 2034 1699 Scripturarum
2065 1628 2229 1698 pluri-

643 1727 747 1783 mis
770 1726 901 1781 locis
923 1725 1036 1780 hate
1063 1725 1338 1779 insinuare
1358 1732 1517 1792 atque
1540 1722 1807 1776 inculcare
1827 1721 1970 1775 velut
1998 1720 2229 1776 inscien-

646 1818 784 1874 tibus
804 1858 818 1885 ,
850 1816 998 1887 quasi
1032 1831 1139 1870 non
1173 1815 1425 1870 omnibus
1453 1814 1791 1884 apertissima
1829 1823 1989 1883 atque
2016 1812 2228 1867 notissi-

644 1926 758 1977 ma;
792 1911 894 1967 nisi
917 1910 1036 1980 quia
1069 1910 1276 1979 species
1301 1908 1700 1973 membrorum,
1730 1923 1887 1978 quam
1919 1907 2230 1962 naturaliter

644 2004 698 2058 in
729 2001 1086 2056 animantibus
1114 2001 1380 2054 viventem
1411 1998 1616 2064 videre,
1640 2008 1799 2070 atque
1840 1999 1891 2052 in
1933 1998 2226 2054 nobismet.

644 2096 774 2164 ipsis
799 2094 996 2150 sentire
1017 2094 1414 2158 consuevimus,
1434 2106 1760 2161 quanquam,
1780 2099 1839 2145 ut
1860 2091 1933 2146 illi
1957 2101 2222 2155 asserunt,

645 2189 698 2241 in
721 2187 931 2256 signum
953 2185 1166 2256 aliquod
1197 2184 1486 2240 fabrefacta
1509 2193 1668 2255 atque
1693 2182 1947 2238 eminenti
1966 2183 2226 2239 collocata

641 2286 893 2349 suggestu
921 2279 960 2344 ¹,
983 2292 1104 2332 cum
1131 2275 1338 2330 adorari
1363 2284 1522 2346 atque
1550 2276 1800 2330 honorari
1824 2290 1852 2327 a
1885 2274 2226 2332 multitudine

640 2369 900 2440 coeperit,
933 2368 1073 2439 parit
1113 2368 1165 2422 in
1205 2381 1528 2437 unoquoque
1557 2366 1986 2421 sordidissimum
2025 2367 2223 2422 erroris

640 2462 910 2527 affectum,
942 2470 998 2514 ut
1025 2460 1278 2531 quoniam
1308 2459 1358 2512 in
1390 2457 1484 2512 illo
1512 2458 1763 2527 figmento
1791 2471 1896 2511 non
1918 2457 2122 2512 invenit
2147 2458 2226 2511 vi-

639 2554 798 2608 talem
842 2561 1076 2616 tnotum,
1108 2549 1294 2605 credat
1325 2564 1520 2604 numen
1546 2549 1853 2614 occultum;
1887 2547 2117 2619 efﬁgiem
2149 2557 2225 2603 ta-

639 2660 762 2699 men
794 2644 992 2698 viventi
1016 2643 1227 2712 corpori
1254 2641 1505 2704 similem,
1534 2640 1784 2695 seductus
1807 2638 1976 2694 forma
2004 2649 2057 2695 et
2078 2655 2223 2695 eom-

638 2743 818 2788 motns
879 2733 1192 2788 auctoritate
1255 2731 1426 2801 quasi"
1466 2731 1785 2800 sapientimn
1857 2731 2221 2784 institutorum

639 2823 1152 2893 obsequentiumque
1182 2821 1480 2883 turbarum,
1515 2821 1637 2876 sine
1668 2822 1788 2875 vivo
1815 2820 1992 2891 aliquo
2016 2821 2224 2875 habita-

640 2923 754 2970 tore
784 2927 905 2968 esse
942 2927 1046 2967 non
1075 2911 1258 2982 putat?
1291 2911 1424 2966 llinc
1451 2917 1506 2965 et
1533 2912 1667 2965 maia
1698 2910 1960 2966 dmmonia
2001 2911 2066 2965 ad
2101 2921 2222 2981 pos-

639 3005 861 3062 sidenda
905 3005 1155 3061 Gentium
1202 3002 1487 3058 simulacra
1534 3003 1653 3057 talis
1693 3002 1966 3057 hominum
1999 3003 2220 3058 affectus

638 3100 847 3166 invitat,
877 3112 1102 3170 quorum
1132 3095 1534 3168 prtesidentium
1563 3097 1582 3126 '
1617 3095 1762 3148 varia
1795 3093 1999 3150 fallacia
2030 3095 2220 3151 morti-

637 3191 736 3246 feri
758 3190 1090 3246 seminantur
1109 3197 1162 3244 et
1184 3186 1606 3256 multiplicantur
1630 3199 1862 3240 errores.
1889 3185 2021 3240 Aliis
2045 3185 2220 3256 itaque

637 3283 770 3340 locis
799 3291 854 3337 et
878 3290 1067 3336 contra
1101 3280 1199 3334 ista
1227 3278 1423 3333 divina:
1453 3276 1672 3331 Littera:
1703 3277 1943 3346 vigilant,
1975 3291 2041 3330 ne
2067 3280 2218 3347 quis-

638 3391 796 3445 quam
837 3374 1013 3439 dicat,
1044 3388 1164 3427 cum
1195 3373 1346 3426 irrisa
1376 3370 1572 3424 fuerint
1601 3368 1878 3424 simulacra
1919 3387 1931 3422 :
1962 3368 2076 3423 Non
2119 3369 2220 3425 hoc

638 3465 846 3519 visibilc
875 3479 905 3518 c
929 3464 1017 3528 vlo,
1046 3462 1141 3517 sed
1170 3478 1365 3516 numen
1393 3461 1535 3530 quod
1565 3461 1674 3515 illic
1702 3460 2038 3515 invisibiliter
2067 3461 2218 3515 lia-bi-

640 3565 731 3611 tat.
759 3557 874 3625 Ipsa
897 3569 1026 3622 ergo
1049 3553 1270 3610 numina
1294 3553 1346 3606 in
1369 3553 1476 3605 alio
1505 3551 1710 3620 psalmo
1731 3550 1920 3606 eadem
1948 3552 2218 3622 Scriptura

637 3649 714 3701 sic
739 3646 958 3701 damnat
981 3658 992 3696 ε
1023 3644 1273 3712 Quoniam
1301 3643 1371 3696 dii
1400 3641 1670 3704 Gentium,
1701 3641 1871 3709 inquit
1891 3683 1906 3706 ,
1931 3643 2216 3707 dannoniu;

637 3740 885 3794 Dominus
906 3748 1072 3792 autem
1094 3736 1246 3789 caelos
1266 3735 1378 3802 fecit
1396 3730 1568 3801 (Psal.
1594 3747 1716 3794 xcv,
1739 3732 1818 3802 5).
1845 3732 1978 3786 Dicit
2001 3741 2052 3787 ct
2078 3733 2218 3803 Apo-

635 3833 805 3887 stolus
829 3849 841 3884 :
874 3830 988 3885 Non
1014 3828 1150 3899 quod
1174 3827 1365 3880 idolum
1392 3827 1456 3878 sit
1485 3825 1701 3892 aliquid,
1734 3825 1822 3877 sed
1849 3825 2082 3895 quoniam
2108 3842 2220 3894 qute

635 3923 896 3977 immolant
920 3920 1120 3985 Gentes,
1144 3917 1408 3972 da’moniis
1427 3915 1712 3980 immolant,
1733 3924 1778 3967 et
1801 3931 1904 3968 non
1926 3913 2052 3968 Deo.
2083 3914 2218 3969 Nolo

635 4032 722 4070 vos
747 4015 908 4070 socios
935 4014 1045 4083 ﬁrri
1065 4010 1427 4065 dtcmoniorum
1461 4008 1479 4076 (
1495 4007 1510 4059 Ι
1533 4007 1652 4062 Cor.
1682 4021 1737 4072 χ,
1767 4006 1833 4062 l9
1855 4017 1900 4060 ct
1924 4005 2043 4077 20).

711 4109 765 4162 4.
795 4106 1055 4161 Videntur
1079 4112 1257 4158 autem
1287 4101 1387 4157 sibi
1429 4101 1751 4170 purgatioris
1780 4114 1899 4155 esse
1925 4099 2214 4170 religionis,

636 4199 726 4270 qui
767 4189 1118 4251 dicunt:Nec
1161 4194 1526 4258 simulacrum,
1556 4207 1655 4247 nec
1694 4190 2018 4246 daemonium
2063 4192 2214 4258 colo;

637 4289 731 4344 sed
752 4287 981 4358 effigiem
997 4284 1328 4354 corporalem
1352 4282 1468 4352 ejus
1488 4283 1564 4338 rei
1584 4282 1791 4354 signum
1815 4283 2045 4350 intueor,
2061 4298 2217 4352 quam

637 4383 816 4438 colere
843 4380 1033 4435 debeo.
1057 4379 1238 4447 itaque
1265 4377 1684 4446 interpretantur
1709 4375 2014 4440 simulacra,
2036 4384 2092 4429 ut
2114 4376 2219 4431 alio

637 4473 820 4528 dicant
845 4468 1131 4540 significari
1155 4476 1370 4533 terram,
1392 4465 1534 4520 unde
1555 4464 1810 4533 templum
1843 4466 2014 4521 solent
2041 4467 2220 4536 appel~

638 4566 751 4619 lare
777 4560 1036 4624 Telluris;
1069 4559 1174 4613 alio
1223 4572 1405 4622 mare,
1435 4557 1573 4612 sicut
1616 4556 1845 4627 Neptuni
1896 4557 2214 4624 simulacro;

637 4658 744 4713 alio
767 4669 970 4720 acrem,
1001 4651 1404 4716 sicutJunonis,
1435 4651 1540 4704 alio
1570 4650 1767 4720 ignem,
1798 4649 1936 4704 sicut
1963 4649 2214 4718 Vulcani;

636 4751 744 4807 alio
765 4748 1067 4810 luciferum,
1093 4747 1230 4801 sicut
1247 4744 1502 4810 Veneris;
1531 4745 1635 4799 alio
1659 4744 1849 4809 solem,
1879 4744 1983 4799 alio
2011 4745 2212 4814 lunam,

635 4857 865 4914 quorum
896 4839 1198 4894 simulacris
1235 4836 1422 4892 eadem
1455 4837 1670 4890 nomina
1698 4835 1835 4891 sicut
1860 4835 2089 4892 Telluris
2118 4838 2218 4892 im-

637 4943 881 5006 ponunt;
909 4933 1016 4987 alio
1056 4929 1221 4998 illud,
1253 4929 1358 4984 alio
1387 4927 1516 4982 illud
1544 4927 1725 4992 sidus,
1757 4928 1840 4983 vel
1870 4927 2013 4982 illam
2045 4930 2128 4984 vel
2154 4929 2218 4984 il-

638 5028 746 5082 lam
773 5034 1074 5082 creaturam
1101 5041 1113 5078 :
1146 5036 1318 5092 neque
1343 5021 1484 5077 enim
1514 5031 1703 5075 cuncta
1736 5035 2051 5075 enumerare
2078 5021 2219 5076 suffi-

637 5118 828 5174 cimus.
862 5117 936 5172 De
981 5115 1174 5186 quibus
1219 5127 1404 5169 rursus
1448 5127 1570 5167 cum
1614 5111 1875 5182 exagitari
1921 5113 2214 5182 coeperint,

640 5209 781 5280 quod
811 5224 1035 5279 corpora
1063 5208 1262 5275 colant,
1289 5205 1626 5276 maximeque
1651 5213 1868 5271 terram,
1893 5213 1947 5259 et
1968 5218 2138 5271 mare,
2164 5215 2219 5261 et

641 5315 842 5364 aerem,
873 5309 927 5354 et
955 5301 1128 5368 ignem
1153 5339 1167 5363 ,
1197 5313 1422 5368 quorum
1450 5297 1606 5352 nobis
1633 5309 1760 5350 usus
1785 5295 1835 5350 in
1867 5306 2113 5368 promptu
2138 5306 2220 5353 est

642 5392 802 5460 (nam
833 5388 902 5444 de
929 5389 1236 5444 cmlestibus
1262 5388 1510 5458 quoniam
1543 5395 1726 5440 nostro
1754 5402 1815 5443 ea
1840 5401 2068 5458 corpore
2089 5401 2218 5443 con-

641 5491 872 5540 trectare
897 5491 1055 5551 atque
1082 5481 1391 5551 contingere
1411 5523 1426 5547 ,
1455 5481 1557 5535 nisi
1599 5480 1874 5540 oculorum
1914 5480 2077 5536 radiis
2111 5496 2218 5536 non

642 5577 919 5644 valemus,
953 5589 1057 5630 non
1104 5574 1172 5627 ita
1217 5574 1604 5644 erubescunt);
1649 5573 1974 5644 respondere
2021 5574 2219 5630 audent

704 5751 723 5781 ί
744 5754 817 5797 Er.
844 5755 894 5797 et
917 5754 1047 5804 Inv.,
1086 5747 1136 5795 in
1169 5743 1304 5804 signa
1324 5743 1495 5809 aliqua
1533 5746 1808 5809 βίω-βριαρῇ,
1835 5753 1974 5809 atque
1997 5748 2220 5801 eminenti

644 5809 869 5860 collocato
885 5815 1120 5870 suggestu.
1159 5806 1478 5870 Emendantur
1493 5806 1549 5854 ad
1570 5806 1673 5855 Mss.

704 5876 723 5904 ι
746 5864 1076 5932 Αιίίιιιοῐᾷϊεςη
1119 5864 1474 5930 possidentium.

1901 413 1960 470 S.
2001 411 2136 470 AUC
2147 409 2361 468 USTlNl
2403 409 2700 468 EPISCOPI

3744 433 3850 492 ΗΜ

2343 541 2448 582 non
2495 542 2555 582 se
2599 529 2710 598 ipsa
2756 544 2976 600 corpora
3021 531 3230 597 calere,
3269 533 3360 587 sed
3392 551 3502 606 qua:
3531 539 3623 596 illis
3649 551 3848 616 regendis

2343 617 2627 687 praesident
2654 620 2892 674 numina.
2927 620 3106 691 Itaque
3128 625 3366 694 Apostoli
3392 643 3489 681 una
3517 638 3747 691 sententia
3767 655 3853 710 pm-

2341 725 2461 764 nam
2492 710 2712 766 istorum
2735 712 3236 785 danmationemque
3259 727 3502 776 testatur:
3531 724 3622 792 Qui
3645 737 3854 790 transmit-

2341 810 2586 867 taverunt,
2612 803 2800 874 inquit,
2830 807 3083 860 ceritatem
3112 806 3208 862 Dei
3235 811 3286 863 in
3313 812 3630 884 mendacium,
3657 831 3696 873 et
3718 825 3855 882 colue-

2337 902 2454 948 runt
2481 903 2528 948 et
2552 897 2824 951 servierunt
2850 909 3125 963 creaturae,
3159 903 3326 970 potius
3364 919 3509 973 quam
3544 905 3766 978 Creatori,
3789 921 3855 987 qui

2335 997 2409 1040 est
2435 987 2717 1044 benedictus
2737 990 2788 1043 in
2810 991 2994 1045 stecula
3016 990 3190 1061 (Rom.
3217 1010 3254 1057 ι,
3275 993 3387 1065 25).
3410 995 3535 1051 Nam
3559 1003 3716 1068 priore
3739 1018 3857 1075 parte

2339 1075 2498 1146 hujus
2525 1080 2828 1145 sententiae,
2861 1082 3149 1138 simulacra
3178 1084 3472 1154 damnavit;
3504 1096 3765 1159 posteriore
3781 1113 3856 1156 au-

2337 1177 2444 1224 tem
2466 1213 2479 1235 ,
2513 1171 2980 1242 interpretationes
3045 1177 3486 1235 simulacrorum:
3517 1184 3700 1257 effigies
3742 1194 3856 1251 enim

2335 1275 2364 1315 a
2415 1261 2562 1318 fabro
2601 1262 2767 1320 factas
2811 1267 3129 1336 appellando
3169 1271 3470 1328 nominibus
3509 1257 3676 1333 earum
3713 1297 3854 1340 rerum

2336 1369 2468 1423 quas
2500 1353 2772 1410 fabricavit
2805 1357 2975 1423 Deus,
3008 1367 3360 1417 transmittant
3398 1365 3663 1424 veritatem
3705 1374 3780 1430 Dei
3815 1377 3856 1432 in

2336 1443 2700 1511 mendacium;
2735 1462 2820 1501 res
2847 1457 3022 1502 autem
3058 1449 3199 1519 ipsas
3223 1466 3319 1520 pro
3346 1453 3446 1507 diis
3474 1455 3697 1514 habendo
3720 1471 3764 1518 et
3785 1481 3856 1521 ve-

2337 1535 2595 1600 nerando,
2621 1538 2856 1593 serviunt
2877 1550 3136 1596 creatura:
3161 1545 3336 1612 potius
3359 1561 3514 1616 quam
3535 1548 3767 1622 Creatori,
3789 1561 3858 1627 qui

2335 1635 2415 1679 est
2443 1625 2751 1683 benedictus
2779 1631 2829 1684 in
2861 1633 3074 1686 saecula.

2407 1716 2458 1770 5.
2491 1717 2622 1785 Quis
2650 1729 2824 1774 autem
2852 1721 3036 1778 adorat
3059 1725 3138 1779 vel
3163 1734 3282 1779 orat
3309 1726 3522 1784 intuens
3542 1732 3857 1804 simulacrum,

2335 1811 2423 1880 qui
2447 1827 2550 1865 non
2577 1813 2655 1867 sic
2679 1814 2926 1880 afficitur,
2953 1826 3008 1871 nt
3034 1818 3101 1872 ab
3125 1834 3190 1872 eo
3221 1833 3277 1873 se
3299 1822 3538 1878 exaudiri
3569 1834 3719 1894 putet,
3740 1829 3860 1885 abeo

2334 1902 2432 1956 sibi
2475 1906 2714 1974 praestari
2743 1906 2882 1976 quod
2913 1907 3184 1964 desiderat
3212 1915 3427 1982 speret?
3467 1914 3636 1988 itaque
3662 1919 3860 1978 homines

2336 1993 2527 2048 talibus
2556 1998 3024 2060 superstitionibus
3050 2001 3289 2070 obligati,
3314 2003 3621 2077 plerumque
3641 2009 3698 2063 ad
3724 2012 3858 2080 ipsum

2333 2084 2500 2138 solem
2530 2085 2746 2140 dorsum
2789 2099 3024 2157 ponunt,
3063 2107 3247 2160 preces
3273 2092 3501 2151 fundunt
3525 2109 3699 2155 stature
3735 2119 3859 2173 quam

2331 2176 2497 2229 solem
2523 2188 2745 2243 vocant;
2775 2188 2828 2233 et
2853 2196 2972 2236 cum
3001 2184 3177 2238 sonitu
3208 2188 3374 2242 maris
3406 2203 3434 2242 a
3463 2198 3604 2260 tergo
3632 2192 3857 2263 feriantur,

2330 2268 2558 2338 Neptuni
2609 2281 2834 2326 statuam
2880 2290 3038 2344 quam
3082 2292 3179 2348 pro
3206 2278 3322 2349 ipso
3356 2283 3488 2336 mari
3519 2285 3716 2352 colunt,
3743 2292 3858 2358 quasi

2331 2361 2646 2416 sentientem
2675 2365 2960 2432 gemitibus
2993 2366 3208 2424 feriunt.
3248 2371 3361 2426 lloc
3392 2374 3530 2427 enim
3558 2373 3671 2430 facit
3689 2387 3735 2432 et
3755 2395 3858 2448 quo—

2331 2451 2616 2506 dammodo
2646 2464 2924 2527 extorquet
2955 2459 3040 2512 illa
3076 2459 3235 2532 figura
3268 2465 3657 2531 membrorum,
3693 2479 3741 2524 ut
3771 2473 3860 2527 ani-

2329 2557 2448 2596 mus
2494 2544 2677 2599 vivens
2725 2546 2775 2600 in
2819 2550 3064 2604 sensibus
3109 2555 3390 2622 corporis,
3425 2559 3586 2627 magis
3609 2561 3861 2616 arbitretur

2328 2635 2527 2690 sentire
2569 2652 2764 2707 corpus
2802 2641 2940 2709 quod
2985 2657 3082 2695 suo
3121 2646 3330 2714 corpori
3385 2648 3692 2706 simillimum
3717 2652 3858 2714 videt.

2328 2742 2485 2796 quam
2508 2729 2791 2783 rotundum
2821 2733 2989 2786 solent
3021 2733 3295 2805 undasque
3315 2737 3558 2805 diffusas,
3579 2751 3628 2796 et
3652 2743 3860 2812 quidquid

2330 2833 2434 2872 non
2466 2819 2665 2873 eisdem
2698 2821 3036 2876 lineamentis
3066 2823 3354 2880 formatum
3397 2832 3682 2900 conspicit,
3708 2833 3860 2902 quibus

2327 2911 2414 2966 illa
2439 2911 2658 2966 formata
2689 2923 2811 2967 sunt
2840 2930 2957 2983 qtnc
2985 2917 3212 2970 viventia
3239 2920 3428 2976 videre
3453 2925 3726 2978 consuevit.
3752 2923 3860 2979 Con-

2330 3011 2407 3056 tra
2437 3003 2576 3056 hunc
2605 3002 2870 3069 affectum,
2898 3021 3002 3074 quo
3030 3005 3258 3061 humana
3291 3019 3346 3064 et
3377 3014 3602 3068 carnalis
3632 3013 3858 3070 infirmitas

2328 3091 2481 3147 facile
2509 3094 2624 3162 capi
2658 3103 2848 3162 potest,
2893 3105 3071 3150 cantat
3097 3097 3374 3167 Scriptura
3407 3102 3497 3157 Dei
3531 3118 3611 3159 res
3633 3107 3764 3162 valde
3784 3123 3858 3162 no-

2327 3185 2595 3251 tissimas,
2643 3187 2834 3254 quibus
2881 3200 3269 3245 commemoret
3316 3204 3376 3247 et
3427 3203 3664 3265 tanquam
3703 3199 3860 3252 excitet

2324 3286 2531 3330 mentes
2553 3277 2826 3334 hominum
2852 3279 2902 3333 in
2928 3283 3314 3338 consuetudine
3337 3300 3619 3356 corporum
3641 3289 3859 3345 dormien-

2327 3375 2425 3421 tes.
2471 3368 2761 3422 Simulncm
2782 3410 2794 3433 ,
2827 3371 3029 3442 inquit,
3064 3372 3298 3428 Gentium
3329 3389 3593 3448 argentum
3619 3390 3664 3432 ct
3695 3397 3857 3435 aurum.

2325 3456 2430 3513 Sed
2476 3460 2612 3514 Deus
2642 3459 2763 3515 fecit
2791 3475 3063 3532 argentum
3109 3476 3162 3518 et
3206 3482 3421 3522 aurum.
3479 3469 3667 3541 Opera,
3698 3472 3855 3541 inquit,

2326 3566 2564 3603 manuum
2595 3551 2852 3606 hominum
2881 3570 2897 3606 :
2927 3555 3025 3608 hoc
3051 3557 3192 3609 enim
3220 3569 3548 3614 venerantur
3567 3562 3694 3632 quod
3715 3561 3793 3632 ipsi
3809 3576 3856 3616 ex

2324 3656 2455 3698 auro
2483 3656 2806 3715 argentoque
2835 3644 3095 3701 fecerunt.

2395 3733 2447 3788 6.
2481 3732 2582 3789 Sed
2613 3735 2755 3789 enim
2783 3745 2836 3789 et
2866 3751 2964 3790 nos
2997 3738 3247 3808 pleraque
3295 3741 3644 3798 instrumenta
3683 3754 3729 3798 et
3761 3757 3856 3796 vasa

2325 3838 2389 3878 ex
2430 3824 2730 3892 huiusmodi
2776 3829 2993 3880 tuateria
3022 3829 3104 3882 vel
3141 3831 3362 3885 metallo
3392 3832 3644 3889 habemus
3668 3835 3712 3888 in
3736 3848 3854 3888 usum

2325 3913 2761 3968 celebrandornm
2797 3926 3275 3986 sacramentorum,
3309 3937 3434 3991 qua:
3472 3924 3582 3992 ipso
3613 3922 3856 3977 ministerio

2325 4014 2632 4062 consecrata
2672 4017 2852 4062 sancta
2885 4008 3146 4075 dicantur,
3175 4011 3228 4065 in
3259 4011 3379 4081 ejus
3413 4013 3658 4069 honorent
3680 4014 3750 4068 cui
3782 4027 3854 4081 pro

2325 4098 2492 4152 salute
2537 4108 2712 4153 nostra
2758 4099 2880 4153 inde
2921 4101 3187 4155 servitur:
3220 4111 3272 4157 et
3303 4114 3431 4158 sunt
3476 4105 3700 4177 profecto
3732 4103 3853 4160 etiam

2327 4190 2424 4245 ista
2453 4191 2802 4247 instrumenta
2827 4193 2910 4246 vel
2939 4209 3082 4260 vasa,
3113 4195 3236 4264 quid
3263 4196 3410 4251 aliud
3435 4216 3587 4268 quam
3612 4213 3752 4267 opera
3774 4213 3857 4249 ma-

2325 4298 2486 4337 nuum
2520 4283 2827 4338 hominum?
2850 4284 3224 4342 Verumtamen
3253 4292 3511 4361 numquid
3535 4308 3592 4345 os
3614 4293 3855 4347 babent,et

2327 4389 2429 4428 non
2460 4375 2775 4444 loquentur?
2802 4377 3054 4446 numquid
3087 4379 3272 4434 oculos
3305 4380 3526 4448 habent,
3551 4392 3598 4436 et
3621 4399 3713 4435 non
3737 4379 3854 4434 vide-

2325 4466 2488 4521 bunt?
2516 4467 2767 4538 numquid
2807 4468 2885 4522 eis
2915 4467 3274 4540 supplicamu§
3293 4517 3305 4537 ,
3340 4478 3462 4543 quia
3499 4491 3588 4543 per
3612 4491 3664 4529 ea
3691 4471 3852 4541 suppli-

2324 4573 2508 4613 camus
2537 4558 2677 4614 Deo?
2707 4559 2796 4618 llla
2819 4561 3050 4614 maxime
3071 4574 3228 4616 causa
3254 4573 3336 4616 est
3368 4565 3648 4638 impietatis
3676 4567 3850 4623 inszmae,

2325 4653 2466 4722 quod
2493 4653 2611 4724 plus
2642 4655 2782 4709 valet
2817 4655 2866 4708 in
2895 4655 3169 4711 affectibus
3198 4659 3516 4714 miserorum
3547 4660 3724 4715 viventi
3747 4658 3852 4710 simi-

2327 4743 2390 4797 lis
2419 4744 2582 4797 forma
2613 4759 2730 4813 qua:
2760 4745 2857 4798 sibi
2889 4745 3050 4799 efficit
3078 4746 3387 4816 supplicari,
3421 4766 3577 4820 quam
3608 4748 3731 4818 quod
3761 4760 3850 4800 eam

2329 4835 2658 4892 manifestum
2681 4844 2763 4889 est
2786 4849 2890 4889 non
2912 4850 3030 4890 esse
3048 4836 3332 4903 viventem,
3357 4849 3412 4893 ut
3435 4841 3664 4894 debeata
3683 4839 3852 4891 vivente

2325 4928 2612 4982 contemni.
2655 4927 2779 4981 Plus
2803 4929 2946 4982 enim
2974 4931 3150 4984 valent
3175 4931 3460 4987 simulacra
3489 4932 3552 4987 ad
3581 4927 3852 4987 cnrvaudam

2327 5016 2590 5072 infelicem
2638 5018 2868 5072 animam
2917 5021 3057 5089 quod
3104 5037 3162 5076 os
3195 5022 3424 5088 habent,
3457 5025 3634 5079 oculos
3663 5021 3851 5076 habent.

2326 5124 2484 5164 aures
2507 5109 2721 5172 habent,
2748 5124 2905 5164 nares
2927 5110 3144 5177 habent,
3171 5128 3359 5167 manus
3383 5115 3595 5179 habent,
3617 5111 3761 5182 pedes
3782 5106 3854 5160 ha-

2327 5202 2469 5266 bent,
2500 5217 2657 5272 quam
2679 5201 2744 5255 ad
2768 5202 3137 5272 corrigendum
3160 5205 3299 5274 quod
3329 5223 3434 5260 non
3469 5207 3746 5275 loquentur,
3771 5213 3851 5251 non

2327 5295 2612 5358 videbunt,
2643 5310 2748 5349 non
2777 5295 3027 5363 audient,
3059 5313 3162 5352 non
3188 5299 3515 5366 odorabunt,
3557 5312 3655 5352 non
3677 5303 3852 5350 contre-

2325 5386 2563 5452 ctabunt,
2595 5400 2697 5440 non
2725 5386 3089 5442 ambulabunt.

2399 5479 2450 5532 ’1.
2495 5476 2642 5552 [vers
2668 5474 2747 5548 8.]
2797 5478 2974 5548 Itaque
3006 5480 3245 5550 sequitur
3287 5489 3344 5534 ut
3387 5480 3514 5535 illml
3560 5489 3749 5549 quoque
3785 5471 3853 5524 fiat

2326 5569 2466 5639 quod
2493 5569 2653 5623 etiam
2683 5569 2734 5622 in
2759 5569 2858 5623 hoc
2882 5570 3086 5640 psalmo
3113 5574 3380 5641 sequitur;
3411 5583 3464 5626 ιη
3493 5571 3700 5633 scilicet,
3727 5561 3854 5620 Simi-

2329 5662 2396 5714 les
2425 5661 2528 5715 illis
2561 5661 2686 5729 ﬁant
2716 5677 2887 5714 omnes
2915 5662 2999 5730 qui
3033 5663 3222 5733 faciunt
3247 5681 3303 5717 ea
3322 5706 3334 5723 ,
3364 5673 3412 5716 et
3440 5677 3604 5716 omnes
3625 5659 3701 5728 qui
3721 5652 3852 5719 conﬁ-

2327 5751 2450 5804 dunt
2490 5752 2543 5804 in
2588 5751 2678 5804 eis.
2709 5750 2930 5805 Videant
2957 5766 3083 5820 ergo
3120 5753 3202 5806 isti
3230 5753 3429 5822 apertis
3457 5761 3510 5807 et
3547 5745 3855 5805 sentientibus

2331 5842 2501 5897 oculis
2523 5885 2535 5908 ,
2565 5851 2612 5896 ct
2647 5841 2869 5896 adorent
2897 5842 3090 5897 clausis
3115 5853 3169 5898 et
3197 5845 3416 5900 mortuis
3457 5842 3738 5904 mentibus,
3773 5845 3857 5889 nec
