4188 6438
393 437 532 491 MSS

399 556 658 612 videntia,
691 566 791 605 nec
819 548 1044 604 viventia
1074 546 1374 601 simulacra.

466 647 521 700 8.
573 644 720 716 [vers.
755 639 932 713 941.]
968 658 986 691 ι
1024 640 1221 692 Domus
1249 656 1267 690 ι
1294 645 1472 690 autem
1501 653 1519 686 ι
1554 634 1717 689 Israel
1748 634 1988 704 speravit

396 740 447 790 in
473 737 781 791 Dominum.
803 732 938 801 Spes
963 750 981 783 ι
1005 731 1144 785 enim
1173 747 1191 780 ι
1221 744 1335 798 qua:
1356 726 1583 791 videtur,
1610 740 1713 780 non
1732 736 1813 780 est
1830 739 1984 794 spes:

395 830 541 900 quod
571 829 711 882 enim
746 824 1063 892 videtquis,
1096 821 1221 891 quid
1266 820 1483 889 sperat?
1527 817 1582 874 Si
1626 826 1802 874 autem
1845 818 1986 889 quod

403 937 507 975 non
533 919 780 973 videmus
802 932 1095 986 speramus,
1121 930 1214 983 per
1234 913 1544 983 patientiam
1566 921 1938 982 exspectamus
1963 930 1981 963 ι

402 1014 579 1081 (Rom.
611 1029 699 1065 vm
721 1054 735 1075 ,
763 1010 853 1075 ‘24,
884 1008 1013 1078 25).
1047 1006 1153 1063 Sed
1179 1017 1235 1061 ut
1266 1006 1517 1075 perduret
1547 1020 1714 1074 usque
1740 1005 1792 1059 in
1827 1004 1986 1058 linem

404 1110 513 1174 ipsa
571 1103 821 1173 patientia
847 1143 860 1165 ,
903 1099 1121 1169 Adjutor
1145 1114 1319 1152 eorum
1347 1108 1392 1151 et
1421 1104 1673 1166 protector
1697 1112 1871 1149 eorum
1894 1104 1984 1148 est.

403 1203 438 1250 Α
452 1213 483 1249 ιι
504 1196 730 1248 fortasse
746 1190 1050 1261 spirituales
1071 1187 1133 1260 (a
1165 1188 1358 1259 quibus
1389 1186 1632 1241 carnales
1659 1187 1990 1241 instruuntur

402 1288 455 1341 in
485 1286 675 1354 Spiritu
707 1280 1161 1345 mansuetudinis,
1193 1280 1313 1349 quia
1342 1278 1439 1348 ipsi
1471 1288 1719 1347 tauquam
1747 1276 1990 1345 superio-

403 1394 492 1433 res
525 1392 621 1447 pro
654 1373 995 1429 inferioribus
1035 1370 1367 1442 supplicant)
1407 1370 1517 1441 jam
1550 1370 1730 1424 vident
1751 1411 1763 1430 ,
1794 1378 1847 1423 et
1884 1370 1989 1423 illis

398 1472 509 1541 jam
540 1486 626 1525 res
647 1458 731 1523 est
752 1484 869 1539 qua?
895 1466 1067 1520 adhuc
1094 1464 1437 1519 inferioribus
1466 1478 1590 1532 spes
1616 1464 1734 1518 est?
1762 1461 1875 1516 Non
1908 1472 1990 1517 est

402 1565 475 1618 ita
503 1580 516 1615 :
548 1576 670 1616 nam
696 1569 751 1613 et
777 1559 957 1613 domus
978 1557 1149 1611 Aaron
1177 1555 1393 1625 speravit
1423 1556 1474 1608 in
1502 1554 1794 1607 Dominum.
1826 1554 1986 1624 Ergo,

403 1663 462 1709 ut
494 1652 662 1710 etiam
702 1650 802 1722 ipsi
846 1656 1252 1720 perseveranter
1277 1646 1632 1702 extendantur
1672 1646 1723 1699 in
1762 1661 1821 1699 ea
1868 1661 1989 1715 qua:

403 1755 524 1798 ante
556 1752 698 1805 sunt,
724 1751 776 1796 et
804 1748 1206 1811 perseveranter
1228 1746 1465 1803 currant,
1494 1737 1667 1792 donec
1688 1736 1990 1805 apprehen-

402 1837 530 1893 tlant
560 1836 613 1888 in
644 1851 751 1905 quo
780 1832 1098 1903 apprehensi
1128 1840 1252 1885 sunt
1282 1829 1540 1899 (Philipp.
1570 1845 1645 1891 ιιι,
1674 1829 1740 1882 12
1772 1830 1860 1898 14)
1880 1872 1892 1892 ,
1935 1838 1989 1883 et

399 1933 730 1995 cegnoscant
753 1925 891 1979 sicut
914 1931 967 1977 et
992 1923 1186 1993 cogniti
1214 1930 1337 1977 sunt
1365 1920 1414 1991 (Ι
1443 1919 1563 1975 Cor.
1587 1936 1701 1981 xm,
1729 1920 1849 1990 12),
1880 1920 1987 1972 Λιι-

398 2022 540 2084 futor
564 2034 737 2072 eorum
760 2025 805 2070 et
829 2024 1076 2083 protector
1099 2029 1269 2068 eorum
1292 2021 1383 2065 est.
1407 2010 1627 2081 Utrique
1649 2010 1788 2066 enim
1816 2012 1988 2064 timent

405 2111 702 2173 Daminum,
736 2117 779 2162 et
806 2115 1128 2177 speraverant
1156 2104 1208 2157 in
1238 2101 1513 2156 Dominum
1541 2118 1559 2155 :
1586 2101 1791 2172 udjutor
1817 2118 1986 2154 eorum

396 2213 444 2255 et
475 2211 724 2273 protector
752 2215 921 2252 eorum
948 2206 1039 2251 est.

471 2296 525 2347 9.
558 2290 710 2365 [ecrs.
740 2292 823 2355 19.,
852 2288 961 2361 15]
992 2288 1173 2357 Neque
1218 2287 1359 2342 enim
1408 2301 1506 2341 ros
1545 2286 1753 2341 meritis
1792 2286 1988 2339 nostris

401 2384 759 2452 prmvcnimus
810 2380 1229 2435 misericordiam
1284 2376 1693 2438 Domini:sed,
1742 2375 1990 2431 Dominus

401 2492 596 2528 memor
626 2475 721 2542 fuit
750 2473 941 2534 nostri,
970 2481 1013 2523 et
1041 2471 1291 2524 benedixit
1317 2486 1428 2523 nos.
1472 2467 1741 2523 Benedixit
1784 2468 1988 2521 domum

404 2566 593 2620 Israel.
622 2564 872 2618 benedixit
894 2564 1097 2613 domutn
1124 2562 1310 2614 Aaron.
1341 2561 1600 2626 Utrosque
1621 2573 1796 2612 autem
1825 2560 1986 2611 bene-

398 2659 604 2722 dicens,
640 2655 906 2710 Benedixit
952 2670 1122 2707 omnes
1171 2654 1395 2707 timentes
1441 2652 1737 2705 Dominum.
1783 2653 1988 2719 Qnmris

400 2766 538 2817 quos
584 2747 874 2817 utrosque?
918 2742 1302 2814 respondetur,
1344 2741 1570 2795 Pusillos
1613 2759 1726 2795 cum
1772 2743 1986 2811 magnis.

407 2841 520 2895 Hoc
548 2848 651 2905 est,
683 2836 901 2892 domum
932 2835 1091 2889 Israel
1122 2849 1240 2886 cum
1268 2832 1425 2886 domo
1453 2835 1652 2897 Aaron,
1686 2847 1779 2887 eos
1811 2834 1990 2902 utiun

401 2931 492 3000 qui
524 2946 586 2984 ex
616 2930 725 2998 ipsa
750 2938 905 2996 gente
934 2924 1277 2979 crediderunt
1317 2924 1366 2977 in
1409 2923 1727 2976 salvatorem
1771 2923 1986 2989 Jesum;

400 3022 528 3091 quia
556 3039 575 3072 ‹
607 3035 711 3074 non
744 3020 792 3070 in
813 3016 1059 3070 omnibus
1092 3014 1197 3067 illis
1225 3012 1554 3082 beneplacuit
1574 3013 1683 3068 De.)
1708 3011 1815 3085 (Id.
1840 3030 1890 3077 κ,
1910 3014 1987 3083 5).

400 3113 509 3167 Sed
538 3112 580 3165 si
604 3110 819 3181 quidam
851 3108 1063 3162 illorum
1097 3121 1201 3159 non
1233 3104 1593 3164 crediderunt,
1630 3104 1880 3174 numquid
1910 3106 1990 3159 iu-

400 3205 693 3259 credulitas
720 3203 931 3256 illormn
966 3199 1120 3253 iidem
1158 3199 1246 3253 Dei
1277 3198 1590 3252 evacuabit?
1618 3198 1769 3251 Absit
1812 3198 1986 3265 (Rom.

403 3315 481 3361 ιιι,
508 3298 585 3365 '5).
612 3295 791 3364 Neque
817 3294 958 3348 enim
987 3306 1175 3345 ouines
1203 3290 1290 3360 qui
1320 3299 1443 3343 sunt
1465 3306 1527 3342 ex
1562 3289 1719 3344 Israel
1741 3332 1753 3353 ,
1786 3290 1836 3342 bi
1869 3300 1991 3343 sunt

403 3388 599 3451 Israel;
631 3400 802 3455 neque
823 3384 909 3453 qui
933 3398 1112 3437 semen
1143 3390 1265 3434 sunt
1288 3378 1575 3445 Abraham,
1604 3395 1790 3433 omnes
1816 3380 1902 3433 iilii
1927 3398 1936 3431 :
1967 3399 1985 3431 ι

402 3478 523 3543 sed,
548 3477 687 3531 sicut
709 3475 962 3545 scriptum
990 3482 1091 3536 est,
1126 3471 1371 3540 ιέριίτμιίω
1390 3470 1543 3524 salva:
1565 3474 1716 3540 [uene
1740 3480 1876 3524 sunt.
1914 3471 1989 3523 Ex

400 3583 632 3640 persona
667 3568 810 3622 enim
839 3582 1021 3619 eorum
1060 3564 1147 3634 qui
1192 3564 1313 3619 inde
1354 3564 1726 3627 crediderunt,
1755 3563 1987 3617 dicitur:

403 3660 455 3715 Ν
464 3662 526 3714 isi
566 3659 815 3713 Dominus
862 3656 1088 3713 Sabaoth
1131 3656 1409 3725 reliquisset
1453 3655 1593 3709 nobis
1633 3672 1830 3719 semen,
1864 3657 1989 3709 sicut

399 3752 635 3806 Sodoma
665 3751 784 3819 facti
813 3764 1049 3812 essemus,
1075 3756 1118 3799 et
1150 3747 1275 3799 sicut
1298 3744 1580 3800 Gomorrha
1604 3746 1789 3799 simiies
1810 3746 1991 3816 fuissec

399 3860 517 3898 mus
547 3840 656 3915 (Id.
681 3858 754 3906 ix,
779 3840 830 3906 6,
859 3841 911 3905 7,
934 3839 1022 3903 27,
1050 3837 1165 3905 29).
1188 3836 1292 3894 Sed
1322 3837 1442 3891 ideo
1463 3853 1663 3900 semen,
1695 3836 1814 3906 quia
1842 3852 1991 3906 spar-

400 3950 523 3991 sum
556 3949 649 4003 per
679 3942 847 3987 terras
877 3929 1278 3997 nmltiplicatum
1310 3937 1411 3981 est.

478 4024 564 4081 10.
602 4022 752 4097 [vers.
786 4020 999 4092 li-18.]
1032 4021 1287 4074 Dixerunt
1310 4018 1452 4073 enim
1484 4018 1657 4087 magni
1691 4019 1703 4047 ¹
1736 4016 1799 4072 de
1828 4017 1988 4071 domo

405 4119 612 4181 Aaron,
636 4114 857 4185 Adjiciat
886 4112 1128 4166 Dominus
1151 4127 1301 4178 super
1348 4125 1453 4174 vos,
1481 4126 1633 4175 super
1657 4125 1740 4162 vos
1769 4118 1812 4161 et
1839 4126 1989 4178 super

403 4210 543 4279 ﬁlios
583 4218 770 4262 vestros
791 4207 833 4257 ¹.
867 4206 929 4259 Et
971 4204 1041 4257 ita
1084 4203 1277 4256 factum
1322 4210 1421 4255 cst.
1457 4201 1809 4253 Accesserant
1847 4200 1986 4253 enim

401 4303 566 4355 etiam
597 4300 663 4354 de
689 4297 954 4368 lapidibus
984 4310 1104 4350 susc
1132 4294 1222 4347 tati
1258 4294 1345 4347 lilii
1375 4292 1639 4347 Abraham
1667 4290 1878 4362 (Matth.
1912 4308 1982 4356 ut,

402 4393 462 4461 9)
490 4410 503 4445 :
535 4398 868 4445 accesserunt
900 4403 1027 4442 oves
1054 4402 1171 4455 qua:
1201 4400 1304 4438 non
1335 4393 1488 4439 erant
1513 4383 1579 4437 de
1608 4382 1710 4436 hoc
1740 4383 1896 4445 ovili,
1930 4394 1985 4435 ut

401 4484 557 4539 fieret
580 4496 712 4536 unus
734 4495 858 4551 grex
882 4488 935 4534 et
961 4493 1095 4531 unus
1120 4486 1297 4545 pastor
1319 4473 1498 4543 (Joan.
1524 4490 1576 4538 ιι,
1608 4472 1694 4545 lii)
1726 4492 1737 4527 :
1763 4473 1989 4528 accessit

404 4576 539 4630 lides
568 4573 801 4627 omnium
829 4570 1085 4640 gentium,
1116 4578 1167 4621 et
1198 4569 1363 4621 crevit
1394 4582 1649 4620 numerus
1680 4582 1782 4620 non
1811 4567 1975 4621 Solmr

402 4665 722 4736 Sapientiam
747 4662 1040 4716 antistitum
1068 4701 1080 4723 ,
1112 4658 1202 4713 sed
1231 4660 1390 4713 etiam
1419 4658 1781 4713 obedientium
1816 4673 1986 4728 popu-

402 4761 608 4822 iorum;
638 4756 919 4825 adjiciente
967 4752 1189 4806 Domino
1233 4767 1335 4804 non
1378 4750 1549 4804 solum
1582 4765 1744 4819 super
1786 4760 1983 4818 patres,

400 4852 493 4923 qui
524 4851 591 4904 ad
624 4824 777 4903 illnm‘
801 4849 852 4901 in
879 4847 1092 4903 Christo
1122 4856 1346 4900 cancros
1372 4844 1675 4897 imitaturus
1701 4843 1983 4912 praeirent,

399 4944 498 5001 sed
528 4944 687 4999 etiam
719 4957 879 5010 super
910 4939 1045 4994 tilias
1073 4954 1278 5001 eorum,
1302 4936 1390 5006 qui
1417 4944 1621 5005 patrum
1653 4936 1737 5005 pia
1768 4937 1985 5005 veStigia

400 5042 772 5108 sequerentur.
804 5032 935 5087 Nam
963 5031 1041 5085 sic
1071 5030 1143 5083 ait
1174 5028 1264 5083 ille
1308 5026 1389 5080 bis
1428 5042 1565 5096 quos
1610 5042 1705 5094 per
1751 5027 1987 5096 Evange-

404 5133 532 5186 lium
558 5130 610 5183 in
630 5126 843 5183 Christo
870 5131 1125 5193 genuerat
1150 5140 1163 5176 :
1195 5120 1482 5174 lmitatores
1515 5120 1610 5172 mei
1640 5128 1793 5173 estote
1814 5162 1826 5182 ,
1854 5122 1983 5174 sicut

398 5234 445 5277 et
473 5238 563 5292 ego
584 5220 770 5275 Christi
795 5218 836 5287 (l
859 5216 975 5272 Cor.
1002 5232 1073 5281 tv,
1102 5215 1166 5270 15
1185 5224 1229 5269 ει
1251 5213 1357 5284 16).
1384 5211 1778 5282 Adjecititaque
1807 5211 1983 5266 Domi-

399 5330 535 5377 nus,
565 5327 671 5366 non
713 5310 885 5365 solum
921 5322 1083 5376 super
1117 5315 1325 5359 montes
1365 5302 1651 5374 gestientes
1678 5303 1814 5357 sicut
1844 5304 1985 5359 arie-

401 5418 519 5471 tes,
547 5405 639 5460 sed
692 5404 853 5459 etiam
897 5417 1056 5470 super
1099 5400 1263 5455 colles
1306 5400 1595 5463 gestientes
1640 5398 1775 5452 sicut
1817 5413 1981 5467 agnos

395 5499 573 5553 ovium
604 5497 645 5550 ³.

459 5699 475 5726 ι
505 5701 637 5751 tov.,
661 5704 834 5754 magna
858 5703 874 5739 :
898 5688 1301 5738 dissentientibus
1316 5684 1698 5758 Aczeteris‘libris.
1776 5753 1785 5758 Δ
1914 5748 1950 5758 _.

456 5761 476 5788 ¹
504 5744 636 5809 Mss,
655 5744 801 5814 super
834 5764 945 5814 nos.»
976 5762 1121 5814 super
1157 5761 1241 5814 nos
1280 5756 1323 5797 et
1346 5761 1488 5805 super
1525 5745 1648 5811 filios
1685 5759 1745 5795 no
1770 5753 1886 5795 tros.
1912 5748 1982 5795 Sic

393 5823 545 5870 etiam
572 5811 754 5864 habent
778 5819 825 5862 in
850 5812 1093 5880 PsalJl],
1119 5825 1165 5880 ιιἶ
1276 5878 1282 5880 _
1406 5878 1412 5880 _
1531 5871 1538 5880 .
1611 5878 1618 5880 _
1746 5871 1755 5879 ι
1838 5869 1847 5879 _

460 5885 480 5914 ³
506 5881 579 5927 sic
608 5886 693 5925 ttss
732 5885 782 5924 at
806 5883 913 5924 [ογ.
934 5908 946 5932 ,
970 5873 1127 5931 colles,
1148 5871 1199 5920 id
1216 5878 1283 5921 cst
1307 5878 1481 5933 gentes,
1500 5871 1618 5920 sicut
1643 5871 1755 5933 agni
1775 5871 1946 5919 arium.

1460 425 1855 485 ENARRATIO
1895 423 2302 483 INI‘SAI..\1U.\I
2343 430 2525 486 CXIV.

3544 450 3679 502 1:36

2172 542 2257 595 11.
2304 543 2529 598 Proinde
2561 545 2641 600 his
2673 548 2908 619 utrisque
2940 553 3141 621 magnis
3174 563 3227 610 et
3259 558 3495 623 pusillis.
3528 577 3673 615 tuon-

2099 632 2238 686 t.bus
2288 643 2341 687 ct
2383 636 2646 702 collibus,
2689 640 2943 696 arietibus
2970 654 3022 697 et
3051 646 3200 715 agnis
3239 647 3368 703 dicit
3414 651 3675 721 Propheta

2098 723 2236 792 quod
2266 726 2504 794 sequitur
2528 744 2539 779 :
2567 727 2822 783 Benedicti
2852 749 2933 788 vos
2969 734 3215 804 Domino,
3245 742 3331 809 qui
3356 744 3469 812 fecit
3499 747 3678 800 cwlum

2097 824 2143 866 ct
2174 824 2377 869 (errant.
2409 818 2677 889 Tanquam
2706 822 2940 892 diceret,
2984 827 3251 886 Bent-dicti
3298 849 3392 888 vos
3433 837 3671 902 Domino,

2098 907 2186 975 qni
2231 923 2325 961 vos
2375 909 2497 965 fecit
2539 915 2731 968 malum
2774 917 2823 969 in
2872 922 3094 989 magnis,
3125 933 3319 978 terram
3352 926 3400 980 in
3429 930 3674 997 pusillis:

2097 997 2189 1052 sed
2216 999 2408 1054 caelum
2434 1018 2537 1056 non
2564 1004 2701 1058 istud
2731 1008 2956 1075 visibile,
2988 1013 3199 1079 plenum
3233 1016 3582 1078 lmninaribus
3608 1024 3675 1078 ad

2098 1087 2198 1143 bos
2225 1091 2406 1145 oculos
2443 1095 2852 1161 pertinentibus.
2893 1099 3083 1154 Certum
3108 1104 3247 1157 enim
3275 1108 3384 1161 cazti
3422 1108 3677 1178 Domino;

2097 1178 2187 1248 qui
2210 1183 2379 1236 erexit
2407 1193 2459 1237 et
2487 1186 2790 1242 sublimavit
2810 1193 3160 1259 quorumdam
3194 1208 3495 1254 Sanctorum
3528 1219 3678 1257 ineu-

2098 1278 2178 1325 tes
2205 1272 2255 1326 in
2281 1281 2507 1342 tantmn,
2538 1287 2591 1331 ut
2616 1279 2740 1333 nulli
2773 1280 3172 1348 hominum,sed
3202 1288 3298 1357 ipsi
3332 1290 3437 1345 Deo
3467 1309 3564 1345 suo
3584 1295 3679 1348 do-

2095 1363 2280 1419 cibiles
2322 1366 2514 1422 ﬁerent
2540 1387 2551 1422 :
2586 1370 2637 1424 in
2670 1371 2820 1440 cujus
2849 1376 2969 1429 coeli
2998 1382 3395 1446 comparatione
3426 1385 3678 1456 quidquid

2095 1455 2307 1510 carneis
2342 1458 2511 1513 oculis
2552 1462 2806 1526 cernitur,
2843 1471 2980 1519 terra
3010 1466 3235 1523 dicenda
3267 1482 3376 1534 cst;
3403 1455 3679 1542 t‘ltltltllrtle-

2097 1544 2170 1598 dit
2196 1547 2317 1615 ﬁliis
2340 1548 2630 1618 hominum,
2664 1562 2719 1605 ut
2750 1556 2862 1622 ejus
2899 1558 3331 1615 ct‘insideratione
3370 1566 3486 1619 sive
3522 1568 3589 1620 ab
3617 1584 3676 1620 ca

2097 1647 2248 1706 parte
2277 1655 2396 1709 qua:
2421 1657 2582 1711 super
2609 1645 2871 1709 illustrat,
2901 1650 3037 1703 sicut
3068 1663 3151 1706 est
3184 1653 3282 1709 huc
3319 1659 3455 1725 quod
3487 1661 3681 1714 dicitur

2096 1729 2313 1796 etrlum,
2343 1734 2455 1787 sive
2481 1734 2548 1788 ab
2569 1750 2629 1790 ea
2655 1752 2774 1805 qua:
2801 1739 2985 1795 Subter
3009 1741 3320 1810 illustratur,
3350 1750 3431 1801 cui
3468 1754 3679 1820 proprie

2098 1830 2234 1875 terra
2267 1837 2458 1878 nomen
2488 1834 2590 1894 est,
2614 1842 2735 1883 cum
2762 1836 2928 1884 totum
2952 1833 3088 1887 sicut
3114 1844 3672 1905 conunemoravanus,

2098 1910 2148 1965 in
2181 1911 2320 1967 illius
2346 1918 2745 1984 comparatione
2774 1921 2915 1990 quod
2940 1924 3132 1979 cmlum
3159 1928 3277 1981 emli
3302 1931 3512 1998 dicitur,
3541 1945 3676 1990 terra

2096 2002 2194 2067 sit;
2238 2014 2425 2060 terram
2450 2023 2576 2078 ergo
2608 2009 2766 2065 istam
2799 2022 2961 2067 tutam
2989 2015 3127 2070 dedit
3155 2020 3276 2087 ﬁliis
3305 2023 3591 2090 hominum,
3624 2028 3693 2079 nt‘

2096 2093 2212 2163 ejus
2261 2099 2718 2168 consideratione,
2774 2116 3026 2173 quantum
3079 2121 3332 2179 possunt,
3393 2118 3680 2185 conjiciunt

2096 2186 2431 2255 Creatorem,
2462 2205 2618 2259 quem
2660 2193 2886 2250 infirmis
2920 2197 3094 2253 adhuc
3134 2203 3383 2258 cordibus
3419 2207 3536 2262 sine
3578 2210 3679 2265 isto

2095 2277 2416 2346 conjectum
2445 2281 2766 2337 adminiculo
2795 2285 2975 2343 videre
3002 2304 3106 2343 non
3140 2303 3380 2360 possunt.

2170 2368 2257 2422 19..
2289 2369 2383 2423 Est
2407 2381 2461 2426 et
2491 2372 2626 2428 alius
2658 2374 2987 2443 intellectus,
3015 2395 3045 2432 a
3073 2396 3179 2450 quo
3203 2382 3537 2443 dissimulare
3573 2406 3675 2447 non

2095 2457 2284 2520 debeo.
2311 2461 2593 2516 verborum
2625 2464 2867 2533 istorum,
2900 2470 3092 2537 quibus
3122 2472 3319 2528 dictum
3346 2487 3461 2543 est,
3486 2477 3678 2535 Caelum

2095 2554 2208 2606 coeli
2238 2552 2471 2620 Domino,
2503 2565 2686 2609 terram
2707 2569 2877 2613 autem
2900 2561 3035 2614 dedit
3060 2563 3183 2631 ﬁliis
3205 2565 3464 2621 hominum
3490 2586 3508 2624 :
3533 2582 3589 2626 ut
3612 2575 3679 2627 ab

2096 2657 2161 2697 eo
2204 2645 2341 2713 quod
2377 2645 2640 2712 diximus,
2686 2666 2791 2703 non
2833 2653 3049 2707 recedat
3084 2654 3327 2710 intentio.
3364 2660 3678 2717 Dixeramus

2096 2734 2235 2787 cnim
2270 2751 2488 2805 magnos
2515 2746 2565 2791 et
2595 2740 2815 2807 pusillos
2838 2743 3126 2810 signiﬁcari
3152 2747 3311 2801 etiam
3334 2765 3398 2803 eo
3419 2753 3558 2819 quod
3585 2755 3679 2808 ad-

2092 2824 2289 2893 jectum
2320 2838 2399 2879 cst
2421 2869 2434 2891 ,
2468 2827 2727 2882 Benedicti
2757 2848 2840 2884 ros
2883 2832 3101 2888 Domino
3121 2876 3135 2902 ,
3173 2840 3257 2903 qui
3283 2841 3397 2910 fecit
3426 2844 3606 2897 cwlum
3635 2856 3681 2899 et

2098 2926 2302 2969 terram.
2352 2918 2403 2973 Si
2436 2935 2562 2988 ergo
2592 2936 2811 2989 magnos
2838 2924 2992 2987 eali,
3034 2926 3253 2993 pusillos
3296 2938 3471 2985 autem
3524 2943 3681 2991 terra:

2096 3009 2311 3064 nomine
2340 3011 2629 3079 accipimus
2657 3031 2667 3065 :
2694 3015 2944 3082 quoniam
2979 3017 3154 3085 pusilli
3188 3023 3482 3077 crescendo
3515 3024 3680 3081 futuri

2096 3107 2221 3152 sunt
2245 3101 2456 3162 ccclntu,
2483 3109 2536 3154 et
2565 3102 2615 3154 in
2647 3104 2756 3171 ipsa
2789 3119 2884 3173 spe
2919 3104 3054 3159 lacte
3084 3109 3417 3174 nutriuntur;
3452 3116 3528 3168 sic
3555 3130 3681 3171 sunt

2088 3191 2166 3246 .illi
2201 3195 2372 3262 magni
2404 3195 2594 3248 (mlunt
2630 3204 2784 3249 terra}
2809 3240 2823 3258 ,
2856 3214 2976 3252 cum
3023 3204 3271 3268 parvulos
3303 3208 3576 3276 nutriunt,
3623 3223 3679 3264 ut

2096 3284 2255 3337 etiam
2281 3286 2473 3339 cmlnm
2497 3288 2616 3340 cmli
2646 3304 2703 3341 se
2726 3304 2845 3343 esse
2876 3290 3191 3361 intelligant,
3221 3296 3343 3350 dum
3367 3301 3600 3370 cogitant
3626 3306 3679 3357 in

2096 3389 2194 3442 qua
2226 3390 2320 3443 spe
2356 3377 2553 3443 parvuli
2585 3379 2903 3432 nutriantur.
2953 3380 3057 3434 Sed
3100 3392 3271 3439 tamen
3304 3388 3424 3456 quia
3463 3391 3572 3457 jam
3607 3394 3682 3447 illi

2098 3481 2201 3518 non
2233 3469 2297 3519 ab
2327 3465 2569 3529 homine,
2602 3484 2774 3535 neque
2800 3486 2891 3537 per
2919 3468 3187 3527 hominem
3212 3516 3225 3541 ,
3260 3477 3352 3530 sed
3387 3493 3479 3546 per
3506 3480 3680 3549 ipsum

2100 3557 2260 3610 Deum
2294 3570 2513 3626 earpunt
2544 3559 2902 3615 sinceritatem
2935 3563 3338 3636 ubertatemque
3367 3571 3679 3641 sapientiae;

2096 3661 2415 3719 acceperunt
2462 3653 2705 3720 parvulos
2754 3653 2955 3707 futuros
2983 3656 3195 3725 quidem
3226 3662 3448 3727 malum,
3484 3674 3539 3718 ιιι
3566 3681 3681 3723 coe-

2096 3743 2203 3796 lum
2235 3743 2352 3796 coeli
2389 3758 2446 3798 se
2483 3760 2601 3797 esse
2630 3746 2829 3809 sciant;
2862 3746 3036 3803 adhuc
3064 3758 3237 3804 tamen
3268 3761 3459 3806 terram
3484 3757 3566 3809 cui
3598 3759 3679 3811 di-

2096 3842 2237 3898 cant,
2267 3832 2377 3903 Ego
2408 3835 2650 3903 plantavi,
2683 3836 2866 3905 Apollo
2893 3839 3093 3907 rigavit,
3123 3840 3211 3891 sed
3242 3840 3372 3894 Deus
3400 3843 3683 3900 incremen-

2096 3932 2202 3975 tum
2223 3922 2357 3975 dedit
2379 3923 2427 3986 (Ι
2452 3923 2563 3978 Cor.
2590 3941 2666 3989 ιιι,
2685 3926 2762 3993 6).
2789 3926 2918 3994 Ipsis
2939 3928 3080 3981 enim
3105 3928 3227 3981 liliis
3254 3929 3521 3987 hominum
3544 3951 3679 4005 quos

2098 4010 2218 4065 fecit
2244 4014 2459 4076 emittm,
2484 4023 2675 4067 terram
2698 4015 2845 4069 dedit
2874 4017 2924 4069 in
2954 4034 3053 4085 qua
3079 4032 3388 4087 operentur,
3415 4026 3501 4092 qui
3531 4030 3681 4084 novit

2098 4112 2252 4156 terrae
2282 4104 2559 4172 providere
2584 4120 2677 4174 per
2700 4106 2917 4161 malum.
2951 4108 3197 4165 Maneant
3224 4113 3380 4183 igitur
3405 4119 3596 4173 coelum
3626 4134 3680 4176 et

2098 4204 2236 4247 terra
2270 4194 2318 4246 in
2354 4194 2459 4249 Deo
2488 4210 2584 4249 suo
2614 4196 2700 4265 qui
2732 4194 2853 4252 iecit
2883 4214 2965 4265 ea,
2996 4208 3048 4254 et
3079 4202 3257 4257 vivant
3282 4222 3344 4259 ex
3375 4224 3438 4261 eo
3462 4252 3475 4274 ,
3510 4216 3680 4266 conti-

2097 4294 2271 4341 tentes
2293 4287 2338 4341 ei
2360 4296 2413 4341 et
2435 4287 2710 4342 laudantes
2731 4305 2852 4344 eum
2876 4308 2890 4346 :
2915 4308 3033 4345 nam
3057 4294 3100 4347 si
3123 4311 3186 4349 ex
3209 4311 3267 4351 se
3292 4300 3452 4354 velint
3480 4303 3675 4369 vivere,

2097 4380 2409 4444 morientur,
2434 4380 2571 4434 sicut.
2593 4380 2852 4449 scriptum
2883 4396 2985 4451 est,
3018 4389 3056 4437 Α
3087 4399 3282 4442 mortuo
3306 4394 3450 4459 quasi
3475 4396 3559 4462 qui
3580 4414 3680 4450 non

2095 4470 2177 4532 sit,
2208 4471 2333 4538 perit
2359 4471 2609 4539 confessio
2641 4471 2827 4543 (Eccli.
2858 4490 2995 4539 xvii,
3018 4476 3133 4546 ‘26).
3164 4478 3299 4541 Sed,
3341 4480 3460 4537 Non
3498 4491 3680 4540 mortui

2095 4563 2369 4619 Laudabunt
2401 4574 2446 4617 te
2468 4606 2481 4626 ,
2517 4562 2763 4628 Domine,
2795 4582 2954 4637 neque
2978 4586 3149 4624 omnes
3170 4574 3253 4641 qui
3283 4574 3587 4629 descendunt
3629 4582 3679 4632 in

2095 4656 2367 4723 infernum.
2397 4656 2601 4710 Clamat
2630 4657 2771 4709 enim
2800 4659 2904 4711 alio
2938 4660 3055 4712 loco
3088 4671 3173 4715 tua
3205 4662 3476 4732 Scriptura
3506 4684 3515 4717 :
3548 4668 3679 4721 Pec-

2095 4756 2260 4809 cutar,
2293 4747 2415 4798 dum
2453 4749 2638 4799 venerit
2673 4749 2725 4800 in
2758 4751 3067 4819 profundum
3097 4752 3341 4805 malorum
3367 4796 3379 4809 .
3409 4762 3680 4811 contemnit

2096 4836 2277 4905 (Prov.
2301 4853 2453 4900 xvm,
2486 4838 2564 4908 ³5).
2596 4838 2702 4893 Sed
2724 4856 2816 4892 nos
2838 4842 2923 4909 qui
2951 4844 3177 4905 vivimus,
3210 4844 3546 4899 benedicimus
3572 4848 3678 4902 Do-

2096 4930 2306 4995 minum,
2338 4947 2398 4983 ac
2427 4930 2520 4983 hoc
2551 4947 2683 4983 nunc
2714 4940 2760 4984 et
2786 4948 2936 5001 usque
2963 4934 3011 4984 in
3037 4936 3293 4987 sa’culam.

2098 5064 3677 5089 MM

2529 5159 2610 5218 IN
2655 5159 2789 5219 PSA
2803 5160 3030 5221 LMUM
3076 5161 3181 5223 CX
3195 5165 3212 5223 l
3227 5164 3296 5222 Υ.

2659 5301 3067 5357 ΙΞΝᾹΙΠἘᾹΤΙΟ.

2616 5446 2787 5487 SEBMO
2819 5449 2883 5487 AD
2916 5449 3139 5489 PLEBEM.

2163 5590 2214 5642 1.
2246 5586 2407 5661 [vers.
2436 5585 2512 5660 1.]
2549 5586 2717 5642 Dilexi
2737 5630 2748 5651 ,
2776 5592 3014 5657 quoniam
3046 5595 3280 5647 exaudiit
3313 5594 3555 5651 Dominus
3588 5615 3675 5652 vo-

2090 5695 2195 5733 cem
2216 5680 2582 5749 deprecationis
2610 5678 2749 5734 mete.
2770 5680 2957 5734 Cantet
2982 5683 3080 5735 hoc
3105 5685 3278 5737 anima
3298 5703 3413 5754 qum
3441 5694 3677 5758 pert-gri-

2092 5779 2249 5825 natur
2280 5786 2306 5823 a
2343 5771 2566 5825 Domino
2586 5815 2599 5834 ,
2635 5782 2814 5827 cantet
2848 5775 2948 5826 hoc.
2978 5777 3091 5827 mis
3125 5778 3208 5829 illa
3234 5794 3349 5846 qua:
3378 5796 3672 5847 erraverat,

2091 5871 2268 5917 cantet
2319 5862 2419 5916 hoc
2468 5865 2602 5917 Illius
2649 5866 2737 5919 illc.
2778 5868 2865 5934 qui
2896 5876 3139 5920 mortutts
3169 5868 3335 5927 fuerat
3372 5882 3423 5928 et
3451 5877 3672 5945 revi\it,
