4188 6448
598 440 730 496 1487

596 557 824 627 perierat
855 561 901 606 et
932 550 1177 606 iuventus
1207 555 1286 604 est
1313 547 1465 618 (Luc.
1500 561 1589 611 xv,
1620 545 1672 613 6,
1702 542 1827 615 9i);
1859 552 2034 598 cantet
2065 542 2166 598 hoc

596 647 768 700 anima
797 653 974 698 nostra
995 685 1008 709 ,
1040 641 1228 696 fratres
1255 650 1307 694 et
1339 639 1428 692 lilii
1460 637 1778 692 charissitui.
1827 633 2166 698 lirudiamur,

597 752 644 793 et
679 751 1114 808 permaneamus,
1145 744 1196 788 cl
1223 747 1343 787 eum
1370 731 1567 786 sanctis
1595 729 1692 784 ista
1724 735 2002 782 cantemus
2029 745 2041 779 :
2072 723 2165 778 Di-

597 831 728 895 lexi,
757 828 991 898 quoniam
1023 824 1253 880 exaudiet
1299 821 1548 876 Dominus
1595 837 1764 875 vocem
1806 817 2170 888 deprecationis

594 937 734 975 mean
768 917 1029 987 Numquid
1062 917 1174 986 ipsa
1203 914 1455 985 diligendi
1481 927 1641 968 causa
1668 921 1769 978 est,
1800 910 2036 980 quoniam
2068 907 2170 962 Do-

592 1013 757 1066 minus
800 1009 1032 1064 exaudie'
1078 1025 1246 1062 vorem
1287 1005 1653 1076 deprecationis
1680 1003 1836 1058 meas?
1859 1018 1921 1056 ac
1943 1017 2045 1056 non
2079 1017 2172 1071 po-

592 1107 696 1158 tius
727 1113 813 1157 aut
843 1103 960 1157 ideo
987 1101 1257 1170 diligimus
1300 1100 1419 1170 quia
1452 1096 1748 1161 exaudivit,
1779 1105 1866 1148 aut
1901 1094 2019 1149 ideo
2047 1092 2170 1147 dili-

591 1199 763 1266 gimus
795 1205 849 1249 ut
879 1195 1155 1248 exaudiat?
1194 1193 1328 1259 Quid
1376 1201 1457 1247 est
1505 1207 1663 1260 ergo,
1700 1189 1902 1255 Dilexi,
1933 1188 2172 1259 quoniam

591 1289 861 1342 exaudiet?
894 1291 929 1338 .-\
943 1303 972 1338 ιι
1005 1287 1122 1354 quia
1153 1285 1493 1338 dilectionem
1521 1297 1642 1352 Spes
1671 1281 1808 1334 solet
1841 1279 2131 1334 accendere
2151 1319 2169 1345 ,

591 1379 838 1434 dilexisse
899 1393 956 1430 se
1012 1377 1181 1441 dixit,
1224 1377 1472 1444 quoniam
1520 1373 1752 1441 speravit
1800 1369 2169 1426 cxauditurum

596 1471 758 1524 Deum
788 1484 968 1524 voeem
1001 1466 1388 1535 deprecationis
1417 1465 1563 1518 suae?

660 1559 712 1612 '2.
745 1557 890 1630 [νει-δ.
920 1557 974 1622 9.,
1002 1559 1035 1612 3
1059 1555 1079 1628 ]
1109 1555 1256 1611 Unde
1287 1567 1464 1610 autem
1498 1554 1597 1608 hoc
1627 1553 1891 1622 speravit?
1917 1552 2170 1620 Quoniam

591 1648 883 1713 inclinavit,
918 1649 1115 1718 inquit,
1145 1663 1316 1700 aurem
1345 1663 1490 1699 suam
1519 1647 1660 1708 tui/ti,
1693 1657 1738 1698 et
1773 1646 1822 1697 in
1853 1646 2026 1698 diebus
2051 1644 2172 1698 meis

589 1739 830 1792 invocari.
880 1739 1018 1808 Ergo
1050 1738 1168 1791 ideo
1195 1737 1394 1800 dilexi,
1427 1736 1676 1805 quoniam
1711 1737 1956 1789 examliet
1987 1753 2000 1798 ;
2051 1735 2171 1789 ideo

591 1829 874 1893 exaudiet,
910 1829 1144 1899 quoniam
1194 1827 1452 1881 inclinarit
1493 1844 1667 1879 aurem
1711 1844 1854 1878 suam
1885 1827 2026 1878 nti/ti.
2065 1825 2170 1880 Sed

593 1922 734 1979 unde
765 1923 889 1985 seis,
922 1937 954 1975 ο
979 1924 1151 1974 anima
1180 1921 1428 1986 humana,
1453 1919 1590 1989 quod
1620 1920 1890 1972 inclinavit
1921 1919 2056 1974 Deus
2077 1934 2172 1972 au-

593 2032 704 2072 rem
737 2032 886 2071 suam
919 2016 1028 2078 tibi,
1065 2015 1162 2068 nisi
1193 2013 1361 2076 dicas,
1395 2013 1643 2066 Credidi?
1672 2011 1886 2066 Manent
1913 2026 2040 2082 ergo
2073 2011 2170 2066 tria

591 2109 726 2168 hate,
761 2105 912 2170 ﬁdes,
943 2120 1085 2174 spes,
1112 2103 1345 2157 thtritas
1371 2102 1426 2171 (ri
1452 2101 1568 2158 Cor.
1603 2118 1717 2166 xui,
1753 2103 1841 2172 l5)
1870 2120 1880 2151 τ
1906 2103 2025 2174 quia
2048 2117 2169 2158 cre-

589 2197 790 2262 didisti,
818 2196 1073 2264 sperasti;
1107 2195 1227 2264 quia
1259 2195 1506 2264 sperasti.
1535 2193 1786 2248 dilexisti.
1811 2191 1928 2248 Jam
1956 2194 1998 2246 si
2023 2208 2170 2264 qua:-

591 2303 704 2343 ram
759 2288 898 2342 unde
952 2286 1236 2341 crediderit
1287 2287 1460 2338 anima
1511 2286 1796 2340 inclinasse
1841 2286 1940 2340 sibi
1986 2301 2168 2340 aurem

590 2379 757 2434 Deum
785 2392 970 2444 suum;
1000 2391 1176 2432 nonne
1204 2374 1547 2446 respondebit
1568 2394 1580 2429 :
1601 2375 1735 2444 Quia
1763 2395 1790 2428 -‹
1822 2377 1966 2446 prior
1987 2376 2170 2431 dilexit

589 2484 707 2535 nos,
740 2479 792 2524 et
839 2467 972 2523 Filio
1018 2467 1233 2538 preprio
1285 2482 1388 2522 non
1435 2468 1707 2537 pepercit,
1734 2467 1827 2522 sed
1875 2481 1970 2536 pro
2016 2467 2168 2522 nobis

587 2559 836 2615 omnibus
863 2559 1077 2614 tradidit
1097 2573 1218 2612 eum
1247 2577 1266 2610 ι
1293 2557 1470 2628 (Rom.
1505 2573 1616 2625 vni,
1636 2558 1774 2628 5‘2)?
1796 2576 1814 2609 ι
1843 2556 2162 2624 Quomodm

586 2651 728 2706 enim
762 2670 780 2702 ι
815 2650 1138 2705 invecabunt
1183 2649 1235 2704 in
1281 2665 1439 2720 quem
1486 2665 1591 2703 non
1636 2648 2015 2704 crediderunt?
2049 2668 2067 2700 ι
2095 2649 2170 2704 ait

590 2743 788 2798 Doctor
835 2741 1081 2797 Gentium
1113 2759 1124 2794 :
1161 2759 1178 2793 ι
1212 2751 1302 2795 aut
1328 2739 1596 2811 quomodo
1623 2739 1844 2795 credent
1871 2755 2028 2811 quem
2059 2754 2167 2795 non

588 2835 901 2891 audierunt?
921 2834 1200 2904 Quomodo
1229 2844 1406 2888 autem
1427 2834 1648 2888 audient
1668 2834 1787 2889 sine
1816 2831 2169 2904 pra‘dieantc?

586 2933 679 2980 aut
703 2924 970 2996 quomodo
991 2923 1374 2995 przedicabunt,
1395 2923 1497 2977 nisi
1527 2925 1802 2976 mittantur
1829 2941 1846 2973 ι
1865 2921 1973 2992 (Id.
2002 2938 2055 2991 ι,
2081 2923 2164 2990 14,

587 3014 720 3090 l5)?
749 3016 878 3071 Cum
907 3015 1024 3071 inec
1051 3015 1226 3070 omnia
1255 3024 1401 3086 gesta
1433 3028 1556 3084 erga
1588 3029 1674 3068 mc
1703 3028 2001 3080 cernerem,
2034 3029 2166 3084 quo-

579 3110 747 3167 .modo
773 3125 875 3166 non
905 3109 1178 3164 crederem
1207 3107 1352 3179 quod
1383 3107 1658 3162 inclinavit
1699 3107 1953 3162 Dominus
1979 3121 2163 3162 aurem

585 3219 734 3260 suam
765 3202 928 3258 mihi?
950 3201 1018 3256 Et
1044 3201 1120 3257 sic
1145 3199 1538 3256 commendavit
1566 3200 1618 3253 in
1648 3199 1799 3254 nobis
1823 3198 2163 3254 dilectionem

588 3311 762 3361 suam,
791 3303 848 3349 ιιι
876 3294 1118 3349 Christus
1143 3308 1240 3364 pro
1267 3293 1441 3363 impiis
1469 3301 1767 3348 moreretur
1787 3291 1894 3363 (Id.
1925 3309 1975 3355 v,
1999 3292 2053 3357 8,
2082 3290 2161 3363 9).

585 3387 903 3456 Cum-igitur
933 3387 1046 3439 tunc
1077 3386 1205 3440 mihi
1226 3387 1606 3440 annuntiarent
1628 3385 1856 3454 sreciosi
1886 3385 2050 3454 pedes
2073 3399 2165 3440 eo-

584 3493 702 3534 rum
735 3478 824 3549 qui
853 3477 1296 3532 annuntiavcrual
1342 3491 1524 3546 pacem
1549 3518 1562 3541 ,
1597 3477 1684 3546 qui
1716 3478 2165 3531 aununtiavcrunt

584 3569 724 3624 bona
756 3565 910 3637 (Isai.
947 3582 1012 3620 ι.ιι
1036 3609 1048 3632 ,
1081 3566 1135 3634 ’1)
1159 3609 1174 3632 ,
1205 3567 1326 3635 quia
1353 3566 1515 3619 omnis
1544 3568 1629 3636 qui
1657 3567 1956 3620 int'oruverit
1985 3584 2163 3620 nomen

586 3659 826 3726 Domini,
857 3659 1026 3714 salvus
1064 3659 1156 3712 erit
1206 3656 1341 3727 (Joel
1371 3675 1436 3724 ιι,
1461 3657 1576 3730 39.),
1605 3658 1806 3712 credidi
1833 3675 2016 3712 aurem
2049 3659 2164 3729 ejus

583 3753 890 3809 inclinatam
919 3752 1070 3818 mibi,
1103 3760 1150 3805 et
1176 3752 1228 3804 in
1256 3751 1427 3806 diebus
1457 3753 1576 3805 meis
1601 3751 1848 3805 invocavi.

653 3847 707 3901 3.
741 3844 808 3900 Et
831 3845 924 3916 qui
958 3853 1078 3899 sunt
1108 3844 1222 3898 dies
1258 3844 1350 3909 tui,
1380 3844 1628 3913 quoniam
1657 3843 1872 3910 dixisti,
1896 3843 1960 3896 In
1989 3844 2162 3898 diebus

580 3939 705 3995 meis
749 3938 1017 3994 invocavi?
1040 3953 1106 3992 au
1156 3938 1289 3992 forte
1335 3937 1408 3991 illi
1455 3937 1647 4007 quibus
1693 3939 1839 3992 venit
1889 3939 2160 4007 plenitudo

582 4032 857 4100 temporis,
891 4040 944 4084 et
973 4031 1115 4085 misit
1143 4031 1284 4084 Deus
1312 4029 1505 4084 Filium
1539 4046 1692 4084 suum
1726 4030 1922 4100 (Halat.
1949 4048 2016 4096 iv,
2052 4029 2155 4100 4),

581 4123 668 4193 qui
695 4123 804 4192 jam
833 4122 1066 4188 dixerat,
1083 4121 1337 4192 Tempore
1365 4121 1660 4191 arceptabili
1685 4122 1919 4176 exaudiri
1943 4135 2006 4190 te,
2029 4135 2077 4177 et
2107 4125 2158 4178 in

580 4215 662 4269 die
684 4213 862 4269 salutis
886 4214 1060 4284 adjuvi
1090 4223 1136 4267 te
1174 4213 1342 4284 (lsai.
1380 4230 1508 4268 m1
1531 4257 1544 4279 ,
1573 4214 1607 4268 8
1629 4215 1682 4283 )‘l
1714 4214 1920 4268 Audisti
1963 4233 2024 4270 ex
2063 4231 2158 4271 ore

578 4303 944 4374 prmdicatoris
972 4304 1234 4358 venientis
1257 4303 1322 4356 ad
1359 4313 1408 4358 te
1455 4304 1677 4374 pedibus
1706 4305 1994 4373 speciosis,
2027 4305 2159 4360 Ecce

579 4411 714 4450 nunc
743 4403 936 4464 tempus
963 4393 1284 4464 acreptabile,
1312 4411 1423 4448 erce
1448 4411 1579 4448 nunc
1605 4397 1709 4448 dies
1730 4397 1907 4450 salutis
1934 4397 2006 4465 (ll
2036 4398 2155 4454 Cor.

578 4501 630 4541 γι
650 4527 666 4554 ,
695 4481 767 4554 2)
795 4503 806 4538 :
839 4492 894 4538 ct
921 4482 1191 4538 credidisti
1213 4493 1314 4549 ,'et
1345 4485 1395 4537 iu
1424 4484 1609 4539 diebus
1639 4487 1740 4538 tuis
1772 4485 2026 4541 invocasti
2051 4530 2063 4553 ,
2104 4497 2158 4544 et

575 4575 791 4640 dixisti,
824 4572 870 4628 0
899 4572 1131 4638 Domine,
1163 4590 1281 4627 erue
1309 4575 1530 4628 animum
1561 4591 1742 4630 memn.
1771 4575 1902 4630 Sunt
1941 4578 2152 4647 quidem

575 4670 675 4724 ista
707 4685 719 4721 :
750 4665 842 4722 sed
868 4666 980 4722 dies
1002 4681 1150 4721 meos
1175 4667 1363 4735 magis,
1391 4667 1580 4736 inquit,
1605 4682 1818 4736 possum
1843 4669 2019 4724 dicere
2041 4670 2155 4726 dies

573 4759 806 4815 miseria:
836 4773 990 4823 mete,
1027 4757 1141 4812 dies
1172 4757 1507 4812 mortalitatis
1538 4774 1689 4823 luem,
1721 4758 1834 4814 dies
1859 4761 2153 4816 secundum

575 4852 766 4917 Adam,
801 4851 985 4921 plenos
1017 4849 1214 4904 laboris
1243 4858 1298 4903 et
1323 4849 1563 4914 sudoris,
1591 4850 1705 4904 dies
1732 4851 2024 4908 secundum
2057 4869 2152 4910 ve-

573 4952 824 5000 tustatem
858 4942 1171 5012 putredinis.
1202 4941 1312 5012 Ego
1338 4942 1478 4996 enim
1503 4941 1708 5010 jaeens,
1741 4941 1928 5010 inﬁxus
1958 4946 2008 4998 in
2033 4945 2150 5000 limo

573 5035 816 5106 profundi
862 5031 1034 5103 (Psal.
1071 5049 1236 5087 vant
1257 5075 1272 5097 ,
1311 5033 1378 5102 5)
1403 5075 1417 5098 ,
1449 5040 1502 5086 et
1530 5031 1580 5085 in
1613 5032 1715 5085 alio
1745 5033 1945 5101 psalmo
1972 5036 2150 5089 excla-

575 5127 714 5180 mavi
735 5168 751 5192 ,
781 5125 914 5180 Ecce
939 5135 1124 5180 veteres
1155 5126 1370 5196 posuisti
1393 5126 1499 5180 dies
1527 5142 1661 5180 meos
1707 5125 1874 5196 (Psal.
1909 5143 2106 5184 xxxvm
2130 5171 2148 5197 ,

576 5218 630 5287 6)
658 5233 672 5269 :
697 5215 750 5269 in
790 5215 872 5269 his
916 5217 1085 5270 diebus
1129 5218 1250 5270 meis
1290 5217 1533 5272 invocavi.
1567 5217 1774 5272 Distant
1803 5219 1996 5290 quippe
2035 5221 2148 5276 dies

575 5305 679 5360 luci
708 5318 739 5358 a
765 5303 952 5358 diebus
978 5305 1184 5359 Domini
1217 5306 1340 5360 mei.
1375 5307 1496 5362 Dies
1527 5322 1673 5362 meos
1695 5307 1815 5363 dico
1835 5349 1849 5374 ,
1877 5324 2010 5380 quos
2037 5311 2150 5380 ipse

573 5395 702 5450 mihi
738 5393 834 5448 feci
867 5394 1068 5463 privata
1093 5396 1307 5453 audacia
1332 5438 1346 5463 ,
1375 5412 1474 5466 qua
1497 5396 1714 5453 deserui
1747 5414 1867 5453 eum
1893 5417 1906 5453 :
1932 5409 1984 5455 ct
2009 5417 2145 5472 quo-

573 5489 713 5542 niam
761 5487 954 5555 ubique
999 5500 1112 5555 ipse
1159 5500 1376 5556 regnat,
1406 5499 1459 5544 et
1500 5498 1581 5544 est
1623 5491 1960 5561 omnipotens
1989 5504 2146 5564 atque

570 5579 925 5646 omnitencns,
951 5578 1117 5633 merui
1140 5593 1438 5645 carcerem;
1465 5581 1513 5636 id
1536 5591 1637 5646 est,
1666 5583 1975 5653 ignorantia:
2001 5594 2145 5642 tene-

575 5670 696 5724 bras
717 5711 729 5735 ,
759 5679 812 5725 et
839 5669 1124 5740 compedes
1156 5669 1490 5724 mortalitatis
1518 5674 1718 5742 accepi.
1766 5672 1830 5727 In
1861 5673 1943 5730 his
1971 5677 2146 5732 diebus

571 5760 692 5812 meis
721 5762 978 5825 invocavi;
1007 5762 1127 5832 quia
1156 5775 1254 5830 ego
1285 5769 1338 5815 et
1365 5761 1487 5814 alibi
1518 5762 1689 5817 clamo
1707 5805 1722 5831 ,
1764 5763 1908 5819 Educ
1936 5767 2000 5823 de
2027 5785 2143 5824 car-

571 5863 679 5901 cere
707 5851 927 5904 animant
958 5868 1116 5906 meam
1145 5854 1160 5920 (
1175 5850 1314 5904 Psal.
1346 5865 1484 5918 cxtt,
1512 5849 1565 5923 3)
1589 5870 1598 5905 :
1630 5861 1684 5907 et
1711 5855 1960 5925 quoniam
1985 5858 2034 5914 in
2057 5859 2144 5914 die.

1795 428 1848 484 δ.
1880 421 2246 484 AUCUS'HNI
2275 419 2574 484 EPISCOPI

3706 444 3820 500 H38

2281 540 2504 606 salutis,
2533 558 2694 613 quam
2726 547 2739 578 ¹
2771 546 2898 602 mihi
2926 549 3208 618 praestitit,
3237 549 3433 622 adjuvit
3462 569 3576 622 me;
3607 555 3750 614 intrat
3778 563 3822 616 in

2277 643 2621 704 conspectum
2639 636 2752 706 ejus
2769 639 2996 708 gemitus
3010 641 3430 711 compeditorum
3453 643 3614 716 (Psal.
3632 664 3820 717 ιλιι-ιιι,

2282 723 2392 795 ΙΙ).
2428 725 2480 778 In
2515 726 2594 780 his
2622 729 2762 783 enim
2790 731 2978 788 diebus
3008 734 3163 800 meis,
3194 734 3632 794 Circumdederunt
3659 758 3729 797 me
3747 746 3826 798 do-

2279 814 2409 871 lores
2440 819 2649 883 mortis;
2681 822 2906 889 pericula
2930 823 3120 896 inferni
3145 826 3436 882 invenerunt
3463 847 3538 882 me
3559 847 3576 884 :
3599 848 3710 902 qua:
3733 835 3824 890 nisi

2276 907 2614 965 aberrantem
2645 913 2741 967 abs
2770 923 2821 969 te
2848 930 2954 971 non
2999 918 3298 973 invenirent
3344 935 3447 974 me.
3487 921 3635 979 Nunc
3669 936 3822 982 autem

2277 998 2365 1054 llla
2411 1017 2496 1056 me
2546 1003 3028 1076 inveneruntwgo
3063 1024 3194 1062 vero
3233 1025 3294 1065 ea
3340 1026 3445 1066 non
3483 1013 3823 1085 inveniebam,

2276 1093 2362 1161 qui
2394 1093 2687 1163 gaudebam
2722 1099 2994 1168 pruSperis
3015 1101 3216 1165 sseculi,
3243 1101 3292 1155 in
3315 1102 3506 1173 quibus
3531 1105 3644 1174 plus
3663 1105 3826 1164 fallunt

2275 1182 2505 1250 pericula
2539 1184 2748 1240 inferni.

2347 1273 2399 1326 Δ.
2432 1272 2579 1345 [μένε.
2606 1275 2748 1349 Δια]
2777 1277 2879 1333 Sed
2914 1289 3252 1350 posteaquam
3281 1292 3335 1337 ct
3362 1298 3462 1354 ego
3487 1285 3826 1344 tribulationem

2276 1373 2321 1416 et
2361 1365 2584 1418 dolorent
2632 1367 2834 1429 inveni.
2877 1387 3058 1425 nomen
3105 1373 3311 1428 Domini
3345 1375 3588 1430 invocavi.
3633 1377 3828 1437 Latebat

2277 1456 2416 1509 enim
2447 1473 2530 1509 tne
2564 1458 2832 1513 tribulatio
2875 1471 2929 1514 et
2966 1461 3118 1516 dolor
3149 1465 3324 1528 utilis;
3359 1465 3624 1521 tribulatio
3648 1467 3710 1524 de
3737 1486 3827 1540 qua

2275 1546 2364 1600 dat
2402 1549 2650 1603 auxilium
2673 1593 2687 1618 ,
2715 1552 2798 1606 cui
2843 1553 3042 1608 dictum
3083 1565 3200 1622 est,
3249 1555 3326 1609 Du
3355 1559 3500 1613 nobis
3521 1562 3750 1614 auxilium
3775 1564 3829 1617 de

2277 1638 2613 1705 tribulatione,
2647 1653 2693 1695 et
2723 1661 2849 1697 vanu
2873 1647 3014 1700 salus
3041 1647 3258 1702 hominis
3280 1649 3452 1721 (Ρωι.
3477 1667 3586 1717 LIX,
3611 1654 3712 1725 l3).
3731 1654 3828 1726 Ego

2275 1730 2417 1782 enim
2446 1730 2516 1784 de
2542 1748 2672 1785 vana
2705 1735 2874 1790 salute
2902 1737 3134 1793 hominis
3158 1740 3496 1810 gaudendum
3518 1752 3571 1797 et
3590 1745 3828 1801 exsultau-

2274 1819 2400 1874 dum
2446 1821 2771 1891 arbitrabar;
2805 1827 2899 1881 sed
2941 1844 3058 1882 cum
3089 1830 3359 1885 audissem
3385 1848 3416 1886 a
3451 1834 3666 1889 Dauniae
3691 1851 3825 1904 meo,

2274 1909 2422 1966 Beati
2450 1914 2708 1985 lugentes,
2743 1920 2980 1986 quoniam
3010 1920 3110 1991 ipsi
3149 1923 3542 1978 consolabuntur
3566 1926 3761 2000 (tiluttlt.
3781 1944 3824 1994 γ,

2274 2000 2356 2072 5),
2389 2019 2492 2057 non
2521 2008 2823 2086 exspectavi
2854 2012 3076 2079 uttprius
3099 2013 3403 2068 amitterent
3432 2014 3567 2068 bona
3595 2027 3829 2087 tempora-

2275 2093 2342 2147 lia
2368 2096 2558 2166 quibus
2588 2099 2725 2154 male
2750 2099 3075 2168 oblectabar,
3092 2115 3160 2158 ct
3198 2115 3322 2160 tunc
3347 2106 3584 2177 lugerem
3609 2126 3620 2162 :
3645 2111 3729 2164 sed
3755 2121 3825 2164 at-

2276 2184 2418 2238 tendi
2451 2185 2501 2239 iu
2527 2191 2768 2243 eamdem
2803 2191 2967 2261 ipsam
2997 2193 3264 2248 miseriam
3298 2211 3476 2250 meam
3497 2199 3516 2228 ¹
3537 2214 3634 2268 qua
3663 2201 3828 2254 talibus

2272 2277 2596 2345 oblectabar,
2627 2297 2745 2351 qua:
2787 2293 2840 2337 et
2888 2288 3039 2338 amitt
3073 2301 3132 2341 rc
3174 2285 3552 2355 formidarem,
3583 2301 3634 2345 et
3671 2302 3827 2348 tenere

2274 2383 2380 2422 lien
2415 2383 2657 2438 possem;
2690 2374 2892 2429 attemli
2937 2375 2985 2429 in
3019 2392 3134 2431 eam
3170 2379 3525 2435 vehementer
3550 2391 3600 2435 et
3626 2383 3822 2450 fortiter,

2260 2467 2323 2514 et
2352 2474 2438 2515 me
2463 2475 2568 2516 non
2596 2463 2769 2518 solum
2803 2467 3094 2522 excruciari
3123 2468 3540 2526 adversitatibus
3565 2474 3708 2543 hujus
3737 2489 3824 2528 sm-

2271 2551 2410 2617 culi,
2443 2554 2538 2608 sed
2586 2555 2747 2610 etiam
2792 2557 3015 2626 obligari
3061 2562 3509 2630 prosperitatibus
3534 2565 3825 2637 vidi;atque

2272 2642 2342 2699 ita
2373 2645 2746 2703 tribulationem
2775 2659 2822 2704 et
2849 2652 3075 2705 dolorem
3099 2655 3187 2723 qui
3217 2670 3302 2708 me
3349 2656 3549 2712 latebat
3575 2659 3727 2714 inveni
3743 2702 3756 2726 ,
3785 2669 3822 2713 et

2271 2751 2451 2792 nomen
2465 2735 2680 2793 Domini
2703 2740 2945 2797 invocavi.
2975 2741 3272 2810 0--Domine,
3292 2763 3418 2801 erue
3435 2751 3648 2803 animum
3667 2768 3819 2806 nicum.

2269 2826 2428 2882 Miser
2457 2828 2596 2884 enim
2627 2845 2726 2901 ego
2752 2831 2915 2887 homo
2934 2875 2950 2900 ,
2980 2835 3100 2904 quis
3131 2851 3215 2890 me
3259 2837 3512 2894 liberabit
3539 2840 3603 2895 de
3629 2855 3822 2911 corpore

2270 2919 2456 2974 mortis
2485 2919 2660 2990 hujus,
2689 2922 2787 2976 nisi
2812 2925 2977 2991 gratia
3006 2924 3098 2980 Dei
3131 2942 3224 2995 per
3243 2926 3436 2982 Jesum
3465 2929 3713 2985 Christum
3738 2933 3821 2985 Do-

2270 3010 2473 3064 minum
2503 3021 2745 3066 nostrum
2778 3013 2957 3083 (Rom.
2982 3032 3074 3082 vn,
3098 3015 3190 3083 2i,
3217 3017 3348 3091 25)?
3386 3021 3533 3075 Dicat
3554 3022 3696 3092 igitur
3715 3039 3818 3077 san-

2268 3111 2384 3156 ctus
2413 3103 2636 3171 populus
2669 3104 2782 3171 Dei,
2825 3103 3220 3162 Tribulationem
3250 3121 3296 3163 et
3321 3112 3552 3167 dolorem
3579 3115 3758 3180 inueni,
3781 3123 3819 3167 et

2267 3209 2444 3247 nomen
2478 3193 2686 3249 Domini
2722 3197 2950 3251 invocavi
2972 3215 2988 3252 :
3016 3209 3068 3254 et
3097 3202 3314 3257 audiant
3345 3205 3584 3276 reliquiae
3611 3209 3816 3276 gentium

2266 3302 2386 3356 qum
2405 3287 2636 3342 nondum
2661 3289 3116 3348 invocantxnomeu
3132 3295 3385 3361 Domini;
3409 3298 3619 3354 audiant
3635 3310 3684 3354 et
3697 3316 3816 3370 qure-

2270 3389 2408 3445 rant,
2435 3390 2493 3435 ut
2521 3381 2794 3437 inveniant
2821 3384 3218 3441 tribulationem
3246 3397 3299 3442 et
3324 3390 3591 3459 dolorem,
3616 3401 3666 3446 et
3694 3393 3816 3446 invo-

2266 3482 2388 3527 cent
2413 3488 2604 3527 nomen
2634 3473 2864 3542 Domini,
2891 3485 2950 3530 et
2981 3477 3314 3532 salvzetiant.
3344 3480 3463 3536 Non
3497 3480 3593 3537 hoc
3611 3483 3682 3537 eis
3697 3481 3814 3535 dici-

2267 3577 2404 3628 nius,
2431 3573 2487 3617 ut
2514 3574 2759 3634 qmerant
2788 3567 3055 3621 miseriam
3085 3583 3240 3638 quam
3268 3586 3379 3626 non
3410 3572 3631 3637 habent,
3661 3573 3743 3628 sed
3769 3583 3814 3628 ut

2261 3653 2537 3709 inveniant
2575 3670 2692 3710 eam
2733 3672 2890 3728 quam
2930 3660 3228 3715 nescientes
3265 3660 3468 3718 habent
3497 3682 3509 3718 :
3537 3680 3695 3735 neque
3731 3663 3812 3718 bos

2265 3745 2345 3800 cis
2373 3755 2640 3816 optamus,
2669 3756 2726 3802 ut
2749 3760 2961 3804 terrena
2994 3753 3294 3806 necessaria
3321 3751 3504 3809 desint
3528 3757 3622 3818 cis,
3648 3755 3810 3826 quibus

2267 3839 2524 3910 indigent,
2545 3840 2668 3896 dum
2697 3843 2994 3898 mortaliter
3012 3846 3226 3913 vivunt;
3252 3847 3346 3902 sed
3376 3859 3432 3904 ut
3455 3851 3806 3921 huc-plangant.

2263 3933 2403 4001 quod
2426 3935 2618 3988 amissa
2646 3935 2890 3992 satietate
2922 3937 3150 4002 caelesti,
3173 3942 3423 4005 terrenis,
3451 3958 3553 3997 non
3575 3943 3636 3998 ad
3658 3942 3810 3997 liuen-

2263 4023 2389 4076 dum
2419 4024 2697 4080 stabilibus
2726 4025 2908 4094 bonis,
2941 4028 3035 4083 sed
3060 4029 3124 4084 ad
3157 4033 3563 4088 sustentandum
3581 4049 3807 4088 necessa-

2263 4113 2355 4167 riis
2388 4114 2621 4185 indigcre
2648 4129 2976 4172 meruerunt.
3011 4120 3315 4190 Agnoscant
3353 4134 3410 4178 et
3453 4125 3654 4195 Iugeant
3669 4126 3804 4179 istam

2263 4205 2564 4270 miseriam;
2595 4206 2752 4261 faciet
2794 4221 2888 4262 eos
2939 4209 3123 4265 beatos
3171 4211 3416 4283 lugentes
3441 4255 3454 4280 ,
3484 4214 3570 4285 qui
3597 4230 3680 4270 eos
3697 4227 3805 4268 esse

2260 4310 2472 4365 semper
2498 4297 2726 4352 miseros
2752 4298 2936 4354 uoluit.

2332 4389 2384 4442 5.
2419 4388 2707 4444 Misericors
2731 4389 2996 4457 Dominus,
3029 4403 3076 4446 et
3095 4395 3288 4464 justus,
3317 4407 3363 4450 et
3394 4396 3532 4452 Deus
3552 4408 3704 4452 uoster
3719 4397 3799 4449 mi-

2259 4491 2470 4534 seretur.
2502 4479 2818 4544 Misericors,
2851 4494 2904 4537 et
2925 4484 3119 4554 justus,
3143 4495 3195 4540 et
3217 4487 3520 4544 miseretur.
3552 4489 3801 4543 Misericors

2263 4571 2508 4639 primum,
2528 4573 2663 4639 quia
2693 4571 2965 4627 inclinavit
2990 4591 3172 4630 aurem
3189 4591 3343 4631 «Suam
3370 4579 3524 4643 mihi;
3555 4590 3605 4634 et
3630 4579 3799 4632 nescie-

2257 4663 2378 4716 bam
2418 4661 2799 4732 propinquasse
2823 4677 3007 4719 aurem
3051 4665 3140 4720 Dei
3176 4668 3276 4721 mei
3305 4671 3384 4723 ori
3419 4684 3536 4724 meo
3559 4712 3573 4736 ,
3605 4669 3694 4722 nisi
3722 4681 3797 4735 per

2262 4751 2380 4806 illos
2418 4752 2690 4821 speciosus
2733 4755 2895 4823 pedes
2939 4757 3222 4823 excitarer,
3251 4769 3308 4814 ut
3349 4762 3642 4815 invocarem
3666 4759 3796 4828 :quis

2251 4843 2398 4896 cnim
2440 4857 2562 4897 eum
2612 4843 2905 4909 invocavit,
2937 4846 3040 4900 nisi
3070 4863 3228 4918 quem
3273 4849 3386 4919 ipse
3403 4849 3556 4920 prior
3584 4847 3796 4902 vocavit?

2260 4933 2394 4989 Hinc
2423 4950 2549 5006 ergo
2565 4937 2803 5006 ,primum
2832 4938 3130 4993 misericors.
3153 4938 3333 4994 Justus
3353 4951 3555 5004 autem,
3581 4942 3690 5010 quia
3714 4935 3793 4989 lla-

2255 5025 2445 5096 gellal;
2469 5037 2517 5080 et
2542 5028 2733 5082 iterum
2762 5028 3036 5095 miseretur,
3055 5031 3175 5100 quia
3204 5031 3422 5102 recipit:
3444 5027 3790 5102 ﬂagellatenitn

2257 5132 2471 5173 omnem
2503 5118 2664 5172 [ilium
2688 5135 2846 5190 quem
2877 5121 3098 5191 recipit,
3128 5137 3226 5177 nec
3272 5132 3376 5178 tam
3422 5125 3544 5178 mihi
3585 5133 3790 5176 arearum

2257 5208 2415 5264 debet
2440 5223 2559 5265 csse
2598 5210 2736 5280 quod
2777 5209 3043 5281 ﬂagellat,
3071 5228 3228 5282 quam
3259 5213 3409 5270 dulce
3433 5215 3567 5282 quod
3609 5210 3786 5280 recipit.

2248 5298 2535 5366 Quomodo
2575 5301 2714 5354 enim
2741 5316 2858 5356 .non
2905 5301 3134 5372 ﬂagellet
3174 5303 3214 5371 ³,
3253 5303 3542 5360 Custodicns
3584 5301 3788 5375 parvulos

2260 5389 2527 5456 Dominus,
2549 5408 2682 5463 quos
2701 5393 2930 5463 grandes
2949 5396 3138 5464 qumrit
3163 5395 3434 5452 hmrcdes’t
3451 5397 3564 5466 quis
3579 5396 3704 5451 enim
3719 5400 3785 5443 εει

2260 5482 2395 5538 illius
2413 5484 2492 5538 cui
2510 5499 2614 5538 non
2631 5485 2717 5539 det
2734 5483 3063 5556 disciplinam
3084 5499 3230 5558 pater
3250 5489 3358 5559 ejus
3377 5488 3550 5560 (Ilebr.
3571 5481 3784 5552 xn,6,7)?

2322 5625 2338 5692 ξ
2367 5620 2551 5686 Aliquot
2573 5629 2678 5673 Mss.
2698 5659 2711 5684 ,
2738 5636 2878 5686 quem
2911 5633 2928 5671 :
2955 5631 3004 5672 et
3027 5621 3158 5684 loco,
3201 5622 3410 5686 adjuvit,
3437 5622 3594 5686 plures
3612 5621 3780 5670 habent.

2253 5683 2546 5795 argiletum.
2575 5753 2646 5794 Er.
2675 5753 2726 5795 et
2751 5747 2916 5808 plures
2937 5753 3042 5798 Mss.
3069 5755 3124 5797 Αι,
3143 5754 3272 5806 1.0m,
3297 5745 3499 5808 animant
3521 5753 3674 5808 meam.

2311 5807 2347 5919 ἃ
2454 5809 2680 5857 meliores
2701 5795 2804 5857 Mss.
2839 5815 2891 5856 Αῑ
2906 5795 3053 5859 Eruet
3075 5795 3201 5858 tot:
3218 5795 3460 5870 tummodo
3480 5803 3597 5856 etim
3618 5813 3691 5850 nos
3707 5795 3779 5858 βα·

2345 5884 2374 5919 a
2411 5909 2420 5919 .

2252 5880 2395 5932 geuat
2411 5880 2420 5919 ι
