4188 6446
413 385 555 441 ιιειι

417 495 734 552 Harrtiiiutus
765 516 876 552 sum
904 541 918 564 ,
965 508 1008 553 et
1036 500 1230 554 mirum
1270 516 1347 553 me
1381 500 1516 570 fecit.
1569 499 1782 554 Salvum
1813 515 1896 554 me
1926 497 1997 550 le-

412 589 506 653 cit,
539 589 661 656 quia
693 589 999 644 humiliatus
1031 604 1150 644 sum
1175 608 1188 643 :
1213 605 1319 645 non
1345 591 1484 646 enim
1519 591 1762 660 poenalis,
1795 589 1888 644 sed
1916 581 1999 642 sa-

413 679 606 732 lutaris
633 679 786 732 dolor
811 689 891 733 est
921 695 1076 749 quem
1112 680 1341 735 secando
1370 680 1604 735 medicus
1632 680 1775 734 facit.

484 769 539 823 6.
572 767 704 842 [vers
755 769 895 841 7—9.]
925 770 1222 824 Convertere
1258 786 1415 840 ergo,
1456 773 1627 824 animo
1671 788 1779 824 mea
1801 813 1813 834 ,
1842 772 1894 823 in
1922 787 1997 822 re—

412 866 582 930 quiem
610 873 781 926 tuam;
807 863 926 930 quia
955 861 1203 917 Dominus
1229 863 1468 934 benefecit
1495 863 1620 916 tibi:
1643 879 1745 916 uou
1771 861 1994 926 meritis,

413 962 503 1006 aut
548 953 748 1007 viribus
793 953 926 1018 luis;
957 952 1049 1008 sed
1076 953 1310 1021 quoniam
1347 951 1593 1006 Dominus
1622 952 1860 1020 beneferit
1889 951 1992 1004 tibi.

417 1041 672 1108 Quoniam
698 1041 878 1094 exemit
898 1083 912 1104 ,
939 1042 1142 1112 inquit,
1171 1042 1392 1095 animam
1423 1057 1584 1096 meum
1606 1057 1635 1093 a
1660 1051 1834 1096 morte.
1869 1041 1995 1096 Mira

415 1149 504 1187 res
531 1141 645 1199 est,
674 1132 1005 1200 charissimi,
1035 1132 1176 1204 quod
1219 1147 1338 1188 cum
1384 1133 1609 1188 dixisset
1657 1134 1710 1186 iu
1760 1134 1995 1203 requiem

413 1225 1274 1280 convertendamanimamsuam
1301 1268 1316 1293 ,
1359 1228 1610 1297 quoniam
1649 1225 1910 1282 benel'ceit
1947 1226 1996 1281 ei

414 1316 706 1380 Dominus;
736 1317 994 1385 subjecit,
1033 1317 1285 1384 Quoniam
1318 1317 1497 1371 exemit
1530 1318 1754 1371 animam
1781 1335 1940 1371 nu'am
1965 1334 1997 1371 a

412 1418 596 1461 morte.
627 1406 821 1462 ldeone
852 1408 901 1460 in
932 1408 1167 1478 requiem
1196 1417 1622 1469 converteretur,
1655 1409 1774 1478 quia
1810 1423 1994 1463 exem-

413 1513 500 1571 pta
529 1508 610 1556 est
639 1516 668 1553 τι
699 1502 909 1555 morte?
933 1499 1120 1556 Nonne
1147 1502 1313 1570 magis
1342 1502 1392 1554 iu
1432 1509 1602 1556 morte
1646 1501 1859 1570 requies
1892 1499 1995 1555 dici

411 1591 586 1645 solet?
614 1590 745 1658 Qua:
777 1590 986 1646 tandem
1015 1590 1129 1660 ejus
1156 1591 1294 1645 actio
1319 1599 1418 1656 est,
1448 1591 1600 1660 cujus
1629 1591 1731 1644 vita
1763 1592 1990 1661 requies,

413 1692 465 1738 ct
510 1698 658 1738 mors
704 1683 1012 1749 inquietudo
1056 1683 1172 1738 est?
1199 1683 1342 1738 Talis
1370 1698 1497 1754 ergo
1525 1683 1663 1738 actio
1689 1681 1849 1737 debet
1873 1698 1997 1739 esse

413 1791 630 1838 animm,
653 1789 772 1845 qua:
798 1784 978 1829 tenuat
1005 1771 1068 1828 ad
1097 1775 1329 1844 quietam
1361 1775 1724 1837 securitatem,
1746 1790 1852 1830 non
1877 1790 1996 1845 qua!

411 1876 605 1935 augeat
631 1866 922 1934 inquietum
955 1866 1191 1919 laborem
1219 1883 1230 1918 :
1257 1866 1506 1936 quoniam
1534 1867 1732 1920 exemit
1769 1881 1885 1922 eam
1926 1867 1994 1923 de

411 1967 588 2012 morte
614 1958 702 2024 qui
731 1958 980 2011 misertus
1005 1956 1120 2027 ejus
1147 1956 1298 2021 dixit,
1329 1974 1347 2008 ι
1386 1957 1573 2012 Venite
1594 1958 1658 2012 ad
1684 1973 1788 2026 me,
1811 1973 1996 2016 omnes

411 2052 503 2120 qui
529 2051 805 2115 laboratis,
825 2060 878 2106 et
903 2065 1003 2120 ego
1026 2066 1120 2106 vos
1148 2050 1380 2106 reﬁciam
1402 2069 1416 2105 :
1437 2051 1602 2105 tollite
1617 2049 1799 2122 jugum
1818 2067 1992 2107 meum

413 2158 581 2210 super
606 2157 720 2208 vos,
755 2153 808 2198 et
835 2141 1022 2197 discite
1051 2155 1080 2194 a
1112 2156 1218 2203 me,
1247 2142 1498 2211 quoniam
1526 2141 1667 2195 mitis
1688 2156 1802 2196 sum
1825 2150 1878 2196 et
1899 2143 1995 2196 hu-

411 2237 556 2292 milis
581 2237 762 2299 corde,
794 2243 848 2290 et
877 2233 1162 2290 invenietis
1197 2233 1433 2303 requiem
1461 2233 1741 2286 animabus
1773 2234 1997 2299 vestris;

407 2331 596 2399 jugum
644 2331 787 2382 enim
834 2341 1010 2381 meum
1050 2340 1213 2387 suave
1251 2333 1364 2391 est,
1396 2333 1450 2378 et
1475 2324 1680 2379 sarcina
1716 2339 1829 2378 mea
1859 2325 1996 2380 levis

412 2430 493 2475 est
527 2437 546 2471 ι
574 2417 784 2489 (Matth.
808 2433 884 2482 x1,
907 2416 978 2472 28
1012 2414 1123 2486 '50).
1150 2415 1290 2470 Mitis
1311 2416 1488 2486 itaque
1509 2425 1560 2470 et
1588 2414 1802 2470 humilis
1825 2416 1862 2479 ‘,
1889 2425 1994 2470 tan-

411 2525 574 2580 quam
597 2511 733 2564 viam
759 2507 1027 2564 Christum
1051 2522 1302 2577 sequens,
1328 2505 1488 2561 debet
1507 2521 1623 2561 esse
1643 2509 1834 2561 aniuue
1855 2509 1994 2562 actio

412 2601 682 2658 tendentis
711 2600 775 2656 ad
807 2600 1042 2670 requiem
1068 2615 1080 2651 :
1106 2613 1212 2653 non
1241 2607 1416 2653 tamen
1447 2598 1590 2668 pigra
1619 2607 1671 2652 et
1697 2597 1988 2664 desidiosa;

413 2702 474 2750 ut
500 2709 715 2748 cursum
740 2700 1096 2755 consummet,
1124 2691 1261 2745 sicut
1307 2690 1559 2759 scriptum
1602 2699 1685 2745 est
1710 2733 1722 2751 ,
1750 2689 1813 2744 In
1845 2709 1991 2745 man-

413 2786 678 2841 suetudine
702 2801 852 2852 opera
883 2794 970 2836 tna
998 2783 1190 2853 per/iec-
1210 2781 1396 2853 (Eccli.
1427 2797 1502 2847 ιιι,
1534 2781 1642 2849 l9).
1670 2781 1900 2848 Etenim,
1928 2798 1993 2837 ue

413 2875 770 2931 mansuetudo
798 2873 862 2927 ad
900 2873 1176 2943 segnitiem
1204 2871 1509 2935 duceretur,
1537 2871 1844 2937 adjunctum
1879 2883 1956 2928 csl
1974 2916 1988 2936 ,

419 2965 588 3036 θρίω
610 2974 697 3018 tua
719 2963 923 3034 perﬁce.
950 2961 1132 3032 Neque
1157 2962 1296 3017 enim
1326 2963 1466 3017 sicut
1491 2962 1542 3016 in
1571 2963 1668 3017 ista
1692 2965 1795 3017 vita
1819 2966 1992 3019 somni

411 3058 745 3128 requiesmos
771 3061 982 3126 reparat
1005 3054 1069 3108 ad
1097 3055 1394 3119 actionem;
1428 3052 1519 3108 sed
1545 3053 1685 3108 actio
1713 3053 1850 3108 bona
1874 3070 1994 3125 per-

408 3150 560 3205 ducit
583 3147 652 3203 ad
680 3162 892 3218 semper
921 3145 1224 3217 vigilantem
1256 3146 1510 3215 quietem.

482 3242 539 3296 ‘I.
569 3241 661 3295 llle
689 3247 864 3294 autem
893 3246 1080 3292 cuncta
1116 3246 1351 3306 praestat,
1379 3246 1566 3291 cuneta
1595 3237 1810 3292 exhibet
1833 3238 1990 3303 Deus,

410 3333 480 3390 de
507 3347 615 3403 quo
642 3331 728 3386 hic
753 3331 970 3393 dicitur,
1005 3328 1261 3396 Quoniam
1289 3325 1540 3382 Dominus
1570 3328 1806 3399 benefecit
1834 3331 1989 3396 mihi,

408 3429 653 3497 quoniam
678 3423 858 3478 exeruit
880 3422 1102 3474 animam
1129 3435 1291 3473 meam
1319 3435 1350 3472 a
1377 3429 1556 3483 morte,
1586 3421 1758 3475 oculos
1794 3438 1928 3476 meos
1959 3437 1992 3476 α

408 3517 652 3588 taerymis
673 3557 688 3580 ,
725 3514 873 3584 pedes
899 3529 1031 3567 meos
1059 3529 1090 3566 a
1121 3512 1290 3583 lapsu.
1323 3511 1448 3566 Haec
1471 3511 1612 3568 enim
1643 3512 1698 3567 in
1723 3527 1816 3581 spe
1841 3527 1991 3568 com-

407 3607 554 3678 pleta
589 3620 712 3675 erga
754 3618 812 3658 se
849 3611 1025 3658 cantat
1064 3600 1305 3671 quisquis
1336 3601 1494 3670 hujus
1521 3602 1697 3656 carnis
1723 3602 1990 3658 vinculum

407 3699 678 3769 intelligit.
706 3697 844 3751 V'ere
871 3697 1063 3767 quippe
1087 3695 1284 3749 dictum
1315 3700 1418 3761 est,
1452 3691 1771 3748 Humiliatus
1792 3711 1924 3759 sum,
1948 3704 1994 3750 et

407 3793 608 3848 salvum
633 3807 710 3844 me
735 3789 848 3859 {erit
871 3805 887 3843 :
909 3787 1004 3843 sed
1042 3797 1096 3842 et
1143 3785 1274 3842 illud
1309 3784 1600 3854 Apostolus
1628 3799 1812 3840 verum
1842 3785 1990 3851 dicit,

408 3884 674 3953 Quoniam
701 3897 788 3950 spe
813 3879 939 3934 salvi
967 3880 1092 3949 [acti
1115 3895 1286 3933 sumus
1316 3876 1491 3949 (Rom.
1521 3892 1615 3932 vut
1635 3919 1650 3944 ,
1674 3876 1789 3947 21).
1821 3877 1890 3933 Et
1925 3877 1993 3934 de

407 3983 590 4030 morte
611 3971 824 4044 quidem
847 3971 989 4041 quod
1011 3971 1242 4039 exempti
1266 3983 1470 4035 sumus,
1495 3979 1643 4025 recte
1666 3968 1860 4024 dicitur
1880 3968 1992 4040 jam

406 4081 534 4123 esse
564 4064 907 4134 completum,
932 4074 989 4117 ut
1019 4073 1243 4116 mortem
1269 4060 1624 4130 intelligamus
1645 4075 1750 4116 non
1771 4061 1988 4117 creden-

410 4157 568 4222 tium,
593 4155 658 4210 de
688 4153 931 4226 qualibus
960 4156 1057 4215 ait,
1077 4153 1283 4206 Dimitte
1305 4159 1525 4205 mortuos
1545 4151 1753 4222 sepelire
1773 4161 1995 4207 mortuos

410 4264 534 4303 suos
563 4234 779 4316 (Μιῖιιιι.
801 4261 912 4308 vni,
939 4243 1048 4311 22)
1079 4260 1091 4296 :
1116 4251 1170 4298 et
1199 4240 1324 4296 illud
1351 4241 1403 4294 in
1433 4240 1708 4310 superiore
1745 4240 1952 4310 psalmo
1977 4258 1989 4295 :

427 4359 446 4390 ι
481 4339 596 4392 Non
641 4336 833 4392 mortui
880 4334 1166 4389 laudabunt
1196 4341 1281 4396 te,
1317 4331 1567 4397 Domine,
1598 4346 1770 4401 neque
1807 4346 1995 4387 oumcs

409 4431 506 4502 qui
545 4429 877 4485 descendunt
925 4429 975 4481 in
1031 4426 1324 4487 internum;
1356 4422 1449 4479 sed
1482 4438 1580 4478 nos
1609 4423 1698 4494 qui
1729 4424 1991 4490 vivimus,

409 4519 777 4576 benedieimus
808 4517 1084 4572 Dominum
1121 4534 1140 4566 ι
1175 4514 1344 4585 (Psal.
1368 4529 1515 4577 cxnt,
1543 4515 1629 4580 l7,
1656 4514 1763 4586 l8).
1792 4515 1870 4569 Ex
1897 4517 1996 4572 hac

411 4629 543 4684 ergo
574 4621 743 4666 morte
774 4618 950 4680 potest
977 4618 1122 4663 recte
1164 4605 1460 4675 intelligere
1500 4605 1662 4660 homo
1688 4605 1862 4662 ﬁdelis
1882 4606 1991 4676 jam

411 4713 714 4772 exemptam
739 4716 857 4757 esse
880 4714 1109 4753 annuam
1135 4712 1314 4762 suam,
1329 4710 1393 4751 eo
1420 4695 1532 4764 ipso
1549 4696 1687 4766 quod
1708 4711 1769 4750 ex
1797 4697 1993 4752 inﬁdeli

413 4794 589 4848 ﬁdelis
618 4791 804 4846 ell‘ccta
834 4799 913 4844 est
940 4807 952 4842 :
989 4787 1126 4842 unde
1165 4788 1277 4855 ipse
1323 4785 1600 4849 Salvator,
1637 4786 1735 4854 Qui
1761 4788 1917 4840 credit
1944 4787 1996 4841 in

413 4901 514 4948 me,
545 4882 736 4951 inquit,
769 4881 1036 4934 transitum
1066 4877 1185 4948 facit
1215 4894 1246 4928 a
1278 4884 1435 4928 morte
1461 4874 1530 4928 ad
1559 4876 1711 4929 ritum
1738 4873 1912 4948 (-Ioan.
1942 4893 1990 4942 ν,

411 4976 530 5044 24).
551 4975 751 5029 Caetera
779 4988 904 5026 veru
927 4985 1020 5041 spe
1042 4968 1302 5036 completa
1323 4975 1446 5019 sunt
1473 4965 1522 5018 iu
1547 4967 1626 5020 eis
1649 4966 1736 5034 qui
1761 4965 1993 5020 nondqu

420 5084 479 5124 ex
508 5067 604 5120 hac
632 5067 734 5118 vita
763 5063 1112 5132 emigrarunt.
1143 5059 1293 5112 Nunc
1330 5057 1472 5111 enim
1519 5071 1639 5110 cum
1681 5055 1861 5125 lapsus
1903 5071 1997 5111 uo-

415 5171 559 5217 strns
582 5155 1058 5228 periculosissimus
1081 5151 1393 5221 cogitamus.
1421 5165 1525 5202 uou
1552 5156 1761 5202 cessant
1780 5163 1811 5202 a
1834 5148 1996 5218 lacry-

414 5255 520 5308 mis
549 5250 685 5305 oculi
713 5266 723 5300 :
751 5257 876 5300 tunc
904 5255 1080 5300 autem
1124 5243 1322 5296 eximet
1364 5239 1546 5293 oculos
1591 5247 1805 5292 nostros
1843 5252 1878 5292 a
1917 5239 1995 5291 la-

414 5343 635 5416 crymis,
665 5336 878 5410 quando
919 5344 972 5389 ct
1019 5331 1183 5402 pedes
1225 5345 1253 5384 a
1301 5331 1473 5399 lapsu.
1505 5329 1633 5397 Quia
1668 5336 1792 5384 tunc
1818 5329 1998 5384 nullus

414 5436 518 5490 erit
542 5434 723 5502 lapsus
749 5426 1133 5482 ambulautium
1158 5421 1375 5492 pedum,
1398 5419 1610 5490 quando
1634 5419 1856 5474 inﬁrma:
1881 5436 1997 5475 car-

413 5528 500 5583 nis
527 5523 728 5580 uullum
758 5519 858 5575 erit
886 5518 1168 5573 lubricum.
1202 5512 1351 5568 Nunc
1375 5525 1525 5578 vero,
1561 5511 1802 5582 quamvis
1841 5510 1995 5567 ﬁrma

413 5619 484 5676 sit
511 5617 592 5670 via
617 5615 639 5646 ³
661 5621 863 5677 nostra,
886 5625 1005 5680 quae
1025 5604 1270 5661 Christus
1291 5612 1403 5668 est;
1430 5611 1606 5658 tamen
1631 5600 1752 5675 quia
1782 5617 1996 5659 carnem

476 5711 492 5742 ¹
522 5715 597 5756 Fr.
626 5713 678 5756 et
713 5711 845 5763 Lov.,
879 5708 924 5751 et
955 5697 1148 5750 humilis
1184 5693 1348 5747 corde.
1394 5696 1556 5758 Abest,
1594 5694 1756 5757 corde,
1797 5695 1858 5746 ab
1895 5693 2002 5745 aliis

411 5773 498 5825 libi
510 5772 569 5819 is.
1130 5821 1143 5826 _
1162 5821 1174 5826 _
1269 5817 1278 5826 .

483 5834 507 5866 ³
529 5833 603 5882 sic
627 5827 848 5892 plerique
874 5832 981 5876 Mss.
1009 5831 1062 5878 Αι
1084 5821 1214 5883 sdd.,
1234 5821 1344 5870 rita.

1555 385 1944 450 ΙΞᾚῙΚΒᾹΤΙΟ
1981 383 2047 445 1N
2089 383 2402 447 PS.-iL.\lUIil
2442 391 2599 446 CXV.

3559 397 3696 456 “90

2109 500 2282 566 nobis,
2308 520 2463 571 quam
2484 505 2733 574 jubeniur
2755 507 3026 574 edomare,
3048 509 3465 577 substernimus;
3492 512 3545 571 iu
3570 514 3683 583 ipso

2108 603 2324 658 prorsus
2353 609 2513 664 opere
2549 612 2791 665 quaeaut
2820 599 3082 654 subditam
3107 600 3452 671 eaStigamus,
3485 619 3588 659 nou
3621 604 3674 658 in

2107 698 2166 736 ea
2197 684 2386 740 radere
2423 703 2668 757 magnum
2710 698 2792 745 est
2823 709 2834 744 :
2866 706 2973 746 non
2999 702 3174 748 autem
3205 694 3257 749 in
3287 709 3350 750 ca
3377 695 3519 763 labi,
3559 702 3677 768 quis

2107 773 2313 840 potest?

2175 865 2227 920 8.
2259 865 2592 938 Quapropter
2621 871 2742 938 quia
2773 881 2826 928 et
2853 872 2904 927 in
2935 889 3096 930 carne
3123 890 3328 942 sumus,
3351 884 3404 931 et
3430 879 3482 932 in
3511 892 3675 934 carne

2105 971 2208 1010 non
2253 974 2434 1013 sumus
2482 961 2571 1031 (in
2604 977 2764 1018 carne
2792 965 2934 1019 enim
2965 980 3146 1021 sumus
3185 981 3250 1022 eo
3290 969 3502 1026 vinculo
3532 970 3674 1040 quod

2104 1050 2337 1104 nondum
2363 1052 2591 1107 solutum
2621 1065 2722 1121 est,
2752 1057 2891 1124 quod
2920 1057 3124 1112 dissolvi
3143 1068 3188 1112 et
3215 1077 3320 1114 esse
3341 1078 3454 1115 cum
3474 1061 3677 1118 Christo

2104 1138 2260 1192 multo
2291 1142 2450 1213 magis
2477 1144 2720 1213 Optimum
2757 1144 3010 1219 [Philipp.
3042 1165 3079 1214 1,
3101 1147 3194 1223 25]
3219 1168 3231 1201 :
3256 1165 3360 1206 non
3388 1163 3564 1208 autem
3586 1169 3678 1208 su-

2103 1246 2220 1286 mus
2249 1232 2297 1286 iu
2329 1248 2488 1289 carne
2514 1250 2582 1288 ex
2618 1251 2684 1289 eo
2717 1237 2856 1307 quod
2896 1239 3113 1308 spiritus
3146 1240 3402 1308 primitias
3430 1242 3673 1299 dedimus

2105 1320 2232 1386 Deo,
2254 1323 2295 1375 si
2329 1331 2502 1378 tamen
2530 1327 2796 1395 possimus
2817 1327 2994 1383 dicere
3023 1330 3144 1399 quia
3173 1334 3482 1388 conversatio
3505 1345 3676 1388 nostra

2101 1412 2152 1465 in
2183 1413 2317 1466 cretis
2341 1424 2412 1468 est
2437 1413 2546 1485 [Ιιι.
2571 1433 2648 1482 ιιι,
2671 1416 2761 1490 90]
2783 1460 2796 1482 ,
2823 1430 2872 1472 et
2901 1428 3146 1488 tauquam
3176 1423 3346 1492 capite
3369 1426 3674 1494 placeamus

2103 1501 2242 1567 Deo,
2274 1503 2494 1572 pedibus
2520 1515 2693 1560 autem
2729 1516 2976 1578 tanquam
3006 1513 3258 1566 extremis
3283 1514 3473 1569 artium:
3503 1519 3672 1585 parti-

2100 1595 2198 1652 bus
2223 1596 2395 1653 adhuc
2427 1599 2683 1654 lubricum
2715 1601 3051 1675 sentiamus),
3075 1604 3198 1658 audi
3226 1606 3673 1675 quemadmodum

2100 1689 2165 1743 ad
2205 1705 2354 1759 spem
2397 1691 2654 1760 pertineat
2687 1695 2825 1763 quod
2860 1694 2926 1748 ita
2955 1695 3164 1767 canitur
3191 1697 3332 1751 velut
3367 1698 3476 1767 jam
3504 1699 3572 1755 sit
3599 1701 3676 1756 ef-

2100 1779 2319 1850 fectum,
2347 1781 2567 1850 Exemit,
2592 1783 2781 1854 inquit,
2813 1786 2984 1840 oculos
3000 1765 3148 1840 .meos
3174 1803 3206 1840 a
3233 1765 3498 1859 lacryinis,
3525 1792 3675 1862 pedes

2100 1888 2234 1928 meos
2262 1891 2292 1927 a
2321 1874 2467 1944 lapsu
2496 1892 2513 1928 :
2538 1884 2593 1931 ct
2619 1885 2798 1932 tamen
2819 1892 2922 1932 non
2946 1879 3038 1944 ait,
3067 1878 3288 1947 Placeo;
3316 1880 3430 1948 sed,
3454 1880 3675 1938 Placebo

2100 1967 2152 2019 in
2177 1977 2450 2037 conspectu
2474 1966 2715 2035 Domini,
2740 1970 2792 2023 in
2822 1972 3025 2042 regione
3052 1972 3273 2026 uiuorum
3287 1991 3308 2039 ;
3335 1975 3464 2029 satis
3487 1985 3674 2032 osten—

2100 2055 2233 2111 deus
2261 2056 2327 2111 ab
2355 2072 2416 2113 ea
2460 2067 2610 2130 parte
2651 2060 2883 2115 nondum
2933 2076 2992 2116 se
3036 2062 3246 2132 placere
3290 2064 3343 2118 iu
3385 2076 3676 2136 conspectu

2103 2147 2344 2214 Domini,
2372 2165 2490 2220 quae
2529 2160 2613 2206 est
2657 2151 2712 2206 iu
2755 2153 2972 2222 regione
3019 2163 3386 2217 mortuorum.
3429 2157 3480 2212 id
3511 2167 3592 2214 est
3622 2159 3674 2214 in

2099 2254 2268 2294 carne
2303 2241 2532 2296 mortali.
2568 2241 2665 2310 Qui
2706 2245 2846 2299 enim
2887 2245 2940 2299 in
2985 2261 3138 2300 carne
3176 2256 3312 2313 sunt,
3337 2247 3448 2304 Deo
3479 2251 3676 2319 placere

2100 2347 2198 2384 non
2231 2341 2454 2395 possunt.
2487 2332 2641 2389 Unde
2666 2335 2806 2404 quod
2847 2338 3117 2407 sequitur,
3147 2347 3201 2394 et
3226 2339 3352 2395 dicit
3379 2340 3520 2396 idem
3545 2358 3675 2413 apo-

2099 2428 2149 2475 st
2187 2421 2266 2475 lus
2286 2463 2300 2486 ,
2338 2420 2439 2476 Vos
2463 2433 2629 2478 autem
2654 2441 2754 2479 non
2779 2428 2893 2481 estis
2916 2428 2971 2481 iu.
2989 2444 3172 2492 carne;
3197 2430 3485 2486 secundum
3513 2432 3566 2488 id
3595 2434 3675 2491 di-

2099 2511 2190 2573 cit,
2214 2513 2354 2581 quod
2376 2530 2561 2583 corpus
2583 2517 2780 2585 quidem
2803 2527 3052 2572 mortuum
3072 2529 3142 2574 est
3170 2530 3373 2591 propter
3393 2534 3669 2596 peccatum,

2095 2602 2306 2669 spiritus
2350 2613 2517 2658 autem
2560 2607 2662 2659 vita
2707 2616 2780 2662 est
2829 2619 3034 2679 prapter
3059 2610 3348 2681 justitiam:
3379 2616 3671 2672 secundum

2097 2707 2253 2761 quem
2300 2693 2578 2764 placebant
2622 2695 2880 2764 Domino,
2909 2699 3029 2770 quia
3071 2701 3363 2757 secundum
3407 2703 3580 2774 ipsum
3618 2707 3674 2763 in

2097 2796 2259 2836 carne
2289 2799 2392 2837 nou
2421 2793 2592 2839 erant.
2625 2786 2754 2853 Quis
2797 2797 2974 2844 autem
3022 2792 3224 2859 placeat
3267 2793 3376 2849 Deo
3420 2796 3573 2862 vivo,
3620 2799 3674 2854 in

2097 2887 2323 2946 corpore
2371 2878 2619 2931 mortuo?
2647 2877 2752 2934 Sed
2797 2881 2922 2950 quid
2967 2882 3076 2936 ait?
3110 2902 3129 2934 ‹
3161 2883 3215 2940 Si
3243 2895 3419 2941 autem
3444 2887 3676 2956 Spiritus

2098 2966 2214 3038 ejus
2238 2968 2326 3038 qui
2356 2969 2628 3024 suscitavit
2648 2969 2832 3026 Jcsum
2855 2971 3124 3028 Christum
3150 2989 3178 3028 a
3209 2978 3447 3044 mortuis,
3475 2978 3678 3037 habitat

2101 3059 2156 3115 in
2201 3059 2376 3127 vobis;
2406 3061 2494 3131 qui
2543 3062 2822 3117 suscitavit
2845 3061 3026 3119 Jesum
3052 3065 3324 3122 Christum
3353 3082 3382 3122 a
3411 3072 3634 3126 mortuis
3655 3115 3670 3139 ,

2102 3153 2388 3209 viviﬁcabit
2431 3163 2485 3209 et
2525 3155 2764 3210 mortalia
2795 3171 3015 3227 corpora
3047 3168 3221 3214 vestra
3261 3170 3476 3232 propter
3497 3163 3670 3233 Spiri-

2101 3254 2210 3300 tum
2253 3247 2342 3315 qui
2389 3245 2589 3300 habitat
2620 3247 2674 3300 in
2700 3247 2848 3302 vobis
2881 3267 2898 3299 ι
2935 3247 3118 3320 (Rom.
3144 3266 3231 3305 vni
3254 3291 3270 3317 ,
3301 3251 3333 3308 8
3353 3254 3499 3323 -ll},
3524 3253 3676 3311 Tunc

2100 3338 2301 3393 erimus
2323 3339 2375 3392 in
2395 3339 2598 3409 regione
2619 3338 2862 3404 vivorum,
2892 3355 2957 3394 ex
2983 3342 3126 3396 omni
3157 3352 3303 3411 parte
3332 3345 3602 3414 placentes
3623 3348 3677 3404 in

2100 3437 2388 3498 conspectu
2438 3428 2646 3484 Domini
2667 3470 2680 3494 ,
2707 3444 2776 3483 ex
2803 3429 2944 3484 nulla
2976 3430 3044 3485 ab
3073 3446 3138 3485 eo
3183 3443 3336 3503 parte
3385 3436 3675 3506 peregrini.

2107 3521 2360 3590 Quamdiu
2391 3522 2522 3576 enim
2559 3537 2730 3575 sumus
2761 3521 2814 3575 iu
2838 3538 3066 3590 corpore,
3099 3526 3481 3596 pcregrinamur
3506 3543 3538 3581 a
3563 3525 3678 3583 Do-

2101 3612 2236 3666 mino
2257 3619 2513 3675 nostro;ct
2531 3611 2582 3666 in
2604 3619 2859 3680 quantum
2892 3611 3014 3667 inde
3040 3615 3459 3684 peregrinamur,
3484 3617 3537 3671 iu
3559 3626 3680 3675 tau-

2102 3709 2213 3756 tum
2244 3717 2347 3756 non
2375 3717 2558 3756 sumus
2589 3701 2639 3755 in
2675 3702 2878 3773 regione
2901 3705 3144 3756 vivorum.
3181 3723 3198 3755 ι
3227 3703 3556 3762 Conﬁdimus
3583 3723 3680 3764 au-

2103 3802 2209 3849 tem
2231 3802 2286 3849 ct
2312 3794 2446 3849 bene
2471 3793 2794 3848 arbitramur
2823 3794 2994 3864 magis
3022 3796 3349 3864 peregrinari
3379 3811 3407 3848 a
3431 3812 3677 3868 corpore,

2102 3892 2154 3937 et
2184 3885 2474 3938 immauere
2518 3882 2584 3937 ad
2633 3882 2944 3946 Dominum;
2977 3893 3030 3937 et
3077 3884 3195 3938 ideo
3236 3885 3532 3952 ambimus,
3565 3888 3680 3944 sive

2103 3976 2476 4037 immaneutes,
2511 3973 2626 4028 sive
2654 3973 3078 4042 peregrinantes,
3111 3974 3378 4042 placentes
3404 3975 3479 4029 illi
3507 3990 3626 4034 esse
3657 3998 3674 4029 ι

2102 4068 2179 4139 (ll
2208 4065 2326 4122 Cor.
2360 4083 2409 4130 v,
2438 4065 2598 4136 6-9).
2631 4064 2888 4119 Ambimus
2925 4064 3136 4134 quidem
3171 4080 3330 4130 nunc,
3365 4067 3452 4137 qui
3482 4082 3677 4138 ex5pe-

2101 4168 2306 4214 ctamus
2348 4154 2520 4212 adhuc
2563 4155 2982 4224 redemptionem
3026 4156 3266 4225 corporis
3297 4157 3465 4213 nostri
3499 4157 3678 4228 (Rom.

2101 4265 2212 4314 vui,
2240 4247 2333 4319 25)
2359 4265 2371 4300 :
2401 4247 2492 4302 sed
2520 4262 2642 4301 cum
2673 4245 2918 4315 absorpta
2943 4245 3102 4302 fuerit
3129 4263 3272 4303 mors
3299 4249 3350 4303 iu
3378 4250 3677 4319 victoriam,

2102 4353 2156 4400 ct
2184 4342 2527 4410 eorruptibile
2556 4339 2655 4394 hoc
2682 4338 2911 4393 induerit
2951 4339 3422 4410 incorruptionem,
3454 4353 3508 4397 et
3537 4359 3682 4400 mor-

2105 4434 2208 4488 tale
2239 4431 2342 4487 boc
2368 4430 2599 4485 induerit
2628 4430 3083 4485 immortalitatem
3111 4429 3160 4503 (l
3194 4430 3312 4488 Cor.
3339 4449 3425 4497 xv,
3445 4435 3533 4499 b3,
3555 4435 3680 4508 54);

2104 4533 2230 4579 tunc
2259 4523 2434 4578 nullus
2461 4521 2561 4575 erit
2591 4519 2745 4575 ﬁetus
2767 4561 2781 4585 ,
2809 4521 2927 4590 quia
2961 4521 3138 4576 nullus
3165 4522 3379 4594 lapsus;
3407 4533 3460 4578 et
3505 4525 3684 4582 nullus

2107 4616 2308 4686 lapsus,
2337 4613 2456 4683 quia
2487 4611 2626 4666 nulla
2658 4612 2949 4680 corruptio.
2981 4612 3043 4666 Et
3073 4612 3191 4669 ideo
3212 4614 3322 4682 jam
3353 4629 3454 4668 uou
3483 4618 3683 4671 ambie-

2104 4720 2222 4761 tuus
2269 4705 2514 4774 placere,
2557 4699 2649 4756 sed
2681 4701 2898 4754 omnino
2931 4703 3256 4771 placebimus
3303 4704 3352 4756 in
3393 4714 3682 4776 conspectu

2108 4797 2333 4854 Domini.
2369 4795 2420 4848 in
2450 4795 2666 4864 regione
2695 4793 2956 4850 vivorum.

2540 4996 2616 5056 ΙΝ
2649 4993 3022 5056 PSALMUM
3056 4992 3221 5054 CXV

2645 5124 3059 5184 ENARRATIO.

2589 5271 2760 5314 SERMO
2787 5273 2853 5312 AD
2884 5269 3108 5311 PLEBEM.

2179 5402 2228 5456 t.
2246 5397 2587 5456 Notissimum
2614 5391 2840 5445 arbitror
2862 5404 2981 5443 esse
2997 5386 3272 5444 Sanetitati
3293 5400 3483 5446 vestra:
3500 5393 3642 5462 quod
3663 5397 3682 5428 ι

2106 5493 2178 5548 ait
2209 5487 2508 5559 Apostolus,
2543 5481 2662 5536 Non
2703 5482 2833 5534 enim
2861 5481 3085 5534 omnium
3127 5490 3201 5534 est
3229 5481 3354 5549 ﬁdes
3401 5481 3468 5551 (ll
3501 5481 3679 5539 Thess.

2105 5581 2254 5650 111,2)
2283 5597 2297 5644 ;
2326 5573 2528 5648 etquod
2546 5572 2713 5643 major
2729 5585 2847 5626 esse
2873 5571 3038 5625 soleat
3063 5572 3350 5626 inﬁdelium
3379 5573 3680 5642 multitudo,

2108 5689 2212 5732 non
2259 5667 2511 5741 ignoratis
2559 5685 2572 5719 :
2619 5673 2834 5737 propter
2881 5661 3022 5733 quod
3064 5662 3274 5727 dicitur,
3308 5659 3543 5733 Domine,
3573 5681 3686 5739 anu

2178 5813 2193 5843 ¹
2221 5811 2294 5861 εἷς
2317 5813 2388 5856 Er.
2417 5802 2560 5868 Lugd.
2586 5807 2758 5853 Venet.
2784 5806 2891 5848 ιον.
2918 5805 2966 5846 ιιι
2994 5803 3061 5858 8.,
3088 5793 3214 5859 auia.
3310 5801 3370 5845 Μ.
