4188 6432
504 384 635 440 MN

501 498 712 549 credidit
752 497 949 550 auditui
995 505 1161 548 nostro
1201 493 1369 563 (lt-ai.
1404 508 1513 556 LIII,
1553 493 1568 546 l
1607 509 1619 557 ;
1655 491 1804 546 Rom.
1839 509 1887 556 x,
1934 493 1997 546 16
2025 491 2086 561 )ἳ

504 589 645 643 Inter
663 605 798 660 quos
823 590 980 643 etiam
1008 587 1077 641 illi
1098 595 1464 651 numerantur,
1493 584 1558 639 de
1579 585 1770 655 quibus
1795 583 1923 638 dicit
1946 584 2084 638 idem

498 683 790 749 apostolus,
828 680 1010 733 (tumes
1040 695 1132 732 sua
1160 686 1409 746 quierunt,
1457 693 1555 730 non
1585 692 1696 746 qua:
1731 675 1856 731 Jesu
1899 677 2085 732 Christi

499 773 758 844 (Philipp.
785 789 842 836 ιι,
875 772 967 842 21)
999 789 1010 824 :
1037 785 1168 840 quos
1199 771 1302 824 alio
1330 771 1449 824 loco
1471 769 1596 824 dicit
1621 784 1722 822 non
1749 784 1810 822 ex
1841 770 2082 834 veritate,

495 865 586 919 sed
612 882 673 919 ex
705 865 983 918 occasione
1009 862 1296 930 praedicare
1319 861 1534 916 verbum
1557 861 1669 925 Dei,
1692 875 1793 915 non
1811 859 2080 928 casteUd.

497 973 530 1016 ι,
569 957 672 1024 l7).
707 955 753 1007 id
787 965 887 1017 est,
913 971 1016 1008 non
1049 969 1113 1008 ex
1142 953 1322 1006 animo
1355 966 1500 1022 pura:
1526 960 1580 1007 et
1604 952 1830 1005 sincera:
1853 950 2084 1006 charita-

493 1050 579 1101 tis.
617 1048 773 1102 Aliud
816 1050 956 1103 enim
1008 1047 1327 1110 sentiebant,
1377 1045 1596 1116 quodin
1629 1061 1813 1100 eorum
1847 1045 2084 1102 moribus

493 1142 822 1209 apparebat;
853 1150 903 1192 et
950 1139 1089 1192 aliud
1139 1137 1520 1207 praedicabant,
1566 1146 1623 1192 ut
1648 1147 1835 1192 Sancto
1867 1138 2083 1191 nomine

497 1233 767 1300 placerent
795 1232 1096 1284 hominibus
1126 1248 1137 1284 :
1170 1245 1290 1283 nam
1314 1228 1484 1283 dehis
1514 1229 1704 1282 iterum
1727 1227 1878 1293 dicit,
1906 1227 2084 1297 Neque

493 1325 627 1376 enim
658 1324 738 1376 isti
775 1322 876 1376 Deo
902 1323 1141 1385 serviunt,
1187 1319 1274 1373 sed
1303 1335 1394 1372 suo
1423 1321 1579 1372 ventri
1612 1318 1786 1390 (llam.
1819 1334 1932 1383 va,
1971 1319 2077 1387 18).

493 1418 638 1484 Quos
668 1426 840 1470 tamen
885 1414 1154 1469 Christum
1184 1413 1499 1466 annuntiare
1528 1412 1802 1481 permittit.
1829 1411 2080 1480 Quamvis

494 1509 633 1561 enim
666 1523 725 1562 ea
759 1507 934 1576 potius
979 1505 1260 1560 crederent
1286 1519 1404 1574 qua:
1435 1503 1532 1573 ipsi
1563 1501 1848 1569 faciebant,
1881 1511 1936 1556 ut
1963 1517 2080 1556 mo-
2134 1508 2139 1519 '

495 1608 772 1655 rercntur:
798 1613 858 1653 ea
883 1607 1056 1652 tamen
1080 1596 1461 1668 praedicabant,
1484 1609 1601 1665 quae
1624 1594 1668 1648 si
1691 1595 1775 1648 alii
1799 1593 2080 1649 credentes

493 1691 746 1754 facerent,
775 1691 1144 1754 salvarentur;
1191 1703 1298 1741 non
1342 1687 1484 1740 enim
1512 1686 1654 1740 aliud
1692 1686 2076 1741 annuntiabant

491 1792 686 1854 praeter
715 1783 950 1852 regulam
976 1782 1119 1834 lidci.
1151 1781 1254 1834 Eos
1283 1780 1480 1850 quippe
1503 1778 1739 1834 excludit
1767 1779 2076 1848 Apostolus,

491 1875 677 1928 dicens
706 1889 720 1928 :
749 1872 809 1928 Si
835 1874 943 1940 quis
972 1872 1105 1925 vobis
1131 1871 1500 1924 annmniaverit
1531 1879 1712 1940 prieter
1739 1869 1790 1923 id
1828 1871 1961 1937 quod
1989 1887 2078 1923 ac-

492 1969 714 2038 cepistis,
764 1967 1031 2020 anathema
1056 1967 1118 2020 sit
1147 1964 1336 2036 (Gt'lat.
1385 1980 1421 2030 ι,
1450 1963 1525 2035 9).
1562 1964 1638 2018 1111
1671 1978 1775 2017 non
1808 1961 2078 2018 Christum

493 2059 1242 2129 annuutianttptiannuntiant
1264 2057 1574 2120 falsitatem;
1596 2057 1720 2125 quia
1736 2055 1977 2111 Christus
1993 2072 2081 2110 vc-

493 2154 621 2207 ritas
643 2161 724 2207 est
742 2151 920 2220 (Joan.
943 2168 1046 2217 xiv,
1067 2151 1145 2220 6).
1172 2151 1244 2204 De
1267 2149 1381 2203 istis
1403 2157 1579 2203 autem
1603 2148 1730 2202 dicit
1759 2147 1897 2217 quod
1926 2148 2080 2202 Chri-

493 2256 633 2301 stum
657 2247 997 2311 annuntient;
1019 2245 1108 2300 sed
1130 2261 1231 2299 non
1261 2253 1424 2310 caste,
1443 2243 1492 2297 id
1507 2253 1608 2310 est,
1630 2259 1732 2298 non
1751 2245 1928 2298 animo
1942 2245 2071 2298 sim-

492 2338 617 2408 plici
641 2347 690 2391 ct
713 2353 864 2406 puro,
884 2347 935 2391 et
955 2337 1056 2392 ﬁde
1082 2338 1288 2391 sincera
1318 2353 1436 2408 qme
1468 2352 1561 2406 per
1581 2335 1920 2390 dilectionem
1953 2353 2080 2404 ope-

493 2441 644 2486 ratur
669 2430 862 2499 (Galat.
886 2447 936 2494 v,
963 2429 1016 2502 8)
1048 2449 1060 2483 :
1094 2431 1318 2485 terrenis
1333 2430 1524 2499 quippe
1549 2428 1926 2498 cupiditatibus
1947 2445 2078 2486 con-

491 2524 750 2587 sulentes,
781 2539 1001 2593 regnum
1027 2521 1281 2577 ccelorum
1311 2521 1716 2586 annuntiabant,
1746 2520 2004 2575 habe:.tes
2027 2523 2076 2574 in

489 2627 707 2686 pectore
734 2614 1036 2680 falsitatem,
1069 2615 1120 2668 in
1148 2614 1322 2682 lingua
1351 2615 1650 2668 veritatem.
1685 2614 1871 2667 Sciens
1903 2613 2079 2682 itaque

490 2710 778 2775 Apostolus
803 2709 960 2762 etiam
993 2722 1087 2776 per
1109 2707 1297 2762 ludam
1321 2706 1770 2776 evangelizantem
1795 2705 2077 2760 credentes

493 2813 613 2855 esse
659 2799 930 2860 liberatos,
961 2799 1091 2852 istos
1135 2813 1344 2867 quoque
1377 2797 1443 2849 ita
1491 2797 1782 2865 permittit:
1813 2795 1952 2860 Sive,
2000 2796 2076 2848 itt-

491 2892 625 2961 quit,
654 2892 930 2955 occasione,
959 2891 1060 2944 sive
1085 2892 1290 2943 veritate
1317 2888 1546 2942 Christus
1571 2890 1898 2941 (uiuuntietur
1930 2888 2080 2956 (Phi-

491 2981 622 3052 lipp.
657 2999 693 3044 ι,
728 2979 838 3053 18).
874 2981 1160 3037 Veritatem
1194 2982 1388 3050 quippe
1431 2981 1835 3043 annuntiabant,
1869 2982 2077 3036 etiamsi

493 3089 599 3128 non
625 3074 865 3136 veritate,
912 3072 961 3126 id
995 3083 1074 3127 est
1119 3085 1224 3125 non
1255 3087 1382 3125 vero
1427 3072 1624 3124 animo.
1661 3071 1745 3124 Isti
1795 3072 2081 3140 loquuntur

491 3167 632 3237 quod
665 3182 766 3220 non
797 3163 1040 3231 credunt,
1087 3174 1140 3218 et
1169 3164 1286 3217 ideo
1328 3163 1594 3231 reprobati
1641 3173 1760 3217 sunt
1789 3179 1802 3226 ;
1837 3163 2080 3232 quamvis

491 3258 599 3311 sint
641 3258 797 3311 utiles
841 3256 918 3310 eis
960 3270 1094 3324 quos
1125 3255 1336 3308 instruit
1379 3253 1655 3321 Dominus,
1688 3253 1870 3309 dicens
1904 3271 1920 3307 :
1955 3252 2080 3320 Qua!

493 3347 687 3412 dicunt,
711 3347 862 3416 facile
883 3362 901 3410 ;
928 3363 1039 3416 qua:
1061 3355 1226 3398 autem
1260 3346 1473 3416 faciunt.
1508 3347 1673 3415 facere
1702 3344 1853 3397 nolite
1870 3361 1888 3396 ;
1906 3344 2080 3397 dicunt

495 3437 650 3500 enim,
681 3447 727 3489 et
757 3453 856 3490 non
883 3437 1075 3504 facitmt
1104 3435 1316 3506 (Matth.
1352 3451 1498 3499 χχιιι,
1523 3435 1598 3503 5).
1637 3434 1803 3500 Unde,
1837 3435 1934 3488 nisi
1956 3435 2077 3505 quia

495 3531 646 3586 utilia
679 3544 785 3584 non
815 3529 1039 3583 credunt
1066 3544 1186 3584 esse
1217 3544 1334 3598 qua:
1360 3527 1539 3582 dicunt
1567 3529 1589 3580 ?
1614 3529 1751 3584 Stlut
1776 3537 1951 3581 autem
1988 3528 2077 3582 alii

494 3622 584 3692 qui
625 3621 867 3684 credunt,
896 3630 951 3674 et
979 3635 1080 3672 non
1111 3619 1400 3689 loquuntur
1430 3619 1570 3687 quod
1604 3620 1848 3682 credunt,
1881 3619 1966 3672 vel
1999 3619 2078 3687 pi-

494 3715 669 3784 gritia,
710 3712 793 3766 vel
822 3713 1027 3766 timore.
1060 3710 1190 3766 Nam
1220 3722 1272 3766 ct
1303 3712 1390 3764 ille
1419 3727 1605 3766 servus
1631 3711 1876 3781 quamvis
1909 3713 2079 3766 talen-

494 3815 606 3860 tum
658 3804 930 3870 habuerit,
971 3813 1144 3858 tamen
1193 3803 1312 3874 quia
1365 3819 1586 3873 erogare
1636 3803 1826 3869 noluit,
1876 3803 2078 3858 audita

495 3898 722 3954 Domino
742 3897 922 3968 judice
954 3916 967 3951 :
1001 3898 1156 3951 Serve
1180 3913 1391 3967 nequam
1419 3906 1463 3950 et
1491 3897 1651 3968 piger.
1681 3898 1748 3951 Et
1773 3896 1878 3950 alio
1906 3897 2079 3952 Evan-

495 3990 617 4059 gelii
651 3990 768 4045 loco
807 3988 1006 4043 dictum
1055 3997 1138 4043 est
1167 3989 1305 4058 quod
1338 3989 1488 4042 multi
1519 4004 1583 4042 ex
1631 3989 1954 4058 principibus
1983 3988 2076 4044 Ju-

494 4081 730 4136 daeorum
774 4079 1128 4134 credidissent
1155 4080 1204 4133 in
1234 4096 1374 4144 cum,
1421 4078 1514 4134 sed
1560 4095 1663 4133 non
1697 4095 1817 4134 cum
1849 4081 2078 4134 confitc-

494 4172 709 4234 bantur,
742 4186 807 4226 ne
833 4171 1222 4240 expellerentur
1246 4170 1311 4225 de
1333 4171 1614 4242 synagogis
1637 4188 1651 4235 ;
1680 4171 1772 4226 sed
1793 4173 1953 4226 etiam
1983 4173 2080 4240 ipsi

493 4261 806 4330 reprehensi
857 4270 1015 4330 atque
1076 4261 1358 4329 improbati
1413 4270 1537 4314 sunt
1585 4279 1596 4314 :
1651 4262 1888 4330 sequitur
1938 4262 2078 4315 enim

495 4351 831 4416 Evangelista
860 4351 1063 4412 dicens.
1093 4350 1397 4404 Antnverunt
1425 4353 1555 4404 enim
1583 4352 1797 4422 gloriam
1820 4353 2078 4407 hominum

496 4443 657 4512 magis
679 4457 827 4513 quam
858 4441 952 4495 Dei
983 4440 1161 4512 (Joan.
1191 4457 1285 4507 xu,
1314 4441 1403 4507 Η,
1434 4443 1548 4509 45).
1573 4442 1628 4497 Si
1657 4457 1782 4512 ergo
1809 4451 1862 4496 el
1892 4443 1963 4497 illi
1991 4443 2080 4513 qui

497 4551 679 4590 verum
711 4534 850 4604 quod
882 4535 1164 4602 loquuntur
1195 4550 1296 4587 non
1326 4533 1568 4599 credunt,
1599 4546 1652 4588 et
1680 4535 1749 4589 illi
1781 4537 1868 4605 qui
1894 4551 2077 4591 verum

494 4627 634 4699 quod
681 4626 906 4683 credunt
951 4641 1054 4680 nou
1103 4626 1408 4694 loquuntur,
1452 4627 1640 4681 merito
1685 4629 2078 4696 rcprobantur;

493 4720 613 4791 quis
653 4719 756 4774 erit
803 4734 990 4773 servus
1036 4732 1158 4773 vero
1196 4717 1452 4772 dicendus
1499 4719 1687 4784 fidelis,
1735 4719 1833 4774 nisi
1881 4720 1968 4775 ille
1997 4720 2080 4776 cui

492 4812 687 4865 dicitur
721 4828 732 4864 :
772 4829 789 4862 ι
845 4811 1016 4879 Euge,
1066 4823 1218 4864 serve
1267 4808 1437 4874 bone,
1488 4811 1737 4878 quoniam
1768 4812 1820 4865 in
1869 4813 2081 4867 modico

494 4905 639 4959 fuisti
688 4905 880 4971 ﬁdelis,
932 4919 1089 4972 supra
1137 4903 1300 4956 multa
1354 4913 1405 4956 te
1450 4905 1807 4970 constituam;
1843 4906 1978 4960 intra
2026 4907 2079 4960 in

493 4998 746 5065 gattdiuut
773 4997 974 5051 domini
1009 4996 1126 5050 tui?
1167 5015 1182 5047 ι
1216 4994 1358 5049 Talis
1391 4996 1565 5064 itaque
1595 5011 1780 5050 servus
1808 5012 1905 5051 nec
1931 5011 2082 5052 ante-

492 5105 650 5156 quam
683 5089 863 5144 credat
903 5089 1155 5158 loquitur,
1187 5103 1286 5142 nec
1326 5101 1445 5141 cum
1478 5087 1764 5141 crediderit
1811 5098 1984 5154 tacet;
2015 5106 2082 5143 ne

497 5179 579 5231 vel
609 5180 684 5232 sic
707 5188 885 5248 eroget
917 5188 968 5231 ιιι
1002 5178 1115 5247 ipse
1145 5194 1249 5230 non
1279 5177 1490 5241 haheat,
1519 5177 1596 5230 vel
1625 5177 1764 5246 quod
1789 5179 1943 5234 habet
1974 5196 2078 5232 non

494 5269 764 5338 eroganda
805 5286 907 5323 non
939 5271 1146 5324 habeat.
1177 5270 1262 5326 Sic
1289 5271 1429 5324 cuitu
1459 5269 1656 5324 dictum
1685 5279 1768 5324 est
1800 5289 1811 5322 :
1846 5270 1943 5334 Qui
1983 5272 2079 5323 hu-

495 5359 593 5425 bet,
635 5359 838 5413 dabitur
863 5361 949 5424 ei;
976 5362 1062 5429 qui
1109 5371 1406 5415 autemnon
1451 5362 1616 5425 habet,
1665 5371 1710 5416 et
1753 5362 1889 5432 quod
1935 5361 2080 5415 habet

493 5455 752 5524 auferetur
780 5450 843 5503 ab
885 5466 941 5503 eo
970 5449 1182 5518 (Matth.
1217 5468 1345 5517 xxv,
1377 5453 1440 5506 21
1481 5452 1597 5522 29).

563 5545 617 5598 2.
653 5543 799 5616 [vers
839 5542 950 5615 10.]
985 5543 1132 5598 Dicat
1155 5558 1283 5613 ergo
1312 5544 1411 5600 iste
1451 5545 1623 5600 bon'ts
1651 5561 1836 5600 servus
1860 5555 2080 5600 cantans

494 5635 733 5701 Alleluia,
764 5635 814 5690 id
836 5644 935 5698 est,
967 5633 1269 5689 sacrificans
1301 5634 1523 5689 Domino
1553 5637 1866 5691 sacriﬁcium
1887 5637 2077 5702 laudis,

493 5744 521 5781 a
566 5744 669 5796 quo
706 5727 978 5782 auditurus
1013 5735 1114 5792 est,
1162 5723 1307 5778 Intra
1350 5727 1402 5778 in
1447 5727 1685 5797 gaudium
1731 5728 1936 5783 Domini
1965 5730 2081 5792 tui;

494 5818 741 5886 assultet,
775 5829 825 5874 ct
851 5819 1008 5887 dit-at,
1041 5817 1262 5884 Credidi,
1306 5828 1510 5889 propter
1536 5820 1668 5889 quod
1701 5820 1893 5875 locutus
1921 5838 2030 5877 sum
2059 5837 2077 5875 :

1747 379 1802 434 S.
1846 376 2208 434 AEGUSTINI
2250 379 2551 437 EPISCOPI
2625 376 2632 390 ’

3661 387 3683 440 ι
3712 386 3821 439 ira

2203 493 2303 550 hoc
2329 504 2428 558 est,
2478 496 2710 566 perfecte
2737 498 2956 553 credidi.
2991 499 3103 554 Non
3133 501 3272 563 enim
3304 502 3534 572 perfecte
3561 504 3824 558 credunt

2194 585 2282 654 qui
2306 586 2446 654 quod
2477 587 2700 641 credunt
2728 587 2869 658 loqui
2903 589 3090 644 nolunt
3120 608 3132 643 :
3162 590 3227 644 ad
3256 591 3422 661 ipsam
3448 594 3592 648 enim
3627 593 3822 646 ﬁdem

2193 676 2424 745 pertinet
2450 678 2608 732 etiam
2637 678 2764 734 illud
2791 679 3012 735 credere
3041 681 3181 752 quod
3213 682 3410 739 dictum
3441 693 3545 750 est,
3579 685 3695 750 Qui
3732 701 3826 740 me

2191 771 2447 838 confessus
2475 770 2624 839 fuerit
2647 787 2819 825 coram
2848 771 3153 840 hominibus,
3183 775 3454 843 conﬁtebor
3477 792 3590 828 eum
3615 793 3825 830 coram

2190 859 2395 930 Angelis
2417 861 2510 916 Dei
2535 861 2742 931 (Matth.
2766 880 2814 930 χ,
2839 864 2951 937 52).
2983 866 3057 920 Ex
3087 865 3189 921 hoc
3208 866 3348 922 enim
3375 878 3454 923 est
3479 869 3820 939 appellatus

2192 949 2362 1006 fidelis
2389 952 2474 1007 ille
2499 968 2704 1022 servus,
2737 969 2841 1010 non
2883 963 3088 1011 tantum
3120 958 3243 1028 quia
3269 959 3494 1025 accepit,
3528 958 3632 1013 sed
3671 959 3820 1028 quia

2190 1043 2447 1114 impendit
2471 1053 2629 1116 atque
2656 1046 2890 1103 lucratus
2916 1056 3016 1103 est.
3050 1048 3122 1102 Ita
3152 1057 3206 1104 et
3233 1048 3333 1103 hoc
3370 1049 3488 1103 loco
3515 1064 3630 1102 non
3684 1050 3775 1103 ait
3803 1091 3820 1114 ,

2189 1133 2421 1204 Credidi,
2450 1147 2505 1192 et
2533 1138 2739 1194 locutus
2768 1153 2884 1194 sum
2910 1157 2924 1206 ;
2956 1141 3048 1196 sed
3078 1149 3295 1211 propter
3320 1141 3420 1196 hoc
3449 1141 3578 1196 dicit
3604 1157 3682 1197 se
3731 1142 3826 1195 lo-

2187 1237 2366 1284 cntum
2411 1245 2551 1296 esse,
2596 1233 2716 1302 quia
2761 1232 3006 1288 credidit.
3055 1232 3222 1289 Simul
3266 1235 3408 1290 enim
3443 1234 3719 1294 credidit.
3764 1241 3828 1288 ct

2187 1319 2328 1388 quod
2357 1321 2631 1390 prmmium
2679 1322 2944 1393 loquendo
2983 1338 3220 1393 sperare,
3264 1332 3318 1378 et
3361 1340 3519 1394 quam
3567 1340 3824 1394 pennam

2189 1412 2412 1468 tacendo
2443 1413 2627 1470 timere
2664 1415 2902 1472 deberet.
2933 1415 3155 1480 Credidi,
3185 1417 3376 1486 inquit,
3407 1427 3627 1488 propter
3665 1419 3828 1487 quod

2186 1504 2384 1558 locutus
2409 1521 2538 1558 sum.
2573 1504 2680 1577 Ego
2705 1516 2872 1560 autem
2903 1507 3198 1561 humiliatus
3225 1523 3337 1561 sum
3379 1507 3551 1562 nimis.
3587 1507 3826 1562 Passus

2187 1603 2268 1649 est
2296 1595 2435 1649 enim
2465 1595 2661 1652 multas
2704 1597 3089 1662 tribulationes,
3140 1607 3357 1668 propter
3380 1598 3604 1653 verbum
3647 1596 3821 1667 quod

2186 1684 2414 1741 ﬁdeliter
2439 1687 2671 1753 tenebat,
2717 1688 2946 1745 ﬁdeliter
2976 1690 3352 1760 impendebat;
3383 1699 3437 1745 et
3462 1689 3820 1745 humiliatus

2187 1787 2268 1834 est
2305 1779 2501 1834 nimis:
2533 1780 2671 1850 quod
2700 1781 2774 1835 illi
2803 1781 3096 1838 timuerunt
3125 1782 3212 1852 qui
3238 1792 3532 1837 amaverunt
3563 1782 3824 1853 gloriam

2188 1872 2444 1925 hominum
2470 1873 2628 1941 magis
2654 1889 2805 1942 quam
2836 1872 2946 1926 Dei.
2992 1872 3095 1929 Sed
3123 1872 3247 1943 quid
3278 1882 3382 1939 est,
3424 1871 3539 1944 Ego
3567 1882 3773 1927 autem
3797 1873 3830 1927 Ρ

2190 1964 2396 2020 Diceret
2417 1965 2612 2035 potius,
2643 1965 2879 2030 Credidi,
2912 1975 3131 2037 propter
3157 1965 3297 2036 quod
3320 1975 3376 2021 et
3400 1967 3612 2021 locutus
3655 1979 3822 2029 sum”,

2186 2063 2239 2110 et
2267 2055 2571 2110 humiliatus
2591 2071 2708 2111 sum
2737 2056 2894 2111 nimis
2919 2073 2930 2109 :
2955 2071 3050 2111 cur
3073 2056 3295 2122 addidit,
3320 2055 3433 2128 Ego
3458 2066 3673 2121 autem,
3705 2057 3822 2111 nisi

2187 2147 2306 2216 quia
2334 2147 2492 2202 homo
2517 2148 2783 2204 humiliari
2817 2157 2988 2218 potest
3012 2148 3078 2203 ab
3101 2149 3178 2203 eis
3206 2149 3293 2219 qui
3327 2149 3532 2204 veritati
3562 2158 3825 2204 contra-

2185 2229 2387 2304 dicunt,
2409 2255 2511 2292 non
2540 2240 2649 2308 ipsa
2674 2240 2868 2294 veritas
2889 2255 3043 2309 quam
3066 2239 3235 2295 credit
3254 2249 3308 2295 et
3329 2240 3605 2310 loquitur?
3640 2240 3821 2297 Unde

2186 2337 2240 2384 et
2269 2331 2570 2399 Apostolus,
2595 2346 2712 2385 cum
2740 2331 2806 2384 de
2830 2341 3010 2385 catena
3042 2347 3136 2385 sua
3164 2331 3366 2387 diceret
3396 2349 3408 2386 :
3435 2332 3545 2387 Sed
3571 2350 3774 2388 sermo
3801 2375 3818 2400 ,

2187 2419 2373 2489 inquit,
2406 2420 2500 2474 Dei
2521 2438 2618 2476 non
2640 2432 2710 2475 est
2737 2421 2973 2494 alligatus
3002 2422 3067 2496 (ll
3097 2423 3226 2476 Tim.
3255 2439 3313 2488 ιι,
3342 2423 3419 2494 9).
3454 2423 3546 2478 Sic
3570 2433 3633 2478 et
3678 2425 3818 2490 istc,

2185 2513 2305 2582 quia
2338 2513 2446 2582 ipsa
2472 2523 2552 2567 est
2577 2529 2677 2567 una
2709 2529 2931 2582 persona
2959 2523 3261 2568 sanctorum
3285 2516 3516 2578 testium,
3545 2514 3671 2569 hoc
3697 2524 3819 2581 est,

2187 2613 2476 2676 martyrum
2512 2605 2623 2670 Dei,
2672 2604 2894 2670 Credidi,
2929 2604 3116 2675 inquit,
3165 2615 3374 2677 propter
3414 2608 3551 2675 quod
3582 2605 3822 2664 loculus

2185 2710 2316 2748 sum.
2347 2693 2459 2765 Ego
2503 2705 2692 2762 autent,
2749 2711 2852 2749 non
2886 2696 3011 2750 illud
3060 2696 3203 2766 quod
3245 2696 3468 2764 credidi,
3501 2712 3614 2752 non
3680 2714 3816 2754 scr-

2186 2802 2274 2839 mo
2303 2801 2459 2856 quem
2491 2789 2680 2856 protuli
2707 2804 2720 2852 ;
2757 2787 2849 2843 sed
2890 2788 2996 2857 Ego
3028 2789 3320 2844 humiliatus
3349 2807 3460 2844 sum
3488 2792 3688 2845 nimis.

2257 2882 2308 2936 5.
2342 2877 2491 2950 [vers.
2537 2877 2645 2952 1L]
2677 2879 2784 2951 ligo
2822 2889 2986 2934 autent
3017 2881 3125 2935 dixi
3153 2882 3202 2935 in
3231 2885 3406 2937 erstasi
3437 2899 3570 2950 mea,
3605 2882 3820 2942 Ouini:

2186 2970 2334 3024 homo
2372 2971 2607 3025 ntendare.
2640 2971 2878 3026 Ecstasin
2916 2987 3164 3041 pavorem
3192 2972 3340 3041 dicit,
3369 2989 3526 3044 quem
3555 2979 3820 3032 commi-

2186 3061 2434 3116 nantibus
2455 3064 2899 3132 persccutoribus,
2920 3075 2967 3119 et
2990 3065 3420 3135 impendentibus
3439 3069 3816 3137 passinnibus

2184 3154 2448 3208 cruciatus
2473 3163 2564 3207 aut
2591 3153 2798 3219 mortis,
2845 3154 3075 3209 humana
3105 3157 3382 3211 infirmitas
3413 3159 3640 3228 patitur.
3688 3161 3816 3217 Hoc

2185 3243 2326 3299 enim
2359 3245 2717 3314 intelligimus,
2758 3246 2878 3314 quia
2909 3247 2960 3301 in
2991 3248 3091 3302 isto
3121 3249 3323 3317 psalmo
3349 3265 3448 3305 vox
3477 3261 3812 3324 martyrum

2186 3345 2422 3406 apparet.
2453 3337 2582 3391 Nam
2611 3345 2664 3392 et
2690 3337 2794 3392 alio
2817 3337 2974 3393 modo
2997 3339 3189 3394 dicitur
3204 3341 3445 3406 ecstasis,
3464 3357 3592 3397 cum
3625 3359 3810 3401 mens

2185 3443 2290 3483 non
2324 3444 2517 3499 pavore
2542 3429 2823 3497 alienatur,
2850 3430 2944 3486 sed
2987 3432 3160 3502 aliqua
3187 3433 3533 3503 inSpiratione
3564 3440 3810 3494 revela-

2188 3520 2345 3575 tionis
2370 3521 2672 3575 assumitur.
2707 3519 2818 3592 Ego
2839 3531 3004 3576 autem
3032 3523 3138 3577 dixi
3159 3524 3210 3578 in
3235 3525 3412 3578 ecstasi
3432 3543 3568 3592 utea,
3601 3527 3811 3584 Omnis

2187 3612 2335 3666 homo
2361 3612 2592 3666 mendax.
2626 3610 2958 3667 Conterritus
2980 3614 3120 3667 enim
3146 3615 3374 3684 respexit
3405 3615 3803 3675 infirmitatem

2187 3719 2358 3771 suam,
2402 3713 2457 3760 et
2501 3704 2628 3759 vidit
2658 3720 2761 3760 non
2804 3705 2871 3761 de
2914 3721 2973 3761 se
3014 3707 3113 3761 sibi
3160 3722 3281 3763 esse
3318 3712 3803 3778 przesumendum.

2187 3796 2449 3864 Quantum
2489 3797 2630 3852 enim
2662 3794 2728 3850 ad
2754 3796 2925 3865 ipsum
2957 3795 3224 3852 hominem
3253 3799 3500 3868 pertinet,
3544 3803 3803 3858 mendax

2187 3899 2306 3944 est:
2351 3889 2443 3944 sed
2471 3889 2638 3960 gratia
2680 3888 2772 3944 Dei
2815 3904 2978 3944 verax
3019 3887 3241 3945 effectus
3265 3899 3362 3955 est,
3409 3906 3476 3946 ne
3506 3895 3806 3961 pressuris

2188 3980 2521 4036 inimicorum
2548 3980 2744 4036 cedens
2769 3995 2874 4035 non
2907 3980 3214 4050 loqueretur
3256 3982 3397 4052 quod
3423 3983 3756 4040 crediderat
3785 4029 3801 4053 ,

2187 4075 2281 4130 sed
2315 4084 2527 4145 negaret
2555 4090 2569 4136 ;
2599 4074 2734 4129 sicut
2757 4073 2914 4129 Petro
2941 4072 3152 4136 accidit,
3183 4075 3431 4143 quoniam
3460 4074 3525 4130 de
3553 4089 3618 4130 se
3644 4094 3803 4145 pne—

2188 4177 2505 4237 sumpserat,
2530 4176 2580 4220 et
2602 4165 2872 4220 docendus
2893 4173 3009 4220 erat
3033 4165 3099 4220 de
3129 4164 3342 4221 homine
3363 4181 3466 4220 non
3495 4183 3622 4223 esse
3648 4186 3802 4238 prac-

2188 4258 2522 4313 sumcudum.
2580 4258 2648 4313 Et
2694 4259 2736 4312 si
2783 4258 2849 4312 de
2899 4256 3115 4313 luuniue
3167 4274 3272 4312 non
3329 4259 3490 4316 debet
3547 4264 3802 4335 quisque

2188 4363 2532 4419 praesumere,
2581 4349 2760 4420 utique
2804 4363 2903 4405 nec
2944 4349 3013 4404 de
3051 4350 3265 4419 seipso;
3297 4352 3416 4421 quia
3462 4351 3632 4406 homo
3678 4367 3794 4411 est.

2189 4441 2333 4497 Bene
2363 4456 2488 4510 ergo
2519 4441 2617 4495 iste
2647 4440 2776 4495 vidit
2807 4440 2857 4494 in
2886 4455 3082 4510 pavore
3108 4456 3204 4495 suo
3232 4455 3444 4496 omnem
3495 4442 3790 4501 hominem

2189 4546 2308 4588 esse
2337 4531 2644 4587 mendacem
2671 4549 2686 4598 ;
2732 4532 2851 4602 quia
2883 4540 2937 4586 et
2966 4531 3038 4586 illi
3072 4532 3161 4601 qui
3203 4533 3354 4588 nullo
3383 4547 3586 4602 pavore
3613 4551 3795 4593 vane-

2189 4633 2362 4692 scunt,
2390 4639 2456 4679 ne
2483 4624 2920 4694 persequentibus
2940 4623 3181 4679 cedendo
3211 4626 3554 4688 mentiantur,
3587 4644 3795 4687 mune-

2189 4716 2337 4771 ribus
2369 4714 2458 4769 Dei
2491 4715 2622 4769 tales
2649 4722 2790 4778 sunt,
2826 4729 2931 4769 non
2963 4714 3165 4770 viribus
3191 4717 3322 4771 suis.
3351 4716 3581 4772 Proinde
3609 4724 3795 4775 veris-

2189 4808 2322 4862 sime
2367 4806 2563 4861 dictum
2614 4813 2714 4872 est,
2766 4805 2942 4859 Omnis
2989 4807 3138 4860 homo
3185 4808 3441 4874 mendax;
3489 4809 3582 4864 sed
3638 4811 3794 4867 Deus

2190 4914 2367 4961 verax,
2395 4897 2484 4967 qui
2509 4897 2582 4951 ait
2611 4914 2625 4950 :
2659 4914 2676 4946 ι
2717 4895 2830 4966 Ego
2854 4896 2988 4961 dixi,
3025 4896 3105 4950 Dii
3130 4897 3280 4963 estis,
3313 4908 3366 4952 et
3394 4897 3482 4952 ﬁlii
3511 4899 3788 4955 Altissimi

2188 5006 2376 5047 omnes
2403 5009 2415 5046 :
2440 5005 2536 5046 vos
2565 4998 2739 5044 autem
2765 4990 2900 5044 sicut
2923 4989 3168 5044 homines
3197 4991 3519 5053 moriemini,
3561 5002 3614 5045 et
3640 4995 3790 5048 sicut

2189 5097 2326 5136 unus
2370 5098 2432 5138 ex
2483 5081 2808 5152 principibus
2850 5079 3052 5135 cadetis
3087 5099 3106 5132 ›
3143 5078 3312 5150 (Psal.
3361 5097 3545 5146 Lxxxt,
3596 5082 3650 5146 6,
3705 5085 3784 5148 7).

2187 5173 2502 5229 Consolatur
2544 5171 2788 5236 humiles,
2833 5181 2887 5228 et
2935 5172 3118 5242 implet
3147 5187 3242 5227 eos
3293 5187 3398 5228 non
3444 5173 3618 5228 solum
3677 5175 3785 5231 ﬁde

2188 5263 2487 5329 credendm,
2529 5263 2621 5318 sed
2647 5263 2807 5319 etiam
2844 5263 3031 5318 fiducia
3064 5263 3419 5334 praedicanda:
3443 5265 3706 5330 veritatis,
3735 5268 3780 5320 si

2190 5364 2590 5427 perseveranter
2636 5353 2929 5411 subdantur
2975 5355 3104 5420 Deo,
3155 5368 3254 5408 nec
3301 5353 3571 5408 imitentur
3614 5369 3772 5410 mune

2189 5465 2251 5504 ex
2285 5447 2607 5518 principibus
2633 5444 2921 5508 diabolum,
2965 5445 3054 5514 qui
3077 5444 3134 5498 in
3168 5444 3396 5499 veritate
3446 5461 3551 5499 non
3588 5445 3770 5506 stetit,

2187 5551 2243 5597 et
2279 5539 2488 5596 cecidit.
2532 5538 2588 5594 Si
2626 5539 2768 5592 enim
2800 5537 2973 5592 omnis
3017 5537 3178 5591 homo
3210 5535 3458 5597 mendax,
3492 5537 3543 5590 in
3569 5544 3773 5590 tantum

2191 5649 2295 5688 non
2317 5641 2473 5686 erunt
2493 5629 2798 5694 mendaces,
2823 5628 2874 5684 in
2897 5637 3150 5698 quantum
3182 5642 3284 5680 non
3308 5636 3466 5682 erunt
3487 5626 3733 5683 homines
3757 5644 3768 5688 ;

2189 5723 2440 5796 quoniam
2483 5723 2554 5777 dii
2583 5732 2758 5788 erunt,
2787 5730 2842 5776 et
2871 5719 2958 5774 ﬁlii
2995 5718 3275 5774 Altissimi.

2261 5819 2309 5874 1.
2347 5816 2494 5888 [ιεειοε.
2531 5811 2638 5889 12.)
2673 5815 2784 5871 lloc
2822 5815 2995 5884 itaque
3023 5811 3370 5867 considerans
3399 5809 3767 5867 devOtissimus
