4188 6446
393 384 540 444 N93

389 500 620 571 populus
658 497 890 553 fidelium
932 496 1166 562 testium,
1193 491 1463 565 quomodo
1493 493 1856 547 infirmitatem
1889 491 1988 546 ba—

391 605 607 645 manam
641 589 733 644 Dei
765 587 1134 644 misericordia
1163 601 1268 641 non
1309 585 1596 651 relinquat,
1641 583 1694 638 in
1722 584 1877 652 cujus
1907 583 1988 638 iu-

393 683 662 738 firmitatis
694 696 892 752 pavore
934 680 1134 735 dictum
1181 686 1282 741 est.
1319 676 1496 731 Omnis
1545 676 1694 729 homo
1725 673 1988 736 mendax;

392 773 665 845 quomodo
691 772 1000 830 consoletur
1025 770 1272 836 humiles,
1306 777 1360 824 ct
1390 767 1611 838 impleat
1639 766 1827 837 spiritu
1857 764 1993 820 fidu-

394 865 489 920 cia.-
523 862 877 932 trepidantes,
912 871 968 916 ut
997 877 1131 931 pene
1177 869 1388 915 mortuo
1417 857 1580 914 corde
1628 857 1950 913 reviviscant
1973 898 1987 922 ,

395 972 491 1010 nec
527 958 586 1010 in
606 956 910 1023 semetipsis
941 955 1165 1010 fidentes
1189 954 1314 1019 sint,
1349 952 1448 1008 sed
1475 952 1526 1006 in
1555 952 1736 1021 coqui
1767 954 1992 1004 suscitat

395 1059 639 1102 mortuos
668 1046 738 1120 (ll
766 1046 884 1101 Cor.
917 1063 960 1113 ι,
981 1045 1062 1115 9),
1093 1055 1148 1102 et
1187 1046 1393 1116 linguas
1433 1043 1712 1098 infantium
1759 1042 1883 1096 facit
1907 1041 1990 1095 di-

394 1151 572 1195 sertas
602 1139 755 1207 (Sep.
804 1154 858 1200 χ,
898 1135 1030 1205 21);
1077 1138 1167 1206 qui
1212 1136 1307 1201 ait,
1341 1154 1360 1186 ι
1393 1135 1528 1189 Cum
1569 1143 1746 1188 autem
1781 1131 1993 1188 tradent

398 1245 514 1294 vos,
563 1230 728 1284 nolite
773 1230 1007 1299 cogitare
1045 1226 1314 1298 quomodo
1359 1234 1451 1280 aut
1479 1224 1604 1295 quid
1650 1222 1987 1294 loquamini:

396 1325 614 1381 dabitur
651 1324 792 1378 enim
833 1321 983 1377 vobis
1014 1321 1065 1376 in
1093 1321 1180 1375 illa
1207 1319 1337 1374 hora
1363 1319 1488 1388 quid
1529 1316 1814 1388 loquamini
1839 1332 1854 1382 ;
1883 1330 1990 1370 non

398 1417 543 1472 enim
570 1431 661 1469 vos
682 1416 813 1470 estis
833 1414 921 1484 qui
949 1411 1248 1484 loquimini,
1273 1409 1365 1466 sed
1387 1409 1616 1479 Spiritus
1638 1407 1812 1462 Patris
1828 1406 1990 1461 vestri

403 1509 492 1579 qui
525 1508 758 1578 loquitur
780 1507 838 1560 in
851 1506 999 1561 vobis
1033 1525 1052 1558 ι
1085 1505 1295 1572 (Matth.
1327 1520 1380 1567 κ,
1402 1501 1640 1571 1981Ξο)
1675 1518 1688 1554 :
1722 1500 1838 1555 lucc
1865 1514 1992 1569 ergo

401 1600 578 1654 omnia
605 1598 952 1653 considerans
974 1597 1063 1652 ille
1089 1596 1178 1666 qui
1205 1595 1434 1659 dixerat,
1465 1592 1576 1663 Ego
1601 1591 1780 1646 dixiin
1809 1605 1994 1661 pavore

403 1711 531 1759 meo,
569 1693 745 1748 Omnis
770 1692 920 1746 homo
949 1691 1185 1754 mendax,
1214 1700 1268 1744 et
1297 1689 1480 1744 videns
1505 1687 1672 1759 gratia
1702 1687 1909 1742 Domini
1931 1701 1991 1742 se

409 1791 602 1844 Laetum
632 1802 874 1843 veracem
899 1827 917 1850 ,
949 1785 1084 1853 Quid
1111 1783 1403 1846 retribuam,
1425 1781 1613 1852 inquit,
1645 1779 1880 1843 Domino,
1903 1795 1994 1850 pro

403 1881 636 1934 euntibus
675 1894 789 1948 qua:
829 1877 1052 1931 retribuit
1100 1873 1409 1930 mihi?Non
1459 1874 1551 1937 ait,
1603 1887 1702 1942 pro
1747 1871 1998 1927 omnibus

402 1987 524 2042 qua
557 1970 741 2024 tribuit
765 1969 892 2023 mihi
917 1985 931 2034 ;
964 1967 1056 2024 scd
1087 1983 1180 2039 pro
1211 1965 1440 2021 omnibus
1459 1980 1572 2036 qua:
1599 1964 1823 2018 retribuit
1850 1963 1997 2017 milii.

403 2065 537 2130 Quae
568 2063 726 2132 igitur
758 2067 1140 2130 praecesserant
1171 2057 1422 2121 hominis,
1453 2067 1506 2110 ιιι
1537 2055 1776 2111 omnium
1819 2054 1999 2110 dono-

403 2171 526 2210 rum
560 2155 651 2209 Dei
679 2169 783 2207 non
811 2151 1105 2215 attributio,
1143 2149 1238 2205 sed
1267 2147 1550 2204 retributio
1575 2147 1752 2201 vocari
1783 2145 1950 2216 possit
1973 2145 2008 2197 ?'

404 2265 526 2319 qua:
574 2254 961 2318 pnecesserant
1013 2244 1241 2298 hominis
1292 2243 1391 2296 nisi
1443 2239 1704 2310 peccata?
1734 2237 2002 2294 Retrihuit

404 2354 537 2408 ergo
577 2339 713 2392 Deus
750 2337 886 2391 bona
931 2351 1028 2406 pro
1073 2333 1244 2398 malis,
1291 2335 1372 2386 cui
1425 2331 1665 2386 homines
1701 2330 2001 2386 retrilmunt

408 2432 546 2484 mala
595 2445 692 2498 pro
732 2429 883 2483 bonis
912 2445 925 2481 :
956 2427 1071 2481 haec
1122 2425 1267 2480 enim
1313 2423 1674 2478 retribueruut
1715 2421 1802 2491 qui
1850 2421 1998 2478 dixe-

409 2535 556 2588 runt,
595 2521 690 2575 llic
718 2532 789 2576 est
818 2522 975 2576 Itazres
997 2535 1017 2585 ,'
1046 2520 1222 2585 venite,
1269 2517 1557 2574 occidumus
1583 2533 1696 2572 eum
1727 2516 1744 2588 (
1769 2515 1851 2570 Id.
1883 2532 2000 2582 xxt,

408 2615 544 2688 ss).

481 2711 534 2764 5.
580 2707 739 2782 [vers
773 2709 858 2774 l5,
892 2705 1004 2779 153.]
1047 2705 1151 2761 Sed
1200 2704 1391 2775 qmerit
1439 2703 1539 2758 iste
1581 2701 1706 2772 quid
1747 2700 2005 2754 retribuat

411 2801 660 2863 Domino,
694 2809 746 2853 et
770 2817 876 2854 non
903 2798 1126 2860 invenit,
1151 2797 1248 2851 nisi
1272 2812 1337 2851 ex
1361 2797 1440 2851 eis
1463 2812 1580 2866 qua:
1613 2796 1726 2864 ipse
1749 2794 2006 2848 Dominus

411 2891 678 2946 retribuit.
713 2888 951 2951 Calicem,
981 2888 1171 2958 inquit,
1197 2887 1434 2942 saltuaris
1458 2885 1726 2955 accipiam,
1755 2891 1800 2937 et
1826 2899 2006 2937 nomen

414 2980 626 3035 Domini
651 2978 908 3034 invocabo.
943 2982 986 3033 0
1012 2979 1193 3044 immo,
1228 2985 1448 3047 peccato
1473 2985 1564 3032 tuo
1589 2974 1835 3038 mendax,
1862 2975 2010 3028 dono

419 3074 514 3129 Dei
545 3088 729 3138 verax,
757 3083 811 3126 et
835 3071 954 3127 ideo
974 3071 1083 3141 jam
1103 3085 1206 3125 non
1235 3069 1422 3132 homo;
1449 3068 1570 3139 quis
1592 3067 1682 3123 tibi
1713 3064 2007 3121 deditcali-

410 3183 531 3222 cem
561 3164 830 3231 salutaris,
849 3179 1007 3234 quem
1029 3163 1319 3233 accipiens,
1350 3171 1404 3216 et
1421 3161 1674 3216 invocans
1691 3173 1882 3212 nomen
1907 3157 2010 3211 Do-

409 3262 570 3323 Iuini,
589 3261 848 3315 retribues
874 3260 920 3312 ei
939 3273 1037 3329 pro
1065 3256 1314 3312 omnibus
1335 3271 1455 3326 qua:
1473 3253 1716 3310 retribuit
1744 3251 1870 3306 tibi?
1890 3249 2009 3320 quis

412 3354 517 3409 nisi
540 3352 630 3408 ille
647 3355 733 3422 qui
752 3351 843 3414 ait,
862 3349 1081 3405 Palestis
1097 3349 1260 3402 bibere
1275 3347 1481 3400 calicem
1497 3361 1640 3416 quem
1659 3360 1750 3414 ego
1767 3342 2010 3396 bibiturus

411 3463 525 3500 eum
549 3443 661 3516 (Id.
679 3460 768 3510 xx,
785 3441 906 3512 22)?
932 3442 1064 3510 Quis
1086 3439 1176 3494 tibi
1193 3436 1338 3494 dedit
1356 3437 1546 3492 imitari
1567 3435 1840 3506 passiones
1864 3448 2012 3500 suas,

411 3537 517 3592 uisi
541 3535 630 3606 qui
665 3550 760 3605 pro
787 3545 838 3589 te
865 3548 1051 3604 passus
1076 3540 1160 3586 est
1185 3529 1368 3598 prior?
1394 3527 1624 3597 ideoque
1647 3524 1746 3595 (a),
1778 3523 2010 3578 Pretiosa

409 3630 467 3683 in
498 3636 766 3697 conspectu
797 3624 1001 3678 Domini
1043 3638 1178 3676 mors
1207 3629 1501 3678 sanctorum
1544 3619 1678 3688 ejus.
1725 3615 1868 3669 Emit
1892 3628 2010 3668 eam

410 3719 671 3790 sanguine
696 3731 820 3781 suo,
846 3731 1002 3786 quem
1039 3713 1186 3784 prior
1214 3711 1348 3766 fudit
1375 3723 1472 3780 pro
1496 3707 1668 3764 salute
1695 3719 1974 3762 servorum
1994 3745 2010 3769 ,

412 3826 486 3865 ne
513 3823 610 3879 pro
635 3807 842 3862 Domini
869 3806 1084 3860 nomine
1104 3804 1244 3860 servi
1272 3799 1496 3856 fundere
1511 3799 1847 3861 dubitarent;
1870 3794 2012 3867 quod

414 3912 598 3957 tamen
621 3913 831 3960 eorum,
869 3912 972 3951 non
1019 3889 1229 3950 Domini
1257 3893 1490 3955 utilitati,
1527 3889 1833 3960 proﬁceret.

490 3993 544 4047 6.
577 3989 734 4064 [νει-ε.
769 3987 893 4062 16.]
924 3988 1253 4043 Ccutiteatur
1273 3985 1453 4053 itaque
1477 3982 1839 4037 conditionem
1862 3995 2013 4034 suam

415 4082 744 4152 mancipium
777 4089 922 4134 tanto
950 4079 1120 4148 pretio
1141 4082 1530 4145 comparatum,
1559 4082 1614 4128 et
1633 4071 1810 4126 dicat:
1839 4067 2016 4124 0-Da-

415 4175 576 4237 miue,
605 4189 696 4243 ego
724 4187 895 4226 servus
919 4180 1071 4233 tuus;
1096 4185 1186 4238 ego
1216 4181 1389 4222 senius
1415 4175 1550 4230 tuus,
1578 4173 1624 4218 et
1653 4162 1792 4232 ﬁlius
1817 4159 2019 4214 ancillae

416 4277 540 4319 tute.
575 4263 713 4332 Ergo
743 4269 796 4316 et
825 4269 1037 4330 emptus
1066 4269 1148 4314 est
1173 4299 1188 4324 ,
1224 4265 1278 4313 et
1310 4253 1622 4311 vernaculus
1651 4261 1751 4308 est.
1784 4253 1864 4304 An
1895 4266 2016 4306 cum

416 4364 591 4410 matre
625 4352 781 4408 simul
807 4359 890 4407 est
927 4348 1173 4421 emptus?
1199 4364 1264 4402 an
1291 4348 1413 4419 quia
1439 4344 1756 4402 vernaculus
1781 4353 1864 4398 cst
1882 4385 1894 4404 .
1923 4357 2018 4412 pro

417 4455 642 4518 peccato
670 4447 804 4516 iuga;
839 4461 949 4499 sua:
975 4442 1316 4514 depra'datus
1339 4483 1354 4507 ,
1383 4448 1437 4495 et
1468 4438 1588 4494 ideo
1614 4448 1826 4508 emptus
1848 4479 1861 4502 ,
1895 4435 2017 4505 quia

420 4538 730 4606 redemptus
772 4536 898 4592 est?
940 4535 1109 4590 Filius
1158 4533 1301 4587 enim
1348 4543 1431 4586 est
1476 4529 1683 4584 aneillm
1726 4527 2017 4583 secundum

421 4629 567 4702 quod
584 4631 760 4686 omnis
779 4636 1023 4684 creatura
1039 4626 1249 4682 subdita
1273 4624 1514 4680 Creatori
1535 4631 1640 4689 est,
1667 4631 1722 4677 et
1743 4620 2033 4676 verissimo-

419 4722 654 4778 Domino
693 4719 1026 4776 verissimum
1078 4719 1240 4774 debet
1288 4717 1596 4774 famulatum
1644 4733 1658 4768 :
1705 4729 1866 4786 quem
1897 4729 2018 4769 cum

421 4813 664 4879 exhibet,
693 4813 858 4868 libera
885 4819 986 4875 est,
1015 4810 1154 4865 hanc
1182 4808 1450 4877 accipiens
1470 4823 1498 4860 a
1528 4806 1752 4860 Domino
1775 4805 2018 4874 gratiam,

426 4914 486 4959 ut
513 4905 561 4959 ei
608 4919 712 4959 non
752 4903 1070 4960 necessitate
1090 4942 1112 4968 ,
1133 4900 1226 4955 sed
1257 4899 1528 4953 voluntate
1566 4895 1850 4952 deserviat.
1882 4895 2022 4964 Ergo

425 5001 529 5054 iste
561 4997 698 5052 filius
723 5005 805 5051 est
843 4994 1141 5050 Jerusalem
1186 4991 1456 5054 caelestis,
1489 5005 1609 5059 qna;
1646 5001 1860 5042 sursum
1898 4995 1977 5041 est
2004 5026 2018 5052 ,

425 5100 595 5146 mater
624 5089 860 5144 omnium
890 5095 1130 5142 nostrum
1160 5085 1323 5140 libera
1353 5081 1554 5154 (Galat.
1591 5096 1668 5146 tv,
1699 5078 1829 5149 26).
1859 5079 1925 5132 Et
1955 5078 2018 5132 li-

426 5183 552 5237 hera
577 5179 793 5251 quidem
810 5195 836 5232 a
856 5186 1074 5248 peccato
1099 5219 1118 5244 ,
1137 5175 1231 5231 sed
1249 5173 1436 5230 ancilla
1461 5171 1680 5242 justitiac
1701 5186 1714 5224 :
1733 5169 1884 5239 cujus
1905 5167 2025 5223 filiis

426 5271 601 5326 adhuc
617 5268 1080 5340 peregrinantibus
1103 5267 1318 5330 dicitur,
1356 5261 1456 5317 Vos
1482 5263 1533 5316 in
1559 5261 1838 5316 libertatem
1865 5261 2025 5314 uocati

428 5367 578 5429 estis;
599 5374 655 5420 et
673 5379 860 5420 rursus
880 5377 975 5419 eos
994 5377 1178 5417 servos
1199 5359 1348 5425 facit,
1364 5357 1566 5421 dicens,
1589 5354 1693 5411 Sed
1711 5354 1762 5408 in
1785 5353 2028 5408 charitate

427 5467 604 5512 servile
646 5456 856 5510 invicem
909 5455 926 5522 ζ
942 5453 1028 5507 Id.
1074 5468 1145 5518 v,
1195 5451 1293 5519 l5)
1335 5447 1573 5520 :quibus
1619 5447 1746 5501 item
1795 5444 2026 5511 dicitur,

435 5569 454 5601 ο
500 5549 634 5604 Cum
678 5546 992 5603 serviebatis
1033 5554 1250 5615 peccato
1277 5583 1291 5608 ,
1321 5541 1470 5595 liberi
1514 5539 1678 5594 eratis
1716 5553 1744 5592 a
1779 5536 2025 5608 justitia;

429 5659 574 5700 nunc
610 5657 736 5696 vero
764 5641 970 5697 iiberati
1013 5654 1042 5694 a
1069 5647 1286 5708 peccato
1306 5677 1322 5702 ,
1354 5634 1474 5690 facti
1504 5644 1681 5690 autem
1712 5632 1853 5688 servi
1882 5631 1991 5686 Deo
2011 5671 2027 5696 ,

497 5797 572 5858 (a)
611 5795 830 5858 Praeterit
868 5789 1159 5858 versiculum
1186 5789 1259 5853 li,
1304 5793 1416 5838 rota
1444 5801 1549 5841 mea
1587 5785 1786 5838 Domino
1827 5780 2031 5834 reddam

458 5853 598 5909 orant
625 5855 752 5906 eunti
777 5854 950 5918 popula
973 5853 1090 5915 ejus.

1490 375 1886 432 ENARRATIO
1916 375 1979 431 Η
2019 376 2341 435 PSALMUM
2381 377 2563 434 CXVI.

3548 379 3686 436 “9‘

2099 493 2304 549 habetis
2335 494 2565 550 fructum
2594 501 2830 550 vestrum
2879 496 2930 550 in
2981 495 3453 550 sanctilicatitmem
3477 537 3498 561 ,τ
3524 496 3683 552 fluent

2096 597 2224 638 vero
2250 583 2409 640 vitam
2435 595 2690 642 aeternam
2727 605 2745 639 ι
2778 590 2796 657 (
2821 587 2971 642 Itoni.
3003 603 3050 642 γι
3076 628 3090 653 ,
3112 586 3204 654 20,
3230 586 3356 657 22).
3386 588 3534 641 Dicat
3557 603 3686 658 ergo

2097 675 2207 730 Deo
2231 690 2416 732 servus
2447 678 2565 742 iste,
2595 677 2738 732 Multi
2768 693 2828 734 se
2855 687 3117 751 martyres
3144 678 3357 744 dicunt,
3391 680 3540 734 multi
3569 694 3687 736 ser-

2097 783 2190 822 vos
2213 777 2351 834 tuos,
2376 771 2496 839 quia
2522 785 2714 824 nomen
2740 780 2882 825 tuum
2914 771 3105 828 habent
3133 772 3184 826 in
3207 772 3368 826 variis
3391 772 3686 828 hatresibus

2096 870 2149 916 ct
2177 861 2482 926 erroribus;
2512 862 2606 917 sed
2637 863 2757 933 quia
2801 872 2996 932 praeter
3025 863 3320 920 Ecclesiam
3351 873 3492 919 tuam
3520 875 3681 930 sunt,

2097 971 2202 1010 non
2232 965 2358 1010 sunt
2389 955 2478 1010 lilii
2503 955 2706 1010 ant-ille
2733 967 2835 1012 tua:
2866 975 2876 1010 :
2908 955 3018 1028 Ego
3043 966 3220 1012 autem
3248 974 3420 1013 servus
3451 966 3566 1013 tuus
3587 1001 3601 1025 ,
3634 967 3686 1012 et

2097 1047 2234 1115 ﬁlius
2259 1046 2463 1101 ancilla:
2493 1057 2613 1101 tua'.

2169 1140 2220 1194 7.
2263 1135 2426 1211 [vcrs.
2465 1138 2583 1210 l7.]
2626 1139 2898 1210 Disrupisti
2951 1139 3149 1194 vim'ula
3195 1157 3337 1206 utea;
3386 1141 3473 1195 tibi
3523 1141 3686 1196 sacri-

2097 1228 2260 1298 ficabo
2319 1231 2626 1300 sacri/icium
2688 1230 2872 1286 laudis.
2935 1230 3117 1301 Neque
3155 1231 3297 1285 enim
3352 1231 3527 1287 inveni
3584 1232 3721 1286 ulla'

2099 1322 2286 1374 merita
2328 1337 2465 1387 mea,
2498 1321 2710 1391 quando
2751 1331 2804 1376 tu
2836 1322 3108 1392 disrupisti
3141 1323 3350 1377 vincula
3390 1337 3541 1388 mea;
3572 1322 3692 1378 ideo

2098 1411 2414 1467 sacrificium
2438 1413 2608 1468 laudis
2633 1413 2722 1467 tibi
2750 1412 2922 1468 debeo
2947 1432 2958 1465 :
2983 1414 3104 1484 quia
3135 1415 3234 1468 etsi
3263 1415 3530 1484 gloriabor
3550 1415 3693 1484 quod

2099 1521 2284 1560 servus
2315 1515 2433 1560 tuus
2463 1505 2564 1560 sim
2593 1515 2646 1560 et
2676 1505 2814 1560 lilins
2838 1505 3045 1559 ancilla:
3078 1515 3215 1571 tuaz;
3249 1521 3353 1560 non
3384 1505 3436 1560 in
3465 1521 3570 1569 me,
3599 1510 3692 1560 sed

2101 1597 2151 1651 in
2171 1605 2222 1653 te
2241 1598 2464 1651 Domino
2480 1613 2600 1653 meo
2618 1596 2908 1668 gloriabor,
2923 1598 3010 1666 qui
3031 1597 3302 1667 disrupisti
3325 1597 3531 1651 vincula
3550 1613 3690 1661 utea,

2101 1700 2211 1746 uta
2238 1690 2353 1762 fuga
2386 1690 2598 1746 rediens
2627 1691 2882 1760 religarer
2908 1691 3024 1743 tibi.

2172 1783 2225 1838 8.
2260 1781 2423 1854 [_vers.
2459 1779 2583 1854 l8.]
2633 1781 2755 1834 Vota
2777 1797 2886 1835 mea
2921 1781 3132 1836 Domino
3161 1780 3387 1836 reddam.
3414 1780 3545 1847 Qua:
3571 1791 3691 1835 vota

2103 1875 2402 1930 redditurus
2429 1872 2521 1928 es?
2550 1873 2692 1942 Quas
2730 1873 2918 1927 vovisti
2965 1871 3247 1927 victimas?
3290 1886 3411 1942 qua:
3435 1873 3694 1927 incensa?

2103 1984 2220 2037 qua:
2243 1967 2590 2022 holocausta?
2617 1969 2694 2020 An
2717 1965 2782 2020 ad
2809 1966 2932 2020 illud
2965 1965 3205 2036 respicis,
3229 1965 3368 2036 quod
3391 1965 3550 2036 paulo
3573 1975 3697 2022 ante

2103 2059 2281 2114 dixisti
2306 2099 2320 2124 ,
2349 2059 2566 2114 Calicem
2609 2058 2846 2112 salutaris
2889 2059 3172 2126 accipiam,
3206 2069 3252 2112 et
3281 2075 3462 2112 nomen
3491 2057 3698 2114 Domini

2104 2150 2378 2217 invocabo;
2419 2161 2505 2214 et,
2535 2149 2647 2204 Tibi
2691 2150 2985 2219 sacrificabo
3025 2151 3328 2220 sacriﬁcium
3378 2150 3590 2206 laudis?
3635 2153 3701 2207 Et

2105 2261 2289 2301 revera
2318 2245 2558 2316 quisquis
2604 2246 2740 2300 bene
2779 2246 2976 2315 cogitat
3017 2243 3143 2315 quid
3173 2251 3362 2298 voveat
3395 2243 3620 2298 Domino
3645 2253 3702 2298 et

2107 2354 2224 2408 qua:
2252 2348 2370 2393 vota
2414 2336 2636 2404 reddat,
2668 2338 2902 2406 scipsum
2936 2346 3158 2400 voveat,
3185 2336 3421 2405 seipsum
3467 2335 3656 2390 reddat
3683 2353 3695 2389 :

2108 2430 2210 2485 hoc
2234 2431 2488 2500 exigitur,
2518 2430 2618 2484 hoc
2643 2429 2886 2483 debetur.
2922 2429 3165 2498 lnspecto
3197 2443 3412 2482 nummo
3444 2427 3701 2482 Dominus

2107 2523 2263 2587 dicit;
2292 2521 2510 2575 Reddite
2546 2520 2733 2575 Cwsari
2775 2537 2889 2591 qua:
2929 2521 3144 2576 Ca’saris
3187 2530 3301 2575 sunt
3326 2562 3338 2583 ,
3369 2528 3413 2572 ct
3451 2518 3559 2574 Deo
3587 2536 3702 2590 qua:

2109 2617 2202 2671 Dei
2231 2627 2347 2671 sunt
2375 2615 2602 2686 (Matth.
2639 2631 2776 2680 xxtt,
2802 2614 2865 2669 2|
2900 2616 2915 2683 )
2948 2631 2959 2666 :
2992 2615 3166 2685 imago
3192 2630 3286 2668 sua
3319 2612 3558 2669 redditur
3581 2614 3703 2668 Ca:-

2109 2708 2234 2773 sari,
2266 2709 2440 2778 imago
2469 2723 2563 2763 sua
2591 2707 2844 2762 reddatur
2872 2707 3000 2762 Deo.

2181 2800 2232 2855 9.
2268 2799 2430 2873 [νυνι.
2464 2795 2592 2872 19.]
2629 2798 2733 2855 Sed
2763 2799 2851 2869 qui
2879 2799 3122 2853 meminit
3157 2813 3262 2852 non
3291 2798 3463 2852 solum
3491 2812 3703 2852 servum

2111 2909 2170 2948 se
2197 2908 2317 2950 esse
2347 2893 2458 2952 Dei.
2489 2891 2583 2948 sed
2608 2902 2663 2946 et
2690 2892 2853 2946 lilium
2880 2891 3086 2946 ancilla:
3117 2891 3229 2954 Dei,
3254 2889 3397 2944 videt
3423 2890 3439 2921 ¹
3471 2888 3558 2944 ubi
3582 2890 3708 2944 red-

2111 2985 2204 3040 dat
2229 2995 2346 3038 voti
2374 2999 2468 3040 sua
2492 3025 2506 3047 ,
2539 2983 2902 3039 conformatus
2929 2982 3144 3036 Christo
3190 2998 3281 3051 per
3307 2981 3530 3036 calicem
3558 2980 3707 3034 salu-

2115 3076 2261 3131 taris.
2306 3075 2369 3130 In
2411 3076 2586 3140 atriis,
2616 3075 2822 3146 inquit,
2863 3074 3041 3127 domus
3085 3071 3309 3126 Domini.
3351 3074 3480 3140 Qua:
3517 3071 3710 3126 domus

2116 3169 2211 3223 Dei
2241 3177 2342 3235 est,
2373 3167 2486 3222 lucc
2512 3167 2706 3222 ancilla
2741 3166 2835 3219 Dei
2863 3175 2942 3220 est
2969 3180 2981 3216 :
3017 3173 3073 3218 et
3098 3181 3216 3234 qua:
3243 3163 3434 3217 domus
3466 3162 3580 3224 Dei,
3605 3163 3706 3216 nisi

2115 3261 2292 3316 omnis
2313 3259 2539 3330 p0pulus
2560 3258 2709 3328 ejus?
2740 3257 2862 3312 Ideo
2887 3257 3145 3325 sequitur,
3171 3253 3235 3308 In
3259 3265 3527 3325 conspectu
3545 3255 3712 3310 omni:

2118 3353 2292 3423 populi
2317 3353 2446 3421 ejus.
2482 3350 2548 3404 Et
2585 3349 2820 3418 apertius
2847 3348 2956 3418 jam
2991 3347 3230 3401 nominat
3260 3345 3427 3416 ipsam
3457 3353 3708 3399 matrem.

2116 3446 2253 3515 Quid
2281 3454 2360 3501 est
2388 3445 2530 3500 enim
2561 3442 2702 3497 aliud
2735 3442 2960 3511 papulas
2986 3439 3122 3509 ejus,
3153 3440 3252 3493 nisi
3279 3438 3417 3508 quod
3444 3437 3708 3507 sequitur,

2119 3537 2184 3592 In
2209 3538 2374 3592 medio
2393 3537 2484 3600 tui,
2511 3535 2838 3590 Jerusalem?
2865 3533 3014 3587 'l‘unc
3039 3541 3121 3586 est
3143 3531 3284 3586 enim
3308 3530 3447 3601 quod
3472 3527 3714 3584 redditur

2116 3639 2347 3702 gratum,
2377 3628 2422 3685 si
2444 3627 2508 3684 de
2538 3643 2666 3698 pace
2695 3628 2920 3695 atquein
2951 3641 3079 3697 pace
3105 3626 3377 3681 reddatur.
3409 3623 3506 3690 Qui
3531 3632 3710 3678 autem

2121 3725 2218 3780 filii
2239 3724 2396 3794 hujus
2421 3723 2628 3778 ancilla:
2651 3728 2918 3784 nousunt,
2946 3719 3142 3780 bellum
3169 3718 3501 3787 potiusquam
3521 3731 3707 3784 pacem

2120 3822 2453 3870 amaverunt.
2478 3809 2554 3867 Ne
2583 3810 2701 3880 quis
2729 3819 2906 3864 autem
2938 3810 3208 3864 existimet
3231 3809 3361 3861 atria
3384 3806 3576 3861 domus
3604 3805 3710 3859 Do-

2121 3908 2270 3970 mini,
2294 3915 2349 3961 ct
2372 3921 2584 3960 onmem
2611 3903 2862 3972 populum
2885 3901 2999 3969 ejus
3020 3899 3232 3952 Jttdaeos
3253 3897 3560 3968 signiﬁcari,
3583 3895 3708 3965 quia

2122 4001 2192 4053 ita
2224 3999 2413 4051 clausit
2439 3997 2540 4050 iste
2570 3994 2807 4064 psalmus
2832 4032 2846 4055 ,
2871 4001 2930 4043 ut
2957 3990 3179 4052 diceret,
3215 3987 3279 4040 In
3309 3986 3470 4039 medio
3499 3986 3592 4048 tui,
3619 3984 3714 4038 Je-

2120 4088 2360 4152 rusalem,
2394 4085 2546 4155 cujus
2578 4081 2792 4136 nomine
2821 4081 3064 4135 carnales
3095 4078 3344 4133 Israelita:
3372 4076 3668 4148 gloriantur
3696 4093 3710 4139 ;

2121 4177 2303 4232 audite
2350 4183 2660 4246 sequentem
2706 4172 3006 4242 psalmum,
3042 4170 3127 4238 qui
3175 4178 3402 4238 quatuor
3432 4166 3712 4221 versiculis

2123 4268 2446 4323 cttttlittclttr.

2887 4420 3172 4428 -_.—.—-—.—.-.-——

2562 4496 2639 4556 IN
2685 4494 2822 4556 PSA
2834 4494 3062 4555 LMUM
3109 4492 3304 4555 CXVI

2714 4614 3130 4669 ENARRSTIO.

2450 4730 2740 4801 Superioris
2778 4728 3018 4782 sermonis
3048 4728 3376 4780 Continuatio.

2199 4823 2429 4878 Laudate
2461 4821 2731 4876 Dominum
2759 4836 2929 4873 omnes
2959 4828 3145 4889 gentes,
3177 4817 3377 4868 laudate
3401 4832 3514 4866 eum
3545 4832 3715 4870 omnes

2130 4917 2323 4990 populi.
2355 4914 2478 4970 Πευο
2505 4923 2629 4968 sunt
2658 4911 2790 4966 atria
2821 4909 3010 4964 domus
3044 4905 3272 4969 Domini,
3300 4905 3387 4959 ille
3415 4906 3587 4958 omnis
3615 4921 3715 4974 po-

2131 5010 2287 5082 pulus
2311 5007 2427 5078 ejus
2450 5046 2465 5072 ,
2495 5007 2610 5059 haec
2635 5018 2760 5058 vera
2787 4999 3080 5055 Jerusalem
3111 5000 3151 5050 '.
3185 4995 3414 5050 Audiant
3444 4996 3612 5065 magis
3643 4997 3716 5051 illi

2129 5102 2219 5173 qui
2262 5101 2419 5170 hujus
2459 5097 2691 5154 civitatis
2737 5093 2826 5147 tilii
2873 5104 2992 5144 esse
3037 5087 3359 5151 uoluerunt,
3400 5103 3520 5140 cum
3563 5102 3621 5142 se
3651 5089 3720 5143 ab

2131 5193 2368 5250 omnium
2395 5189 2630 5262 gentium
2661 5182 3037 5241 communione
3063 5179 3439 5248 prmcidcrunl.
3467 5180 3718 5245 Quoniam

2131 5286 2430 5355 confirmata
2459 5289 2533 5336 est
2573 5293 2726 5347 super
2769 5291 2859 5329 nos
2902 5271 3246 5326 misericordia
3283 5271 3425 5340 ejus,
3456 5281 3502 5325 et
3540 5273 3721 5326 ueritas

2133 5376 2339 5432 Domini
2366 5380 2530 5428 manet
2557 5370 2609 5423 in
2639 5377 2900 5422 a'ternum.
2937 5363 3061 5418 lla‘c
3083 5371 3206 5418 sunt
3231 5361 3337 5417 duo
3367 5361 3477 5427 illa,
3510 5361 3721 5416 miseri-

2132 5468 2313 5526 cordia
2351 5473 2406 5521 et
2446 5461 2679 5523 veritas,
2711 5474 2830 5529 qua:
2876 5457 2925 5510 in
2974 5457 3266 5511 centesimo
3315 5457 3474 5509 tertio
3513 5452 3723 5507 decimo

2133 5560 2338 5632 psalmo
2365 5552 2638 5611 memoria:
2675 5546 3098 5606 eounneudauda
3125 5545 3428 5602 commouui
3462 5545 3556 5616 (τι).
3588 5543 3719 5598 σου.

2201 5716 2214 5746 ⁸
2240 5713 2405 5762 Plures
2430 5715 2557 5766 Mss,
2576 5705 2684 5767 vide
2713 5717 2730 5754 :
2751 5710 2802 5754 ct
2823 5702 3036 5767 quidam,
3063 5699 3233 5767 videte.

2199 5779 2220 5808 ³
2241 5759 2468 5834 idet-ique
2493 5759 2618 5827 Mss,
2644 5766 2749 5834 [uec
2784 5759 2942 5822 veiba,
2961 5759 3244 5834 Jerusalem.

2200 5822 2272 5899 (av)
2297 5843 2346 5886 tu
2367 5822 2527 5885 sinant.
2554 5822 2674 5882 real.
2703 5843 2832 5889 cum,
2854 5839 3004 5879 serto.
3036 5825 3078 5885 l,
3103 5836 3155 5872 ιι.
3186 5822 3257 5872 ιδ.
