  <div class='ocr_page' id='page_1' title='image "/cluster/home/n/w/nwhite01/storage/ocr_20150623/37/uva.x000827106/245.png"; bbox 0 0 4188 6432; ppageno 0'>
   <div class='ocr_carea' id='block_1_1' title="bbox 548 357 681 410">
    <p class='ocr_par' dir='ltr' id='par_1_1' title="bbox 548 357 681 410">
     <span class='ocr_line' id='line_1_1' title="bbox 548 357 681 410; baseline -0.008 0"><span class='ocrx_word' id='word_1_1' title='bbox 548 357 681 410; x_wconf 74' lang='grc' dir='ltr'><strong>Μ’.¹5</strong></span> 
     </span>
    </p>
   </div>
   <div class='ocr_carea' id='block_1_2' title="bbox 545 465 2122 541">
    <p class='ocr_par' dir='ltr' id='par_1_2' title="bbox 545 465 2122 541">
     <span class='ocr_line' id='line_1_2' title="bbox 545 465 2122 541; baseline -0.002 -18"><span class='ocrx_word' id='word_1_2' title='bbox 545 478 744 538; x_wconf 70' lang='lat' dir='ltr'><strong>{trnmta</strong></span> <span class='ocrx_word' id='word_1_3' title='bbox 774 482 842 525; x_wconf 66' lang='lat' dir='ltr'><strong>eat</strong></span> <span class='ocrx_word' id='word_1_4' title='bbox 873 483 1046 526; x_wconf 67' lang='lat' dir='ltr'><strong>autem</strong></span> <span class='ocrx_word' id='word_1_5' title='bbox 1079 489 1228 541; x_wconf 57' lang='lat' dir='ltr'><strong>super</strong></span> <span class='ocrx_word' id='word_1_6' title='bbox 1257 487 1346 524; x_wconf 81' lang='lat' dir='ltr'><strong>nos</strong></span> <span class='ocrx_word' id='word_1_7' title='bbox 1377 467 1717 524; x_wconf 61' lang='lat' dir='ltr'><strong>ntisaicordiu</strong></span> <span class='ocrx_word' id='word_1_8' title='bbox 1751 465 1978 530; x_wconf 84' lang='lat' dir='ltr'><strong>Domini,</strong></span> <span class='ocrx_word' id='word_1_9' title='bbox 2002 480 2122 520; x_wconf 88' lang='lat' dir='ltr'><strong>cum</strong></span> 
     </span>
    </p>
   </div>
   <div class='ocr_carea' id='block_1_3' title="bbox 545 558 2121 631">
    <p class='ocr_par' dir='ltr' id='par_1_3' title="bbox 545 558 2121 631">
     <span class='ocr_line' id='line_1_3' title="bbox 545 558 2121 631; baseline -0.004 -13"><span class='ocrx_word' id='word_1_10' title='bbox 545 563 659 631; x_wconf 69' lang='lat' dir='ltr'><strong>ejus</strong></span> <span class='ocrx_word' id='word_1_11' title='bbox 692 564 885 617; x_wconf 86' lang='lat' dir='ltr'><strong>numini</strong></span> <span class='ocrx_word' id='word_1_12' title='bbox 909 605 924 628; x_wconf 96' lang='lat'><strong>,</strong></span> <span class='ocrx_word' id='word_1_13' title='bbox 955 577 1049 631; x_wconf 84' lang='lat' dir='ltr'><strong>per</strong></span> <span class='ocrx_word' id='word_1_14' title='bbox 1089 562 1227 630; x_wconf 88' lang='lat' dir='ltr'><strong>quod</strong></span> <span class='ocrx_word' id='word_1_15' title='bbox 1283 561 1487 615; x_wconf 87' lang='lat' dir='ltr'><strong>liberali</strong></span> <span class='ocrx_word' id='word_1_16' title='bbox 1538 573 1722 613; x_wconf 89' lang='lat' dir='ltr'><strong>sumus</strong></span> <span class='ocrx_word' id='word_1_17' title='bbox 1748 600 1760 622; x_wconf 83' lang='lat'><strong>,</strong></span> <span class='ocrx_word' id='word_1_18' title='bbox 1791 558 2121 612; x_wconf 72' lang='lat' dir='ltr'><strong>inimicorum</strong></span> 
     </span>
    </p>
   </div>
   <div class='ocr_carea' id='block_1_4' title="bbox 540 650 2124 725">
    <p class='ocr_par' dir='ltr' id='par_1_4' title="bbox 540 650 2124 725">
     <span class='ocr_line' id='line_1_4' title="bbox 540 650 2124 725; baseline -0.006 -14"><span class='ocrx_word' id='word_1_19' title='bbox 540 657 774 725; x_wconf 77' lang='lat' dir='ltr'><strong>gentium</strong></span> <span class='ocrx_word' id='word_1_20' title='bbox 794 655 970 709; x_wconf 84' lang='lat' dir='ltr'><strong>rabida</strong></span> <span class='ocrx_word' id='word_1_21' title='bbox 999 671 1090 708; x_wconf 89' lang='lat' dir='ltr'><strong>ora</strong></span> <span class='ocrx_word' id='word_1_22' title='bbox 1117 663 1388 708; x_wconf 83' lang='lat' dir='ltr'><strong>cesserunt</strong></span> <span class='ocrx_word' id='word_1_23' title='bbox 1416 670 1428 708; x_wconf 90' lang='lat'><strong>:</strong></span> <span class='ocrx_word' id='word_1_24' title='bbox 1451 663 1496 706; x_wconf 85' lang='lat' dir='ltr'><strong>ct</strong></span> <span class='ocrx_word' id='word_1_25' title='bbox 1518 654 1698 706; x_wconf 78' lang='lat' dir='ltr'><strong>veritas</strong></span> <span class='ocrx_word' id='word_1_26' title='bbox 1729 650 1934 704; x_wconf 88' lang='lat' dir='ltr'><strong>Domini</strong></span> <span class='ocrx_word' id='word_1_27' title='bbox 1957 659 2124 703; x_wconf 86' lang='lat' dir='ltr'><strong>manet</strong></span> 
     </span>
    </p>
   </div>
   <div class='ocr_carea' id='block_1_5' title="bbox 540 742 2118 816">
    <p class='ocr_par' dir='ltr' id='par_1_5' title="bbox 540 742 2118 816">
     <span class='ocr_line' id='line_1_5' title="bbox 540 742 2118 816; baseline -0.003 -15"><span class='ocrx_word' id='word_1_28' title='bbox 540 749 592 801; x_wconf 88' lang='lat' dir='ltr'><strong>in</strong></span> <span class='ocrx_word' id='word_1_29' title='bbox 619 758 858 802; x_wconf 66' lang='lat' dir='ltr'><strong>(utentum</strong></span> <span class='ocrx_word' id='word_1_30' title='bbox 881 789 894 812; x_wconf 95' lang='lat'><strong>,</strong></span> <span class='ocrx_word' id='word_1_31' title='bbox 923 746 1040 802; x_wconf 88' lang='lat' dir='ltr'><strong>sive</strong></span> <span class='ocrx_word' id='word_1_32' title='bbox 1071 748 1120 800; x_wconf 91' lang='lat' dir='ltr'><strong>in</strong></span> <span class='ocrx_word' id='word_1_33' title='bbox 1163 747 1240 800; x_wconf 89' lang='lat' dir='ltr'><strong>eis</strong></span> <span class='ocrx_word' id='word_1_34' title='bbox 1269 762 1386 816; x_wconf 78' lang='lat' dir='ltr'><strong>quae</strong></span> <span class='ocrx_word' id='word_1_35' title='bbox 1427 745 1668 816; x_wconf 86' lang='lat' dir='ltr'><strong>promisit</strong></span> <span class='ocrx_word' id='word_1_36' title='bbox 1703 744 1860 814; x_wconf 92' lang='lat' dir='ltr'><strong>justis</strong></span> <span class='ocrx_word' id='word_1_37' title='bbox 1885 783 1898 808; x_wconf 93' lang='lat'><strong>,</strong></span> <span class='ocrx_word' id='word_1_38' title='bbox 1930 744 2041 798; x_wconf 82' lang='lat' dir='ltr'><strong>sive</strong></span> <span class='ocrx_word' id='word_1_39' title='bbox 2066 742 2118 797; x_wconf 93' lang='lat' dir='ltr'><strong>in</strong></span> 
     </span>
    </p>
   </div>
   <div class='ocr_carea' id='block_1_6' title="bbox 538 841 1352 911">
    <p class='ocr_par' dir='ltr' id='par_1_6' title="bbox 538 841 1352 911">
     <span class='ocr_line' id='line_1_6' title="bbox 538 841 1352 911; baseline 0 -17"><span class='ocrx_word' id='word_1_40' title='bbox 538 841 614 894; x_wconf 83' lang='lat' dir='ltr'><strong>eis</strong></span> <span class='ocrx_word' id='word_1_41' title='bbox 644 857 761 911; x_wconf 74' lang='lat' dir='ltr'><strong>qua:</strong></span> <span class='ocrx_word' id='word_1_42' title='bbox 791 841 1019 894; x_wconf 84' lang='lat' dir='ltr'><strong>minatus</strong></span> <span class='ocrx_word' id='word_1_43' title='bbox 1049 851 1130 895; x_wconf 89' lang='lat' dir='ltr'><strong>est</strong></span> <span class='ocrx_word' id='word_1_44' title='bbox 1159 841 1352 909; x_wconf 85' lang='lat' dir='ltr'><strong>impiis.</strong></span> 
     </span>
    </p>
   </div>
   <div class='ocr_carea' id='block_1_7' title="bbox 931 1023 1715 1085">
    <p class='ocr_par' dir='ltr' id='par_1_7' title="bbox 931 1023 1715 1085">
     <span class='ocr_line' id='line_1_7' title="bbox 931 1023 1715 1085; baseline 0.001 -3"><span class='ocrx_word' id='word_1_45' title='bbox 931 1023 1011 1082; x_wconf 72' lang='grc' dir='ltr'><strong>ΙΝ</strong></span> <span class='ocrx_word' id='word_1_46' title='bbox 1061 1023 1435 1084; x_wconf 77' lang='lat' dir='ltr'><strong>PSALMUM</strong></span> <span class='ocrx_word' id='word_1_47' title='bbox 1487 1023 1715 1085; x_wconf 76' lang='lat' dir='ltr'><strong>CXVII</strong></span> 
     </span>
    </p>
   </div>
   <div class='ocr_carea' id='block_1_8' title="bbox 1121 1143 1531 1198">
    <p class='ocr_par' dir='ltr' id='par_1_8' title="bbox 1121 1143 1531 1198">
     <span class='ocr_line' id='line_1_8' title="bbox 1121 1143 1531 1198; baseline 0 -1"><span class='ocrx_word' id='word_1_48' title='bbox 1121 1143 1531 1198; x_wconf 63' lang='lat' dir='ltr'><strong>ENARRATIU.</strong></span> 
     </span>
    </p>
   </div>
   <div class='ocr_carea' id='block_1_9' title="bbox 1041 1273 1587 1312">
    <p class='ocr_par' dir='ltr' id='par_1_9' title="bbox 1041 1273 1587 1312">
     <span class='ocr_line' id='line_1_9' title="bbox 1041 1273 1587 1312; baseline 0.002 -4"><span class='ocrx_word' id='word_1_49' title='bbox 1041 1273 1210 1312; x_wconf 52' lang='grc' dir='ltr'><strong>λεπιιο</strong></span> <span class='ocrx_word' id='word_1_50' title='bbox 1237 1275 1302 1312; x_wconf 74' lang='lat' dir='ltr'><strong>AD</strong></span> <span class='ocrx_word' id='word_1_51' title='bbox 1331 1273 1587 1312; x_wconf 66' lang='lat' dir='ltr'><strong>POPCLL&#39;I.</strong></span> 
     </span>
    </p>
   </div>
   <div class='ocr_carea' id='block_1_10' title="bbox 610 1390 2116 1460">
    <p class='ocr_par' dir='ltr' id='par_1_10' title="bbox 610 1390 2116 1460">
     <span class='ocr_line' id='line_1_10' title="bbox 610 1390 2116 1460; baseline 0.003 -16"><span class='ocrx_word' id='word_1_52' title='bbox 610 1390 659 1444; x_wconf 80' lang='grc' dir='ltr'><strong>ι.</strong></span> <span class='ocrx_word' id='word_1_53' title='bbox 704 1391 1052 1449; x_wconf 80' lang='lat' dir='ltr'><strong>Audivintus.</strong></span> <span class='ocrx_word' id='word_1_54' title='bbox 1106 1391 1332 1457; x_wconf 75' lang='lat' dir='ltr'><strong>fratres,</strong></span> <span class='ocrx_word' id='word_1_55' title='bbox 1381 1391 1753 1446; x_wconf 83' lang='lat' dir='ltr'><strong>admenentem</strong></span> <span class='ocrx_word' id='word_1_56' title='bbox 1810 1407 1908 1447; x_wconf 93' lang='lat' dir='ltr'><strong>nos</strong></span> <span class='ocrx_word' id='word_1_57' title='bbox 1956 1403 2116 1460; x_wconf 91' lang='lat' dir='ltr'><strong>atque</strong></span> 
     </span>
    </p>
   </div>
   <div class='ocr_carea' id='block_1_11' title="bbox 537 1481 2117 1553">
    <p class='ocr_par' dir='ltr' id='par_1_11' title="bbox 537 1481 2117 1553">
     <span class='ocr_line' id='line_1_11' title="bbox 537 1481 2117 1553; baseline 0.006 -21"><span class='ocrx_word' id='word_1_58' title='bbox 537 1481 837 1536; x_wconf 78' lang='lat' dir='ltr'><strong>hortantem</strong></span> <span class='ocrx_word' id='word_1_59' title='bbox 881 1482 1133 1553; x_wconf 76' lang='lat' dir='ltr'><strong>Spiritum</strong></span> <span class='ocrx_word' id='word_1_60' title='bbox 1165 1495 1402 1538; x_wconf 86' lang='lat' dir='ltr'><strong>sanctum</strong></span> <span class='ocrx_word' id='word_1_61' title='bbox 1425 1525 1439 1550; x_wconf 91' lang='lat'><strong>,</strong></span> <span class='ocrx_word' id='word_1_62' title='bbox 1473 1493 1529 1538; x_wconf 92' lang='lat' dir='ltr'><strong>ut</strong></span> <span class='ocrx_word' id='word_1_63' title='bbox 1557 1485 1876 1540; x_wconf 81' lang='lat' dir='ltr'><strong>sacrificium</strong></span> <span class='ocrx_word' id='word_1_64' title='bbox 1907 1485 2117 1541; x_wconf 84' lang='lat' dir='ltr'><strong>confes-</strong></span> 
     </span>
    </p>
   </div>
   <div class='ocr_carea' id='block_1_12' title="bbox 533 1572 2116 1642">
    <p class='ocr_par' dir='ltr' id='par_1_12' title="bbox 533 1572 2116 1642">
     <span class='ocr_line' id='line_1_12' title="bbox 533 1572 2116 1642; baseline 0.004 -17"><span class='ocrx_word' id='word_1_65' title='bbox 533 1573 699 1627; x_wconf 85' lang='lat' dir='ltr'><strong>sionis</strong></span> <span class='ocrx_word' id='word_1_66' title='bbox 741 1572 1025 1627; x_wconf 77' lang='lat' dir='ltr'><strong>offeramus</strong></span> <span class='ocrx_word' id='word_1_67' title='bbox 1075 1575 1199 1628; x_wconf 88' lang='lat' dir='ltr'><strong>Deo.</strong></span> <span class='ocrx_word' id='word_1_68' title='bbox 1245 1573 1526 1630; x_wconf 75' lang='lat' dir='ltr'><strong>Confessio</strong></span> <span class='ocrx_word' id='word_1_69' title='bbox 1567 1584 1741 1630; x_wconf 90' lang='lat' dir='ltr'><strong>autem</strong></span> <span class='ocrx_word' id='word_1_70' title='bbox 1769 1619 1782 1642; x_wconf 89' lang='lat'><strong>,</strong></span> <span class='ocrx_word' id='word_1_71' title='bbox 1815 1577 1896 1631; x_wconf 88' lang='lat' dir='ltr'><strong>vel</strong></span> <span class='ocrx_word' id='word_1_72' title='bbox 1945 1577 2116 1632; x_wconf 82' lang='lat' dir='ltr'><strong>laudis</strong></span> 
     </span>
    </p>
   </div>
   <div class='ocr_carea' id='block_1_13' title="bbox 530 1662 2114 1737">
    <p class='ocr_par' dir='ltr' id='par_1_13' title="bbox 530 1662 2114 1737">
     <span class='ocr_line' id='line_1_13' title="bbox 530 1662 2114 1737; baseline 0.004 -21"><span class='ocrx_word' id='word_1_73' title='bbox 530 1662 645 1731; x_wconf 83' lang='lat' dir='ltr'><strong>ejus</strong></span> <span class='ocrx_word' id='word_1_74' title='bbox 676 1672 758 1717; x_wconf 87' lang='lat' dir='ltr'><strong>est</strong></span> <span class='ocrx_word' id='word_1_75' title='bbox 781 1705 795 1725; x_wconf 92' lang='lat'><strong>,</strong></span> <span class='ocrx_word' id='word_1_76' title='bbox 826 1665 904 1717; x_wconf 88' lang='lat' dir='ltr'><strong>vel</strong></span> <span class='ocrx_word' id='word_1_77' title='bbox 954 1676 1286 1734; x_wconf 82' lang='lat' dir='ltr'><strong>peccatorum</strong></span> <span class='ocrx_word' id='word_1_78' title='bbox 1327 1677 1651 1722; x_wconf 89' lang='lat' dir='ltr'><strong>nostrorum.</strong></span> <span class='ocrx_word' id='word_1_79' title='bbox 1685 1668 1754 1724; x_wconf 84' lang='lat' dir='ltr'><strong>Et</strong></span> <span class='ocrx_word' id='word_1_80' title='bbox 1785 1669 1871 1723; x_wconf 85' lang='lat' dir='ltr'><strong>illa</strong></span> <span class='ocrx_word' id='word_1_81' title='bbox 1903 1667 2114 1737; x_wconf 81' lang='lat' dir='ltr'><strong>quidem</strong></span> 
     </span>
    </p>
   </div>
   <div class='ocr_carea' id='block_1_14' title="bbox 531 1755 2116 1826">
    <p class='ocr_par' dir='ltr' id='par_1_14' title="bbox 531 1755 2116 1826">
     <span class='ocr_line' id='line_1_14' title="bbox 531 1755 2116 1826; baseline 0.004 -19"><span class='ocrx_word' id='word_1_82' title='bbox 531 1755 793 1809; x_wconf 87' lang='lat' dir='ltr'><strong>confessio</strong></span> <span class='ocrx_word' id='word_1_83' title='bbox 820 1799 834 1819; x_wconf 92' lang='lat'><strong>,</strong></span> <span class='ocrx_word' id='word_1_84' title='bbox 866 1773 963 1825; x_wconf 87' lang='lat' dir='ltr'><strong>qua</strong></span> <span class='ocrx_word' id='word_1_85' title='bbox 999 1768 1208 1826; x_wconf 73' lang='lat' dir='ltr'><strong>peccata</strong></span> <span class='ocrx_word' id='word_1_86' title='bbox 1237 1769 1413 1812; x_wconf 88' lang='lat' dir='ltr'><strong>nostra</strong></span> <span class='ocrx_word' id='word_1_87' title='bbox 1449 1761 1557 1814; x_wconf 82' lang='lat' dir='ltr'><strong>Deo</strong></span> <span class='ocrx_word' id='word_1_88' title='bbox 1579 1761 1915 1826; x_wconf 76' lang='lat' dir='ltr'><strong>conﬁtemur,</strong></span> <span class='ocrx_word' id='word_1_89' title='bbox 1942 1761 2116 1814; x_wconf 81' lang='lat' dir='ltr'><strong>omni-</strong></span> 
     </span>
    </p>
   </div>
   <div class='ocr_carea' id='block_1_15' title="bbox 531 1846 2111 1909">
    <p class='ocr_par' dir='ltr' id='par_1_15' title="bbox 531 1846 2111 1909">
     <span class='ocr_line' id='line_1_15' title="bbox 531 1846 2111 1909; baseline 0.006 -13"><span class='ocrx_word' id='word_1_90' title='bbox 531 1846 629 1899; x_wconf 89' lang='lat' dir='ltr'><strong>bus</strong></span> <span class='ocrx_word' id='word_1_91' title='bbox 655 1855 776 1899; x_wconf 89' lang='lat' dir='ltr'><strong>nota</strong></span> <span class='ocrx_word' id='word_1_92' title='bbox 815 1859 931 1909; x_wconf 90' lang='lat' dir='ltr'><strong>est;</strong></span> <span class='ocrx_word' id='word_1_93' title='bbox 964 1848 1033 1901; x_wconf 86' lang='lat' dir='ltr'><strong>ita</strong></span> <span class='ocrx_word' id='word_1_94' title='bbox 1067 1859 1119 1902; x_wconf 91' lang='lat' dir='ltr'><strong>Ill</strong></span> <span class='ocrx_word' id='word_1_95' title='bbox 1153 1848 1288 1903; x_wconf 88' lang='lat' dir='ltr'><strong>hanc</strong></span> <span class='ocrx_word' id='word_1_96' title='bbox 1319 1849 1483 1902; x_wconf 88' lang='lat' dir='ltr'><strong>solam</strong></span> <span class='ocrx_word' id='word_1_97' title='bbox 1511 1850 1611 1904; x_wconf 86' lang='lat' dir='ltr'><strong>diei</strong></span> <span class='ocrx_word' id='word_1_98' title='bbox 1645 1850 2030 1905; x_wconf 88' lang='lat' dir='ltr'><strong>confessionem</strong></span> <span class='ocrx_word' id='word_1_99' title='bbox 2061 1852 2111 1906; x_wconf 92' lang='lat' dir='ltr'><strong>in</strong></span> 
     </span>
    </p>
   </div>
   <div class='ocr_carea' id='block_1_16' title="bbox 531 1937 2109 2005">
    <p class='ocr_par' dir='ltr' id='par_1_16' title="bbox 531 1937 2109 2005">
     <span class='ocr_line' id='line_1_16' title="bbox 531 1937 2109 2005; baseline 0.004 -13"><span class='ocrx_word' id='word_1_100' title='bbox 531 1937 819 2005; x_wconf 88' lang='lat' dir='ltr'><strong>Scripturis</strong></span> <span class='ocrx_word' id='word_1_101' title='bbox 847 1940 1044 1994; x_wconf 77' lang='lat' dir='ltr'><strong>sanctis</strong></span> <span class='ocrx_word' id='word_1_102' title='bbox 1071 1940 1245 1995; x_wconf 87' lang='lat' dir='ltr'><strong>ntiuus</strong></span> <span class='ocrx_word' id='word_1_103' title='bbox 1272 1943 1474 1997; x_wconf 87' lang='lat' dir='ltr'><strong>erudita</strong></span> <span class='ocrx_word' id='word_1_104' title='bbox 1502 1944 1772 1997; x_wconf 74' lang='lat' dir='ltr'><strong>existimet</strong></span> <span class='ocrx_word' id='word_1_105' title='bbox 1797 1943 2109 1998; x_wconf 85' lang='lat' dir='ltr'><strong>multitudo:</strong></span> 
     </span>
    </p>
   </div>
   <div class='ocr_carea' id='block_1_17' title="bbox 530 2030 2112 2099">
    <p class='ocr_par' dir='ltr' id='par_1_17' title="bbox 530 2030 2112 2099">
     <span class='ocr_line' id='line_1_17' title="bbox 530 2030 2112 2099; baseline 0.003 -15"><span class='ocrx_word' id='word_1_106' title='bbox 530 2045 652 2084; x_wconf 89' lang='lat' dir='ltr'><strong>nam</strong></span> <span class='ocrx_word' id='word_1_107' title='bbox 687 2030 770 2083; x_wconf 88' lang='lat' dir='ltr'><strong>ubi</strong></span> <span class='ocrx_word' id='word_1_108' title='bbox 802 2030 900 2085; x_wconf 88' lang='lat' dir='ltr'><strong>hoc</strong></span> <span class='ocrx_word' id='word_1_109' title='bbox 931 2032 1148 2087; x_wconf 84' lang='lat' dir='ltr'><strong>verbum</strong></span> <span class='ocrx_word' id='word_1_110' title='bbox 1176 2031 1394 2087; x_wconf 87' lang='lat' dir='ltr'><strong>lectoris</strong></span> <span class='ocrx_word' id='word_1_111' title='bbox 1432 2049 1526 2087; x_wconf 90' lang='lat' dir='ltr'><strong>ore</strong></span> <span class='ocrx_word' id='word_1_112' title='bbox 1553 2035 1793 2088; x_wconf 90' lang='lat' dir='ltr'><strong>sonuerit</strong></span> <span class='ocrx_word' id='word_1_113' title='bbox 1814 2076 1828 2099; x_wconf 90' lang='lat'><strong>,</strong></span> <span class='ocrx_word' id='word_1_114' title='bbox 1860 2036 2112 2090; x_wconf 89' lang='lat' dir='ltr'><strong>continuo</strong></span> 
     </span>
    </p>
   </div>
   <div class='ocr_carea' id='block_1_18' title="bbox 527 2120 2110 2194">
    <p class='ocr_par' dir='ltr' id='par_1_18' title="bbox 527 2120 2110 2194">
     <span class='ocr_line' id='line_1_18' title="bbox 527 2120 2110 2194; baseline 0.005 -20"><span class='ocrx_word' id='word_1_115' title='bbox 527 2120 780 2188; x_wconf 76' lang='lat' dir='ltr'><strong>strepitus</strong></span> <span class='ocrx_word' id='word_1_116' title='bbox 820 2121 933 2188; x_wconf 83' lang='lat' dir='ltr'><strong>pius</strong></span> <span class='ocrx_word' id='word_1_117' title='bbox 976 2131 1187 2190; x_wconf 89' lang='lat' dir='ltr'><strong>pectora</strong></span> <span class='ocrx_word' id='word_1_118' title='bbox 1231 2123 1559 2177; x_wconf 88' lang='lat' dir='ltr'><strong>tundentimn</strong></span> <span class='ocrx_word' id='word_1_119' title='bbox 1604 2127 1964 2194; x_wconf 77' lang='lat' dir='ltr'><strong>consequitur.</strong></span> <span class='ocrx_word' id='word_1_120' title='bbox 2005 2127 2110 2182; x_wconf 70' lang='lat' dir='ltr'><strong>Sed</strong></span> 
     </span>
    </p>
   </div>
   <div class='ocr_carea' id='block_1_19' title="bbox 525 2209 2108 2288">
    <p class='ocr_par' dir='ltr' id='par_1_19' title="bbox 525 2209 2108 2288">
     <span class='ocr_line' id='line_1_19' title="bbox 525 2209 2108 2288; baseline 0.008 -26"><span class='ocrx_word' id='word_1_121' title='bbox 525 2209 724 2265; x_wconf 82' lang='lat' dir='ltr'><strong>debent</strong></span> <span class='ocrx_word' id='word_1_122' title='bbox 747 2211 1024 2268; x_wconf 84' lang='lat' dir='ltr'><strong>advertere</strong></span> <span class='ocrx_word' id='word_1_123' title='bbox 1048 2215 1314 2283; x_wconf 90' lang='lat' dir='ltr'><strong>quomodo</strong></span> <span class='ocrx_word' id='word_1_124' title='bbox 1338 2215 1535 2270; x_wconf 90' lang='lat' dir='ltr'><strong>dictum</strong></span> <span class='ocrx_word' id='word_1_125' title='bbox 1565 2209 1632 2271; x_wconf 86' lang='lat' dir='ltr'><strong>sit</strong></span> <span class='ocrx_word' id='word_1_126' title='bbox 1663 2220 1712 2272; x_wconf 90' lang='lat' dir='ltr'><strong>in</strong></span> <span class='ocrx_word' id='word_1_127' title='bbox 1733 2217 1838 2272; x_wconf 92' lang='lat' dir='ltr'><strong>alio</strong></span> <span class='ocrx_word' id='word_1_128' title='bbox 1867 2220 2068 2288; x_wconf 61' lang='lat' dir='ltr'><strong>psalmo</strong></span> <span class='ocrx_word' id='word_1_129' title='bbox 2093 2239 2108 2276; x_wconf 88' lang='lat'>:</span> 
     </span>
    </p>
   </div>
   <div class='ocr_carea' id='block_1_20' title="bbox 531 2302 2110 2374">
    <p class='ocr_par' dir='ltr' id='par_1_20' title="bbox 531 2302 2110 2374">
     <span class='ocr_line' id='line_1_20' title="bbox 531 2302 2110 2374; baseline 0.008 -22"><span class='ocrx_word' id='word_1_130' title='bbox 531 2321 550 2352; x_wconf 72' lang='grc' dir='ltr'><strong><em>ι</em></strong></span> <span class='ocrx_word' id='word_1_131' title='bbox 597 2302 856 2369; x_wconf 84' lang='lat' dir='ltr'><strong>Quoniam</strong></span> <span class='ocrx_word' id='word_1_132' title='bbox 901 2304 1167 2374; x_wconf 85' lang='lat' dir='ltr'><strong>ingrediar</strong></span> <span class='ocrx_word' id='word_1_133' title='bbox 1203 2308 1254 2361; x_wconf 87' lang='lat' dir='ltr'><strong>in</strong></span> <span class='ocrx_word' id='word_1_134' title='bbox 1305 2307 1475 2362; x_wconf 79' lang='lat' dir='ltr'><strong>locem</strong></span> <span class='ocrx_word' id='word_1_135' title='bbox 1518 2309 1834 2364; x_wconf 76' lang='lat' dir='ltr'><strong>tabernaculi</strong></span> <span class='ocrx_word' id='word_1_136' title='bbox 1882 2310 2110 2365; x_wconf 81' lang='lat' dir='ltr'><strong>admira-</strong></span> 
     </span>
    </p>
   </div>
   <div class='ocr_carea' id='block_1_21' title="bbox 523 2397 2106 2470">
    <p class='ocr_par' dir='ltr' id='par_1_21' title="bbox 523 2397 2106 2470">
     <span class='ocr_line' id='line_1_21' title="bbox 523 2397 2106 2470; baseline 0.006 -20"><span class='ocrx_word' id='word_1_137' title='bbox 523 2397 646 2451; x_wconf 84' lang='lat' dir='ltr'><strong>bilis</strong></span> <span class='ocrx_word' id='word_1_138' title='bbox 682 2415 848 2466; x_wconf 85' lang='lat' dir='ltr'><strong>usque</strong></span> <span class='ocrx_word' id='word_1_139' title='bbox 889 2399 953 2454; x_wconf 90' lang='lat' dir='ltr'><strong>ad</strong></span> <span class='ocrx_word' id='word_1_140' title='bbox 983 2400 1201 2455; x_wconf 82' lang='lat' dir='ltr'><strong>domum</strong></span> <span class='ocrx_word' id='word_1_141' title='bbox 1246 2402 1377 2470; x_wconf 92' lang='lat' dir='ltr'><strong>Dei,</strong></span> <span class='ocrx_word' id='word_1_142' title='bbox 1419 2403 1472 2457; x_wconf 89' lang='lat' dir='ltr'><strong>in</strong></span> <span class='ocrx_word' id='word_1_143' title='bbox 1502 2419 1632 2458; x_wconf 88' lang='lat' dir='ltr'><strong>voce</strong></span> <span class='ocrx_word' id='word_1_144' title='bbox 1658 2403 2026 2460; x_wconf 76' lang='lat' dir='ltr'><strong>exsultationis</strong></span> <span class='ocrx_word' id='word_1_145' title='bbox 2055 2415 2106 2460; x_wconf 89' lang='lat' dir='ltr'><strong>et</strong></span> 
     </span>
    </p>
   </div>
   <div class='ocr_carea' id='block_1_22' title="bbox 521 2488 2102 2563">
    <p class='ocr_par' dir='ltr' id='par_1_22' title="bbox 521 2488 2102 2563">
     <span class='ocr_line' id='line_1_22' title="bbox 521 2488 2102 2563; baseline 0.006 -22"><span class='ocrx_word' id='word_1_146' title='bbox 521 2488 908 2556; x_wconf 89' lang='lat' dir='ltr'><strong>confessionis,</strong></span> <span class='ocrx_word' id='word_1_147' title='bbox 938 2492 1055 2544; x_wconf 87' lang='lat' dir='ltr'><strong>soni</strong></span> <span class='ocrx_word' id='word_1_148' title='bbox 1099 2491 1438 2547; x_wconf 86' lang='lat' dir='ltr'><strong>festivitatem</strong></span> <span class='ocrx_word' id='word_1_149' title='bbox 1491 2494 1809 2549; x_wconf 87' lang='lat' dir='ltr'><strong>celebrantis</strong></span> <span class='ocrx_word' id='word_1_150' title='bbox 1855 2514 1872 2547; x_wconf 86' lang='grc'><strong>›</strong></span> <span class='ocrx_word' id='word_1_151' title='bbox 1923 2496 2102 2563; x_wconf 84' lang='lat' dir='ltr'><strong>(Psal.</strong></span> 
     </span>
    </p>
   </div>
   <div class='ocr_carea' id='block_1_23' title="bbox 521 2580 2104 2651">
    <p class='ocr_par' dir='ltr' id='par_1_23' title="bbox 521 2580 2104 2651">
     <span class='ocr_line' id='line_1_23' title="bbox 521 2580 2104 2651; baseline 0.006 -19"><span class='ocrx_word' id='word_1_152' title='bbox 521 2595 630 2645; x_wconf 72' lang='lat' dir='ltr'><strong>xta,</strong></span> <span class='ocrx_word' id='word_1_153' title='bbox 660 2580 748 2651; x_wconf 85' lang='lat'><strong>5).</strong></span> <span class='ocrx_word' id='word_1_154' title='bbox 778 2580 872 2636; x_wconf 87' lang='lat' dir='ltr'><strong>llic</strong></span> <span class='ocrx_word' id='word_1_155' title='bbox 912 2581 1054 2637; x_wconf 90' lang='lat' dir='ltr'><strong>enim</strong></span> <span class='ocrx_word' id='word_1_156' title='bbox 1086 2593 1232 2638; x_wconf 87' lang='lat' dir='ltr'><strong>certe</strong></span> <span class='ocrx_word' id='word_1_157' title='bbox 1271 2585 1606 2639; x_wconf 81' lang='lat' dir='ltr'><strong>manifestum</strong></span> <span class='ocrx_word' id='word_1_158' title='bbox 1647 2596 1728 2641; x_wconf 85' lang='lat' dir='ltr'><strong>est</strong></span> <span class='ocrx_word' id='word_1_159' title='bbox 1756 2603 1943 2642; x_wconf 85' lang='lat' dir='ltr'><strong>vocem</strong></span> <span class='ocrx_word' id='word_1_160' title='bbox 1973 2603 2104 2642; x_wconf 83' lang='lat' dir='ltr'><strong>eon-</strong></span> 
     </span>
    </p>
   </div>
   <div class='ocr_carea' id='block_1_24' title="bbox 522 2672 2103 2757">
    <p class='ocr_par' dir='ltr' id='par_1_24' title="bbox 522 2672 2103 2757">
     <span class='ocr_line' id='line_1_24' title="bbox 522 2672 2103 2757; baseline 0.005 -31"><span class='ocrx_word' id='word_1_161' title='bbox 522 2672 770 2729; x_wconf 82' lang='lat' dir='ltr'><strong>fessionis</strong></span> <span class='ocrx_word' id='word_1_162' title='bbox 792 2685 844 2728; x_wconf 89' lang='lat' dir='ltr'><strong>et</strong></span> <span class='ocrx_word' id='word_1_163' title='bbox 867 2690 1076 2741; x_wconf 90' lang='lat' dir='ltr'><strong>sonum,</strong></span> <span class='ocrx_word' id='word_1_164' title='bbox 1103 2693 1213 2735; x_wconf 81' lang='lat' dir='ltr'><strong>non</strong></span> <span class='ocrx_word' id='word_1_165' title='bbox 1241 2677 1304 2731; x_wconf 91' lang='lat' dir='ltr'><strong>ad</strong></span> <span class='ocrx_word' id='word_1_166' title='bbox 1329 2694 1613 2734; x_wconf 67' lang='lat' dir='ltr'><strong>monerem</strong></span> <span class='ocrx_word' id='word_1_167' title='bbox 1639 2680 1986 2757; x_wconf 60' lang='lat' dir='ltr'><strong>plenitentite,</strong></span> <span class='ocrx_word' id='word_1_168' title='bbox 2010 2682 2103 2736; x_wconf 87' lang='lat' dir='ltr'><strong>sed</strong></span> 
     </span>
    </p>
   </div>
   <div class='ocr_carea' id='block_1_25' title="bbox 520 2766 2102 2844">
    <p class='ocr_par' dir='ltr' id='par_1_25' title="bbox 520 2766 2102 2844">
     <span class='ocr_line' id='line_1_25' title="bbox 520 2766 2102 2844; baseline 0.006 -26"><span class='ocrx_word' id='word_1_169' title='bbox 520 2766 586 2819; x_wconf 88' lang='lat' dir='ltr'><strong>ad</strong></span> <span class='ocrx_word' id='word_1_170' title='bbox 617 2766 848 2820; x_wconf 73' lang='lat' dir='ltr'><strong>laetitiam</strong></span> <span class='ocrx_word' id='word_1_171' title='bbox 881 2767 1180 2824; x_wconf 68' lang='lat' dir='ltr'><strong>festivitatis</strong></span> <span class='ocrx_word' id='word_1_172' title='bbox 1216 2771 1576 2827; x_wconf 78' lang='lat' dir='ltr'><strong>Celeberriunc</strong></span> <span class='ocrx_word' id='word_1_173' title='bbox 1610 2775 1897 2844; x_wconf 83' lang='lat' dir='ltr'><strong>pertinere.</strong></span> <span class='ocrx_word' id='word_1_174' title='bbox 1929 2776 2032 2828; x_wconf 86' lang='lat' dir='ltr'><strong>Aut</strong></span> <span class='ocrx_word' id='word_1_175' title='bbox 2060 2775 2102 2828; x_wconf 92' lang='lat' dir='ltr'><strong>si</strong></span> 
     </span>
    </p>
   </div>
   <div class='ocr_carea' id='block_1_26' title="bbox 519 2857 2097 2935">
    <p class='ocr_par' dir='ltr' id='par_1_26' title="bbox 519 2857 2097 2935">
     <span class='ocr_line' id='line_1_26' title="bbox 519 2857 2097 2935; baseline 0.006 -23"><span class='ocrx_word' id='word_1_176' title='bbox 519 2857 588 2912; x_wconf 90' lang='lat' dir='ltr'><strong>de</strong></span> <span class='ocrx_word' id='word_1_177' title='bbox 611 2867 713 2912; x_wconf 89' lang='lat' dir='ltr'><strong>tam</strong></span> <span class='ocrx_word' id='word_1_178' title='bbox 743 2859 1025 2914; x_wconf 89' lang='lat' dir='ltr'><strong>manifesto</strong></span> <span class='ocrx_word' id='word_1_179' title='bbox 1050 2863 1351 2917; x_wconf 87' lang='lat' dir='ltr'><strong>testimonio</strong></span> <span class='ocrx_word' id='word_1_180' title='bbox 1378 2866 1655 2935; x_wconf 61' lang='lat' dir='ltr'><strong>quisquam</strong></span> <span class='ocrx_word' id='word_1_181' title='bbox 1678 2866 1849 2922; x_wconf 89' lang='lat' dir='ltr'><strong>adhuc</strong></span> <span class='ocrx_word' id='word_1_182' title='bbox 1876 2867 2097 2930; x_wconf 84' lang='lat' dir='ltr'><strong>dubitat,</strong></span> 
     </span>
    </p>
   </div>
   <div class='ocr_carea' id='block_1_27' title="bbox 517 2949 2102 3028">
    <p class='ocr_par' dir='ltr' id='par_1_27' title="bbox 517 2949 2102 3028">
     <span class='ocr_line' id='line_1_27' title="bbox 517 2949 2102 3028; baseline 0.009 -27"><span class='ocrx_word' id='word_1_183' title='bbox 517 2949 643 3018; x_wconf 82' lang='lat' dir='ltr'><strong>quid</strong></span> <span class='ocrx_word' id='word_1_184' title='bbox 674 2949 911 3008; x_wconf 86' lang='lat' dir='ltr'><strong>dicturus</strong></span> <span class='ocrx_word' id='word_1_185' title='bbox 940 2962 1021 3009; x_wconf 90' lang='lat' dir='ltr'><strong>cst</strong></span> <span class='ocrx_word' id='word_1_186' title='bbox 1047 2954 1110 3008; x_wconf 84' lang='lat' dir='ltr'><strong>ad</strong></span> <span class='ocrx_word' id='word_1_187' title='bbox 1144 2955 1269 3009; x_wconf 91' lang='lat' dir='ltr'><strong>illud</strong></span> <span class='ocrx_word' id='word_1_188' title='bbox 1299 2957 1440 3028; x_wconf 87' lang='lat' dir='ltr'><strong>quod</strong></span> <span class='ocrx_word' id='word_1_189' title='bbox 1485 2959 1534 3011; x_wconf 92' lang='lat' dir='ltr'><strong>in</strong></span> <span class='ocrx_word' id='word_1_190' title='bbox 1569 2959 1943 3015; x_wconf 78' lang='lat' dir='ltr'><strong>Ecelesiastico</strong></span> <span class='ocrx_word' id='word_1_191' title='bbox 1972 2962 2102 3016; x_wconf 63' lang='lat' dir='ltr'><strong>scri-</strong></span> 
     </span>
    </p>
   </div>
   <div class='ocr_carea' id='block_1_28' title="bbox 518 3045 2097 3123">
    <p class='ocr_par' dir='ltr' id='par_1_28' title="bbox 518 3045 2097 3123">
     <span class='ocr_line' id='line_1_28' title="bbox 518 3045 2097 3123; baseline 0.011 -30"><span class='ocrx_word' id='word_1_192' title='bbox 518 3050 666 3106; x_wconf 87' lang='lat' dir='ltr'><strong>ptum</strong></span> <span class='ocrx_word' id='word_1_193' title='bbox 688 3052 769 3098; x_wconf 92' lang='lat' dir='ltr'><strong>est</strong></span> <span class='ocrx_word' id='word_1_194' title='bbox 801 3060 813 3096; x_wconf 93' lang='lat'><strong>:</strong></span> <span class='ocrx_word' id='word_1_195' title='bbox 845 3063 862 3094; x_wconf 72' lang='grc' dir='ltr'>ι</span> <span class='ocrx_word' id='word_1_196' title='bbox 896 3045 1195 3104; x_wconf 87' lang='lat' dir='ltr'><strong>Benedicite</strong></span> <span class='ocrx_word' id='word_1_197' title='bbox 1215 3049 1492 3103; x_wconf 83' lang='lat' dir='ltr'><strong>Dominum</strong></span> <span class='ocrx_word' id='word_1_198' title='bbox 1517 3052 1696 3106; x_wconf 83' lang='lat' dir='ltr'><strong>omnia</strong></span> <span class='ocrx_word' id='word_1_199' title='bbox 1721 3068 1879 3122; x_wconf 80' lang='lat' dir='ltr'><strong>opera</strong></span> <span class='ocrx_word' id='word_1_200' title='bbox 1913 3054 2097 3123; x_wconf 89' lang='lat' dir='ltr'><strong>ipsius,</strong></span> 
     </span>
    </p>
   </div>
   <div class='ocr_carea' id='block_1_29' title="bbox 515 3135 2100 3212">
    <p class='ocr_par' dir='ltr' id='par_1_29' title="bbox 515 3135 2100 3212">
     <span class='ocr_line' id='line_1_29' title="bbox 515 3135 2100 3212; baseline 0.011 -26"><span class='ocrx_word' id='word_1_201' title='bbox 515 3135 638 3190; x_wconf 90' lang='lat' dir='ltr'><strong>date</strong></span> <span class='ocrx_word' id='word_1_202' title='bbox 685 3138 881 3191; x_wconf 86' lang='lat' dir='ltr'><strong>nomini</strong></span> <span class='ocrx_word' id='word_1_203' title='bbox 933 3139 1098 3207; x_wconf 88' lang='lat' dir='ltr'><strong>ipsius</strong></span> <span class='ocrx_word' id='word_1_204' title='bbox 1149 3141 1627 3212; x_wconf 80' lang='lat' dir='ltr'><strong>magnificentiam,</strong></span> <span class='ocrx_word' id='word_1_205' title='bbox 1674 3154 1730 3200; x_wconf 91' lang='lat' dir='ltr'><strong>et</strong></span> <span class='ocrx_word' id='word_1_206' title='bbox 1776 3145 2100 3203; x_wconf 82' lang='lat' dir='ltr'><strong>confitemini</strong></span> 
     </span>
    </p>
   </div>
   <div class='ocr_carea' id='block_1_30' title="bbox 514 3227 2096 3305">
    <p class='ocr_par' dir='ltr' id='par_1_30' title="bbox 514 3227 2096 3305">
     <span class='ocr_line' id='line_1_30' title="bbox 514 3227 2096 3305; baseline 0.011 -27"><span class='ocrx_word' id='word_1_207' title='bbox 514 3227 569 3280; x_wconf 91' lang='lat' dir='ltr'><strong>in</strong></span> <span class='ocrx_word' id='word_1_208' title='bbox 601 3227 807 3283; x_wconf 89' lang='lat' dir='ltr'><strong>laudem</strong></span> <span class='ocrx_word' id='word_1_209' title='bbox 840 3229 1003 3299; x_wconf 88' lang='lat' dir='ltr'><strong>ipsius</strong></span> <span class='ocrx_word' id='word_1_210' title='bbox 1032 3231 1082 3285; x_wconf 92' lang='lat' dir='ltr'><strong>in</strong></span> <span class='ocrx_word' id='word_1_211' title='bbox 1112 3234 1334 3288; x_wconf 89' lang='lat' dir='ltr'><strong>canticis</strong></span> <span class='ocrx_word' id='word_1_212' title='bbox 1374 3235 1632 3290; x_wconf 88' lang='lat' dir='ltr'><strong>lahiorum</strong></span> <span class='ocrx_word' id='word_1_213' title='bbox 1663 3246 1715 3292; x_wconf 90' lang='lat' dir='ltr'><strong>et</strong></span> <span class='ocrx_word' id='word_1_214' title='bbox 1757 3238 1808 3292; x_wconf 93' lang='lat' dir='ltr'><strong>in</strong></span> <span class='ocrx_word' id='word_1_215' title='bbox 1847 3240 2096 3305; x_wconf 75' lang='lat' dir='ltr'><strong>citharis;</strong></span> 
     </span>
    </p>
   </div>
   <div class='ocr_carea' id='block_1_31' title="bbox 513 3319 2098 3401">
    <p class='ocr_par' dir='ltr' id='par_1_31' title="bbox 513 3319 2098 3401">
     <span class='ocr_line' id='line_1_31' title="bbox 513 3319 2098 3401; baseline 0.01 -29"><span class='ocrx_word' id='word_1_216' title='bbox 513 3328 567 3373; x_wconf 91' lang='lat' dir='ltr'><strong>ct</strong></span> <span class='ocrx_word' id='word_1_217' title='bbox 605 3320 681 3373; x_wconf 83' lang='lat' dir='ltr'><strong>sic</strong></span> <span class='ocrx_word' id='word_1_218' title='bbox 725 3319 885 3377; x_wconf 85' lang='lat' dir='ltr'><strong>dicite</strong></span> <span class='ocrx_word' id='word_1_219' title='bbox 927 3323 978 3376; x_wconf 92' lang='lat' dir='ltr'><strong>in</strong></span> <span class='ocrx_word' id='word_1_220' title='bbox 1021 3325 1393 3392; x_wconf 83' lang='lat' dir='ltr'><strong>confessione,</strong></span> <span class='ocrx_word' id='word_1_221' title='bbox 1425 3327 1685 3394; x_wconf 91' lang='lat' dir='ltr'><strong>Quoniam</strong></span> <span class='ocrx_word' id='word_1_222' title='bbox 1717 3331 1892 3384; x_wconf 89' lang='lat' dir='ltr'><strong>omnia</strong></span> <span class='ocrx_word' id='word_1_223' title='bbox 1938 3348 2098 3401; x_wconf 81' lang='lat' dir='ltr'><strong>Opera</strong></span> 
     </span>
    </p>
   </div>
   <div class='ocr_carea' id='block_1_32' title="bbox 517 3411 2098 3496">
    <p class='ocr_par' dir='ltr' id='par_1_32' title="bbox 517 3411 2098 3496">
     <span class='ocr_line' id='line_1_32' title="bbox 517 3411 2098 3496; baseline 0.013 -34"><span class='ocrx_word' id='word_1_224' title='bbox 517 3411 724 3466; x_wconf 87' lang='lat' dir='ltr'><strong>Domini</strong></span> <span class='ocrx_word' id='word_1_225' title='bbox 771 3413 906 3468; x_wconf 82' lang='lat' dir='ltr'><strong>bona</strong></span> <span class='ocrx_word' id='word_1_226' title='bbox 958 3417 1118 3470; x_wconf 87' lang='lat' dir='ltr'><strong>nimis</strong></span> <span class='ocrx_word' id='word_1_227' title='bbox 1163 3437 1182 3469; x_wconf 73' lang='grc' dir='ltr'><strong><em>ι</em></strong></span> <span class='ocrx_word' id='word_1_228' title='bbox 1227 3418 1423 3489; x_wconf 84' lang='lat' dir='ltr'><strong>(Eccli.</strong></span> <span class='ocrx_word' id='word_1_229' title='bbox 1478 3437 1681 3485; x_wconf 71' lang='lat' dir='ltr'><strong>xxxu,</strong></span> <span class='ocrx_word' id='word_1_230' title='bbox 1737 3424 2098 3496; x_wconf 72' lang='lat' dir='ltr'><strong>l9-21)?llic</strong></span> 
     </span>
    </p>
   </div>
   <div class='ocr_carea' id='block_1_33' title="bbox 515 3502 2097 3582">
    <p class='ocr_par' dir='ltr' id='par_1_33' title="bbox 515 3502 2097 3582">
     <span class='ocr_line' id='line_1_33' title="bbox 515 3502 2097 3582; baseline 0.012 -29"><span class='ocrx_word' id='word_1_231' title='bbox 515 3510 660 3555; x_wconf 88' lang='lat' dir='ltr'><strong>certe</strong></span> <span class='ocrx_word' id='word_1_232' title='bbox 687 3502 861 3559; x_wconf 91' lang='lat' dir='ltr'><strong>nullus</strong></span> <span class='ocrx_word' id='word_1_233' title='bbox 889 3505 971 3559; x_wconf 87' lang='lat' dir='ltr'><strong>vel</strong></span> <span class='ocrx_word' id='word_1_234' title='bbox 1003 3508 1332 3564; x_wconf 84' lang='lat' dir='ltr'><strong>tardissimus</strong></span> <span class='ocrx_word' id='word_1_235' title='bbox 1371 3511 1588 3582; x_wconf 86' lang='lat' dir='ltr'><strong>ambigit</strong></span> <span class='ocrx_word' id='word_1_236' title='bbox 1613 3513 2003 3572; x_wconf 89' lang='lat' dir='ltr'><strong>confessionem</strong></span> <span class='ocrx_word' id='word_1_237' title='bbox 2045 3519 2097 3572; x_wconf 92' lang='lat' dir='ltr'><strong>in</strong></span> 
     </span>
    </p>
   </div>
   <div class='ocr_carea' id='block_1_34' title="bbox 516 3589 2096 3678">
    <p class='ocr_par' dir='ltr' id='par_1_34' title="bbox 516 3589 2096 3678">
     <span class='ocr_line' id='line_1_34' title="bbox 516 3589 2096 3678; baseline 0.013 -35"><span class='ocrx_word' id='word_1_238' title='bbox 516 3589 611 3644; x_wconf 88' lang='lat' dir='ltr'><strong>Dei</strong></span> <span class='ocrx_word' id='word_1_239' title='bbox 639 3591 882 3647; x_wconf 88' lang='lat' dir='ltr'><strong>laudibus</strong></span> <span class='ocrx_word' id='word_1_240' title='bbox 927 3597 1083 3664; x_wconf 90' lang='lat' dir='ltr'><strong>poni;</strong></span> <span class='ocrx_word' id='word_1_241' title='bbox 1117 3598 1215 3652; x_wconf 91' lang='lat' dir='ltr'><strong>nisi</strong></span> <span class='ocrx_word' id='word_1_242' title='bbox 1249 3600 1381 3655; x_wconf 91' lang='lat' dir='ltr'><strong>forte</strong></span> <span class='ocrx_word' id='word_1_243' title='bbox 1412 3610 1552 3656; x_wconf 87' lang='lat' dir='ltr'><strong>tanta</strong></span> <span class='ocrx_word' id='word_1_244' title='bbox 1598 3613 1680 3658; x_wconf 90' lang='lat' dir='ltr'><strong>est</strong></span> <span class='ocrx_word' id='word_1_245' title='bbox 1710 3605 1758 3658; x_wconf 92' lang='lat' dir='ltr'><strong>in</strong></span> <span class='ocrx_word' id='word_1_246' title='bbox 1788 3609 2096 3678; x_wconf 74' lang='lat' dir='ltr'><strong>cujusquam</strong></span> 
     </span>
    </p>
   </div>
   <div class='ocr_carea' id='block_1_35' title="bbox 522 3688 2099 3768">
    <p class='ocr_par' dir='ltr' id='par_1_35' title="bbox 522 3688 2099 3768">
     <span class='ocr_line' id='line_1_35' title="bbox 522 3688 2099 3768; baseline 0.012 -31"><span class='ocrx_word' id='word_1_247' title='bbox 522 3693 703 3740; x_wconf 87' lang='lat' dir='ltr'><strong>mente</strong></span> <span class='ocrx_word' id='word_1_248' title='bbox 727 3688 1068 3754; x_wconf 83' lang='lat' dir='ltr'><strong>perversitas,</strong></span> <span class='ocrx_word' id='word_1_249' title='bbox 1101 3699 1158 3744; x_wconf 90' lang='lat' dir='ltr'><strong>ut</strong></span> <span class='ocrx_word' id='word_1_250' title='bbox 1182 3689 1361 3747; x_wconf 85' lang='lat' dir='ltr'><strong>dicere</strong></span> <span class='ocrx_word' id='word_1_251' title='bbox 1390 3694 1578 3750; x_wconf 89' lang='lat' dir='ltr'><strong>audeat</strong></span> <span class='ocrx_word' id='word_1_252' title='bbox 1605 3697 1762 3751; x_wconf 88' lang='lat' dir='ltr'><strong>etiam</strong></span> <span class='ocrx_word' id='word_1_253' title='bbox 1794 3703 1965 3768; x_wconf 87' lang='lat' dir='ltr'><strong>ipsum</strong></span> <span class='ocrx_word' id='word_1_254' title='bbox 1999 3701 2099 3755; x_wconf 88' lang='lat' dir='ltr'><strong>Do-</strong></span> 
     </span>
    </p>
   </div>
   <div class='ocr_carea' id='block_1_36' title="bbox 513 3776 2097 3853">
    <p class='ocr_par' dir='ltr' id='par_1_36' title="bbox 513 3776 2097 3853">
     <span class='ocr_line' id='line_1_36' title="bbox 513 3776 2097 3853; baseline 0.011 -23"><span class='ocrx_word' id='word_1_255' title='bbox 513 3776 715 3832; x_wconf 90' lang='lat' dir='ltr'><strong>minum</strong></span> <span class='ocrx_word' id='word_1_256' title='bbox 741 3776 921 3833; x_wconf 87' lang='lat' dir='ltr'><strong>Jcsum</strong></span> <span class='ocrx_word' id='word_1_257' title='bbox 954 3779 1223 3835; x_wconf 86' lang='lat' dir='ltr'><strong>Christum</strong></span> <span class='ocrx_word' id='word_1_258' title='bbox 1271 3793 1485 3853; x_wconf 87' lang='lat' dir='ltr'><strong>peccata</strong></span> <span class='ocrx_word' id='word_1_259' title='bbox 1529 3802 1622 3840; x_wconf 88' lang='lat' dir='ltr'><strong>sua</strong></span> <span class='ocrx_word' id='word_1_260' title='bbox 1653 3787 1794 3842; x_wconf 86' lang='lat' dir='ltr'><strong>Patri</strong></span> <span class='ocrx_word' id='word_1_261' title='bbox 1824 3805 1942 3844; x_wconf 86' lang='lat' dir='ltr'><strong>esse</strong></span> <span class='ocrx_word' id='word_1_262' title='bbox 1970 3806 2097 3847; x_wconf 60' lang='lat' dir='ltr'><strong>cono</strong></span> 
     </span>
    </p>
   </div>
   <div class='ocr_carea' id='block_1_37' title="bbox 535 3869 2098 3948">
    <p class='ocr_par' dir='ltr' id='par_1_37' title="bbox 535 3869 2098 3948">
     <span class='ocr_line' id='line_1_37' title="bbox 535 3869 2098 3948; baseline 0.011 -26"><span class='ocrx_word' id='word_1_263' title='bbox 535 3885 732 3924; x_wconf 81' lang='lat' dir='ltr'><strong>essum.</strong></span> <span class='ocrx_word' id='word_1_264' title='bbox 773 3869 924 3938; x_wconf 84' lang='lat' dir='ltr'><strong>Quod</strong></span> <span class='ocrx_word' id='word_1_265' title='bbox 955 3873 998 3926; x_wconf 92' lang='lat' dir='ltr'><strong>si</strong></span> <span class='ocrx_word' id='word_1_266' title='bbox 1045 3874 1232 3944; x_wconf 85' lang='lat' dir='ltr'><strong>aliquis</strong></span> <span class='ocrx_word' id='word_1_267' title='bbox 1273 3876 1464 3946; x_wconf 90' lang='lat' dir='ltr'><strong>impius</strong></span> <span class='ocrx_word' id='word_1_268' title='bbox 1492 3889 1707 3948; x_wconf 87' lang='lat' dir='ltr'><strong>propter</strong></span> <span class='ocrx_word' id='word_1_269' title='bbox 1733 3897 1924 3938; x_wconf 75' lang='lat' dir='ltr'><strong>nomen</strong></span> <span class='ocrx_word' id='word_1_270' title='bbox 1970 3901 2098 3940; x_wconf 81' lang='lat' dir='ltr'><strong>con-</strong></span> 
     </span>
    </p>
   </div>
   <div class='ocr_carea' id='block_1_38' title="bbox 514 3959 2093 4048">
    <p class='ocr_par' dir='ltr' id='par_1_38' title="bbox 514 3959 2093 4048">
     <span class='ocr_line' id='line_1_38' title="bbox 514 3959 2093 4048; baseline 0.011 -35"><span class='ocrx_word' id='word_1_271' title='bbox 514 3959 761 4015; x_wconf 87' lang='lat' dir='ltr'><strong>fessionis</strong></span> <span class='ocrx_word' id='word_1_272' title='bbox 789 3971 1016 4018; x_wconf 86' lang='lat' dir='ltr'><strong>tentaret</strong></span> <span class='ocrx_word' id='word_1_273' title='bbox 1043 3965 1279 4034; x_wconf 89' lang='lat' dir='ltr'><strong>objicere</strong></span> <span class='ocrx_word' id='word_1_274' title='bbox 1302 4011 1316 4032; x_wconf 94' lang='lat'><strong>,</strong></span> <span class='ocrx_word' id='word_1_275' title='bbox 1351 3967 1598 4025; x_wconf 89' lang='lat' dir='ltr'><strong>facillime</strong></span> <span class='ocrx_word' id='word_1_276' title='bbox 1627 3971 1958 4030; x_wconf 88' lang='lat' dir='ltr'><strong>refelleretur</strong></span> <span class='ocrx_word' id='word_1_277' title='bbox 1986 3977 2093 4048; x_wconf 89' lang='lat' dir='ltr'><strong>ipsa</strong></span> 
     </span>
    </p>
   </div>
   <div class='ocr_carea' id='block_1_39' title="bbox 511 4054 2097 4134">
    <p class='ocr_par' dir='ltr' id='par_1_39' title="bbox 511 4054 2097 4134">
     <span class='ocr_line' id='line_1_39' title="bbox 511 4054 2097 4134; baseline 0.013 -29"><span class='ocrx_word' id='word_1_278' title='bbox 511 4054 847 4110; x_wconf 79' lang='lat' dir='ltr'><strong>contextioue</strong></span> <span class='ocrx_word' id='word_1_279' title='bbox 873 4058 1173 4112; x_wconf 86' lang='lat' dir='ltr'><strong>verborum.</strong></span> <span class='ocrx_word' id='word_1_280' title='bbox 1202 4058 1289 4114; x_wconf 90' lang='lat' dir='ltr'><strong>Sic</strong></span> <span class='ocrx_word' id='word_1_281' title='bbox 1319 4064 1458 4117; x_wconf 90' lang='lat' dir='ltr'><strong>enim</strong></span> <span class='ocrx_word' id='word_1_282' title='bbox 1485 4063 1716 4134; x_wconf 90' lang='lat' dir='ltr'><strong>loquitur</strong></span> <span class='ocrx_word' id='word_1_283' title='bbox 1743 4086 1756 4121; x_wconf 88' lang='lat'><strong>:</strong></span> <span class='ocrx_word' id='word_1_284' title='bbox 1785 4086 1803 4120; x_wconf 84' lang='grc'><strong><em>‹</em></strong></span> <span class='ocrx_word' id='word_1_285' title='bbox 1826 4066 2097 4128; x_wconf 75' lang='lat' dir='ltr'><strong>Confiteor</strong></span> 
     </span>
    </p>
   </div>
   <div class='ocr_carea' id='block_1_40' title="bbox 514 4143 2096 4230">
    <p class='ocr_par' dir='ltr' id='par_1_40' title="bbox 514 4143 2096 4230">
     <span class='ocr_line' id='line_1_40' title="bbox 514 4143 2096 4230; baseline 0.015 -36"><span class='ocrx_word' id='word_1_286' title='bbox 514 4143 628 4207; x_wconf 88' lang='lat' dir='ltr'><strong>tibi,</strong></span> <span class='ocrx_word' id='word_1_287' title='bbox 660 4163 678 4194; x_wconf 73' lang='grc' dir='ltr'><strong><em>ι</em></strong></span> <span class='ocrx_word' id='word_1_288' title='bbox 717 4145 904 4213; x_wconf 89' lang='lat' dir='ltr'><strong>inquit,</strong></span> <span class='ocrx_word' id='word_1_289' title='bbox 939 4165 958 4198; x_wconf 77' lang='grc' dir='ltr'>σ</span> <span class='ocrx_word' id='word_1_290' title='bbox 996 4147 1171 4213; x_wconf 87' lang='lat' dir='ltr'><strong>Pater,</strong></span> <span class='ocrx_word' id='word_1_291' title='bbox 1202 4151 1420 4206; x_wconf 89' lang='lat' dir='ltr'><strong>Domine</strong></span> <span class='ocrx_word' id='word_1_292' title='bbox 1447 4155 1565 4209; x_wconf 58' lang='lat' dir='ltr'><strong>caeli</strong></span> <span class='ocrx_word' id='word_1_293' title='bbox 1587 4165 1638 4211; x_wconf 90' lang='lat' dir='ltr'><strong>et</strong></span> <span class='ocrx_word' id='word_1_294' title='bbox 1662 4166 1834 4224; x_wconf 73' lang='lat' dir='ltr'><strong>terrm,</strong></span> <span class='ocrx_word' id='word_1_295' title='bbox 1864 4162 1982 4230; x_wconf 86' lang='lat' dir='ltr'><strong>quia</strong></span> <span class='ocrx_word' id='word_1_296' title='bbox 2003 4163 2096 4216; x_wconf 82' lang='lat' dir='ltr'><strong>ab-</strong></span> 
     </span>
    </p>
   </div>
   <div class='ocr_carea' id='block_1_41' title="bbox 512 4233 2092 4312">
    <p class='ocr_par' dir='ltr' id='par_1_41' title="bbox 512 4233 2092 4312">
     <span class='ocr_line' id='line_1_41' title="bbox 512 4233 2092 4312; baseline 0.016 -30"><span class='ocrx_word' id='word_1_297' title='bbox 512 4233 767 4288; x_wconf 78' lang='lat' dir='ltr'><strong>seondisli</strong></span> <span class='ocrx_word' id='word_1_298' title='bbox 794 4235 906 4290; x_wconf 77' lang='lat' dir='ltr'><strong>haec</strong></span> <span class='ocrx_word' id='word_1_299' title='bbox 923 4251 950 4288; x_wconf 90' lang='lat' dir='ltr'><strong>a</strong></span> <span class='ocrx_word' id='word_1_300' title='bbox 969 4239 1292 4306; x_wconf 83' lang='lat' dir='ltr'><strong>sapientibus</strong></span> <span class='ocrx_word' id='word_1_301' title='bbox 1309 4251 1361 4296; x_wconf 90' lang='lat' dir='ltr'><strong>ct</strong></span> <span class='ocrx_word' id='word_1_302' title='bbox 1388 4244 1751 4312; x_wconf 89' lang='lat' dir='ltr'><strong>prudentibus,</strong></span> <span class='ocrx_word' id='word_1_303' title='bbox 1771 4259 1824 4303; x_wconf 84' lang='lat' dir='ltr'><strong>et</strong></span> <span class='ocrx_word' id='word_1_304' title='bbox 1849 4251 2092 4308; x_wconf 80' lang='lat' dir='ltr'><strong>rcchaSIi</strong></span> 
     </span>
    </p>
   </div>
   <div class='ocr_carea' id='block_1_42' title="bbox 511 4326 2090 4408">
    <p class='ocr_par' dir='ltr' id='par_1_42' title="bbox 511 4326 2090 4408">
     <span class='ocr_line' id='line_1_42' title="bbox 511 4326 2090 4408; baseline 0.015 -32"><span class='ocrx_word' id='word_1_305' title='bbox 511 4339 572 4377; x_wconf 85' lang='lat' dir='ltr'><strong>ea</strong></span> <span class='ocrx_word' id='word_1_306' title='bbox 593 4326 854 4392; x_wconf 86' lang='lat' dir='ltr'><strong>parvulis;</strong></span> <span class='ocrx_word' id='word_1_307' title='bbox 875 4329 965 4395; x_wconf 89' lang='lat' dir='ltr'><strong>ita,</strong></span> <span class='ocrx_word' id='word_1_308' title='bbox 987 4329 1161 4395; x_wconf 81' lang='lat' dir='ltr'><strong>Pater,</strong></span> <span class='ocrx_word' id='word_1_309' title='bbox 1180 4335 1428 4403; x_wconf 91' lang='lat' dir='ltr'><strong>quoniam</strong></span> <span class='ocrx_word' id='word_1_310' title='bbox 1454 4337 1530 4391; x_wconf 90' lang='lat' dir='ltr'><strong>sic</strong></span> <span class='ocrx_word' id='word_1_311' title='bbox 1554 4338 1797 4408; x_wconf 86' lang='lat' dir='ltr'><strong>placitum</strong></span> <span class='ocrx_word' id='word_1_312' title='bbox 1817 4353 1894 4396; x_wconf 88' lang='lat' dir='ltr'><strong>est</strong></span> <span class='ocrx_word' id='word_1_313' title='bbox 1912 4359 2090 4399; x_wconf 88' lang='lat' dir='ltr'><strong>coram</strong></span> 
     </span>
    </p>
   </div>
   <div class='ocr_carea' id='block_1_43' title="bbox 512 4415 2090 4494">
    <p class='ocr_par' dir='ltr' id='par_1_43' title="bbox 512 4415 2090 4494">
     <span class='ocr_line' id='line_1_43' title="bbox 512 4415 2090 4494; baseline 0.015 -27"><span class='ocrx_word' id='word_1_314' title='bbox 512 4423 589 4467; x_wconf 88' lang='lat' dir='ltr'><strong>te.</strong></span> <span class='ocrx_word' id='word_1_315' title='bbox 630 4433 648 4466; x_wconf 72' lang='lat' dir='ltr'><strong>i</strong></span> <span class='ocrx_word' id='word_1_316' title='bbox 683 4415 809 4480; x_wconf 86' lang='lat' dir='ltr'><strong>Quis</strong></span> <span class='ocrx_word' id='word_1_317' title='bbox 832 4433 934 4472; x_wconf 91' lang='lat' dir='ltr'><strong>non</strong></span> <span class='ocrx_word' id='word_1_318' title='bbox 964 4435 1083 4489; x_wconf 88' lang='lat' dir='ltr'><strong>eum</strong></span> <span class='ocrx_word' id='word_1_319' title='bbox 1111 4422 1365 4494; x_wconf 78' lang='lat' dir='ltr'><strong>intelligat</strong></span> <span class='ocrx_word' id='word_1_320' title='bbox 1407 4427 1459 4481; x_wconf 93' lang='lat' dir='ltr'><strong>in</strong></span> <span class='ocrx_word' id='word_1_321' title='bbox 1487 4426 1642 4483; x_wconf 89' lang='lat' dir='ltr'><strong>laude</strong></span> <span class='ocrx_word' id='word_1_322' title='bbox 1672 4429 1843 4485; x_wconf 86' lang='lat' dir='ltr'><strong>Patris</strong></span> <span class='ocrx_word' id='word_1_323' title='bbox 1870 4431 1982 4489; x_wconf 70' lang='lat' dir='ltr'><strong>hcce</strong></span> <span class='ocrx_word' id='word_1_324' title='bbox 2007 4437 2090 4490; x_wconf 86' lang='lat' dir='ltr'><strong>di-</strong></span> 
     </span>
    </p>
   </div>
   <div class='ocr_carea' id='block_1_44' title="bbox 509 4507 2091 4582">
    <p class='ocr_par' dir='ltr' id='par_1_44' title="bbox 509 4507 2091 4582">
     <span class='ocr_line' id='line_1_44' title="bbox 509 4507 2091 4582; baseline 0.016 -24"><span class='ocrx_word' id='word_1_325' title='bbox 509 4508 670 4561; x_wconf 89' lang='lat' dir='ltr'><strong>cere?</strong></span> <span class='ocrx_word' id='word_1_326' title='bbox 700 4507 826 4574; x_wconf 92' lang='lat' dir='ltr'><strong>Quis</strong></span> <span class='ocrx_word' id='word_1_327' title='bbox 851 4525 956 4566; x_wconf 88' lang='lat' dir='ltr'><strong>non</strong></span> <span class='ocrx_word' id='word_1_328' title='bbox 983 4511 1156 4566; x_wconf 80' lang='lat' dir='ltr'><strong>videat</strong></span> <span class='ocrx_word' id='word_1_329' title='bbox 1182 4514 1334 4569; x_wconf 89' lang='lat' dir='ltr'><strong>istam</strong></span> <span class='ocrx_word' id='word_1_330' title='bbox 1363 4516 1754 4576; x_wconf 89' lang='lat' dir='ltr'><strong>confessionem</strong></span> <span class='ocrx_word' id='word_1_331' title='bbox 1783 4538 1886 4578; x_wconf 89' lang='lat' dir='ltr'><strong>non</strong></span> <span class='ocrx_word' id='word_1_332' title='bbox 1911 4525 1975 4580; x_wconf 89' lang='lat' dir='ltr'><strong>ad</strong></span> <span class='ocrx_word' id='word_1_333' title='bbox 1998 4526 2091 4582; x_wconf 85' lang='lat' dir='ltr'><strong>do-</strong></span> 
     </span>
    </p>
   </div>
   <div class='ocr_carea' id='block_1_45' title="bbox 509 4599 2088 4679">
    <p class='ocr_par' dir='ltr' id='par_1_45' title="bbox 509 4599 2088 4679">
     <span class='ocr_line' id='line_1_45' title="bbox 509 4599 2088 4679; baseline 0.013 -29"><span class='ocrx_word' id='word_1_334' title='bbox 509 4599 677 4653; x_wconf 87' lang='lat' dir='ltr'><strong>lorcm</strong></span> <span class='ocrx_word' id='word_1_335' title='bbox 707 4600 916 4665; x_wconf 86' lang='lat' dir='ltr'><strong>cordis,</strong></span> <span class='ocrx_word' id='word_1_336' title='bbox 949 4602 1042 4656; x_wconf 90' lang='lat' dir='ltr'><strong>sed</strong></span> <span class='ocrx_word' id='word_1_337' title='bbox 1071 4603 1136 4657; x_wconf 87' lang='lat' dir='ltr'><strong>ad</strong></span> <span class='ocrx_word' id='word_1_338' title='bbox 1165 4605 1416 4674; x_wconf 80' lang='lat' dir='ltr'><strong>gaudium</strong></span> <span class='ocrx_word' id='word_1_339' title='bbox 1457 4611 1754 4679; x_wconf 89' lang='lat' dir='ltr'><strong>pertinere;</strong></span> <span class='ocrx_word' id='word_1_340' title='bbox 1785 4629 1903 4669; x_wconf 92' lang='lat' dir='ltr'><strong>cum</strong></span> <span class='ocrx_word' id='word_1_341' title='bbox 1930 4617 2088 4672; x_wconf 88' lang='lat' dir='ltr'><strong>etiam</strong></span> 
     </span>
    </p>
   </div>
   <div class='ocr_carea' id='block_1_46' title="bbox 510 4691 2090 4772">
    <p class='ocr_par' dir='ltr' id='par_1_46' title="bbox 510 4691 2090 4772">
     <span class='ocr_line' id='line_1_46' title="bbox 510 4691 2090 4772; baseline 0.015 -31"><span class='ocrx_word' id='word_1_342' title='bbox 510 4691 843 4756; x_wconf 67' lang='lat' dir='ltr'><strong>prmeesserit</strong></span> <span class='ocrx_word' id='word_1_343' title='bbox 866 4692 1196 4763; x_wconf 85' lang='lat' dir='ltr'><strong>Evangelista</strong></span> <span class='ocrx_word' id='word_1_344' title='bbox 1225 4696 1406 4753; x_wconf 90' lang='lat' dir='ltr'><strong>dicens</strong></span> <span class='ocrx_word' id='word_1_345' title='bbox 1431 4716 1443 4753; x_wconf 90' lang='lat'><strong>:</strong></span> <span class='ocrx_word' id='word_1_346' title='bbox 1465 4699 1529 4754; x_wconf 90' lang='lat' dir='ltr'><strong>In</strong></span> <span class='ocrx_word' id='word_1_347' title='bbox 1551 4702 1662 4772; x_wconf 85' lang='lat' dir='ltr'><strong>ipsa</strong></span> <span class='ocrx_word' id='word_1_348' title='bbox 1681 4706 1806 4759; x_wconf 77' lang='lat' dir='ltr'><strong>liora</strong></span> <span class='ocrx_word' id='word_1_349' title='bbox 1827 4709 2090 4764; x_wconf 76' lang='lat' dir='ltr'><strong>exsultavit</strong></span> 
     </span>
    </p>
   </div>
   <div class='ocr_carea' id='block_1_47' title="bbox 508 4783 2084 4871">
    <p class='ocr_par' dir='ltr' id='par_1_47' title="bbox 508 4783 2084 4871">
     <span class='ocr_line' id='line_1_47' title="bbox 508 4783 2084 4871; baseline 0.013 -35"><span class='ocrx_word' id='word_1_350' title='bbox 508 4783 708 4851; x_wconf 74' lang='lat' dir='ltr'><strong>Spiritu</strong></span> <span class='ocrx_word' id='word_1_351' title='bbox 744 4795 918 4840; x_wconf 87' lang='lat' dir='ltr'><strong>sancto</strong></span> <span class='ocrx_word' id='word_1_352' title='bbox 980 4795 1026 4840; x_wconf 81' lang='lat' dir='ltr'><strong>et</strong></span> <span class='ocrx_word' id='word_1_353' title='bbox 1066 4788 1229 4856; x_wconf 67' lang='lat' dir='ltr'><strong>dixit,</strong></span> <span class='ocrx_word' id='word_1_354' title='bbox 1261 4787 1514 4860; x_wconf 81' lang='lat' dir='ltr'><strong>Conﬁteor</strong></span> <span class='ocrx_word' id='word_1_355' title='bbox 1543 4796 1667 4863; x_wconf 90' lang='lat' dir='ltr'><strong>tibi,</strong></span> <span class='ocrx_word' id='word_1_356' title='bbox 1710 4795 1864 4854; x_wconf 83' lang='lat' dir='ltr'><strong>Pater</strong></span> <span class='ocrx_word' id='word_1_357' title='bbox 1917 4799 2084 4871; x_wconf 88' lang='lat' dir='ltr'><strong>(Luc.</strong></span> 
     </span>
    </p>
   </div>
   <div class='ocr_carea' id='block_1_48' title="bbox 506 4874 744 4945">
    <p class='ocr_par' dir='ltr' id='par_1_48' title="bbox 506 4874 744 4945">
     <span class='ocr_line' id='line_1_48' title="bbox 506 4874 744 4945; baseline 0.013 -17"><span class='ocrx_word' id='word_1_358' title='bbox 506 4874 744 4945; x_wconf 74' lang='lat' dir='ltr'><strong>x,2|)?</strong></span> 
     </span>
    </p>
   </div>
   <div class='ocr_carea' id='block_1_49' title="bbox 575 4966 2084 5055">
    <p class='ocr_par' dir='ltr' id='par_1_49' title="bbox 575 4966 2084 5055">
     <span class='ocr_line' id='line_1_49' title="bbox 575 4966 2084 5055; baseline 0.014 -36"><span class='ocrx_word' id='word_1_359' title='bbox 575 4967 631 5019; x_wconf 73' lang='grc'><strong>2.</strong></span> <span class='ocrx_word' id='word_1_360' title='bbox 675 4966 832 5040; x_wconf 81' lang='lat' dir='ltr'><strong>[vers.</strong></span> <span class='ocrx_word' id='word_1_361' title='bbox 887 4969 972 5043; x_wconf 85' lang='lat' dir='ltr'><strong>l.]</strong></span> <span class='ocrx_word' id='word_1_362' title='bbox 1011 4971 1381 5045; x_wconf 86' lang='lat' dir='ltr'><strong>Quapropter,</strong></span> <span class='ocrx_word' id='word_1_363' title='bbox 1438 4975 1775 5049; x_wconf 89' lang='lat' dir='ltr'><strong>cbarissimi,</strong></span> <span class='ocrx_word' id='word_1_364' title='bbox 1835 4987 2084 5055; x_wconf 88' lang='lat' dir='ltr'><strong>quoniam</strong></span> 
     </span>
    </p>
   </div>
   <div class='ocr_carea' id='block_1_50' title="bbox 507 5058 2088 5146">
    <p class='ocr_par' dir='ltr' id='par_1_50' title="bbox 507 5058 2088 5146">
     <span class='ocr_line' id='line_1_50' title="bbox 507 5058 2088 5146; baseline 0.014 -36"><span class='ocrx_word' id='word_1_365' title='bbox 507 5058 654 5112; x_wconf 90' lang='lat' dir='ltr'><strong>nullo</strong></span> <span class='ocrx_word' id='word_1_366' title='bbox 686 5059 844 5116; x_wconf 90' lang='lat' dir='ltr'><strong>modo</strong></span> <span class='ocrx_word' id='word_1_367' title='bbox 873 5072 954 5116; x_wconf 82' lang='lat' dir='ltr'><strong>est</strong></span> <span class='ocrx_word' id='word_1_368' title='bbox 1000 5064 1218 5121; x_wconf 92' lang='lat' dir='ltr'><strong>omnino</strong></span> <span class='ocrx_word' id='word_1_369' title='bbox 1261 5066 1647 5136; x_wconf 90' lang='lat' dir='ltr'><strong>dubitandum,</strong></span> <span class='ocrx_word' id='word_1_370' title='bbox 1679 5081 1754 5126; x_wconf 87' lang='lat' dir='ltr'><strong>tot</strong></span> <span class='ocrx_word' id='word_1_371' title='bbox 1791 5089 2088 5146; x_wconf 85' lang='lat' dir='ltr'><strong>congruen-</strong></span> 
     </span>
    </p>
   </div>
   <div class='ocr_carea' id='block_1_51' title="bbox 505 5149 2086 5240">
    <p class='ocr_par' dir='ltr' id='par_1_51' title="bbox 505 5149 2086 5240">
     <span class='ocr_line' id='line_1_51' title="bbox 505 5149 2086 5240; baseline 0.015 -38"><span class='ocrx_word' id='word_1_372' title='bbox 505 5149 650 5204; x_wconf 90' lang='lat' dir='ltr'><strong>tibus</strong></span> <span class='ocrx_word' id='word_1_373' title='bbox 696 5154 1044 5220; x_wconf 90' lang='lat' dir='ltr'><strong>testimoniis,</strong></span> <span class='ocrx_word' id='word_1_374' title='bbox 1086 5173 1308 5227; x_wconf 88' lang='lat' dir='ltr'><strong>quorum</strong></span> <span class='ocrx_word' id='word_1_375' title='bbox 1351 5161 1542 5216; x_wconf 86' lang='lat' dir='ltr'><strong>similia</strong></span> <span class='ocrx_word' id='word_1_376' title='bbox 1583 5163 1634 5219; x_wconf 89' lang='lat' dir='ltr'><strong>in</strong></span> <span class='ocrx_word' id='word_1_377' title='bbox 1675 5163 1960 5237; x_wconf 87' lang='lat' dir='ltr'><strong>Scripturis</strong></span> <span class='ocrx_word' id='word_1_378' title='bbox 1993 5184 2086 5240; x_wconf 89' lang='lat' dir='ltr'><strong>per</strong></span> 
     </span>
    </p>
   </div>
   <div class='ocr_carea' id='block_1_52' title="bbox 503 5239 2081 5328">
    <p class='ocr_par' dir='ltr' id='par_1_52' title="bbox 503 5239 2081 5328">
     <span class='ocr_line' id='line_1_52' title="bbox 503 5239 2081 5328; baseline 0.017 -39"><span class='ocrx_word' id='word_1_379' title='bbox 503 5253 600 5292; x_wconf 82' lang='lat' dir='ltr'><strong>vos</strong></span> <span class='ocrx_word' id='word_1_380' title='bbox 623 5239 765 5308; x_wconf 91' lang='lat' dir='ltr'><strong>ipsos</strong></span> <span class='ocrx_word' id='word_1_381' title='bbox 791 5245 1009 5310; x_wconf 88' lang='lat' dir='ltr'><strong>potestis</strong></span> <span class='ocrx_word' id='word_1_382' title='bbox 1038 5246 1335 5316; x_wconf 85' lang='lat' dir='ltr'><strong>advertere,</strong></span> <span class='ocrx_word' id='word_1_383' title='bbox 1370 5266 1473 5306; x_wconf 90' lang='lat' dir='ltr'><strong>non</strong></span> <span class='ocrx_word' id='word_1_384' title='bbox 1508 5261 1709 5309; x_wconf 90' lang='lat' dir='ltr'><strong>tantum</strong></span> <span class='ocrx_word' id='word_1_385' title='bbox 1741 5257 1793 5311; x_wconf 90' lang='lat' dir='ltr'><strong>in</strong></span> <span class='ocrx_word' id='word_1_386' title='bbox 1819 5261 2046 5327; x_wconf 85' lang='lat' dir='ltr'><strong>peccatis</strong></span> <span class='ocrx_word' id='word_1_387' title='bbox 2067 5303 2081 5328; x_wconf 95' lang='lat'><strong>,</strong></span> 
     </span>
    </p>
   </div>
   <div class='ocr_carea' id='block_1_53' title="bbox 501 5328 2084 5409">
    <p class='ocr_par' dir='ltr' id='par_1_53' title="bbox 501 5328 2084 5409">
     <span class='ocr_line' id='line_1_53' title="bbox 501 5328 2084 5409; baseline 0.018 -28"><span class='ocrx_word' id='word_1_388' title='bbox 501 5328 596 5382; x_wconf 66' lang='grc' dir='ltr'><strong>ενα</strong></span> <span class='ocrx_word' id='word_1_389' title='bbox 626 5339 679 5384; x_wconf 91' lang='lat' dir='ltr'><strong>et</strong></span> <span class='ocrx_word' id='word_1_390' title='bbox 710 5331 759 5385; x_wconf 93' lang='lat' dir='ltr'><strong>in</strong></span> <span class='ocrx_word' id='word_1_391' title='bbox 791 5333 1031 5390; x_wconf 87' lang='lat' dir='ltr'><strong>laudibus</strong></span> <span class='ocrx_word' id='word_1_392' title='bbox 1078 5337 1167 5392; x_wconf 88' lang='lat' dir='ltr'><strong>Dei</strong></span> <span class='ocrx_word' id='word_1_393' title='bbox 1213 5340 1600 5399; x_wconf 89' lang='lat' dir='ltr'><strong>confessionem</strong></span> <span class='ocrx_word' id='word_1_394' title='bbox 1638 5346 1833 5405; x_wconf 88' lang='lat' dir='ltr'><strong>divinis</strong></span> <span class='ocrx_word' id='word_1_395' title='bbox 1872 5350 2084 5409; x_wconf 88' lang='lat' dir='ltr'><strong>Litteris</strong></span> 
     </span>
    </p>
   </div>
   <div class='ocr_carea' id='block_1_54' title="bbox 501 5423 2078 5513">
    <p class='ocr_par' dir='ltr' id='par_1_54' title="bbox 501 5423 2078 5513">
     <span class='ocr_line' id='line_1_54' title="bbox 501 5423 2078 5513; baseline 0.015 -37"><span class='ocrx_word' id='word_1_396' title='bbox 501 5423 674 5478; x_wconf 83' lang='lat' dir='ltr'><strong>solere</strong></span> <span class='ocrx_word' id='word_1_397' title='bbox 718 5423 1013 5491; x_wconf 88' lang='lat' dir='ltr'><strong>nominari;</strong></span> <span class='ocrx_word' id='word_1_398' title='bbox 1042 5429 1167 5496; x_wconf 89' lang='lat' dir='ltr'><strong>quid</strong></span> <span class='ocrx_word' id='word_1_399' title='bbox 1203 5439 1580 5504; x_wconf 79' lang='lat' dir='ltr'><strong>congruentius</strong></span> <span class='ocrx_word' id='word_1_400' title='bbox 1619 5438 1669 5494; x_wconf 90' lang='lat' dir='ltr'><strong>in</strong></span> <span class='ocrx_word' id='word_1_401' title='bbox 1707 5439 1810 5497; x_wconf 89' lang='lat' dir='ltr'><strong>hoc</strong></span> <span class='ocrx_word' id='word_1_402' title='bbox 1855 5445 2078 5513; x_wconf 87' lang='lat' dir='ltr'><strong>psalmo,</strong></span> 
     </span>
    </p>
   </div>
   <div class='ocr_carea' id='block_1_55' title="bbox 498 5514 2079 5596">
    <p class='ocr_par' dir='ltr' id='par_1_55' title="bbox 498 5514 2079 5596">
     <span class='ocr_line' id='line_1_55' title="bbox 498 5514 2079 5596; baseline 0.016 -30"><span class='ocrx_word' id='word_1_403' title='bbox 498 5515 709 5583; x_wconf 87' lang='lat' dir='ltr'><strong>quando</strong></span> <span class='ocrx_word' id='word_1_404' title='bbox 739 5514 959 5568; x_wconf 81' lang='lat' dir='ltr'><strong>Alleluia</strong></span> <span class='ocrx_word' id='word_1_405' title='bbox 991 5528 1261 5576; x_wconf 87' lang='lat' dir='ltr'><strong>cantamus</strong></span> <span class='ocrx_word' id='word_1_406' title='bbox 1283 5564 1297 5589; x_wconf 90' lang='lat'><strong>,</strong></span> <span class='ocrx_word' id='word_1_407' title='bbox 1321 5526 1460 5594; x_wconf 90' lang='lat' dir='ltr'><strong>quod</strong></span> <span class='ocrx_word' id='word_1_408' title='bbox 1499 5537 1600 5596; x_wconf 87' lang='lat' dir='ltr'><strong>est,</strong></span> <span class='ocrx_word' id='word_1_409' title='bbox 1633 5529 1868 5589; x_wconf 86' lang='lat' dir='ltr'><strong>Laudate</strong></span> <span class='ocrx_word' id='word_1_410' title='bbox 1896 5533 2079 5592; x_wconf 87' lang='lat' dir='ltr'><strong>Domi-</strong></span> 
     </span>
    </p>
   </div>
   <div class='ocr_carea' id='block_1_56' title="bbox 499 5605 2079 5689">
    <p class='ocr_par' dir='ltr' id='par_1_56' title="bbox 499 5605 2079 5689">
     <span class='ocr_line' id='line_1_56' title="bbox 499 5605 2079 5689; baseline 0.018 -33"><span class='ocrx_word' id='word_1_411' title='bbox 499 5621 644 5668; x_wconf 88' lang='lat' dir='ltr'><strong>num,</strong></span> <span class='ocrx_word' id='word_1_412' title='bbox 680 5621 774 5660; x_wconf 71' lang='lat' dir='ltr'><strong>nos</strong></span> <span class='ocrx_word' id='word_1_413' title='bbox 801 5605 1074 5663; x_wconf 86' lang='lat' dir='ltr'><strong>admoneri</strong></span> <span class='ocrx_word' id='word_1_414' title='bbox 1108 5609 1463 5683; x_wconf 78' lang='lat' dir='ltr'><strong>intelligimus,</strong></span> <span class='ocrx_word' id='word_1_415' title='bbox 1497 5634 1617 5674; x_wconf 92' lang='lat' dir='ltr'><strong>cum</strong></span> <span class='ocrx_word' id='word_1_416' title='bbox 1647 5622 1912 5689; x_wconf 87' lang='lat' dir='ltr'><strong>audimus,</strong></span> <span class='ocrx_word' id='word_1_417' title='bbox 1943 5626 2079 5683; x_wconf 86' lang='lat' dir='ltr'><strong>Con-</strong></span> 
     </span>
    </p>
   </div>
   <div class='ocr_carea' id='block_1_57' title="bbox 498 5694 2077 5775">
    <p class='ocr_par' dir='ltr' id='par_1_57' title="bbox 498 5694 2077 5775">
     <span class='ocr_line' id='line_1_57' title="bbox 498 5694 2077 5775; baseline 0.018 -29"><span class='ocrx_word' id='word_1_418' title='bbox 498 5697 704 5762; x_wconf 72' lang='lat' dir='ltr'><strong>ﬁtenzini</strong></span> <span class='ocrx_word' id='word_1_419' title='bbox 747 5695 997 5762; x_wconf 87' lang='lat' dir='ltr'><strong>Domino,</strong></span> <span class='ocrx_word' id='word_1_420' title='bbox 1037 5717 1195 5771; x_wconf 84' lang='lat' dir='ltr'><strong>quam</strong></span> <span class='ocrx_word' id='word_1_421' title='bbox 1249 5704 1509 5775; x_wconf 79' lang='lat' dir='ltr'><strong>iilipsum,</strong></span> <span class='ocrx_word' id='word_1_422' title='bbox 1553 5694 1757 5768; x_wconf 71' lang='lat' dir='ltr'><strong>Scilicet</strong></span> <span class='ocrx_word' id='word_1_423' title='bbox 1799 5725 1856 5769; x_wconf 91' lang='lat' dir='ltr'><strong>nt</strong></span> <span class='ocrx_word' id='word_1_424' title='bbox 1898 5717 2077 5775; x_wconf 79' lang='lat' dir='ltr'><strong>laude-</strong></span> 
     </span>
    </p>
   </div>
   <div class='ocr_carea' id='block_1_58' title="bbox 504 5789 2076 5883">
    <p class='ocr_par' dir='ltr' id='par_1_58' title="bbox 504 5789 2076 5883">
     <span class='ocr_line' id='line_1_58' title="bbox 504 5789 2076 5883; baseline 0.017 -42"><span class='ocrx_word' id='word_1_425' title='bbox 504 5805 620 5842; x_wconf 79' lang='lat' dir='ltr'><strong>nius</strong></span> <span class='ocrx_word' id='word_1_426' title='bbox 652 5789 973 5862; x_wconf 74' lang='lat' dir='ltr'><strong>lloininunt?</strong></span> <span class='ocrx_word' id='word_1_427' title='bbox 1002 5792 1116 5850; x_wconf 79' lang='lat' dir='ltr'><strong>Non</strong></span> <span class='ocrx_word' id='word_1_428' title='bbox 1159 5797 1328 5866; x_wconf 87' lang='lat' dir='ltr'><strong>potuit</strong></span> <span class='ocrx_word' id='word_1_429' title='bbox 1370 5799 1483 5854; x_wconf 87' lang='lat' dir='ltr'><strong>laus</strong></span> <span class='ocrx_word' id='word_1_430' title='bbox 1525 5801 1616 5858; x_wconf 85' lang='lat' dir='ltr'><strong>Dci</strong></span> <span class='ocrx_word' id='word_1_431' title='bbox 1659 5804 1870 5864; x_wconf 87' lang='lat' dir='ltr'><strong>brevius</strong></span> <span class='ocrx_word' id='word_1_432' title='bbox 1908 5811 2076 5883; x_wconf 75' lang='lat' dir='ltr'><strong>expli-</strong></span> 
     </span>
    </p>
   </div>
   <div class='ocr_carea' id='block_1_59' title="bbox 1731 305 2570 410">
    <p class='ocr_par' dir='ltr' id='par_1_59' title="bbox 1731 305 2570 410">
     <span class='ocr_line' id='line_1_59' title="bbox 1731 305 2570 410; baseline 0.001 -3"><span class='ocrx_word' id='word_1_433' title='bbox 1731 305 1736 310; x_wconf 49' lang='grc'><em>’</em></span> <span class='ocrx_word' id='word_1_434' title='bbox 1772 353 1827 407; x_wconf 88' lang='lat' dir='ltr'><strong>s.</strong></span> <span class='ocrx_word' id='word_1_435' title='bbox 1870 347 2233 408; x_wconf 62' lang='lat' dir='ltr'><strong>auoos&#39;nxt</strong></span> <span class='ocrx_word' id='word_1_436' title='bbox 2275 350 2570 410; x_wconf 75' lang='lat' dir='ltr'><strong>EPISCUI’I</strong></span> 
     </span>
    </p>
   </div>
   <div class='ocr_carea' id='block_1_60' title="bbox 3687 374 3849 428">
    <p class='ocr_par' dir='ltr' id='par_1_60' title="bbox 3687 374 3849 428">
     <span class='ocr_line' id='line_1_60' title="bbox 3687 374 3849 428; baseline -0.006 0"><span class='ocrx_word' id='word_1_437' title='bbox 3687 374 3849 428; x_wconf 70' lang='grc'><strong>1596</strong></span> 
     </span>
    </p>
   </div>
   <div class='ocr_carea' id='block_1_61' title="bbox 2231 467 3850 554">
    <p class='ocr_par' dir='ltr' id='par_1_61' title="bbox 2231 467 3850 554">
     <span class='ocr_line' id='line_1_61' title="bbox 2231 467 3850 554; baseline 0.014 -35"><span class='ocrx_word' id='word_1_438' title='bbox 2231 467 2360 532; x_wconf 85' lang='lat' dir='ltr'><strong>cari,</strong></span> <span class='ocrx_word' id='word_1_439' title='bbox 2393 484 2549 538; x_wconf 87' lang='lat' dir='ltr'><strong>quam</strong></span> <span class='ocrx_word' id='word_1_440' title='bbox 2579 480 2633 525; x_wconf 94' lang='lat' dir='ltr'><strong>ut</strong></span> <span class='ocrx_word' id='word_1_441' title='bbox 2662 484 2929 530; x_wconf 71' lang='lat' dir='ltr'><strong>eiceretur</strong></span> <span class='ocrx_word' id='word_1_442' title='bbox 2952 519 2965 544; x_wconf 93' lang='lat'><strong>,</strong></span> <span class='ocrx_word' id='word_1_443' title='bbox 3001 477 3246 544; x_wconf 81' lang='lat' dir='ltr'><strong>Quoniam</strong></span> <span class='ocrx_word' id='word_1_444' title='bbox 3269 481 3425 538; x_wconf 62' lang='lat' dir='ltr'><strong>benas</strong></span> <span class='ocrx_word' id='word_1_445' title='bbox 3456 496 3538 538; x_wconf 70' lang='lat' dir='ltr'><strong>est.</strong></span> <span class='ocrx_word' id='word_1_446' title='bbox 3569 489 3730 554; x_wconf 83' lang='lat' dir='ltr'><strong>Quid</strong></span> <span class='ocrx_word' id='word_1_447' title='bbox 3769 497 3850 543; x_wconf 70' lang='lat' dir='ltr'><strong>Sit</strong></span> 
     </span>
    </p>
   </div>
   <div class='ocr_carea' id='block_1_62' title="bbox 2225 559 3844 648">
    <p class='ocr_par' dir='ltr' id='par_1_62' title="bbox 2225 559 3844 648">
     <span class='ocr_line' id='line_1_62' title="bbox 2225 559 3844 648; baseline 0.016 -40"><span class='ocrx_word' id='word_1_448' title='bbox 2225 559 2477 626; x_wconf 90' lang='lat' dir='ltr'><strong>grandius</strong></span> <span class='ocrx_word' id='word_1_449' title='bbox 2506 561 2602 616; x_wconf 89' lang='lat' dir='ltr'><strong>ista</strong></span> <span class='ocrx_word' id='word_1_450' title='bbox 2635 562 2891 621; x_wconf 87' lang='lat' dir='ltr'><strong>brevitate</strong></span> <span class='ocrx_word' id='word_1_451' title='bbox 2919 609 2932 633; x_wconf 93' lang='lat'><strong>,</strong></span> <span class='ocrx_word' id='word_1_452' title='bbox 2965 584 3068 622; x_wconf 89' lang='lat' dir='ltr'><strong>non</strong></span> <span class='ocrx_word' id='word_1_453' title='bbox 3102 570 3282 632; x_wconf 78' lang='lat' dir='ltr'><strong>video;</strong></span> <span class='ocrx_word' id='word_1_454' title='bbox 3314 590 3433 629; x_wconf 90' lang='lat' dir='ltr'><strong>cum</strong></span> <span class='ocrx_word' id='word_1_455' title='bbox 3467 577 3533 630; x_wconf 87' lang='lat' dir='ltr'><strong>ita</strong></span> <span class='ocrx_word' id='word_1_456' title='bbox 3577 580 3659 632; x_wconf 87' lang='lat' dir='ltr'><strong>sit</strong></span> <span class='ocrx_word' id='word_1_457' title='bbox 3698 595 3844 648; x_wconf 59' lang='lat' dir='ltr'><strong>pro-</strong></span> 
     </span>
    </p>
   </div>
   <div class='ocr_carea' id='block_1_63' title="bbox 2225 649 3851 740">
    <p class='ocr_par' dir='ltr' id='par_1_63' title="bbox 2225 649 3851 740">
     <span class='ocr_line' id='line_1_63' title="bbox 2225 649 3851 740; baseline 0.015 -39"><span class='ocrx_word' id='word_1_458' title='bbox 2225 649 2396 716; x_wconf 90' lang='lat' dir='ltr'><strong>pritnn</strong></span> <span class='ocrx_word' id='word_1_459' title='bbox 2431 649 2540 705; x_wconf 88' lang='lat' dir='ltr'><strong>Deo</strong></span> <span class='ocrx_word' id='word_1_460' title='bbox 2560 655 2700 722; x_wconf 89' lang='lat' dir='ltr'><strong>quod</strong></span> <span class='ocrx_word' id='word_1_461' title='bbox 2729 657 2897 711; x_wconf 89' lang='lat' dir='ltr'><strong>bonus</strong></span> <span class='ocrx_word' id='word_1_462' title='bbox 2927 667 3026 725; x_wconf 83' lang='lat' dir='ltr'><strong>est,</strong></span> <span class='ocrx_word' id='word_1_463' title='bbox 3063 672 3115 727; x_wconf 88' lang='lat' dir='ltr'><strong>ut</strong></span> <span class='ocrx_word' id='word_1_464' title='bbox 3142 677 3170 715; x_wconf 90' lang='lat' dir='ltr'><strong>a</strong></span> <span class='ocrx_word' id='word_1_465' title='bbox 3202 665 3430 733; x_wconf 88' lang='lat' dir='ltr'><strong>quodam</strong></span> <span class='ocrx_word' id='word_1_466' title='bbox 3459 671 3851 740; x_wconf 79' lang='lat' dir='ltr'><strong>compellatus</strong></span> 
     </span>
    </p>
   </div>
   <div class='ocr_carea' id='block_1_64' title="bbox 2223 739 3851 825">
    <p class='ocr_par' dir='ltr' id='par_1_64' title="bbox 2223 739 3851 825">
     <span class='ocr_line' id='line_1_64' title="bbox 2223 739 3851 825; baseline 0.014 -33"><span class='ocrx_word' id='word_1_467' title='bbox 2223 739 2336 808; x_wconf 86' lang='lat' dir='ltr'><strong>ipse</strong></span> <span class='ocrx_word' id='word_1_468' title='bbox 2373 741 2413 795; x_wconf 72' lang='grc' dir='ltr'>Γ</span> <span class='ocrx_word' id='word_1_469' title='bbox 2419 743 2537 799; x_wconf 85' lang='lat' dir='ltr'><strong>ilius</strong></span> <span class='ocrx_word' id='word_1_470' title='bbox 2581 745 2712 812; x_wconf 90' lang='lat' dir='ltr'><strong>Dei,</strong></span> <span class='ocrx_word' id='word_1_471' title='bbox 2741 763 2860 802; x_wconf 89' lang='lat' dir='ltr'><strong>cum</strong></span> <span class='ocrx_word' id='word_1_472' title='bbox 2899 749 3142 818; x_wconf 85' lang='lat' dir='ltr'><strong>audiret,</strong></span> <span class='ocrx_word' id='word_1_473' title='bbox 3176 753 3416 824; x_wconf 78' lang='lat' dir='ltr'><strong>Magister</strong></span> <span class='ocrx_word' id='word_1_474' title='bbox 3452 739 3609 825; x_wconf 62' lang='lat' dir='ltr'><strong>bone,</strong></span> <span class='ocrx_word' id='word_1_475' title='bbox 3648 761 3733 814; x_wconf 85' lang='lat' dir='ltr'><strong>ab</strong></span> <span class='ocrx_word' id='word_1_476' title='bbox 3773 778 3851 815; x_wconf 82' lang='lat' dir='ltr'><strong>eo</strong></span> 
     </span>
    </p>
   </div>
   <div class='ocr_carea' id='block_1_65' title="bbox 2221 833 3851 922">
    <p class='ocr_par' dir='ltr' id='par_1_65' title="bbox 2221 833 3851 922">
     <span class='ocr_line' id='line_1_65' title="bbox 2221 833 3851 922; baseline 0.014 -37"><span class='ocrx_word' id='word_1_477' title='bbox 2221 833 2423 888; x_wconf 89' lang='lat' dir='ltr'><strong>scilicet</strong></span> <span class='ocrx_word' id='word_1_478' title='bbox 2455 837 2540 906; x_wconf 85' lang='lat' dir='ltr'><strong>qui</strong></span> <span class='ocrx_word' id='word_1_479' title='bbox 2567 852 2782 894; x_wconf 88' lang='lat' dir='ltr'><strong>carnem</strong></span> <span class='ocrx_word' id='word_1_480' title='bbox 2807 841 2924 911; x_wconf 87' lang='lat' dir='ltr'><strong>ejus</strong></span> <span class='ocrx_word' id='word_1_481' title='bbox 2958 842 3202 909; x_wconf 86' lang='lat' dir='ltr'><strong>intuens,</strong></span> <span class='ocrx_word' id='word_1_482' title='bbox 3236 856 3289 900; x_wconf 93' lang='lat' dir='ltr'><strong>ct</strong></span> <span class='ocrx_word' id='word_1_483' title='bbox 3317 848 3610 907; x_wconf 86' lang='lat' dir='ltr'><strong>divinitatis</strong></span> <span class='ocrx_word' id='word_1_484' title='bbox 3643 853 3851 922; x_wconf 83' lang='lat' dir='ltr'><strong>pleni-</strong></span> 
     </span>
    </p>
   </div>
   <div class='ocr_carea' id='block_1_66' title="bbox 2222 922 3846 1000">
    <p class='ocr_par' dir='ltr' id='par_1_66' title="bbox 2222 922 3846 1000">
     <span class='ocr_line' id='line_1_66' title="bbox 2222 922 3846 1000; baseline 0.014 -24"><span class='ocrx_word' id='word_1_485' title='bbox 2222 922 2457 979; x_wconf 89' lang='lat' dir='ltr'><strong>tudinem</strong></span> <span class='ocrx_word' id='word_1_486' title='bbox 2492 942 2594 982; x_wconf 90' lang='lat' dir='ltr'><strong>non</strong></span> <span class='ocrx_word' id='word_1_487' title='bbox 2627 929 2923 1000; x_wconf 80' lang='lat' dir='ltr'><strong>intelligens</strong></span> <span class='ocrx_word' id='word_1_488' title='bbox 2948 974 2964 1000; x_wconf 93' lang='lat'><strong>,</strong></span> <span class='ocrx_word' id='word_1_489' title='bbox 2996 936 3166 990; x_wconf 88' lang='lat' dir='ltr'><strong>solmn</strong></span> <span class='ocrx_word' id='word_1_490' title='bbox 3205 936 3474 995; x_wconf 82' lang='lat' dir='ltr'><strong>hominem</strong></span> <span class='ocrx_word' id='word_1_491' title='bbox 3505 944 3846 998; x_wconf 83' lang='lat' dir='ltr'><strong>arbitraba-</strong></span> 
     </span>
    </p>
   </div>
   <div class='ocr_carea' id='block_1_67' title="bbox 2223 1019 3850 1100">
    <p class='ocr_par' dir='ltr' id='par_1_67' title="bbox 2223 1019 3850 1100">
     <span class='ocr_line' id='line_1_67' title="bbox 2223 1019 3850 1100; baseline 0.014 -32"><span class='ocrx_word' id='word_1_492' title='bbox 2223 1024 2337 1081; x_wconf 89' lang='lat' dir='ltr'><strong>tur;</strong></span> <span class='ocrx_word' id='word_1_493' title='bbox 2368 1019 2732 1087; x_wconf 89' lang='lat' dir='ltr'><strong>responderet,</strong></span> <span class='ocrx_word' id='word_1_494' title='bbox 2766 1022 2900 1088; x_wconf 82' lang='lat' dir='ltr'><strong>Quid</strong></span> <span class='ocrx_word' id='word_1_495' title='bbox 2926 1042 3004 1079; x_wconf 88' lang='lat' dir='ltr'><strong>nte</strong></span> <span class='ocrx_word' id='word_1_496' title='bbox 3043 1028 3319 1100; x_wconf 78' lang='lat' dir='ltr'><strong>interrogas</strong></span> <span class='ocrx_word' id='word_1_497' title='bbox 3345 1032 3408 1086; x_wconf 82' lang='lat' dir='ltr'><strong>de</strong></span> <span class='ocrx_word' id='word_1_498' title='bbox 3437 1033 3569 1089; x_wconf 88' lang='lat' dir='ltr'><strong>bono</strong></span> <span class='ocrx_word' id='word_1_499' title='bbox 3588 1037 3616 1088; x_wconf 69' lang='grc' dir='ltr'><strong><em>Ρ</em></strong></span> <span class='ocrx_word' id='word_1_500' title='bbox 3649 1035 3850 1091; x_wconf 69' lang='lat' dir='ltr'><strong>Nemo</strong></span> 
     </span>
    </p>
   </div>
   <div class='ocr_carea' id='block_1_68' title="bbox 2221 1105 3849 1199">
    <p class='ocr_par' dir='ltr' id='par_1_68' title="bbox 2221 1105 3849 1199">
     <span class='ocr_line' id='line_1_68' title="bbox 2221 1105 3849 1199; baseline 0.017 -42"><span class='ocrx_word' id='word_1_501' title='bbox 2221 1105 2378 1160; x_wconf 88' lang='lat' dir='ltr'><strong>bonus</strong></span> <span class='ocrx_word' id='word_1_502' title='bbox 2402 1147 2415 1169; x_wconf 93' lang='lat'><strong>,</strong></span> <span class='ocrx_word' id='word_1_503' title='bbox 2442 1109 2541 1162; x_wconf 87' lang='lat' dir='ltr'><strong>nisi</strong></span> <span class='ocrx_word' id='word_1_504' title='bbox 2567 1127 2698 1166; x_wconf 84' lang='lat' dir='ltr'><strong>unus</strong></span> <span class='ocrx_word' id='word_1_505' title='bbox 2726 1112 2864 1169; x_wconf 82' lang='lat' dir='ltr'><strong>Deus</strong></span> <span class='ocrx_word' id='word_1_506' title='bbox 2895 1115 3087 1184; x_wconf 78' lang='lat' dir='ltr'><strong>(Marc.</strong></span> <span class='ocrx_word' id='word_1_507' title='bbox 3121 1135 3153 1173; x_wconf 69' lang='grc' dir='ltr'><strong>ι</strong></span> <span class='ocrx_word' id='word_1_508' title='bbox 3179 1161 3194 1184; x_wconf 84' lang='grc'><em>,</em></span> <span class='ocrx_word' id='word_1_509' title='bbox 3229 1122 3316 1184; x_wconf 83' lang='lat' dir='ltr'><strong>l7,</strong></span> <span class='ocrx_word' id='word_1_510' title='bbox 3354 1123 3471 1195; x_wconf 88' lang='lat' dir='ltr'><strong>l8).</strong></span> <span class='ocrx_word' id='word_1_511' title='bbox 3502 1127 3668 1193; x_wconf 86' lang='lat' dir='ltr'><strong>Quod</strong></span> <span class='ocrx_word' id='word_1_512' title='bbox 3701 1131 3849 1199; x_wconf 82' lang='lat' dir='ltr'><strong>quid</strong></span> 
     </span>
    </p>
   </div>
   <div class='ocr_carea' id='block_1_69' title="bbox 2215 1199 3848 1289">
    <p class='ocr_par' dir='ltr' id='par_1_69' title="bbox 2215 1199 3848 1289">
     <span class='ocr_line' id='line_1_69' title="bbox 2215 1199 3848 1289; baseline 0.016 -39"><span class='ocrx_word' id='word_1_513' title='bbox 2215 1209 2301 1252; x_wconf 88' lang='lat' dir='ltr'><strong>est</strong></span> <span class='ocrx_word' id='word_1_514' title='bbox 2322 1199 2462 1255; x_wconf 89' lang='lat' dir='ltr'><strong>aliud</strong></span> <span class='ocrx_word' id='word_1_515' title='bbox 2489 1202 2668 1260; x_wconf 89' lang='lat' dir='ltr'><strong>dicere</strong></span> <span class='ocrx_word' id='word_1_516' title='bbox 2687 1247 2703 1270; x_wconf 95' lang='lat'><strong>,</strong></span> <span class='ocrx_word' id='word_1_517' title='bbox 2732 1222 2888 1276; x_wconf 87' lang='lat' dir='ltr'><strong>quam</strong></span> <span class='ocrx_word' id='word_1_518' title='bbox 2909 1252 2922 1272; x_wconf 60' lang='grc' dir='ltr'><strong>ε</strong></span> <span class='ocrx_word' id='word_1_519' title='bbox 2953 1209 3007 1266; x_wconf 93' lang='lat' dir='ltr'><strong>Si</strong></span> <span class='ocrx_word' id='word_1_520' title='bbox 3047 1227 3132 1268; x_wconf 87' lang='lat' dir='ltr'><strong>me</strong></span> <span class='ocrx_word' id='word_1_521' title='bbox 3163 1213 3359 1270; x_wconf 88' lang='lat' dir='ltr'><strong>bonum</strong></span> <span class='ocrx_word' id='word_1_522' title='bbox 3387 1219 3464 1272; x_wconf 88' lang='lat' dir='ltr'><strong>vis</strong></span> <span class='ocrx_word' id='word_1_523' title='bbox 3497 1221 3810 1289; x_wconf 78' lang='lat' dir='ltr'><strong>appellare</strong></span> <span class='ocrx_word' id='word_1_524' title='bbox 3830 1263 3848 1284; x_wconf 89' lang='lat'><strong><em>.</em></strong></span> 
     </span>
    </p>
   </div>
   <div class='ocr_carea' id='block_1_70' title="bbox 2220 1290 3849 1380">
    <p class='ocr_par' dir='ltr' id='par_1_70' title="bbox 2220 1290 3849 1380">
     <span class='ocr_line' id='line_1_70' title="bbox 2220 1290 3849 1380; baseline 0.017 -36"><span class='ocrx_word' id='word_1_525' title='bbox 2220 1290 2452 1363; x_wconf 80' lang='lat' dir='ltr'><strong>intelligo</strong></span> <span class='ocrx_word' id='word_1_526' title='bbox 2479 1303 2532 1350; x_wconf 90' lang='lat' dir='ltr'><strong>et</strong></span> <span class='ocrx_word' id='word_1_527' title='bbox 2578 1296 2907 1356; x_wconf 85' lang='lat' dir='ltr'><strong>Deum?Sed</strong></span> <span class='ocrx_word' id='word_1_528' title='bbox 2952 1306 3201 1373; x_wconf 87' lang='lat' dir='ltr'><strong>quoniam</strong></span> <span class='ocrx_word' id='word_1_529' title='bbox 3247 1309 3444 1379; x_wconf 90' lang='lat' dir='ltr'><strong>populo</strong></span> <span class='ocrx_word' id='word_1_530' title='bbox 3489 1311 3752 1380; x_wconf 83' lang='lat' dir='ltr'><strong>dicitur,</strong></span> <span class='ocrx_word' id='word_1_531' title='bbox 3792 1318 3849 1371; x_wconf 90' lang='lat' dir='ltr'><strong>iu</strong></span> 
     </span>
    </p>
   </div>
   <div class='ocr_carea' id='block_1_71' title="bbox 2219 1386 3854 1463">
    <p class='ocr_par' dir='ltr' id='par_1_71' title="bbox 2219 1386 3854 1463">
     <span class='ocr_line' id='line_1_71' title="bbox 2219 1386 3854 1463; baseline 0.018 -30"><span class='ocrx_word' id='word_1_532' title='bbox 2219 1386 2662 1450; x_wconf 63' lang='lat' dir='ltr'><strong>praenuntiatione</strong></span> <span class='ocrx_word' id='word_1_533' title='bbox 2692 1388 2986 1448; x_wconf 89' lang='lat' dir='ltr'><strong>futurorum</strong></span> <span class='ocrx_word' id='word_1_534' title='bbox 3018 1395 3238 1453; x_wconf 89' lang='lat' dir='ltr'><strong>liberato</strong></span> <span class='ocrx_word' id='word_1_535' title='bbox 3267 1400 3334 1455; x_wconf 92' lang='lat' dir='ltr'><strong>ab</strong></span> <span class='ocrx_word' id='word_1_536' title='bbox 3364 1405 3505 1457; x_wconf 92' lang='lat' dir='ltr'><strong>omni</strong></span> <span class='ocrx_word' id='word_1_537' title='bbox 3538 1405 3759 1462; x_wconf 87' lang='lat' dir='ltr'><strong>labore</strong></span> <span class='ocrx_word' id='word_1_538' title='bbox 3791 1419 3854 1463; x_wconf 84' lang='lat' dir='ltr'><strong>et</strong></span> 
     </span>
    </p>
   </div>
   <div class='ocr_carea' id='block_1_72' title="bbox 2216 1474 3853 1564">
    <p class='ocr_par' dir='ltr' id='par_1_72' title="bbox 2216 1474 3853 1564">
     <span class='ocr_line' id='line_1_72' title="bbox 2216 1474 3853 1564; baseline 0.017 -38"><span class='ocrx_word' id='word_1_539' title='bbox 2216 1474 2518 1542; x_wconf 79' lang='lat' dir='ltr'><strong>Captivitate</strong></span> <span class='ocrx_word' id='word_1_540' title='bbox 2564 1482 3004 1549; x_wconf 85' lang='lat' dir='ltr'><strong>peregrinationis</strong></span> <span class='ocrx_word' id='word_1_541' title='bbox 3047 1499 3099 1542; x_wconf 91' lang='lat' dir='ltr'><strong>et</strong></span> <span class='ocrx_word' id='word_1_542' title='bbox 3141 1489 3209 1543; x_wconf 86' lang='lat' dir='ltr'><strong>ab</strong></span> <span class='ocrx_word' id='word_1_543' title='bbox 3256 1493 3400 1547; x_wconf 92' lang='lat' dir='ltr'><strong>omni</strong></span> <span class='ocrx_word' id='word_1_544' title='bbox 3448 1497 3853 1564; x_wconf 78' lang='lat' dir='ltr'><strong>permixtione</strong></span> 
     </span>
    </p>
   </div>
   <div class='ocr_carea' id='block_1_73' title="bbox 2216 1563 3848 1658">
    <p class='ocr_par' dir='ltr' id='par_1_73' title="bbox 2216 1563 3848 1658">
     <span class='ocr_line' id='line_1_73' title="bbox 2216 1563 3848 1658; baseline 0.02 -41"><span class='ocrx_word' id='word_1_545' title='bbox 2216 1563 2519 1631; x_wconf 85' lang='lat' dir='ltr'><strong>iniquorum</strong></span> <span class='ocrx_word' id='word_1_546' title='bbox 2541 1610 2555 1635; x_wconf 93' lang='lat'><strong>,</strong></span> <span class='ocrx_word' id='word_1_547' title='bbox 2589 1573 2728 1639; x_wconf 87' lang='lat' dir='ltr'><strong>quod</strong></span> <span class='ocrx_word' id='word_1_548' title='bbox 2753 1575 2802 1629; x_wconf 91' lang='lat' dir='ltr'><strong>ei</strong></span> <span class='ocrx_word' id='word_1_549' title='bbox 2834 1591 2926 1645; x_wconf 88' lang='lat' dir='ltr'><strong>per</strong></span> <span class='ocrx_word' id='word_1_550' title='bbox 2958 1580 3183 1648; x_wconf 87' lang='lat' dir='ltr'><strong>gratiam</strong></span> <span class='ocrx_word' id='word_1_551' title='bbox 3217 1582 3310 1638; x_wconf 88' lang='lat' dir='ltr'><strong>Dei</strong></span> <span class='ocrx_word' id='word_1_552' title='bbox 3351 1563 3668 1656; x_wconf 69' lang='lat' dir='ltr'><strong>prrestitum</strong></span> <span class='ocrx_word' id='word_1_553' title='bbox 3705 1601 3804 1647; x_wconf 85' lang='lat' dir='ltr'><strong>est</strong></span> <span class='ocrx_word' id='word_1_554' title='bbox 3830 1634 3848 1658; x_wconf 88' lang='lat'><strong>,</strong></span> 
     </span>
    </p>
   </div>
   <div class='ocr_carea' id='block_1_74' title="bbox 2217 1659 3848 1746">
    <p class='ocr_par' dir='ltr' id='par_1_74' title="bbox 2217 1659 3848 1746">
     <span class='ocr_line' id='line_1_74' title="bbox 2217 1659 3848 1746; baseline 0.02 -39"><span class='ocrx_word' id='word_1_555' title='bbox 2217 1671 2323 1710; x_wconf 88' lang='lat' dir='ltr'><strong>non</strong></span> <span class='ocrx_word' id='word_1_556' title='bbox 2347 1659 2521 1714; x_wconf 87' lang='lat' dir='ltr'><strong>solum</strong></span> <span class='ocrx_word' id='word_1_557' title='bbox 2549 1677 2652 1717; x_wconf 91' lang='lat' dir='ltr'><strong>non</strong></span> <span class='ocrx_word' id='word_1_558' title='bbox 2676 1666 3018 1724; x_wconf 86' lang='lat' dir='ltr'><strong>retribuentis</strong></span> <span class='ocrx_word' id='word_1_559' title='bbox 3041 1672 3177 1726; x_wconf 87' lang='lat' dir='ltr'><strong>mala</strong></span> <span class='ocrx_word' id='word_1_560' title='bbox 3202 1689 3301 1744; x_wconf 86' lang='lat' dir='ltr'><strong>pro</strong></span> <span class='ocrx_word' id='word_1_561' title='bbox 3323 1678 3499 1746; x_wconf 85' lang='lat' dir='ltr'><strong>malis,</strong></span> <span class='ocrx_word' id='word_1_562' title='bbox 3517 1681 3623 1735; x_wconf 77' lang='lat' dir='ltr'><strong>scil</strong></span> <span class='ocrx_word' id='word_1_563' title='bbox 3657 1683 3848 1738; x_wconf 83' lang='lat' dir='ltr'><strong>etiam</strong></span> 
     </span>
    </p>
   </div>
   <div class='ocr_carea' id='block_1_75' title="bbox 2217 1748 3850 1829">
    <p class='ocr_par' dir='ltr' id='par_1_75' title="bbox 2217 1748 3850 1829">
     <span class='ocr_line' id='line_1_75' title="bbox 2217 1748 3850 1829; baseline 0.018 -29"><span class='ocrx_word' id='word_1_564' title='bbox 2217 1748 2559 1807; x_wconf 88' lang='lat' dir='ltr'><strong>retribuentis</strong></span> <span class='ocrx_word' id='word_1_565' title='bbox 2598 1754 2733 1810; x_wconf 91' lang='lat' dir='ltr'><strong>bona</strong></span> <span class='ocrx_word' id='word_1_566' title='bbox 2785 1772 2882 1826; x_wconf 91' lang='lat' dir='ltr'><strong>pro</strong></span> <span class='ocrx_word' id='word_1_567' title='bbox 2925 1761 3111 1826; x_wconf 85' lang='lat' dir='ltr'><strong>malis;</strong></span> <span class='ocrx_word' id='word_1_568' title='bbox 3158 1769 3696 1829; x_wconf 73' lang='lat' dir='ltr'><strong>convenientissima</strong></span> <span class='ocrx_word' id='word_1_569' title='bbox 3737 1774 3850 1829; x_wconf 78' lang='lat' dir='ltr'><strong>ad-</strong></span> 
     </span>
    </p>
   </div>
   <div class='ocr_carea' id='block_1_76' title="bbox 2209 1839 3805 1936">
    <p class='ocr_par' dir='ltr' id='par_1_76' title="bbox 2209 1839 3805 1936">
     <span class='ocr_line' id='line_1_76' title="bbox 2209 1839 3805 1936; baseline 0.019 -44"><span class='ocrx_word' id='word_1_570' title='bbox 2209 1839 2453 1910; x_wconf 87' lang='lat' dir='ltr'><strong>junctum</strong></span> <span class='ocrx_word' id='word_1_571' title='bbox 2483 1852 2564 1898; x_wconf 88' lang='lat' dir='ltr'><strong>est</strong></span> <span class='ocrx_word' id='word_1_572' title='bbox 2585 1887 2598 1911; x_wconf 95' lang='lat'><strong>,</strong></span> <span class='ocrx_word' id='word_1_573' title='bbox 2635 1847 2884 1914; x_wconf 85' lang='lat' dir='ltr'><strong>Quoniam</strong></span> <span class='ocrx_word' id='word_1_574' title='bbox 2913 1851 2965 1904; x_wconf 86' lang='lat' dir='ltr'><strong>in</strong></span> <span class='ocrx_word' id='word_1_575' title='bbox 2991 1857 3233 1909; x_wconf 67' lang='lat' dir='ltr'><strong>secutum</strong></span> <span class='ocrx_word' id='word_1_576' title='bbox 3261 1858 3615 1918; x_wconf 74' lang='lat' dir='ltr'><strong>misericordia</strong></span> <span class='ocrx_word' id='word_1_577' title='bbox 3651 1866 3805 1936; x_wconf 74' lang='lat' dir='ltr'><strong>ejus.</strong></span> 
     </span>
    </p>
   </div>
   <div class='ocr_carea' id='block_1_77' title="bbox 2284 1935 3848 2031">
    <p class='ocr_par' dir='ltr' id='par_1_77' title="bbox 2284 1935 3848 2031">
     <span class='ocr_line' id='line_1_77' title="bbox 2284 1935 3848 2031; baseline 0.019 -43"><span class='ocrx_word' id='word_1_578' title='bbox 2284 1935 2336 1989; x_wconf 84' lang='lat'><strong>5.</strong></span> <span class='ocrx_word' id='word_1_579' title='bbox 2381 1935 2539 2009; x_wconf 72' lang='grc' dir='ltr'><strong>[νοτε.</strong></span> <span class='ocrx_word' id='word_1_580' title='bbox 2569 1939 2730 2014; x_wconf 69' lang='lat'><strong>2-5.]</strong></span> <span class='ocrx_word' id='word_1_581' title='bbox 2773 1961 2792 1994; x_wconf 71' lang='grc' dir='ltr'><strong><em>ι</em></strong></span> <span class='ocrx_word' id='word_1_582' title='bbox 2839 1944 2988 2001; x_wconf 88' lang='lat' dir='ltr'><strong>Dicat</strong></span> <span class='ocrx_word' id='word_1_583' title='bbox 3025 1957 3202 2005; x_wconf 88' lang='lat' dir='ltr'><strong>autem</strong></span> <span class='ocrx_word' id='word_1_584' title='bbox 3241 1951 3432 2009; x_wconf 91' lang='lat' dir='ltr'><strong>domus</strong></span> <span class='ocrx_word' id='word_1_585' title='bbox 3472 1955 3848 2031; x_wconf 84' lang='lat' dir='ltr'><strong>lsraelquo-</strong></span> 
     </span>
    </p>
   </div>
   <div class='ocr_carea' id='block_1_78' title="bbox 2215 2027 3840 2125">
    <p class='ocr_par' dir='ltr' id='par_1_78' title="bbox 2215 2027 3840 2125">
     <span class='ocr_line' id='line_1_78' title="bbox 2215 2027 3840 2125; baseline 0.018 -45"><span class='ocrx_word' id='word_1_586' title='bbox 2215 2027 2353 2082; x_wconf 85' lang='lat' dir='ltr'><strong>niam</strong></span> <span class='ocrx_word' id='word_1_587' title='bbox 2387 2030 2553 2085; x_wconf 91' lang='lat' dir='ltr'><strong>bonus</strong></span> <span class='ocrx_word' id='word_1_588' title='bbox 2573 2073 2590 2098; x_wconf 92' lang='lat'><strong>,</strong></span> <span class='ocrx_word' id='word_1_589' title='bbox 2617 2035 2864 2102; x_wconf 88' lang='lat' dir='ltr'><strong>quoniam</strong></span> <span class='ocrx_word' id='word_1_590' title='bbox 2892 2038 2947 2093; x_wconf 91' lang='lat' dir='ltr'><strong>in</strong></span> <span class='ocrx_word' id='word_1_591' title='bbox 2975 2043 3226 2098; x_wconf 68' lang='lat' dir='ltr'><strong>smculum</strong></span> <span class='ocrx_word' id='word_1_592' title='bbox 3266 2047 3653 2106; x_wconf 83' lang='lat' dir='ltr'><strong>misericordia</strong></span> <span class='ocrx_word' id='word_1_593' title='bbox 3685 2054 3840 2125; x_wconf 86' lang='lat' dir='ltr'><strong>ejus.</strong></span> 
     </span>
    </p>
   </div>
   <div class='ocr_carea' id='block_1_79' title="bbox 2213 2117 3842 2213">
    <p class='ocr_par' dir='ltr' id='par_1_79' title="bbox 2213 2117 3842 2213">
     <span class='ocr_line' id='line_1_79' title="bbox 2213 2117 3842 2213; baseline 0.018 -42"><span class='ocrx_word' id='word_1_594' title='bbox 2213 2117 2359 2173; x_wconf 84' lang='lat' dir='ltr'><strong>Dicat</strong></span> <span class='ocrx_word' id='word_1_595' title='bbox 2377 2131 2553 2176; x_wconf 87' lang='lat' dir='ltr'><strong>autem</strong></span> <span class='ocrx_word' id='word_1_596' title='bbox 2576 2124 2772 2181; x_wconf 90' lang='lat' dir='ltr'><strong>Domus</strong></span> <span class='ocrx_word' id='word_1_597' title='bbox 2791 2127 2967 2184; x_wconf 87' lang='lat' dir='ltr'><strong>Aaron</strong></span> <span class='ocrx_word' id='word_1_598' title='bbox 2987 2134 3237 2203; x_wconf 87' lang='lat' dir='ltr'><strong>quoniam</strong></span> <span class='ocrx_word' id='word_1_599' title='bbox 3261 2137 3452 2208; x_wconf 87' lang='lat' dir='ltr'><strong>bonus,</strong></span> <span class='ocrx_word' id='word_1_600' title='bbox 3470 2157 3623 2213; x_wconf 87' lang='lat' dir='ltr'><strong>quon</strong></span> <span class='ocrx_word' id='word_1_601' title='bbox 3637 2144 3762 2199; x_wconf 85' lang='lat' dir='ltr'><strong>iam</strong></span> <span class='ocrx_word' id='word_1_602' title='bbox 3785 2148 3842 2202; x_wconf 89' lang='lat' dir='ltr'><strong>in</strong></span> 
     </span>
    </p>
   </div>
   <div class='ocr_carea' id='block_1_80' title="bbox 2210 2213 3840 2310">
    <p class='ocr_par' dir='ltr' id='par_1_80' title="bbox 2210 2213 3840 2310">
     <span class='ocr_line' id='line_1_80' title="bbox 2210 2213 3840 2310; baseline 0.018 -45"><span class='ocrx_word' id='word_1_603' title='bbox 2210 2213 2461 2268; x_wconf 65' lang='lat' dir='ltr'><strong>saeculum</strong></span> <span class='ocrx_word' id='word_1_604' title='bbox 2491 2217 2854 2275; x_wconf 86' lang='lat' dir='ltr'><strong>misericordia</strong></span> <span class='ocrx_word' id='word_1_605' title='bbox 2895 2223 3030 2293; x_wconf 90' lang='lat' dir='ltr'><strong>ejus.</strong></span> <span class='ocrx_word' id='word_1_606' title='bbox 3077 2226 3262 2285; x_wconf 87' lang='lat' dir='ltr'><strong>Dicant</strong></span> <span class='ocrx_word' id='word_1_607' title='bbox 3303 2247 3443 2287; x_wconf 87' lang='lat' dir='ltr'><strong>nunc</strong></span> <span class='ocrx_word' id='word_1_608' title='bbox 3483 2249 3702 2292; x_wconf 85' lang='lat' dir='ltr'><strong>omnes</strong></span> <span class='ocrx_word' id='word_1_609' title='bbox 3737 2241 3840 2310; x_wconf 71' lang='lat' dir='ltr'><strong>qui</strong></span> 
     </span>
    </p>
   </div>
   <div class='ocr_carea' id='block_1_81' title="bbox 2212 2305 3839 2388">
    <p class='ocr_par' dir='ltr' id='par_1_81' title="bbox 2212 2305 3839 2388">
     <span class='ocr_line' id='line_1_81' title="bbox 2212 2305 3839 2388; baseline 0.019 -31"><span class='ocrx_word' id='word_1_610' title='bbox 2212 2305 2396 2360; x_wconf 75' lang='lat' dir='ltr'><strong>timent</strong></span> <span class='ocrx_word' id='word_1_611' title='bbox 2437 2307 2718 2366; x_wconf 91' lang='lat' dir='ltr'><strong>Dominum</strong></span> <span class='ocrx_word' id='word_1_612' title='bbox 2756 2317 3007 2382; x_wconf 87' lang='lat' dir='ltr'><strong>quoniam</strong></span> <span class='ocrx_word' id='word_1_613' title='bbox 3050 2319 3099 2374; x_wconf 90' lang='lat' dir='ltr'><strong>in</strong></span> <span class='ocrx_word' id='word_1_614' title='bbox 3141 2324 3392 2379; x_wconf 73' lang='lat' dir='ltr'><strong>sreculum</strong></span> <span class='ocrx_word' id='word_1_615' title='bbox 3429 2328 3839 2388; x_wconf 84' lang='lat' dir='ltr'><strong>misericordia</strong></span> 
     </span>
    </p>
   </div>
   <div class='ocr_carea' id='block_1_82' title="bbox 2211 2395 3840 2492">
    <p class='ocr_par' dir='ltr' id='par_1_82' title="bbox 2211 2395 3840 2492">
     <span class='ocr_line' id='line_1_82' title="bbox 2211 2395 3840 2492; baseline 0.02 -44"><span class='ocrx_word' id='word_1_616' title='bbox 2211 2395 2344 2464; x_wconf 86' lang='lat' dir='ltr'><strong>ejus.</strong></span> <span class='ocrx_word' id='word_1_617' title='bbox 2399 2417 2416 2450; x_wconf 71' lang='grc' dir='ltr'><strong><em>ι</em></strong></span> <span class='ocrx_word' id='word_1_618' title='bbox 2461 2399 2898 2472; x_wconf 79' lang='lat' dir='ltr'><strong>Recognoscitis,</strong></span> <span class='ocrx_word' id='word_1_619' title='bbox 2937 2409 3137 2476; x_wconf 89' lang='lat' dir='ltr'><strong>credo,</strong></span> <span class='ocrx_word' id='word_1_620' title='bbox 3185 2413 3519 2483; x_wconf 86' lang='lat' dir='ltr'><strong>charissimi,</strong></span> <span class='ocrx_word' id='word_1_621' title='bbox 3573 2436 3722 2492; x_wconf 77' lang='lat' dir='ltr'><strong>qua:</strong></span> <span class='ocrx_word' id='word_1_622' title='bbox 3763 2426 3840 2480; x_wconf 90' lang='lat' dir='ltr'><strong>sit</strong></span> 
     </span>
    </p>
   </div>
   <div class='ocr_carea' id='block_1_83' title="bbox 2207 2486 3837 2579">
    <p class='ocr_par' dir='ltr' id='par_1_83' title="bbox 2207 2486 3837 2579">
     <span class='ocr_line' id='line_1_83' title="bbox 2207 2486 3837 2579; baseline 0.018 -39"><span class='ocrx_word' id='word_1_623' title='bbox 2207 2486 2397 2543; x_wconf 85' lang='lat' dir='ltr'><strong>doinus</strong></span> <span class='ocrx_word' id='word_1_624' title='bbox 2427 2489 2606 2554; x_wconf 86' lang='lat' dir='ltr'><strong>Israel.</strong></span> <span class='ocrx_word' id='word_1_625' title='bbox 2635 2509 2754 2564; x_wconf 61' lang='lat' dir='ltr'><strong>quae</strong></span> <span class='ocrx_word' id='word_1_626' title='bbox 2779 2497 2847 2550; x_wconf 90' lang='lat' dir='ltr'><strong>sit</strong></span> <span class='ocrx_word' id='word_1_627' title='bbox 2874 2497 3062 2555; x_wconf 87' lang='lat' dir='ltr'><strong>domus</strong></span> <span class='ocrx_word' id='word_1_628' title='bbox 3087 2489 3286 2570; x_wconf 61' lang='grc' dir='ltr'><strong>,ξω-οη,</strong></span> <span class='ocrx_word' id='word_1_629' title='bbox 3307 2517 3360 2562; x_wconf 89' lang='lat' dir='ltr'><strong>et</strong></span> <span class='ocrx_word' id='word_1_630' title='bbox 3381 2513 3655 2579; x_wconf 85' lang='lat' dir='ltr'><strong>quoniam</strong></span> <span class='ocrx_word' id='word_1_631' title='bbox 3685 2517 3837 2569; x_wconf 84' lang='lat' dir='ltr'><strong>utri-</strong></span> 
     </span>
    </p>
   </div>
   <div class='ocr_carea' id='block_1_84' title="bbox 2207 2580 3831 2676">
    <p class='ocr_par' dir='ltr' id='par_1_84' title="bbox 2207 2580 3831 2676">
     <span class='ocr_line' id='line_1_84' title="bbox 2207 2580 3831 2676; baseline 0.02 -47"><span class='ocrx_word' id='word_1_632' title='bbox 2207 2593 2312 2647; x_wconf 78' lang='lat' dir='ltr'><strong>que</strong></span> <span class='ocrx_word' id='word_1_633' title='bbox 2344 2580 2358 2610; x_wconf 82' lang='grc'>⁸</span> <span class='ocrx_word' id='word_1_634' title='bbox 2389 2589 2514 2634; x_wconf 89' lang='lat' dir='ltr'><strong>sunt</strong></span> <span class='ocrx_word' id='word_1_635' title='bbox 2541 2582 2787 2641; x_wconf 89' lang='lat' dir='ltr'><strong>timentes</strong></span> <span class='ocrx_word' id='word_1_636' title='bbox 2826 2589 3126 2648; x_wconf 90' lang='lat' dir='ltr'><strong>Dominum.</strong></span> <span class='ocrx_word' id='word_1_637' title='bbox 3161 2595 3261 2665; x_wconf 82' lang='lat' dir='ltr'><strong>Ipsi</strong></span> <span class='ocrx_word' id='word_1_638' title='bbox 3291 2599 3432 2676; x_wconf 84' lang='lat' dir='ltr'><strong>enim</strong></span> <span class='ocrx_word' id='word_1_639' title='bbox 3463 2613 3592 2658; x_wconf 89' lang='lat' dir='ltr'><strong>sunt</strong></span> <span class='ocrx_word' id='word_1_640' title='bbox 3627 2609 3831 2676; x_wconf 87' lang='lat' dir='ltr'><strong>pusilli</strong></span> 
     </span>
    </p>
   </div>
   <div class='ocr_carea' id='block_1_85' title="bbox 2206 2671 3833 2755">
    <p class='ocr_par' dir='ltr' id='par_1_85' title="bbox 2206 2671 3833 2755">
     <span class='ocr_line' id='line_1_85' title="bbox 2206 2671 3833 2755; baseline 0.022 -33"><span class='ocrx_word' id='word_1_641' title='bbox 2206 2683 2326 2723; x_wconf 86' lang='lat' dir='ltr'><strong>cum</strong></span> <span class='ocrx_word' id='word_1_642' title='bbox 2353 2675 2557 2744; x_wconf 87' lang='lat' dir='ltr'><strong>magnis</strong></span> <span class='ocrx_word' id='word_1_643' title='bbox 2577 2717 2592 2742; x_wconf 95' lang='lat'><strong>,</strong></span> <span class='ocrx_word' id='word_1_644' title='bbox 2618 2676 2729 2746; x_wconf 83' lang='lat' dir='ltr'><strong>jam</strong></span> <span class='ocrx_word' id='word_1_645' title='bbox 2760 2680 2810 2734; x_wconf 93' lang='lat' dir='ltr'><strong>in</strong></span> <span class='ocrx_word' id='word_1_646' title='bbox 2841 2681 2946 2737; x_wconf 87' lang='lat' dir='ltr'><strong>alio</strong></span> <span class='ocrx_word' id='word_1_647' title='bbox 2988 2686 3192 2753; x_wconf 89' lang='lat' dir='ltr'><strong>psalmo</strong></span> <span class='ocrx_word' id='word_1_648' title='bbox 3231 2671 3367 2746; x_wconf 83' lang='lat' dir='ltr'><strong>bene</strong></span> <span class='ocrx_word' id='word_1_649' title='bbox 3397 2694 3672 2752; x_wconf 83' lang='lat' dir='ltr'><strong>insiuuati</strong></span> <span class='ocrx_word' id='word_1_650' title='bbox 3703 2715 3833 2755; x_wconf 86' lang='lat' dir='ltr'><strong>cor-</strong></span> 
     </span>
    </p>
   </div>
   <div class='ocr_carea' id='block_1_86' title="bbox 2204 2758 3830 2861">
    <p class='ocr_par' dir='ltr' id='par_1_86' title="bbox 2204 2758 3830 2861">
     <span class='ocr_line' id='line_1_86' title="bbox 2204 2758 3830 2861; baseline 0.022 -48"><span class='ocrx_word' id='word_1_651' title='bbox 2204 2758 2359 2816; x_wconf 89' lang='lat' dir='ltr'><strong>dibus</strong></span> <span class='ocrx_word' id='word_1_652' title='bbox 2371 2766 2558 2821; x_wconf 78' lang='lat' dir='ltr'><strong>vestris</strong></span> <span class='ocrx_word' id='word_1_653' title='bbox 2577 2783 2589 2819; x_wconf 90' lang='lat'><strong>:</strong></span> <span class='ocrx_word' id='word_1_654' title='bbox 2609 2784 2830 2838; x_wconf 90' lang='lat' dir='ltr'><strong>quorum</strong></span> <span class='ocrx_word' id='word_1_655' title='bbox 2850 2789 3072 2831; x_wconf 88' lang='lat' dir='ltr'><strong>munero</strong></span> <span class='ocrx_word' id='word_1_656' title='bbox 3090 2794 3186 2835; x_wconf 88' lang='lat' dir='ltr'><strong>nos</strong></span> <span class='ocrx_word' id='word_1_657' title='bbox 3199 2796 3405 2851; x_wconf 87' lang='lat' dir='ltr'><strong>omnes,</strong></span> <span class='ocrx_word' id='word_1_658' title='bbox 3422 2787 3475 2841; x_wconf 86' lang='lat' dir='ltr'><strong>in</strong></span> <span class='ocrx_word' id='word_1_659' title='bbox 3491 2788 3618 2858; x_wconf 82' lang='lat' dir='ltr'><strong>ejus</strong></span> <span class='ocrx_word' id='word_1_660' title='bbox 3637 2795 3830 2861; x_wconf 76' lang='lat' dir='ltr'><strong>gratia</strong></span> 
     </span>
    </p>
   </div>
   <div class='ocr_carea' id='block_1_87' title="bbox 2203 2855 3830 2948">
    <p class='ocr_par' dir='ltr' id='par_1_87' title="bbox 2203 2855 3830 2948">
     <span class='ocr_line' id='line_1_87' title="bbox 2203 2855 3830 2948; baseline 0.021 -41"><span class='ocrx_word' id='word_1_661' title='bbox 2203 2856 2291 2924; x_wconf 92' lang='lat' dir='ltr'><strong>qui</strong></span> <span class='ocrx_word' id='word_1_662' title='bbox 2315 2855 2484 2913; x_wconf 86' lang='lat' dir='ltr'><strong>bonus</strong></span> <span class='ocrx_word' id='word_1_663' title='bbox 2505 2869 2586 2914; x_wconf 90' lang='lat' dir='ltr'><strong>est</strong></span> <span class='ocrx_word' id='word_1_664' title='bbox 2606 2863 2728 2918; x_wconf 91' lang='lat' dir='ltr'><strong>etin</strong></span> <span class='ocrx_word' id='word_1_665' title='bbox 2747 2868 2995 2922; x_wconf 63' lang='lat' dir='ltr'><strong>saeculum</strong></span> <span class='ocrx_word' id='word_1_666' title='bbox 3015 2871 3381 2930; x_wconf 84' lang='lat' dir='ltr'><strong>misericordia</strong></span> <span class='ocrx_word' id='word_1_667' title='bbox 3397 2878 3535 2948; x_wconf 88' lang='lat' dir='ltr'><strong>ejus,</strong></span> <span class='ocrx_word' id='word_1_668' title='bbox 3561 2885 3830 2941; x_wconf 84' lang='lat' dir='ltr'><strong>sociatos</strong></span> 
     </span>
    </p>
   </div>
   <div class='ocr_carea' id='block_1_88' title="bbox 2203 2949 3824 3042">
    <p class='ocr_par' dir='ltr' id='par_1_88' title="bbox 2203 2949 3824 3042">
     <span class='ocr_line' id='line_1_88' title="bbox 2203 2949 3824 3042; baseline 0.02 -43"><span class='ocrx_word' id='word_1_669' title='bbox 2203 2959 2321 3001; x_wconf 86' lang='lat' dir='ltr'><strong>esse</strong></span> <span class='ocrx_word' id='word_1_670' title='bbox 2344 2949 2699 3020; x_wconf 83' lang='lat' dir='ltr'><strong>gaudeamus;</strong></span> <span class='ocrx_word' id='word_1_671' title='bbox 2728 2957 2976 3025; x_wconf 83' lang='lat' dir='ltr'><strong>quoniam</strong></span> <span class='ocrx_word' id='word_1_672' title='bbox 3003 2963 3236 3020; x_wconf 81' lang='lat' dir='ltr'><strong>exauditi</strong></span> <span class='ocrx_word' id='word_1_673' title='bbox 3256 2976 3380 3022; x_wconf 89' lang='lat' dir='ltr'><strong>sunt</strong></span> <span class='ocrx_word' id='word_1_674' title='bbox 3400 2970 3488 3040; x_wconf 90' lang='lat' dir='ltr'><strong>qui</strong></span> <span class='ocrx_word' id='word_1_675' title='bbox 3512 2971 3824 3042; x_wconf 74' lang='lat' dir='ltr'><strong>dixerunt,</strong></span> 
     </span>
    </p>
   </div>
   <div class='ocr_carea' id='block_1_89' title="bbox 2203 3036 3827 3137">
    <p class='ocr_par' dir='ltr' id='par_1_89' title="bbox 2203 3036 3827 3137">
     <span class='ocr_line' id='line_1_89' title="bbox 2203 3036 3827 3137; baseline 0.022 -49"><span class='ocrx_word' id='word_1_676' title='bbox 2203 3036 2424 3109; x_wconf 78' lang='lat' dir='ltr'><strong>Adjiciat</strong></span> <span class='ocrx_word' id='word_1_677' title='bbox 2452 3039 2702 3099; x_wconf 82' lang='lat' dir='ltr'><strong>Dominus</strong></span> <span class='ocrx_word' id='word_1_678' title='bbox 2739 3063 2890 3117; x_wconf 82' lang='lat' dir='ltr'><strong>super</strong></span> <span class='ocrx_word' id='word_1_679' title='bbox 2916 3065 3002 3106; x_wconf 88' lang='lat' dir='ltr'><strong>vos</strong></span> <span class='ocrx_word' id='word_1_680' title='bbox 3025 3093 3039 3116; x_wconf 93' lang='lat'><strong>,</strong></span> <span class='ocrx_word' id='word_1_681' title='bbox 3080 3071 3232 3124; x_wconf 85' lang='lat' dir='ltr'><strong>super</strong></span> <span class='ocrx_word' id='word_1_682' title='bbox 3268 3074 3352 3112; x_wconf 86' lang='lat' dir='ltr'><strong>vos</strong></span> <span class='ocrx_word' id='word_1_683' title='bbox 3389 3036 3435 3114; x_wconf 76' lang='lat' dir='ltr'><strong>et</strong></span> <span class='ocrx_word' id='word_1_684' title='bbox 3473 3079 3645 3134; x_wconf 82' lang='lat' dir='ltr'><strong>super</strong></span> <span class='ocrx_word' id='word_1_685' title='bbox 3681 3036 3827 3137; x_wconf 60' lang='lat' dir='ltr'><strong>ﬁliai</strong></span> 
     </span>
    </p>
   </div>
   <div class='ocr_carea' id='block_1_90' title="bbox 2202 3131 3828 3215">
    <p class='ocr_par' dir='ltr' id='par_1_90' title="bbox 2202 3131 3828 3215">
     <span class='ocr_line' id='line_1_90' title="bbox 2202 3131 3828 3215; baseline 0.021 -33"><span class='ocrx_word' id='word_1_686' title='bbox 2202 3139 2387 3185; x_wconf 79' lang='lat' dir='ltr'><strong>vestros</strong></span> <span class='ocrx_word' id='word_1_687' title='bbox 2415 3131 2592 3202; x_wconf 83' lang='lat' dir='ltr'><strong>(Psal.</strong></span> <span class='ocrx_word' id='word_1_688' title='bbox 2626 3151 2774 3204; x_wconf 65' lang='lat' dir='ltr'><strong>cant,</strong></span> <span class='ocrx_word' id='word_1_689' title='bbox 2808 3139 3013 3213; x_wconf 63' lang='lat' dir='ltr'><strong>lii-ll)</strong></span> <span class='ocrx_word' id='word_1_690' title='bbox 3041 3161 3053 3197; x_wconf 92' lang='lat'><strong>:</strong></span> <span class='ocrx_word' id='word_1_691' title='bbox 3085 3153 3142 3200; x_wconf 91' lang='lat' dir='ltr'><strong>ut</strong></span> <span class='ocrx_word' id='word_1_692' title='bbox 3166 3146 3417 3206; x_wconf 87' lang='lat' dir='ltr'><strong>lsraelilis</strong></span> <span class='ocrx_word' id='word_1_693' title='bbox 3441 3153 3494 3208; x_wconf 84' lang='lat' dir='ltr'><strong>in</strong></span> <span class='ocrx_word' id='word_1_694' title='bbox 3513 3131 3828 3215; x_wconf 75' lang='lat' dir='ltr'><strong>Christum</strong></span> 
     </span>
    </p>
   </div>
   <div class='ocr_carea' id='block_1_91' title="bbox 2200 3220 3826 3318">
    <p class='ocr_par' dir='ltr' id='par_1_91' title="bbox 2200 3220 3826 3318">
     <span class='ocr_line' id='line_1_91' title="bbox 2200 3220 3826 3318; baseline 0.021 -46"><span class='ocrx_word' id='word_1_695' title='bbox 2200 3220 2562 3287; x_wconf 85' lang='lat' dir='ltr'><strong>credentibus.</strong></span> <span class='ocrx_word' id='word_1_696' title='bbox 2595 3242 2657 3281; x_wconf 80' lang='lat' dir='ltr'><strong>ex</strong></span> <span class='ocrx_word' id='word_1_697' title='bbox 2689 3244 2913 3298; x_wconf 85' lang='lat' dir='ltr'><strong>quorum</strong></span> <span class='ocrx_word' id='word_1_698' title='bbox 2939 3248 3164 3291; x_wconf 88' lang='lat' dir='ltr'><strong>numero</strong></span> <span class='ocrx_word' id='word_1_699' title='bbox 3187 3249 3312 3294; x_wconf 90' lang='lat' dir='ltr'><strong>sunt</strong></span> <span class='ocrx_word' id='word_1_700' title='bbox 3339 3243 3584 3313; x_wconf 81' lang='lat' dir='ltr'><strong>Apostoli</strong></span> <span class='ocrx_word' id='word_1_701' title='bbox 3620 3259 3826 3318; x_wconf 83' lang='lat' dir='ltr'><strong>patres</strong></span> 
     </span>
    </p>
   </div>
   <div class='ocr_carea' id='block_1_92' title="bbox 2201 3316 3825 3398">
    <p class='ocr_par' dir='ltr' id='par_1_92' title="bbox 2201 3316 3825 3398">
     <span class='ocr_line' id='line_1_92' title="bbox 2201 3316 3825 3398; baseline 0.02 -31"><span class='ocrx_word' id='word_1_702' title='bbox 2201 3316 2389 3382; x_wconf 88' lang='lat' dir='ltr'><strong>nostri,</strong></span> <span class='ocrx_word' id='word_1_703' title='bbox 2421 3326 2475 3372; x_wconf 92' lang='lat' dir='ltr'><strong>et</strong></span> <span class='ocrx_word' id='word_1_704' title='bbox 2499 3317 2564 3373; x_wconf 90' lang='lat' dir='ltr'><strong>ad</strong></span> <span class='ocrx_word' id='word_1_705' title='bbox 2601 3323 2946 3379; x_wconf 88' lang='lat' dir='ltr'><strong>eminentiam</strong></span> <span class='ocrx_word' id='word_1_706' title='bbox 2981 3328 3334 3396; x_wconf 88' lang='lat' dir='ltr'><strong>perfectorum</strong></span> <span class='ocrx_word' id='word_1_707' title='bbox 3361 3344 3414 3390; x_wconf 91' lang='lat' dir='ltr'><strong>et</strong></span> <span class='ocrx_word' id='word_1_708' title='bbox 3441 3337 3506 3391; x_wconf 91' lang='lat' dir='ltr'><strong>ad</strong></span> <span class='ocrx_word' id='word_1_709' title='bbox 3535 3316 3825 3398; x_wconf 76' lang='lat' dir='ltr'><strong>obedien—</strong></span> 
     </span>
    </p>
   </div>
   <div class='ocr_carea' id='block_1_93' title="bbox 2201 3406 3824 3497">
    <p class='ocr_par' dir='ltr' id='par_1_93' title="bbox 2201 3406 3824 3497">
     <span class='ocr_line' id='line_1_93' title="bbox 2201 3406 3824 3497; baseline 0.018 -38"><span class='ocrx_word' id='word_1_710' title='bbox 2201 3406 2325 3460; x_wconf 89' lang='lat' dir='ltr'><strong>tiam</strong></span> <span class='ocrx_word' id='word_1_711' title='bbox 2357 3411 2692 3476; x_wconf 87' lang='lat' dir='ltr'><strong>parvulorum</strong></span> <span class='ocrx_word' id='word_1_712' title='bbox 2723 3414 3101 3487; x_wconf 82' lang='lat' dir='ltr'><strong>adjungeretur</strong></span> <span class='ocrx_word' id='word_1_713' title='bbox 3130 3437 3387 3480; x_wconf 90' lang='lat' dir='ltr'><strong>numerus</strong></span> <span class='ocrx_word' id='word_1_714' title='bbox 3411 3426 3686 3486; x_wconf 86' lang='lat' dir='ltr'><strong>Gentium</strong></span> <span class='ocrx_word' id='word_1_715' title='bbox 3711 3449 3727 3497; x_wconf 93' lang='lat'><strong>;</strong></span> <span class='ocrx_word' id='word_1_716' title='bbox 3765 3444 3824 3489; x_wconf 83' lang='lat' dir='ltr'><strong>ut</strong></span> 
     </span>
    </p>
   </div>
   <div class='ocr_carea' id='block_1_94' title="bbox 2199 3497 3820 3597">
    <p class='ocr_par' dir='ltr' id='par_1_94' title="bbox 2199 3497 3820 3597">
     <span class='ocr_line' id='line_1_94' title="bbox 2199 3497 3820 3597; baseline 0.018 -44"><span class='ocrx_word' id='word_1_717' title='bbox 2199 3497 2438 3555; x_wconf 90' lang='lat' dir='ltr'><strong>dicamus</strong></span> <span class='ocrx_word' id='word_1_718' title='bbox 2458 3517 2646 3558; x_wconf 90' lang='lat' dir='ltr'><strong>omnes</strong></span> <span class='ocrx_word' id='word_1_719' title='bbox 2673 3504 2795 3562; x_wconf 88' lang='lat' dir='ltr'><strong>facti</strong></span> <span class='ocrx_word' id='word_1_720' title='bbox 2827 3525 2988 3565; x_wconf 88' lang='lat' dir='ltr'><strong>unum</strong></span> <span class='ocrx_word' id='word_1_721' title='bbox 3017 3512 3070 3567; x_wconf 92' lang='lat' dir='ltr'><strong>in</strong></span> <span class='ocrx_word' id='word_1_722' title='bbox 3095 3511 3327 3584; x_wconf 86' lang='lat' dir='ltr'><strong>Christo,</strong></span> <span class='ocrx_word' id='word_1_723' title='bbox 3353 3518 3474 3575; x_wconf 90' lang='lat' dir='ltr'><strong>facti</strong></span> <span class='ocrx_word' id='word_1_724' title='bbox 3499 3537 3650 3578; x_wconf 85' lang='lat' dir='ltr'><strong>unus</strong></span> <span class='ocrx_word' id='word_1_725' title='bbox 3681 3541 3820 3597; x_wconf 79' lang='lat' dir='ltr'><strong>grex</strong></span> 
     </span>
    </p>
   </div>
   <div class='ocr_carea' id='block_1_95' title="bbox 2198 3591 3820 3688">
    <p class='ocr_par' dir='ltr' id='par_1_95' title="bbox 2198 3591 3820 3688">
     <span class='ocr_line' id='line_1_95' title="bbox 2198 3591 3820 3688; baseline 0.018 -44"><span class='ocrx_word' id='word_1_726' title='bbox 2198 3591 2298 3646; x_wconf 89' lang='lat' dir='ltr'><strong>sub</strong></span> <span class='ocrx_word' id='word_1_727' title='bbox 2338 3603 2550 3662; x_wconf 85' lang='lat' dir='ltr'><strong>pastore</strong></span> <span class='ocrx_word' id='word_1_728' title='bbox 2599 3615 2738 3664; x_wconf 88' lang='lat' dir='ltr'><strong>uno,</strong></span> <span class='ocrx_word' id='word_1_729' title='bbox 2783 3609 2836 3656; x_wconf 90' lang='lat' dir='ltr'><strong>et</strong></span> <span class='ocrx_word' id='word_1_730' title='bbox 2877 3617 3069 3674; x_wconf 79' lang='lat' dir='ltr'><strong>corpus</strong></span> <span class='ocrx_word' id='word_1_731' title='bbox 3113 3605 3256 3663; x_wconf 89' lang='lat' dir='ltr'><strong>illius</strong></span> <span class='ocrx_word' id='word_1_732' title='bbox 3299 3612 3486 3682; x_wconf 86' lang='lat' dir='ltr'><strong>capitis</strong></span> <span class='ocrx_word' id='word_1_733' title='bbox 3535 3591 3820 3688; x_wconf 74' lang='lat' dir='ltr'><strong>tanquam</strong></span> 
     </span>
    </p>
   </div>
   <div class='ocr_carea' id='block_1_96' title="bbox 2199 3683 3822 3766">
    <p class='ocr_par' dir='ltr' id='par_1_96' title="bbox 2199 3683 3822 3766">
     <span class='ocr_line' id='line_1_96' title="bbox 2199 3683 3822 3766; baseline 0.02 -34"><span class='ocrx_word' id='word_1_734' title='bbox 2199 3696 2336 3737; x_wconf 86' lang='lat' dir='ltr'><strong>unus</strong></span> <span class='ocrx_word' id='word_1_735' title='bbox 2375 3683 2536 3740; x_wconf 90' lang='lat' dir='ltr'><strong>homo</strong></span> <span class='ocrx_word' id='word_1_736' title='bbox 2579 3687 2817 3747; x_wconf 89' lang='lat' dir='ltr'><strong>dicamus</strong></span> <span class='ocrx_word' id='word_1_737' title='bbox 2843 3734 2857 3760; x_wconf 95' lang='lat'><strong>,</strong></span> <span class='ocrx_word' id='word_1_738' title='bbox 2892 3692 2956 3748; x_wconf 84' lang='lat' dir='ltr'><strong>In</strong></span> <span class='ocrx_word' id='word_1_739' title='bbox 2992 3696 3310 3755; x_wconf 72' lang='lat' dir='ltr'><strong>tribulatione</strong></span> <span class='ocrx_word' id='word_1_740' title='bbox 3347 3706 3576 3759; x_wconf 78' lang='lat' dir='ltr'><strong>invocavi</strong></span> <span class='ocrx_word' id='word_1_741' title='bbox 3613 3705 3822 3766; x_wconf 78' lang='lat' dir='ltr'><strong>Domi-</strong></span> 
     </span>
    </p>
   </div>
   <div class='ocr_carea' id='block_1_97' title="bbox 2197 3779 3820 3864">
    <p class='ocr_par' dir='ltr' id='par_1_97' title="bbox 2197 3779 3820 3864">
     <span class='ocr_line' id='line_1_97' title="bbox 2197 3779 3820 3864; baseline 0.022 -41"><span class='ocrx_word' id='word_1_742' title='bbox 2197 3788 2352 3838; x_wconf 83' lang='lat' dir='ltr'><strong>num,</strong></span> <span class='ocrx_word' id='word_1_743' title='bbox 2394 3785 2440 3829; x_wconf 79' lang='lat' dir='ltr'><strong>et</strong></span> <span class='ocrx_word' id='word_1_744' title='bbox 2467 3779 2719 3835; x_wconf 75' lang='lat' dir='ltr'><strong>exaudivit</strong></span> <span class='ocrx_word' id='word_1_745' title='bbox 2759 3800 2836 3837; x_wconf 83' lang='lat' dir='ltr'><strong>me</strong></span> <span class='ocrx_word' id='word_1_746' title='bbox 2876 3785 2928 3839; x_wconf 87' lang='lat' dir='ltr'><strong>in</strong></span> <span class='ocrx_word' id='word_1_747' title='bbox 2974 3788 3255 3846; x_wconf 82' lang='lat' dir='ltr'><strong>latitudine.</strong></span> <span class='ocrx_word' id='word_1_748' title='bbox 3288 3793 3542 3864; x_wconf 88' lang='lat' dir='ltr'><strong>Angustia</strong></span> <span class='ocrx_word' id='word_1_749' title='bbox 3593 3814 3820 3858; x_wconf 69' lang='lat' dir='ltr'><strong>nostra:</strong></span> 
     </span>
    </p>
   </div>
   <div class='ocr_carea' id='block_1_98' title="bbox 2201 3865 3814 3958">
    <p class='ocr_par' dir='ltr' id='par_1_98' title="bbox 2201 3865 3814 3958">
     <span class='ocr_line' id='line_1_98' title="bbox 2201 3865 3814 3958; baseline 0.02 -39"><span class='ocrx_word' id='word_1_750' title='bbox 2201 3865 2556 3925; x_wconf 90' lang='lat' dir='ltr'><strong>tribulationis</strong></span> <span class='ocrx_word' id='word_1_751' title='bbox 2584 3871 2766 3929; x_wconf 85' lang='lat' dir='ltr'><strong>finitur</strong></span> <span class='ocrx_word' id='word_1_752' title='bbox 2793 3893 2806 3928; x_wconf 93' lang='lat'><strong>:</strong></span> <span class='ocrx_word' id='word_1_753' title='bbox 2841 3876 3064 3934; x_wconf 90' lang='lat' dir='ltr'><strong>latitudo</strong></span> <span class='ocrx_word' id='word_1_754' title='bbox 3093 3892 3270 3938; x_wconf 89' lang='lat' dir='ltr'><strong>autem</strong></span> <span class='ocrx_word' id='word_1_755' title='bbox 3307 3901 3412 3956; x_wconf 91' lang='lat' dir='ltr'><strong>quo</strong></span> <span class='ocrx_word' id='word_1_756' title='bbox 3455 3891 3776 3950; x_wconf 86' lang='lat' dir='ltr'><strong>transimus</strong></span> <span class='ocrx_word' id='word_1_757' title='bbox 3799 3937 3814 3958; x_wconf 85' lang='lat'><strong>,</strong></span> 
     </span>
    </p>
   </div>
   <div class='ocr_carea' id='block_1_99' title="bbox 2198 3959 3820 4043">
    <p class='ocr_par' dir='ltr' id='par_1_99' title="bbox 2198 3959 3820 4043">
     <span class='ocr_line' id='line_1_99' title="bbox 2198 3959 3820 4043; baseline 0.02 -31"><span class='ocrx_word' id='word_1_758' title='bbox 2198 3973 2303 4013; x_wconf 90' lang='lat' dir='ltr'><strong>non</strong></span> <span class='ocrx_word' id='word_1_759' title='bbox 2335 3959 2494 4017; x_wconf 83' lang='lat' dir='ltr'><strong>habet</strong></span> <span class='ocrx_word' id='word_1_760' title='bbox 2537 3967 2846 4024; x_wconf 90' lang='lat' dir='ltr'><strong>terminum.</strong></span> <span class='ocrx_word' id='word_1_761' title='bbox 2895 3969 3020 4036; x_wconf 87' lang='lat' dir='ltr'><strong>Quis</strong></span> <span class='ocrx_word' id='word_1_762' title='bbox 3067 3977 3208 4030; x_wconf 89' lang='lat' dir='ltr'><strong>enim</strong></span> <span class='ocrx_word' id='word_1_763' title='bbox 3256 3982 3509 4035; x_wconf 73' lang='lat' dir='ltr'><strong>accusabit</strong></span> <span class='ocrx_word' id='word_1_764' title='bbox 3548 3984 3820 4043; x_wconf 76' lang='lat' dir='ltr'><strong>adversus</strong></span> 
     </span>
    </p>
   </div>
   <div class='ocr_carea' id='block_1_100' title="bbox 2196 4049 3035 4134">
    <p class='ocr_par' dir='ltr' id='par_1_100' title="bbox 2196 4049 3035 4134">
     <span class='ocr_line' id='line_1_100' title="bbox 2196 4049 3035 4134; baseline 0.02 -33"><span class='ocrx_word' id='word_1_765' title='bbox 2196 4049 2376 4104; x_wconf 75' lang='lat' dir='ltr'><strong>eiectos</strong></span> <span class='ocrx_word' id='word_1_766' title='bbox 2401 4050 2500 4106; x_wconf 80' lang='lat' dir='ltr'><strong>Dei</strong></span> <span class='ocrx_word' id='word_1_767' title='bbox 2532 4053 2718 4125; x_wconf 81' lang='lat' dir='ltr'><strong>(Rom.</strong></span> <span class='ocrx_word' id='word_1_768' title='bbox 2755 4075 2863 4124; x_wconf 84' lang='lat' dir='ltr'><strong>rut,</strong></span> <span class='ocrx_word' id='word_1_769' title='bbox 2893 4061 3035 4134; x_wconf 78' lang='lat'><strong>55)?</strong></span> 
     </span>
    </p>
   </div>
   <div class='ocr_carea' id='block_1_101' title="bbox 2266 4141 3814 4228">
    <p class='ocr_par' dir='ltr' id='par_1_101' title="bbox 2266 4141 3814 4228">
     <span class='ocr_line' id='line_1_101' title="bbox 2266 4141 3814 4228; baseline 0.018 -30"><span class='ocrx_word' id='word_1_770' title='bbox 2266 4143 2318 4198; x_wconf 75' lang='grc'><strong>4.</strong></span> <span class='ocrx_word' id='word_1_771' title='bbox 2347 4141 2495 4215; x_wconf 75' lang='grc' dir='ltr'><strong>[υενε.</strong></span> <span class='ocrx_word' id='word_1_772' title='bbox 2537 4147 2569 4202; x_wconf 89' lang='lat'><strong>6</strong></span> <span class='ocrx_word' id='word_1_773' title='bbox 2588 4189 2602 4215; x_wconf 91' lang='lat'><strong>,</strong></span> <span class='ocrx_word' id='word_1_774' title='bbox 2628 4147 2707 4222; x_wconf 86' lang='lat'><strong>7.]</strong></span> <span class='ocrx_word' id='word_1_775' title='bbox 2735 4149 2986 4210; x_wconf 79' lang='lat' dir='ltr'><strong>Dominus</strong></span> <span class='ocrx_word' id='word_1_776' title='bbox 3028 4158 3152 4212; x_wconf 78' lang='lat' dir='ltr'><strong>milii</strong></span> <span class='ocrx_word' id='word_1_777' title='bbox 3189 4160 3431 4228; x_wconf 75' lang='lat' dir='ltr'><strong>adiutor;</strong></span> <span class='ocrx_word' id='word_1_778' title='bbox 3461 4181 3565 4219; x_wconf 83' lang='lat' dir='ltr'><strong>non</strong></span> <span class='ocrx_word' id='word_1_779' title='bbox 3607 4167 3814 4226; x_wconf 83' lang='lat' dir='ltr'><strong>timebo</strong></span> 
     </span>
    </p>
   </div>
   <div class='ocr_carea' id='block_1_102' title="bbox 2193 4235 3812 4320">
    <p class='ocr_par' dir='ltr' id='par_1_102' title="bbox 2193 4235 3812 4320">
     <span class='ocr_line' id='line_1_102' title="bbox 2193 4235 3812 4320; baseline 0.021 -36"><span class='ocrx_word' id='word_1_780' title='bbox 2193 4235 2316 4302; x_wconf 85' lang='lat' dir='ltr'><strong>quid</strong></span> <span class='ocrx_word' id='word_1_781' title='bbox 2361 4237 2514 4306; x_wconf 80' lang='lat' dir='ltr'><strong>faciat</strong></span> <span class='ocrx_word' id='word_1_782' title='bbox 2555 4240 2680 4294; x_wconf 78' lang='lat' dir='ltr'><strong>mihi</strong></span> <span class='ocrx_word' id='word_1_783' title='bbox 2721 4242 2888 4298; x_wconf 76' lang='lat' dir='ltr'><strong>homo.</strong></span> <span class='ocrx_word' id='word_1_784' title='bbox 2921 4245 3024 4301; x_wconf 91' lang='lat' dir='ltr'><strong>Sed</strong></span> <span class='ocrx_word' id='word_1_785' title='bbox 3068 4251 3321 4320; x_wconf 87' lang='lat' dir='ltr'><strong>tutmquid</strong></span> <span class='ocrx_word' id='word_1_786' title='bbox 3367 4256 3508 4310; x_wconf 89' lang='lat' dir='ltr'><strong>solos</strong></span> <span class='ocrx_word' id='word_1_787' title='bbox 3541 4256 3812 4317; x_wconf 83' lang='lat' dir='ltr'><strong>homines</strong></span> 
     </span>
    </p>
   </div>
   <div class='ocr_carea' id='block_1_103' title="bbox 2195 4322 3810 4410">
    <p class='ocr_par' dir='ltr' id='par_1_103' title="bbox 2195 4322 3810 4410">
     <span class='ocr_line' id='line_1_103' title="bbox 2195 4322 3810 4410; baseline 0.02 -33"><span class='ocrx_word' id='word_1_788' title='bbox 2195 4322 2354 4381; x_wconf 87' lang='lat' dir='ltr'><strong>habet</strong></span> <span class='ocrx_word' id='word_1_789' title='bbox 2403 4328 2645 4385; x_wconf 89' lang='lat' dir='ltr'><strong>inimicos</strong></span> <span class='ocrx_word' id='word_1_790' title='bbox 2695 4332 3139 4406; x_wconf 77' lang='lat' dir='ltr'><strong>Ecclesia‘lQuid</strong></span> <span class='ocrx_word' id='word_1_791' title='bbox 3190 4352 3274 4398; x_wconf 89' lang='lat' dir='ltr'><strong>est</strong></span> <span class='ocrx_word' id='word_1_792' title='bbox 3324 4344 3486 4401; x_wconf 86' lang='lat' dir='ltr'><strong>homo</strong></span> <span class='ocrx_word' id='word_1_793' title='bbox 3528 4355 3696 4408; x_wconf 87' lang='lat' dir='ltr'><strong>carni</strong></span> <span class='ocrx_word' id='word_1_794' title='bbox 3753 4365 3810 4410; x_wconf 85' lang='lat' dir='ltr'><strong>et</strong></span> 
     </span>
    </p>
   </div>
   <div class='ocr_carea' id='block_1_104' title="bbox 2192 4419 3808 4514">
    <p class='ocr_par' dir='ltr' id='par_1_104' title="bbox 2192 4419 3808 4514">
     <span class='ocr_line' id='line_1_104' title="bbox 2192 4419 3808 4514; baseline 0.021 -44"><span class='ocrx_word' id='word_1_795' title='bbox 2192 4419 2433 4490; x_wconf 88' lang='lat' dir='ltr'><strong>sanguini</strong></span> <span class='ocrx_word' id='word_1_796' title='bbox 2455 4420 2686 4490; x_wconf 85' lang='lat' dir='ltr'><strong>deditus,</strong></span> <span class='ocrx_word' id='word_1_797' title='bbox 2707 4427 2806 4481; x_wconf 91' lang='lat' dir='ltr'><strong>nisi</strong></span> <span class='ocrx_word' id='word_1_798' title='bbox 2827 4443 2950 4484; x_wconf 88' lang='lat' dir='ltr'><strong>caro</strong></span> <span class='ocrx_word' id='word_1_799' title='bbox 2976 4442 3030 4487; x_wconf 88' lang='lat' dir='ltr'><strong>et</strong></span> <span class='ocrx_word' id='word_1_800' title='bbox 3054 4436 3302 4505; x_wconf 84' lang='lat' dir='ltr'><strong>sanguis?</strong></span> <span class='ocrx_word' id='word_1_801' title='bbox 3331 4438 3433 4494; x_wconf 88' lang='lat' dir='ltr'><strong>Sed</strong></span> <span class='ocrx_word' id='word_1_802' title='bbox 3454 4441 3530 4496; x_wconf 81' lang='lat' dir='ltr'><strong>ait</strong></span> <span class='ocrx_word' id='word_1_803' title='bbox 3557 4445 3808 4514; x_wconf 78' lang='lat' dir='ltr'><strong>Aposto-</strong></span> 
     </span>
    </p>
   </div>
   <div class='ocr_carea' id='block_1_105' title="bbox 2192 4508 3805 4594">
    <p class='ocr_par' dir='ltr' id='par_1_105' title="bbox 2192 4508 3805 4594">
     <span class='ocr_line' id='line_1_105' title="bbox 2192 4508 3805 4594; baseline 0.02 -32"><span class='ocrx_word' id='word_1_804' title='bbox 2192 4508 2273 4564; x_wconf 91' lang='lat' dir='ltr'><strong>lus</strong></span> <span class='ocrx_word' id='word_1_805' title='bbox 2292 4550 2307 4576; x_wconf 98' lang='lat'><strong>,</strong></span> <span class='ocrx_word' id='word_1_806' title='bbox 2342 4510 2461 4566; x_wconf 86' lang='lat' dir='ltr'><strong>Non</strong></span> <span class='ocrx_word' id='word_1_807' title='bbox 2490 4524 2562 4568; x_wconf 85' lang='lat' dir='ltr'><strong>est</strong></span> <span class='ocrx_word' id='word_1_808' title='bbox 2600 4515 2741 4572; x_wconf 87' lang='lat' dir='ltr'><strong>nobis</strong></span> <span class='ocrx_word' id='word_1_809' title='bbox 2775 4519 3065 4578; x_wconf 86' lang='lat' dir='ltr'><strong>colluctatio</strong></span> <span class='ocrx_word' id='word_1_810' title='bbox 3091 4525 3330 4582; x_wconf 82' lang='lat' dir='ltr'><strong>adversus</strong></span> <span class='ocrx_word' id='word_1_811' title='bbox 3357 4547 3559 4587; x_wconf 82' lang='lat' dir='ltr'><strong>carnem</strong></span> <span class='ocrx_word' id='word_1_812' title='bbox 3585 4546 3636 4589; x_wconf 84' lang='lat' dir='ltr'><strong>et</strong></span> <span class='ocrx_word' id='word_1_813' title='bbox 3667 4556 3805 4594; x_wconf 82' lang='lat' dir='ltr'><strong>san-</strong></span> 
     </span>
    </p>
   </div>
   <div class='ocr_carea' id='block_1_106' title="bbox 2189 4601 3805 4684">
    <p class='ocr_par' dir='ltr' id='par_1_106' title="bbox 2189 4601 3805 4684">
     <span class='ocr_line' id='line_1_106' title="bbox 2189 4601 3805 4684; baseline 0.02 -32"><span class='ocrx_word' id='word_1_814' title='bbox 2189 4601 2420 4671; x_wconf 83' lang='lat' dir='ltr'><strong>guinem,</strong></span> <span class='ocrx_word' id='word_1_815' title='bbox 2453 4603 2542 4658; x_wconf 87' lang='lat' dir='ltr'><strong>sed</strong></span> <span class='ocrx_word' id='word_1_816' title='bbox 2577 4613 2816 4664; x_wconf 83' lang='lat' dir='ltr'><strong>adversus</strong></span> <span class='ocrx_word' id='word_1_817' title='bbox 2845 4613 3097 4684; x_wconf 81' lang='lat' dir='ltr'><strong>principes</strong></span> <span class='ocrx_word' id='word_1_818' title='bbox 3124 4627 3172 4670; x_wconf 85' lang='lat' dir='ltr'><strong>et</strong></span> <span class='ocrx_word' id='word_1_819' title='bbox 3209 4628 3424 4676; x_wconf 83' lang='lat' dir='ltr'><strong>rectores</strong></span> <span class='ocrx_word' id='word_1_820' title='bbox 3452 4627 3634 4679; x_wconf 86' lang='lat' dir='ltr'><strong>mundi</strong></span> <span class='ocrx_word' id='word_1_821' title='bbox 3655 4638 3805 4684; x_wconf 80' lang='lat' dir='ltr'><strong>tene-</strong></span> 
     </span>
    </p>
   </div>
   <div class='ocr_carea' id='block_1_107' title="bbox 2192 4694 3800 4782">
    <p class='ocr_par' dir='ltr' id='par_1_107' title="bbox 2192 4694 3800 4782">
     <span class='ocr_line' id='line_1_107' title="bbox 2192 4694 3800 4782; baseline 0.019 -35"><span class='ocrx_word' id='word_1_822' title='bbox 2192 4694 2394 4749; x_wconf 85' lang='lat' dir='ltr'><strong>brarum</strong></span> <span class='ocrx_word' id='word_1_823' title='bbox 2422 4697 2602 4752; x_wconf 80' lang='lat' dir='ltr'><strong>harant</strong></span> <span class='ocrx_word' id='word_1_824' title='bbox 2627 4716 2643 4754; x_wconf 89' lang='lat'><strong><em>:</em></strong></span> <span class='ocrx_word' id='word_1_825' title='bbox 2668 4701 2716 4756; x_wconf 91' lang='lat' dir='ltr'><strong>id</strong></span> <span class='ocrx_word' id='word_1_826' title='bbox 2747 4713 2828 4758; x_wconf 75' lang='lat' dir='ltr'><strong>est</strong></span> <span class='ocrx_word' id='word_1_827' title='bbox 2853 4746 2866 4770; x_wconf 93' lang='lat'><strong>,</strong></span> <span class='ocrx_word' id='word_1_828' title='bbox 2897 4717 3134 4764; x_wconf 88' lang='lat' dir='ltr'><strong>rectores</strong></span> <span class='ocrx_word' id='word_1_829' title='bbox 3161 4710 3460 4782; x_wconf 88' lang='lat' dir='ltr'><strong>iniquorum</strong></span> <span class='ocrx_word' id='word_1_830' title='bbox 3481 4758 3496 4780; x_wconf 90' lang='lat'><strong>,</strong></span> <span class='ocrx_word' id='word_1_831' title='bbox 3524 4722 3800 4776; x_wconf 87' lang='lat' dir='ltr'><strong>mundum</strong></span> 
     </span>
    </p>
   </div>
   <div class='ocr_carea' id='block_1_108' title="bbox 2188 4783 3800 4877">
    <p class='ocr_par' dir='ltr' id='par_1_108' title="bbox 2188 4783 3800 4877">
     <span class='ocr_line' id='line_1_108' title="bbox 2188 4783 3800 4877; baseline 0.019 -39"><span class='ocrx_word' id='word_1_832' title='bbox 2188 4783 2205 4838; x_wconf 92' lang='lat' dir='ltr'><strong>i</strong></span> <span class='ocrx_word' id='word_1_833' title='bbox 2237 4792 2344 4840; x_wconf 86' lang='lat' dir='ltr'><strong>tum</strong></span> <span class='ocrx_word' id='word_1_834' title='bbox 2363 4786 2714 4859; x_wconf 79' lang='lat' dir='ltr'><strong>diligentiam,</strong></span> <span class='ocrx_word' id='word_1_835' title='bbox 2733 4803 2784 4849; x_wconf 93' lang='lat' dir='ltr'><strong>ct</strong></span> <span class='ocrx_word' id='word_1_836' title='bbox 2810 4807 3083 4865; x_wconf 87' lang='lat' dir='ltr'><strong>propterea</strong></span> <span class='ocrx_word' id='word_1_837' title='bbox 3102 4803 3455 4868; x_wconf 87' lang='lat' dir='ltr'><strong>tenebrarum;</strong></span> <span class='ocrx_word' id='word_1_838' title='bbox 3477 4809 3600 4877; x_wconf 88' lang='lat' dir='ltr'><strong>quia</strong></span> <span class='ocrx_word' id='word_1_839' title='bbox 3617 4820 3674 4865; x_wconf 88' lang='lat' dir='ltr'><strong>et</strong></span> <span class='ocrx_word' id='word_1_840' title='bbox 3698 4829 3800 4868; x_wconf 89' lang='lat' dir='ltr'><strong>nos</strong></span> 
     </span>
    </p>
   </div>
   <div class='ocr_carea' id='block_1_109' title="bbox 2189 4875 3798 4958">
    <p class='ocr_par' dir='ltr' id='par_1_109' title="bbox 2189 4875 3798 4958">
     <span class='ocr_line' id='line_1_109' title="bbox 2189 4875 3798 4958; baseline 0.018 -29"><span class='ocrx_word' id='word_1_841' title='bbox 2189 4875 2384 4933; x_wconf 88' lang='lat' dir='ltr'><strong>fuimus</strong></span> <span class='ocrx_word' id='word_1_842' title='bbox 2413 4881 2695 4950; x_wconf 88' lang='lat' dir='ltr'><strong>aliquando</strong></span> <span class='ocrx_word' id='word_1_843' title='bbox 2714 4886 2944 4941; x_wconf 71' lang='lat' dir='ltr'><strong>tenebrae</strong></span> <span class='ocrx_word' id='word_1_844' title='bbox 2967 4931 2982 4955; x_wconf 96' lang='lat'><strong>,</strong></span> <span class='ocrx_word' id='word_1_845' title='bbox 3008 4905 3149 4946; x_wconf 90' lang='lat' dir='ltr'><strong>nunc</strong></span> <span class='ocrx_word' id='word_1_846' title='bbox 3173 4903 3348 4949; x_wconf 89' lang='lat' dir='ltr'><strong>autem</strong></span> <span class='ocrx_word' id='word_1_847' title='bbox 3368 4896 3455 4950; x_wconf 79' lang='lat' dir='ltr'><strong>lux</strong></span> <span class='ocrx_word' id='word_1_848' title='bbox 3482 4898 3532 4951; x_wconf 91' lang='lat' dir='ltr'><strong>in</strong></span> <span class='ocrx_word' id='word_1_849' title='bbox 3555 4899 3798 4958; x_wconf 85' lang='lat' dir='ltr'><strong>Domino</strong></span> 
     </span>
    </p>
   </div>
   <div class='ocr_carea' id='block_1_110' title="bbox 2189 4970 3795 5060">
    <p class='ocr_par' dir='ltr' id='par_1_110' title="bbox 2189 4970 3795 5060">
     <span class='ocr_line' id='line_1_110' title="bbox 2189 4970 3795 5060; baseline 0.016 -37"><span class='ocrx_word' id='word_1_850' title='bbox 2189 4970 2400 5042; x_wconf 71' lang='lat' dir='ltr'><strong>(Epiros.</strong></span> <span class='ocrx_word' id='word_1_851' title='bbox 2420 4975 2555 5044; x_wconf 80' lang='lat' dir='ltr'><strong>v.8).</strong></span> <span class='ocrx_word' id='word_1_852' title='bbox 2575 4975 2823 5034; x_wconf 78' lang='lat' dir='ltr'><strong>Adversus</strong></span> <span class='ocrx_word' id='word_1_853' title='bbox 2838 4981 3140 5051; x_wconf 84' lang='lat' dir='ltr'><strong>spiritualia,</strong></span> <span class='ocrx_word' id='word_1_854' title='bbox 3161 4985 3349 5058; x_wconf 89' lang='lat' dir='ltr'><strong>inquit,</strong></span> <span class='ocrx_word' id='word_1_855' title='bbox 3364 4990 3600 5060; x_wconf 78' lang='lat' dir='ltr'><strong>nequitia:</strong></span> <span class='ocrx_word' id='word_1_856' title='bbox 3613 4994 3668 5047; x_wconf 87' lang='lat' dir='ltr'><strong>in</strong></span> <span class='ocrx_word' id='word_1_857' title='bbox 3687 5013 3795 5049; x_wconf 77' lang='grc' dir='ltr'><strong>τωο</strong></span> 
     </span>
    </p>
   </div>
   <div class='ocr_carea' id='block_1_111' title="bbox 2188 5065 3786 5156">
    <p class='ocr_par' dir='ltr' id='par_1_111' title="bbox 2188 5065 3786 5156">
     <span class='ocr_line' id='line_1_111' title="bbox 2188 5065 3786 5156; baseline 0.013 -37"><span class='ocrx_word' id='word_1_858' title='bbox 2188 5065 2390 5120; x_wconf 85' lang='lat' dir='ltr'><strong>lestibus</strong></span> <span class='ocrx_word' id='word_1_859' title='bbox 2415 5066 2522 5138; x_wconf 83' lang='lat' dir='ltr'><strong>(Id.</strong></span> <span class='ocrx_word' id='word_1_860' title='bbox 2555 5084 2624 5134; x_wconf 86' lang='lat' dir='ltr'><strong>vt,</strong></span> <span class='ocrx_word' id='word_1_861' title='bbox 2656 5068 2744 5142; x_wconf 70' lang='grc'><strong>12)</strong></span> <span class='ocrx_word' id='word_1_862' title='bbox 2773 5089 2784 5125; x_wconf 90' lang='lat'><strong>:</strong></span> <span class='ocrx_word' id='word_1_863' title='bbox 2811 5072 2860 5127; x_wconf 89' lang='lat' dir='ltr'><strong>id</strong></span> <span class='ocrx_word' id='word_1_864' title='bbox 2887 5083 2990 5142; x_wconf 87' lang='lat' dir='ltr'><strong>est,</strong></span> <span class='ocrx_word' id='word_1_865' title='bbox 3019 5076 3288 5135; x_wconf 88' lang='lat' dir='ltr'><strong>diabolum</strong></span> <span class='ocrx_word' id='word_1_866' title='bbox 3326 5090 3379 5136; x_wconf 90' lang='lat' dir='ltr'><strong>et</strong></span> <span class='ocrx_word' id='word_1_867' title='bbox 3403 5083 3622 5153; x_wconf 85' lang='lat' dir='ltr'><strong>angelos</strong></span> <span class='ocrx_word' id='word_1_868' title='bbox 3643 5087 3786 5156; x_wconf 84' lang='lat' dir='ltr'><strong>ejus;</strong></span> 
     </span>
    </p>
   </div>
   <div class='ocr_carea' id='block_1_112' title="bbox 2187 5159 3789 5241">
    <p class='ocr_par' dir='ltr' id='par_1_112' title="bbox 2187 5159 3789 5241">
     <span class='ocr_line' id='line_1_112' title="bbox 2187 5159 3789 5241; baseline 0.015 -32"><span class='ocrx_word' id='word_1_869' title='bbox 2187 5172 2343 5227; x_wconf 90' lang='lat' dir='ltr'><strong>quem</strong></span> <span class='ocrx_word' id='word_1_870' title='bbox 2366 5159 2632 5215; x_wconf 87' lang='lat' dir='ltr'><strong>diabolum</strong></span> <span class='ocrx_word' id='word_1_871' title='bbox 2655 5163 2758 5217; x_wconf 87' lang='lat' dir='ltr'><strong>alio</strong></span> <span class='ocrx_word' id='word_1_872' title='bbox 2774 5163 3329 5240; x_wconf 86' lang='lat' dir='ltr'><strong>loeodicitprincipem</strong></span> <span class='ocrx_word' id='word_1_873' title='bbox 3355 5175 3629 5241; x_wconf 86' lang='lat' dir='ltr'><strong>potestatis</strong></span> <span class='ocrx_word' id='word_1_874' title='bbox 3641 5179 3789 5233; x_wconf 74' lang='lat' dir='ltr'><strong>acris</strong></span> 
     </span>
    </p>
   </div>
   <div class='ocr_carea' id='block_1_113' title="bbox 2188 5250 3785 5332">
    <p class='ocr_par' dir='ltr' id='par_1_113' title="bbox 2188 5250 3785 5332">
     <span class='ocr_line' id='line_1_113' title="bbox 2188 5250 3785 5332; baseline 0.013 -28"><span class='ocrx_word' id='word_1_875' title='bbox 2188 5250 2343 5321; x_wconf 89' lang='lat' dir='ltr'><strong>hujus</strong></span> <span class='ocrx_word' id='word_1_876' title='bbox 2375 5251 2484 5322; x_wconf 71' lang='lat' dir='ltr'><strong>(Id.</strong></span> <span class='ocrx_word' id='word_1_877' title='bbox 2520 5271 2574 5322; x_wconf 88' lang='lat' dir='ltr'><strong>n,</strong></span> <span class='ocrx_word' id='word_1_878' title='bbox 2611 5253 2687 5327; x_wconf 68' lang='grc' dir='ltr'><strong>(ἑ).</strong></span> <span class='ocrx_word' id='word_1_879' title='bbox 2719 5257 2852 5312; x_wconf 84' lang='lat' dir='ltr'><strong>Audi</strong></span> <span class='ocrx_word' id='word_1_880' title='bbox 2884 5275 3011 5330; x_wconf 82' lang='lat' dir='ltr'><strong>ergo</strong></span> <span class='ocrx_word' id='word_1_881' title='bbox 3037 5262 3178 5332; x_wconf 89' lang='lat' dir='ltr'><strong>quod</strong></span> <span class='ocrx_word' id='word_1_882' title='bbox 3208 5265 3449 5332; x_wconf 89' lang='lat' dir='ltr'><strong>sequitur</strong></span> <span class='ocrx_word' id='word_1_883' title='bbox 3484 5284 3497 5320; x_wconf 88' lang='lat'><strong>:</strong></span> <span class='ocrx_word' id='word_1_884' title='bbox 3523 5265 3785 5324; x_wconf 80' lang='lat' dir='ltr'><strong>Dominus</strong></span> 
     </span>
    </p>
   </div>
   <div class='ocr_carea' id='block_1_114' title="bbox 2185 5344 3779 5430">
    <p class='ocr_par' dir='ltr' id='par_1_114' title="bbox 2185 5344 3779 5430">
     <span class='ocr_line' id='line_1_114' title="bbox 2185 5344 3779 5430; baseline 0.013 -34"><span class='ocrx_word' id='word_1_885' title='bbox 2185 5344 2311 5398; x_wconf 85' lang='lat' dir='ltr'><strong>mihi</strong></span> <span class='ocrx_word' id='word_1_886' title='bbox 2336 5344 2542 5415; x_wconf 86' lang='lat' dir='ltr'><strong>adjutor</strong></span> <span class='ocrx_word' id='word_1_887' title='bbox 2561 5388 2575 5413; x_wconf 95' lang='lat'><strong>,</strong></span> <span class='ocrx_word' id='word_1_888' title='bbox 2601 5358 2646 5401; x_wconf 88' lang='lat' dir='ltr'><strong>et</strong></span> <span class='ocrx_word' id='word_1_889' title='bbox 2672 5363 2762 5420; x_wconf 83' lang='lat' dir='ltr'><strong>ego</strong></span> <span class='ocrx_word' id='word_1_890' title='bbox 2791 5349 3063 5420; x_wconf 79' lang='lat' dir='ltr'><strong>despiciam</strong></span> <span class='ocrx_word' id='word_1_891' title='bbox 3091 5354 3323 5409; x_wconf 84' lang='lat' dir='ltr'><strong>inimicos</strong></span> <span class='ocrx_word' id='word_1_892' title='bbox 3351 5372 3505 5412; x_wconf 85' lang='lat' dir='ltr'><strong>meos.</strong></span> <span class='ocrx_word' id='word_1_893' title='bbox 3537 5358 3614 5413; x_wconf 81' lang='lat' dir='ltr'><strong>Ex</strong></span> <span class='ocrx_word' id='word_1_894' title='bbox 3640 5376 3779 5430; x_wconf 89' lang='lat' dir='ltr'><strong>quo-</strong></span> 
     </span>
    </p>
   </div>
   <div class='ocr_carea' id='block_1_115' title="bbox 2185 5438 3776 5514">
    <p class='ocr_par' dir='ltr' id='par_1_115' title="bbox 2185 5438 3776 5514">
     <span class='ocr_line' id='line_1_115' title="bbox 2185 5438 3776 5514; baseline 0.008 -22"><span class='ocrx_word' id='word_1_895' title='bbox 2185 5438 2314 5494; x_wconf 90' lang='lat' dir='ltr'><strong>libet</strong></span> <span class='ocrx_word' id='word_1_896' title='bbox 2336 5454 2533 5510; x_wconf 85' lang='lat' dir='ltr'><strong>genere</strong></span> <span class='ocrx_word' id='word_1_897' title='bbox 2561 5439 2758 5495; x_wconf 91' lang='lat' dir='ltr'><strong>inimici</strong></span> <span class='ocrx_word' id='word_1_898' title='bbox 2788 5453 3095 5514; x_wconf 85' lang='lat' dir='ltr'><strong>exsurgant,</strong></span> <span class='ocrx_word' id='word_1_899' title='bbox 3120 5445 3232 5500; x_wconf 89' lang='lat' dir='ltr'><strong>sive</strong></span> <span class='ocrx_word' id='word_1_900' title='bbox 3264 5463 3328 5502; x_wconf 78' lang='lat' dir='ltr'><strong>ex</strong></span> <span class='ocrx_word' id='word_1_901' title='bbox 3354 5463 3576 5504; x_wconf 90' lang='lat' dir='ltr'><strong>numero</strong></span> <span class='ocrx_word' id='word_1_902' title='bbox 3605 5453 3776 5505; x_wconf 88' lang='lat' dir='ltr'><strong>malo-</strong></span> 
     </span>
    </p>
   </div>
   <div class='ocr_carea' id='block_1_116' title="bbox 2185 5528 3772 5612">
    <p class='ocr_par' dir='ltr' id='par_1_116' title="bbox 2185 5528 3772 5612">
     <span class='ocr_line' id='line_1_116' title="bbox 2185 5528 3772 5612; baseline 0.007 -28"><span class='ocrx_word' id='word_1_903' title='bbox 2185 5544 2300 5584; x_wconf 85' lang='lat' dir='ltr'><strong>rum</strong></span> <span class='ocrx_word' id='word_1_904' title='bbox 2329 5528 2625 5596; x_wconf 87' lang='lat' dir='ltr'><strong>hominum,</strong></span> <span class='ocrx_word' id='word_1_905' title='bbox 2650 5532 2764 5586; x_wconf 88' lang='lat' dir='ltr'><strong>sive</strong></span> <span class='ocrx_word' id='word_1_906' title='bbox 2792 5549 2857 5587; x_wconf 81' lang='lat' dir='ltr'><strong>ex</strong></span> <span class='ocrx_word' id='word_1_907' title='bbox 2882 5549 3109 5590; x_wconf 88' lang='lat' dir='ltr'><strong>numero</strong></span> <span class='ocrx_word' id='word_1_908' title='bbox 3136 5537 3394 5593; x_wconf 88' lang='lat' dir='ltr'><strong>malorum</strong></span> <span class='ocrx_word' id='word_1_909' title='bbox 3427 5541 3772 5612; x_wconf 86' lang='lat' dir='ltr'><strong>angelorum;</strong></span> 
     </span>
    </p>
   </div>
   <div class='ocr_carea' id='block_1_117' title="bbox 2185 5619 3770 5694">
    <p class='ocr_par' dir='ltr' id='par_1_117' title="bbox 2185 5619 3770 5694">
     <span class='ocr_line' id='line_1_117' title="bbox 2185 5619 3770 5694; baseline 0.01 -21"><span class='ocrx_word' id='word_1_910' title='bbox 2185 5619 2236 5673; x_wconf 91' lang='lat' dir='ltr'><strong>in</strong></span> <span class='ocrx_word' id='word_1_911' title='bbox 2271 5619 2476 5679; x_wconf 87' lang='lat' dir='ltr'><strong>Domini</strong></span> <span class='ocrx_word' id='word_1_912' title='bbox 2507 5620 2770 5690; x_wconf 88' lang='lat' dir='ltr'><strong>adjutorio</strong></span> <span class='ocrx_word' id='word_1_913' title='bbox 2793 5622 3154 5694; x_wconf 86' lang='lat' dir='ltr'><strong>despicietttur</strong></span> <span class='ocrx_word' id='word_1_914' title='bbox 3181 5628 3265 5684; x_wconf 90' lang='lat' dir='ltr'><strong>cui</strong></span> <span class='ocrx_word' id='word_1_915' title='bbox 3303 5630 3624 5688; x_wconf 73' lang='lat' dir='ltr'><strong>confitentur</strong></span> <span class='ocrx_word' id='word_1_916' title='bbox 3657 5634 3770 5690; x_wconf 79' lang='lat' dir='ltr'><strong>lau-</strong></span> 
     </span>
    </p>
   </div>
   <div class='ocr_carea' id='block_1_118' title="bbox 2184 5713 3027 5779">
    <p class='ocr_par' dir='ltr' id='par_1_118' title="bbox 2184 5713 3027 5779">
     <span class='ocr_line' id='line_1_118' title="bbox 2184 5713 3027 5779; baseline 0.005 -12"><span class='ocrx_word' id='word_1_917' title='bbox 2184 5713 2326 5779; x_wconf 89' lang='lat' dir='ltr'><strong>dem,</strong></span> <span class='ocrx_word' id='word_1_918' title='bbox 2361 5714 2445 5768; x_wconf 90' lang='lat' dir='ltr'><strong>cui</strong></span> <span class='ocrx_word' id='word_1_919' title='bbox 2475 5725 2752 5772; x_wconf 85' lang='lat' dir='ltr'><strong>cantamus</strong></span> <span class='ocrx_word' id='word_1_920' title='bbox 2783 5717 3027 5774; x_wconf 79' lang='lat' dir='ltr'><strong>Alleluia.</strong></span> 
     </span>
    </p>
   </div>
   <div class='ocr_carea' id='block_1_119' title="bbox 2253 5824 2626 5889">
    <p class='ocr_par' dir='ltr' id='par_1_119' title="bbox 2253 5824 2626 5889">
     <span class='ocr_line' id='line_1_119' title="bbox 2253 5824 2626 5889; baseline 0.003 -14"><span class='ocrx_word' id='word_1_921' title='bbox 2253 5827 2267 5858; x_wconf 79' lang='grc' dir='ltr'>ι</span> <span class='ocrx_word' id='word_1_922' title='bbox 2295 5832 2422 5887; x_wconf 69' lang='lat' dir='ltr'><strong>Mss,</strong></span> <span class='ocrx_word' id='word_1_923' title='bbox 2449 5824 2626 5889; x_wconf 69' lang='lat' dir='ltr'><strong>utique.</strong></span> 
     </span>
    </p>
   </div>
  </div>
