4188 6460
363 461 387 516 1
398 459 499 518 697

430 578 486 632 5.
515 575 667 648 [vers.
695 573 751 643 8,
780 571 858 648 9.]
886 571 1156 642 Despeetis
1196 578 1374 625 autem
1420 569 1650 624 inimicis
1673 609 1689 636 ,
1717 583 1824 622 non
1869 568 1946 622 sic

363 667 490 722 mihi
514 674 767 736 tauquam
789 664 959 720 bonus
985 663 1144 717 homo
1169 676 1226 716 se
1247 660 1448 715 amicus
1471 668 1724 730 opponat.
1754 669 1811 713 ut
1836 659 1948 728 ipse

362 759 415 814 in
443 774 505 813 se
544 772 695 827 spem
727 770 898 811 meam
925 753 1108 824 jubeat
1146 751 1394 808 collocari
1420 769 1433 804 :
1459 751 1654 804 Bonum
1698 759 1769 804 est
1803 750 1946 804 enim

362 848 616 919 conﬁdere
653 847 952 902 in.Domino
976 889 993 912 ,
1024 862 1174 917 quam
1211 845 1465 914 conﬁdere
1503 843 1555 896 in
1597 842 1816 896 homine.
1841 841 1949 897 Nec

369 941 604 1012 quisquis
634 937 922 995 secundum
961 935 1244 1006 quemdam
1275 935 1488 990 modum
1521 933 1624 988 dici
1649 942 1820 1004 potest
1849 949 1946 986 an-

361 1032 510 1102 gelus
541 1033 711 1086 bonus
732 1073 748 1099 ,
779 1030 856 1086 sic
891 1046 921 1084 a
951 1045 1035 1084 me
1060 1028 1319 1099 cogitetur
1339 1068 1356 1094 ,
1384 1035 1442 1081 ut
1482 1028 1532 1082 in
1574 1042 1639 1081 eo
1676 1025 1946 1082 conlidere

367 1125 585 1180 debeam
609 1141 625 1180 :
649 1139 806 1179 nemo
839 1123 982 1179 enim
1024 1121 1214 1184 bonus,
1246 1121 1347 1175 nisi
1372 1121 1517 1175 solus
1547 1119 1720 1182 Deus;
1749 1126 1802 1172 et
1825 1133 1944 1173 eum

361 1217 608 1271 videntur
647 1213 902 1284 adjuvare
945 1213 1104 1267 homo
1127 1211 1208 1266 vel
1239 1210 1457 1281 angelus
1478 1252 1490 1274 ,
1521 1224 1640 1264 cum
1673 1208 1773 1262 hoc
1819 1223 1944 1263 vera

361 1310 645 1365 dilectione
671 1307 888 1371 faciunt,
911 1305 999 1360 ille
1030 1321 1122 1375 per
1142 1319 1236 1359 eos
1263 1303 1406 1369 facit,
1428 1303 1513 1372 qui
1541 1316 1633 1357 eos
1665 1315 1761 1371 pro
1789 1299 1948 1356 modo

362 1417 548 1456 eorum
587 1399 757 1455 bonos
785 1397 926 1452 fecit.
950 1395 1146 1449 Bonum
1187 1403 1259 1448 est
1301 1408 1430 1463 ergo
1455 1408 1661 1463 sperare
1687 1393 1738 1445 in
1769 1391 1950 1444 Denti-

362 1509 478 1547 num
503 1535 518 1558 ,
545 1507 697 1562 quant
739 1504 942 1559 sperare
970 1487 1022 1541 in
1053 1486 1322 1557 principes.
1350 1484 1481 1538 Nam
1508 1492 1561 1539 et
1604 1483 1788 1551 Angeli
1818 1481 1946 1536 dicti

362 1593 482 1639 sunt
533 1581 806 1654 principes
832 1620 846 1644 ,
875 1581 1010 1635 sicut
1057 1579 1110 1632 in
1167 1576 1383 1632 Dauicle
1425 1576 1648 1646 legimus
1676 1616 1693 1642 ,
1725 1573 1950 1628 Michael

366 1677 592 1744 princeps
622 1684 779 1728 vester
799 1671 962 1742 (Dan.
991 1685 1081 1735 xu,
1110 1668 1186 1740 1).

433 1766 481 1821 6.
513 1764 682 1838 [vers.
719 1760 964 1834 10.11.]
1001 1779 1018 1812 ε
1056 1759 1255 1815 Omnes
1277 1767 1463 1829 gentes
1486 1754 1948 1812 circumdederunt

361 1874 447 1914 me
469 1899 485 1924 ,
518 1867 572 1912 et
607 1857 659 1909 in
690 1854 905 1909 nomine
958 1851 1166 1907 Domini
1211 1849 1352 1905 ultus
1393 1865 1510 1904 sum
1550 1863 1684 1904 eos:
1717 1847 1948 1902 circum-

357 1951 548 2006 dautes
592 1945 1056 2004 circumdederunt
1109 1959 1195 1999 me
1225 1984 1240 2009 ,
1273 1952 1326 1998 et
1377 1942 1430 1996 in
1475 1941 1691 1996 nomine
1737 1940 1943 1996 Domini

357 2043 503 2097 ultus
530 2057 645 2095 sum
674 2055 787 2095 eos.
819 2057 838 2092 ι
870 2036 1022 2104 Quod
1045 2037 1138 2103 ait,
1167 2053 1186 2087 ι
1219 2035 1415 2090 Omnes
1441 2044 1626 2104 gentes
1649 2031 1946 2086 circumde-

357 2135 553 2188 derunt
581 2147 703 2198 me,
731 2129 866 2186 etin
907 2128 1120 2183 nomine
1161 2125 1366 2181 Domini
1404 2126 1545 2180 ultus
1588 2140 1705 2178 sum
1750 2139 1844 2178 eos
1867 2165 1881 2187 ,
1918 2141 1936 2174 ι

357 2226 623 2296 signiﬁcat
651 2223 902 2279 Ecclesiae
929 2220 1139 2276 labores
1163 2227 1321 2289 atque
1347 2217 1648 2274 victoriam:
1677 2214 1770 2269 sed
1792 2214 1940 2284 quasi

357 2332 518 2371 causa
545 2323 874 2386 quaereretur
904 2312 1044 2368 unde
1074 2321 1215 2365 tanta
1245 2309 1380 2364 mala
1409 2323 1662 2378 superare
1689 2308 1939 2378 potuerit,

358 2416 660 2477 respectum
689 2415 768 2462 est
789 2405 852 2460 ad
870 2403 1198 2473 exemplum,
1219 2410 1274 2456 et
1297 2401 1428 2456 dixit
1446 2400 1571 2471 quid
1595 2401 1764 2470 primo
1783 2415 1940 2471 passa

356 2501 425 2555 sit
453 2503 504 2554 in
533 2499 706 2568 capite
724 2512 840 2564 suo,
863 2494 1108 2552 addendo
1134 2493 1272 2564 quod
1296 2493 1548 2562 sequitur,
1565 2490 1942 2547 Circumdantes

356 2592 792 2646 circumdederunt
835 2605 910 2642 me
938 2604 956 2642 :
983 2594 1039 2642 et
1079 2585 1214 2642 bene
1250 2583 1323 2641 ibi
1361 2600 1466 2638 non
1513 2583 1794 2652 repetitum
1822 2591 1938 2647 est,

358 2701 530 2739 omnes
578 2692 780 2755 gentes;
808 2681 947 2752 quod
975 2695 1004 2735 a
1032 2678 1230 2735 Judteis
1255 2677 1384 2732 solis
1419 2676 1615 2731 factum
1661 2683 1762 2730 est.
1795 2673 1863 2728 Et
1890 2674 1943 2728 in

357 2777 558 2830 nomine
576 2774 784 2828 Domini
807 2773 942 2826 ultus
966 2788 1077 2825 sum
1117 2787 1198 2824 cos
1226 2786 1244 2823 :
1275 2769 1394 2840 quia
1422 2767 1529 2822 illic
1558 2767 1670 2836 ipse
1701 2765 1818 2835 pius
1847 2780 1944 2834 po-

357 2869 530 2940 pulus,
562 2866 703 2938 quod
732 2875 811 2920 est
835 2879 1029 2933 corpus
1053 2861 1273 2927 Christi,
1308 2868 1677 2930 persecutores
1705 2857 1874 2911 sensit
1897 2858 1936 2922 ι,

355 2962 421 3017 de
446 2975 673 3032 quorum
703 2971 898 3027 genere
931 2970 1057 3010 caro
1085 2954 1172 3008 illa
1201 2959 1443 3020 suscepta
1471 2958 1525 3005 et
1551 2963 1805 3018 suspensa
1834 2956 1936 3012 est,

355 3064 407 3108 et
439 3069 536 3122 pro
560 3066 666 3121 quo
697 3049 890 3105 factum
921 3057 1002 3102 est
1031 3043 1283 3116 quidquid
1315 3043 1382 3096 ab
1406 3042 1492 3097 illa
1527 3040 1778 3096 interiore
1804 3039 1940 3094 divi-

354 3147 521 3202 nitate
551 3159 644 3214 per
669 3141 984 3196 exteriorem
1009 3151 1220 3193 carnem
1259 3135 1456 3189 virtute
1491 3132 1773 3187 immortali
1797 3145 1940 3186 mor-

354 3241 532 3294 taliter
559 3235 749 3291 factum
779 3241 880 3289 est.

425 3332 478 3384 7.
511 3328 660 3401 [vers.
691 3324 802 3398 12.]
839 3344 856 3377 ι
890 3321 1364 3380 Circumdederunt
1412 3334 1499 3373 me
1525 3318 1661 3372 sicut
1685 3332 1812 3387 apes
1854 3316 1936 3372 {a-

352 3437 478 3476 vum
511 3463 526 3485 ,
579 3427 632 3474 et
679 3422 992 3473 exarserunt
1045 3414 1187 3468 sicut
1235 3410 1370 3481 ignis
1418 3410 1469 3464 in
1524 3408 1691 3477 spinis
1720 3449 1734 3472 ,
1785 3417 1838 3463 et
1885 3408 1937 3461 in

353 3509 572 3566 nomine
603 3507 809 3562 Domini
843 3507 982 3560 ultus
1012 3518 1130 3558 sum
1169 3516 1281 3556 eos.
1321 3519 1341 3553 ι
1374 3499 1469 3555 llic
1497 3498 1603 3568 jam
1647 3514 1710 3552 ex
1751 3497 1938 3553 ordine

350 3613 625 3670 geStarum
665 3613 878 3659 rerum,
906 3595 1065 3652 etiam
1107 3592 1389 3648 verborum
1435 3589 1566 3644 ordo
1614 3589 1936 3644 contexitur.

349 3693 488 3748 Nam
515 3693 686 3762 ipsum
717 3688 996 3744 Dominum
1024 3694 1180 3755 caput
1209 3682 1461 3739 Ecclesia:
1483 3690 1626 3736 recte
1649 3680 1938 3751 accipimus

347 3783 737 3841 circumdatum
769 3795 798 3833 a
826 3775 1272 3850 persecutoribus,
1298 3774 1434 3829 sicut
1460 3771 1790 3828 circumdant
1810 3786 1939 3840 apes

348 3878 554 3933 favum.
573 3873 708 3942 Quid
735 3871 877 3927 enim
904 3870 970 3924 ab
993 3866 1355 3940 ignorantibus
1384 3874 1587 3935 gestum
1610 3863 1698 3928 sit,
1716 3860 1937 3932 mystica

347 3970 643 4027 subtilitate
672 3965 901 4036 Spiritus
928 3968 1146 4016 sanctus
1174 3959 1429 4028 loquitur.
1462 3954 1561 4010 Mel
1589 3953 1783 4024 quippe
1812 3965 1938 4020 apes

347 4068 641 4135 operantur
685 4058 736 4112 in
789 4054 922 4110 favis
955 4071 968 4108 :
999 4051 1298 4107 nescientes
1348 4058 1523 4101 autem
1567 4051 1939 4114 persecutores

347 4133 584 4218 Domini,
614 4152 855 4207 fecerunt
880 4161 998 4202 eum
1026 4143 1179 4199 nobis
1203 4141 1314 4210 ipsa
1344 4138 1591 4208 passione
1617 4133 1934 4196 dulciorem;

347 4263 409 4305 ut
443 4257 716 4320 gustemus
761 4251 811 4298 et
841 4240 1114 4296 videamus
1149 4248 1305 4306 quam
1351 4230 1529 4286 suavis
1569 4235 1651 4282 est
1687 4225 1939 4280 Dominus

351 4317 530 4410 (Psal.
558 4350 742 4400 χχχιιι,
769 4334 849 4403 9),
875 4330 962 4401 qui
995 4335 1236 4384 mortuus
1259 4331 1340 4379 est
1368 4328 1584 4391 propter
1609 4317 1796 4372 delicta
1831 4329 1933 4369 uo-

347 4441 464 4486 stra
489 4471 503 4494 ,
539 4437 596 4484 et
639 4423 932 4481 resurrexit
977 4426 1193 4490 prepter
1233 4412 1663 4494 justiticationem
1703 4417 1938 4462 nostram

349 4492 531 4588 (Rom.
559 4526 632 4574 tv,
656 4508 770 4578 25).
796 4501 914 4562 iam
939 4517 1068 4558 vero
1097 4498 1238 4570 quod
1265 4495 1526 4567 sequitur,
1556 4492 1619 4548 Et
1639 4497 1934 4546 exarserunt

349 4582 488 4661 velut
510 4602 638 4672 ignis
667 4602 718 4654 in
746 4598 904 4666 spinis
930 4611 949 4648 :
976 4594 1027 4648 in
1055 4593 1168 4662 ejus
1194 4603 1417 4658 corpore
1437 4627 1451 4653 ,
1485 4585 1585 4640 hoc
1612 4593 1692 4638 est
1711 4625 1725 4647 ,
1756 4582 1810 4636 in
1843 4597 1939 4651 po-

348 4695 482 4767 pulo
509 4692 699 4762 ubique
723 4688 917 4744 dill'uso
942 4683 1131 4738 melius
1158 4678 1490 4747 intelligitur;
1523 4688 1680 4744 quem
1708 4673 1940 4727 circum-

350 4763 614 4841 dederunt
640 4795 825 4836 omnes
848 4785 1054 4848 gentes,
1085 4786 1204 4826 cum
1230 4770 1298 4824 sit
1325 4767 1581 4822 collectus
1605 4763 1672 4818 de
1693 4763 1942 4817 omnibus

349 4876 622 4948 gentibus.
653 4871 961 4926 Exarsernnt
982 4865 1174 4935 quippe
1197 4861 1328 4915 velut
1347 4858 1475 4928 ignis
1497 4856 1547 4909 in
1573 4855 1751 4924 spinis,
1774 4868 1942 4923 quatt-

353 4943 428 5024 do
476 4965 820 5038 peccatricem
863 4971 1079 5014 carnem
1128 4963 1287 5022 atque
1337 4946 1493 5017 hujus
1540 4943 1777 4999 mortalis
1823 4943 1942 4996 vine

354 5034 759 5115 molestissimas
797 5046 1238 5118 compunctiones
1269 5083 1284 5106 ,
1318 5034 1704 5109 persecutionis
1758 5034 1942 5088 incen-

353 5151 449 5206 dio
481 5151 873 5206 cremaverunt.
909 5137 974 5193 Et
1001 5138 1053 5190 in
1081 5132 1280 5188 nomine
1305 5171 1320 5195 ,
1351 5127 1541 5196 inquit,
1574 5123 1778 5178 Domini
1808 5123 1943 5176 ultus

354 5258 466 5298 sum
496 5256 577 5295 eos
606 5253 624 5292 :
655 5237 767 5292 sive
791 5233 914 5304 quia
943 5238 998 5284 et
1022 5226 1120 5298 ipsi
1146 5266 1160 5290 ,
1191 5221 1387 5278 malitia
1415 5233 1533 5288 qua:
1570 5217 1622 5269 in
1668 5216 1746 5269 eis
1772 5215 1944 5284 justos

357 5328 778 5404 persequebatur
815 5303 1096 5378 exstincta
1123 5357 1138 5380 ,
1199 5311 1488 5369 christiano
1523 5307 1716 5377 populo
1759 5303 1945 5359 sociati

357 5396 515 5491 sunt;
538 5396 652 5478 sive
679 5419 799 5490 quia
827 5413 1006 5472 caeteri
1043 5424 1226 5467 eormn
1255 5404 1341 5476 qui
1372 5404 1806 5470 contempserunt
1845 5396 1946 5450 hoc

359 5485 604 5587 tempore
633 5485 870 5567 vocantis
895 5497 1334 5561 misericordiam,
1361 5491 1636 5547 veritatem
1658 5485 1946 5559 jud:cautis

360 5609 415 5666 in
438 5608 543 5662 line
571 5599 780 5658 sensuri
812 5604 955 5653 sunt.

423 5747 440 5778 ³
470 5740 626 5791 Nostri
643 5746 815 5787 omnes
834 5739 957 5789 Mss,
979 5722 1194 5779 senserit.
1219 5721 1588 5791 Αιιιηκδεηεενᾳι.
1613 5707 1939 5791 ξειξςιῃακιιιιι-

361 5772 447 5858 res
643 5772 1079 5860 ‘iié'iiluii'aéiiéié
1174 5790 1220 5857 et
1243 5772 1433 5860 quidam
1454 5813 1467 5835 ,
1491 5772 1776 5860 “deﬁgit-ibus

362 5842 928 5916 ifia'."ivb§tr“e'uio“mf
974 5857 1025 5900 et
1070 5842 1290 5911 [lerique
1334 5851 1436 5892 uss.
1488 5842 1741 5896 omittunt,
1784 5842 1946 5883 susce-

361 5936 445 5994 pta
467 5963 482 5993 ,
518 5931 614 5976 etc.

1428 453 1819 510 ENARRA'I‘IO
1856 452 1920 508 IN
1960 452 2276 511 PSALMUM
2315 458 2496 513 CXVI.

3493 469 3628 527 H98

2122 571 2174 626 8.
2203 569 2350 642 [vers.
2381 571 2491 645 15.]
2517 573 2774 645 Tanquam
2791 579 3020 632 cumulus
3041 595 3208 635 arena?
3234 583 3484 653 impulsus
3507 598 3624 639 sum

2051 671 2105 714 ut
2123 663 2369 730 caderem,
2384 675 2430 718 et
2446 664 2693 721 Dominus
2712 671 2928 737 suscepit
2948 687 3042 723 me.
3063 671 3314 737 Quamvis
3329 676 3468 728 enint
3486 685 3632 732 esset

2044 748 2154 820 jam
2187 767 2371 821 magna
2403 755 2680 810 multitudo
2705 759 3063 824 credentium,
3086 764 3234 831 quasi
3264 780 3438 820 arena:
3470 768 3628 821 innu-

2050 844 2288 898 merabili
2309 847 2680 916 comparanda,
2704 859 2758 903 et
2783 851 2832 904 in
2863 867 3017 904 unam
3047 854 3352 909 societatem
3378 868 3626 927 tanquam

2050 932 2102 986 in
2129 935 2398 989 cumulum
2425 937 2579 992 ducta
2604 953 2619 1002 ;
2654 948 2826 994 tamen
2853 942 2978 1010 quid
3010 951 3092 998 est
3122 943 3280 1000 homo
3307 987 3322 1012 ,
3353 948 3451 1002 nisi
3483 950 3624 1018 quod

2050 1039 2257 1081 memor
2270 1041 2327 1081 es
2350 1026 2465 1096 ejus
2493 1027 2659 1101 (Psal.
2687 1046 2798 1096 vni,
2823 1031 2874 1102 5)
2891 1033 2913 1085 ?
2932 1031 3046 1087 Non
3068 1033 3217 1100 dixit,
3241 1037 3627 1094 Abundantium

2051 1120 2256 1174 numeri
2288 1121 2390 1174 mei
2422 1161 2437 1186 ,
2465 1137 2716 1177 numerus
2743 1125 2978 1193 gentium
3009 1140 3261 1194 superare
3289 1142 3395 1182 non
3423 1130 3624 1195 valuit;

2049 1210 2166 1276 sed,
2195 1209 2464 1279 Dominus,
2494 1215 2694 1284 inquit,
2721 1217 2936 1284 suscepit
2960 1235 3054 1271 me.
3087 1218 3468 1275 Multitudinem
3495 1238 3624 1293 ergo

2051 1299 2282 1356 ﬁdelium
2320 1303 2370 1357 in
2405 1304 2603 1360 unitate
2633 1305 2752 1361 ﬁdei
2793 1307 2944 1360 simul
2979 1308 3300 1364 habitantem
3330 1313 3626 1378 persecutio

2047 1395 2282 1464 gentium
2310 1411 2414 1466 quo
2443 1397 2771 1465 impelleret,
2802 1409 2860 1453 ut
2896 1399 3181 1468 dcjiceret,
3213 1417 3318 1456 non
3351 1403 3580 1460 habebat
3609 1424 3622 1460 :

2049 1486 2259 1554 quando
2280 1487 2331 1540 in
2361 1503 2480 1542 eum
2512 1488 2769 1543 creditum
2800 1499 2899 1552 est,
2924 1490 3012 1559 qui
3036 1500 3088 1545 et
3107 1491 3342 1562 singulos
3364 1501 3416 1548 et
3441 1509 3628 1553 omnes

2048 1587 2102 1632 et
2133 1577 2323 1648 ubique
2357 1577 2650 1648 susciperet
2675 1595 2690 1644 ;
2711 1579 2834 1650 quia
2869 1579 2946 1634 eis
2971 1581 3337 1637 invocantibus
3363 1599 3628 1655 nusquam

2047 1668 2236 1724 deesse
2267 1670 2541 1738 potuisset.

2119 1758 2170 1814 9.
2203 1755 2490 1831 [vers.14.]
2519 1759 2785 1816 Fortitudo
2825 1778 2934 1815 utea
2972 1772 3019 1816 et
3044 1763 3269 1817 laudatio
3314 1781 3423 1818 mea
3447 1764 3602 1820 Domi

2048 1867 2179 1916 nus;
2208 1859 2254 1905 et
2281 1855 2447 1922 [actus
2492 1861 2565 1906 est
2594 1853 2717 1906 milii
2755 1853 2806 1907 in
2844 1853 3079 1909 salutem.
3110 1855 3208 1921 Qui
3240 1871 3366 1926 ergo
3395 1856 3588 1912 cadunt
3607 1897 3624 1922 ,

2047 1957 2165 1997 cum
2197 1943 2536 2013 impelluntur
2560 1985 2575 2010 ,
2611 1945 2708 2000 nisi
2751 1947 2840 2015 qui
2869 1961 2962 1999 sua
2998 1947 3098 2002 sibi
3143 1947 3392 2002 fortitudo
3414 1989 3430 2016 ,
3454 1958 3506 2004 et
3531 1967 3626 2004 sua

2045 2033 2146 2088 sibi
2179 2033 2362 2088 volunt
2386 2049 2506 2090 esse
2532 2036 2796 2091 laudatio?
2824 2036 3011 2092 Nullus
3040 2039 3232 2108 quippe
3254 2039 3304 2092 in
3335 2042 3627 2097 certamine

2045 2126 2186 2180 cadit
2207 2169 2223 2189 .
2254 2127 2352 2181 nisi
2380 2128 2531 2197 cujus
2562 2129 2814 2184 fortitudo
2839 2140 2894 2185 et
2932 2132 3164 2186 laudatio
3190 2134 3348 2188 cadit.
3381 2135 3627 2205 Quapro-

2045 2228 2163 2288 pter
2190 2219 2339 2288 cujus
2369 2219 2620 2274 fortitudo
2641 2230 2694 2276 et
2722 2221 2951 2276 laudatio
2979 2233 3059 2277 est
3089 2224 3362 2288 Dominus,
3391 2234 3495 2278 tant
3517 2243 3622 2280 non

2044 2310 2184 2365 cadit
2211 2327 2368 2380 quam
2400 2327 2504 2366 non
2535 2312 2673 2367 cadit
2700 2313 2972 2370 Dominus.
3007 2314 3072 2368 Et
3097 2315 3214 2369 ideo
3244 2315 3322 2370 eis
3348 2315 3517 2370 factus
3541 2327 3624 2372 est

2046 2403 2096 2457 in
2143 2403 2368 2458 salutem
2397 2421 2411 2466 ;
2439 2419 2542 2458 non
2592 2404 2712 2474 quia
2757 2405 2870 2473 ipse
2924 2406 3117 2476 aliquid
3161 2405 3327 2460 factus
3363 2417 3443 2462 est
3484 2409 3624 2477 quod

2044 2504 2166 2550 ante
2192 2511 2296 2550 non
2328 2505 2476 2558 erat,
2509 2496 2601 2550 sed
2628 2496 2748 2566 quia
2790 2497 2887 2566 ipsi
2927 2512 3044 2552 cmn
3076 2498 3127 2550 in
3155 2513 3274 2552 eum
3302 2499 3618 2563 crederent,

2042 2587 2184 2655 quod
2215 2602 2318 2641 non
2347 2595 2499 2641 erant
2526 2586 2647 2641 facti
2683 2598 2805 2641 sunt
2825 2629 2838 2651 ,
2866 2597 2918 2642 et
2939 2588 3048 2656 jam
3081 2589 3192 2656 ipse
3219 2605 3324 2643 non
3363 2590 3460 2643 sihi
3488 2632 3502 2654 ,
3526 2590 3621 2644 sed

2043 2677 2166 2743 illis,
2193 2677 2330 2748 quod
2358 2679 2557 2733 aversis
2579 2693 2608 2731 a
2629 2694 2687 2733 se
2713 2695 2818 2733 non
2845 2689 2976 2744 erat,
3004 2680 3147 2734 salus
3169 2681 3324 2749 coepit
3353 2695 3471 2736 esse
3491 2696 3623 2736 con-

2043 2783 2228 2822 νειειε.

2115 2861 2200 2915 10.
2226 2859 2392 2933 [vers.
2419 2860 2543 2933 15.]
2579 2861 2687 2916 ι’οω
2715 2861 2904 2915 (milite
2924 2871 2972 2914 et
2998 2861 3178 2914 salutis
3202 2861 3253 2914 in
3290 2861 3624 2915 tabernaculis

2034 2954 2294 3025 justorum
2323 2970 2342 3008 :
2370 2954 2456 3008 ubi
2480 2969 2662 3010 vocem
2688 2954 2932 3008 maeroris
2961 2965 3014 3007 et
3033 2953 3178 3008 exitii
3203 2953 3452 3022 putabant
3479 2967 3618 3016 esse,

2042 3044 2130 3114 qui
2158 3044 2209 3098 in
2237 3058 2417 3098 eorum
2441 3059 2662 3114 corpora
2685 3043 2990 3098 saeviebant.
3017 3043 3132 3099 Non
3159 3044 3298 3098 enim
3323 3044 3624 3098 sentiebant

2041 3136 2294 3190 interiora
2337 3135 2523 3204 gaudia
2563 3145 2862 3189 sanctorum
2897 3134 2964 3188 de
3006 3150 3101 3204 spe
3150 3134 3338 3187 futura.
3376 3130 3525 3189 Unde
3570 3143 3624 3189 et

2041 3234 2096 3282 et
2140 3226 2421 3295 Apostolus
2446 3224 2604 3287 dicit,
2631 3226 2787 3288 Quasi
2830 3225 2992 3278 tristes
3015 3265 3029 3288 ,
3053 3240 3248 3291 semper
3274 3237 3440 3278 autem
3493 3241 3622 3294 gau-

2042 3320 2210 3373 dentes
2236 3317 2298 3388 (ll
2339 3316 2455 3372 Cor.
2487 3333 2558 3381 γι,
2591 3317 2700 3388 10);
2729 3325 2780 3370 et
2828 3316 3014 3370 iterum
3035 3356 3050 3381 ,
3086 3313 3206 3368 Non
3241 3315 3403 3368 solum
3428 3326 3620 3380 autent,

2040 3409 2128 3464 scd
2157 3410 2305 3464 etiam
2334 3409 2608 3480 gloriantur
2636 3448 2650 3472 ,
2675 3407 2880 3477 inquit,
2910 3407 2964 3459 in
3006 3406 3413 3460 tribulationibus
3444 3404 3620 3477 (Rom.

2042 3517 2096 3568 v,
2129 3502 2208 3570 5).

2115 3593 2201 3646 11.
2233 3590 2379 3664 [vers.
2416 3589 2526 3662 ιιι]
2558 3588 2776 3643 Dextera
2797 3587 3007 3642 Domini
3033 3590 3147 3659 fecit
3176 3589 3426 3642 virtutem.
3453 3588 3622 3656 Quam

2040 3685 2289 3738 virtutem
2320 3683 2481 3738 dicit?
2510 3681 2730 3735 Dextera
2750 3722 2766 3746 ,
2793 3681 2959 3750 inquit
2980 3722 2992 3740 .
3017 3679 3222 3732 Domini
3259 3681 3492 3733 exultauit
3519 3696 3619 3734 me.

2042 3775 2226 3846 Magna
2255 3775 2423 3829 virtus
2448 3773 2682 3828 exaltare
2713 3771 2989 3833 humilem,
3026 3770 3274 3824 deiﬁcare
3302 3767 3580 3823 mortalem
3604 3807 3620 3834 ,

2041 3869 2280 3938 praebere
2323 3866 2390 3920 de
2429 3865 2731 3919 inﬁrmitate
2759 3861 3131 3932 perfectionem
3157 3901 3171 3926 ,
3206 3860 3271 3914 de
3293 3859 3624 3928 subjectione

2040 3961 2284 4032 gloriam,
2335 3958 2402 4013 de
2450 3957 2696 4027 passione
2741 3955 3050 4019 victoriam,
3081 3953 3208 4007 dare
3259 3954 3508 4008 auxilium
3555 3953 3622 4009 de

2044 4053 2418 4115 tribulatione;
2444 4056 2500 4102 ut
2538 4046 2746 4101 afﬂictis
2783 4060 2907 4101 vera
2949 4045 3090 4099 salus
3141 4044 3230 4097 Dei
3279 4053 3572 4113 putesceret
3603 4085 3619 4108 ,

2041 4144 2392 4214 afﬂigentihus
2441 4151 2614 4195 autem
2661 4153 2789 4192 vana
2839 4139 2980 4193 salus
3025 4136 3252 4191 hominis
3300 4147 3619 4191 remaneret.

2041 4237 2224 4306 Magna
2273 4234 2418 4298 ha'c;
2460 4230 2554 4286 sed
2607 4228 2730 4299 quid
2779 4227 3172 4283 miraris?audi
3219 4226 3341 4297 quid
3397 4235 3620 4296 repetat.

2040 4327 2155 4397 Non
2186 4325 2343 4378 homo
2367 4338 2426 4377 se
2461 4319 2710 4376 exaltavit
2739 4360 2754 4384 ,
2782 4334 2887 4373 non
2933 4319 3092 4372 homo
3127 4331 3185 4372 se
3225 4318 3444 4387 perfecit
3472 4358 3486 4380 ,
3517 4333 3622 4372 non

2043 4420 2142 4475 sibi
2197 4418 2358 4471 homo
2405 4413 2627 4485 gloriam
2682 4411 2826 4466 dedit
2857 4452 2871 4473 ,
2921 4426 3028 4464 nou
3082 4410 3240 4462 homo
3294 4409 3464 4474 vicit,
3515 4425 3620 4464 non

2044 4512 2206 4567 homo
2250 4508 2350 4563 sibi
2399 4506 2557 4561 saluti
2602 4503 2698 4557 luit
2733 4503 2748 4533 ί
2800 4519 2813 4556 :
2854 4500 3075 4556 Dextera
3125 4498 3329 4554 Domini
3375 4499 3488 4569 fecit
3528 4501 3633 4554 vir-'

2044 4614 2216 4659 tatem.

2118 4697 2203 4751 19..
2236 4691 2385 4768 [vers.
2425 4689 2532 4764 l7.]
2562 4687 2681 4743 Non
2719 4686 2906 4741 moriar
2929 4727 2944 4752 ,
2968 4684 3054 4738 sed
3077 4685 3236 4738 vivam
3259 4723 3274 4748 ,
3305 4693 3351 4736 et
3381 4682 3624 4735 enarrabo

2045 4804 2198 4859 Opera
2227 4785 2448 4840 Domini.
2475 4785 2542 4836 At
2571 4781 2644 4836 illi
2670 4788 2898 4849 stragem
2927 4775 3167 4830 funerum
3204 4774 3396 4842 ubique
3423 4772 3624 4826 facien-

2046 4887 2156 4944 tes,
2179 4876 2473 4932 Ecclesiam
2503 4871 2698 4926 Christi
2732 4869 2864 4923 mori
2893 4866 3304 4921 arbitrabantur.
3326 4863 3463 4917 Ecce
3485 4877 3624 4916 nunc

2047 4977 2260 5026 enarrat
2305 4981 2464 5037 opera
2518 4963 2748 5018 Domini.
2803 4959 3005 5029 Ubique
3057 4955 3299 5010 Christus
3346 4953 3622 5008 beatorum

2049 5070 2336 5132 martyrum
2380 5055 2542 5128 gloria
2584 5061 2685 5110 est.
2719 5051 2855 5106 Vicit
2883 5045 3177 5116 vapulando
3224 5043 3502 5109 ferientes;
3531 5059 3624 5114 pa-

2050 5154 2249 5216 tiendo,
2278 5151 2612 5221 impatientes
2636 5148 2678 5210 ’;
2708 5140 2992 5212 diligendo,
3023 5138 3325 5191 saevientes.

2123 5248 2191 5302 1'5
2241 5243 2390 5316 [vers.
2438 5237 2550 5310 18.]
2580 5237 2778 5291 Tamen
2822 5247 2918 5287 cur
2967 5238 3108 5284 tanta
3153 5227 3361 5298 indigna
3410 5228 3627 5298 pertulit

2049 5355 2243 5410 corpus
2288 5333 2516 5394 Christi,
2536 5336 2715 5383 sancta
2749 5323 2982 5380 Ecclesia
3011 5364 3023 5385 ,
3056 5321 3280 5392 populus
3311 5321 3362 5374 in
3391 5319 3628 5390 adoptio.

2051 5449 2194 5497 nem;
2227 5428 2424 5485 indicet
2452 5423 2621 5478 nobis.
2649 5417 2937 5474 Emendans
2959 5457 2972 5481 ,
3002 5415 3201 5485 inquit,
3232 5413 3510 5466 emendavit
3553 5428 3628 5464 me

2119 5582 2131 5613 ¹
2165 5586 2260 5627 Am.
2289 5582 2361 5623 Fr.
2383 5608 2396 5631 ,
2420 5569 2505 5621 sed
2529 5565 2645 5631 quid
2685 5563 2877 5631 miraris
2896 5597 2910 5622 ,
2943 5562 3002 5631 si.
3019 5559 3204 5630 aliquid
3242 5552 3629 5631 Id]?€it!fl_?£jﬂ_tii

2055 5614 2396 5704 amitam?
2416 5614 2744 5704 iii?th
2768 5626 2864 5704 εςετ,
2886 5614 3219 5704 canceris
3239 5614 3332 5704 is}
3345 5614 3629 5704 f.‘.£‘.t"’f.‘.‘.1‘f‘

2197 5676 2765 5766 siliginissaginati,
2779 5676 2886 5737 etc.
2905 5676 3087 5766 uegius
3110 5691 3210 5766 ats.:

2054 5738 2444 5820 iiiiéi'iitiiiii'd
2545 5738 2795 5815 impetat:
2820 5762 2910 5800 non
2949 5738 3084 5797 homo
3102 5743 3234 5803 ricit,
3264 5754 3352 5790 non
3377 5738 3514 5789 homo
3543 5738 3631 5792 sibi

2055 5822 2198 5878 saluti
2220 5821 2328 5884 fuit.
2361 5824 2585 5884 Dextera,
2614 5822 2707 5864 etc.
3521 5829 3524 5832 η

2120 5889 2143 5919 ³
2165 5879 2290 5944 usis,
2314 5879 2556 5946 facientes.
