4188 6454
616 382 749 434 1499

613 492 878 557 Dominus,
904 505 950 548 et
973 498 1124 549 morti
1153 513 1250 549 non
1277 497 1481 550 tradidit
1501 515 1596 551 me.
1620 497 1733 552 Non
1753 515 1880 570 ergo
1905 500 2192 571 quidquam

610 589 811 642 viribus
853 589 963 641 suis
999 588 1209 642 licuisse
1249 589 1538 644 arbitretur
1585 590 1826 645 fremitus
1863 592 2145 662 impiorum
2183 611 2196 648 :

609 694 713 731 non
744 677 966 733 haberet
1009 678 1162 733 istam
1211 689 1562 748 potestatem,
1596 683 1694 736 nisi
1739 684 1838 738 sibi
1885 684 2008 739 data
2056 693 2200 739 esset

609 771 856 839 desuper.
894 771 1047 840 Smpe
1095 773 1230 826 filios
1275 774 1652 843 paterfamilias
1701 793 1793 845 per
1842 778 2198 846 nequissimos

611 875 794 916 servos
823 863 1097 916 emendari
1137 862 1320 932 jubet;
1353 881 1472 918 eum
1517 868 1621 921 illis
1660 867 2024 923 lurreditatem
2053 913 2066 934 ,
2096 870 2198 924 illis

607 954 895 1021 Compedes
941 965 1218 1024 prmparet.
1263 958 1392 1026 Quae
1436 969 1514 1013 est
1573 961 1671 1014 ista
1722 962 2041 1016 Inrredilas?
2069 963 2195 1017 Auri

607 1052 708 1109 est,
739 1059 804 1097 an
835 1047 1060 1114 argenti,
1089 1062 1154 1099 an
1184 1063 1538 1116 gemmarum,
1567 1059 1658 1104 aut
1689 1050 1991 1116 fundorum,
2025 1068 2195 1106 anue-

606 1150 906 1204 noruntque
935 1137 1255 1206 praediorum
1277 1139 1300 1192 ?
1323 1138 1452 1194 Vide
1474 1156 1575 1210 qua
1598 1142 1843 1209 intretur,
1865 1151 1917 1196 et
1935 1158 2196 1214 cognosce

605 1230 729 1299 quid
753 1232 842 1284 sit.

679 1323 763 1376 Μ.
791 1322 940 1394 [vers.
975 1322 1086 1396 19.]
1115 1325 1316 1395 Aperite
1340 1367 1354 1390 ,
1381 1326 1588 1396 inquit,
1618 1327 1740 1380 mihi
1774 1338 1942 1396 portas
1955 1330 2192 1398 justitiar.

606 1414 745 1468 Ecce
765 1416 1066 1470 audivimus
1091 1427 1289 1486 portas.
1323 1418 1460 1483 Quid
1492 1428 1572 1471 est
1600 1419 1773 1474 intus?
1800 1419 2093 1490 Ingressus,
2117 1422 2197 1474 in-

604 1505 728 1572 quid
755 1545 770 1570 ,
799 1507 850 1558 in
879 1507 948 1560 eis
975 1507 988 1536 ¹
1013 1506 1286 1575 conﬁtebor
1314 1506 1556 1561 Domino.
1592 1509 1681 1562 Illa
1721 1511 1985 1563 confessio
2025 1511 2196 1566 laudis

603 1604 687 1648 est
714 1596 1026 1650 admirabilis
1048 1614 1201 1670 usque
1226 1599 1292 1650 ad
1317 1599 1520 1652 domum
1545 1598 1643 1652 Dei
1666 1642 1679 1664 ,
1710 1600 1760 1652 in
1793 1617 1909 1654 voce
1929 1602 2195 1655 exultatio-

603 1686 683 1739 nis
715 1696 760 1740 et
801 1689 1131 1758 confessionis
1162 1731 1174 1753 ,
1211 1690 1322 1743 soni
1351 1690 1668 1760 festivitatem
1694 1691 1842 1745 celebi
1857 1693 1988 1745 antis
2019 1691 2191 1760 (Psal.

606 1792 694 1831 xu
720 1819 734 1842 ,
761 1776 859 1848 5):
896 1778 1011 1834 lucc
1055 1789 1134 1834 cst
1185 1790 1384 1834 atterua
1439 1782 1714 1859 beatitudo
1756 1785 2019 1852 justorum
2045 1826 2061 1850 ,
2091 1802 2190 1856 qua

601 1869 742 1922 beati
765 1880 889 1924 sunt
918 1871 1004 1939 qui
1043 1870 1337 1926 inhabitant
1361 1873 1410 1926 in
1434 1872 1594 1926 domo
1620 1875 1709 1928 Dei
1738 1918 1750 1936 ,
1783 1877 1832 1928 in
1874 1877 2064 1930 saecula
2092 1895 2195 1931 suc-

600 1959 842 2014 culorum
874 1961 1150 2016 laudantes
1177 1978 1296 2017 eum
1333 1963 1504 2034 (Psal.
1541 1982 1756 2030 Lxxxut,
1794 1967 1869 2038 5).

677 2051 764 2105 15.
791 2050 940 2123 [υιννδ.
972 2051 1088 2124 20.]
1110 2053 1214 2107 Sed
1262 2055 1383 2108 vide
1407 2057 1854 2124 quemadmodqu
1885 2059 2110 2114 intretur
2139 2061 2188 2116 in

602 2150 781 2207 portas
805 2141 1043 2210 jllstitize.
1085 2141 1182 2196 Ila!
1205 2153 1363 2212 porttt
1391 2143 1628 2209 Domini,
1655 2148 1822 2218 inquit
1846 2190 1859 2212 ,
1885 2152 2005 2213 iusti
2033 2153 2193 2205 intra-

601 2231 722 2283 bunt
743 2232 793 2284 in
821 2249 925 2286 eas.
956 2233 1059 2287 llas
1086 2234 1274 2289 Saltem
1310 2251 1465 2290 nemo
1495 2237 1650 2292 intret
1684 2240 1932 2310 iujustus,
1969 2244 2016 2296 in
2047 2244 2189 2300 illam

600 2320 896 2378 Jerusalem
927 2341 1042 2394 quae
1085 2341 1187 2380 non
1220 2329 1412 2399 recipit
1449 2331 1912 2400 incircumcisum,
1943 2337 2026 2389 ubi
2058 2338 2192 2391 diei-

600 2424 684 2468 tur
707 2457 720 2479 ,
752 2415 912 2471 Canes
933 2419 1059 2488 faris
1088 2421 1103 2488 (
1132 2420 1289 2488 Apoc.
1327 2438 1430 2476 xxii
1457 2465 1471 2487 ,
1506 2424 1623 2493 15).
1658 2425 1795 2479 Satis
1833 2430 1901 2480 sit
1948 2430 2086 2497 tpiod
2137 2449 2184 2485 in

598 2505 883 2578 longinqua
909 2512 1334 2581 peregrinatione
1367 2531 1481 2568 mea
1514 2517 1787 2571 inhabitari
1818 2536 1931 2572 cum
1955 2525 2189 2576 tabcrnm

594 2597 722 2650 culis
753 2599 916 2652 (Iedar
937 2643 952 2665 ,
981 2611 1028 2653 et
1053 2618 1167 2654 cum
1199 2603 1276 2657 liis
1302 2608 1384 2673 qui
1408 2606 1621 2660 oderunt
1643 2627 1815 2677 pacem
1841 2627 1979 2664 cram
2008 2615 2186 2683 pari/i-

592 2705 680 2743 ens
709 2689 877 2760 (l’sal.
909 2708 1031 2746 επις
1061 2735 1076 2759 ,
1109 2695 1164 2763 5)
1194 2712 1205 2747 :
1239 2697 1426 2765 pertuli
1476 2713 1643 2768 usque
1673 2702 1720 2753 in
1758 2705 1915 2756 linem
1949 2709 2185 2772 permix-

595 2781 791 2834 tioneiu
826 2783 1106 2850 malorum,
1129 2785 1221 2841 sed
1250 2788 1328 2841 Ita:
1351 2799 1507 2856 por-tte
1536 2789 1769 2858 Domini;
1783 2795 1913 2863 jttSfi
1929 2796 2184 2850 intrabunt

591 2872 644 2924 in
673 2888 776 2924 eas.

671 2965 752 3019 16.
789 2965 799 3038 Ι
830 2981 955 3020 vers.
1001 2967 1090 3022 21.
1123 2968 1141 3040 ]
1171 2968 1487 3038 Con/itrbor,
1523 2973 1632 3038 tibi,
1680 2973 1913 3042 Domine,
1946 2981 2184 3046 quoniam

592 3055 842 3108 exaudiin
872 3074 977 3122 me,
1004 3069 1049 3110 et
1077 3063 1241 3128 factus
1270 3077 1320 3113 es
1351 3061 1470 3114 mihi
1494 3064 1544 3115 in
1575 3065 1806 3117 salutent.
1841 3067 2006 3134 Quam
2041 3084 2182 3138 smpe

589 3147 893 3203 ostenditur
940 3150 1112 3206 laudis
1150 3168 1268 3206 esse
1316 3153 1415 3206 ista
1461 3155 1770 3221 confessio,
1805 3174 1908 3212 non
1961 3161 2179 3216 vulnera

591 3238 798 3294 medico
841 3243 1128 3297 ostendens
1154 3286 1168 3309 ,
1199 3244 1290 3298 sed
1334 3245 1399 3299 de.
1430 3258 1677 3316 percepta
1711 3253 1939 3306 sanitate
1986 3255 2182 3324 gratias

587 3344 772 3397 agens.
808 3331 921 3400 lpse
951 3344 1124 3388 autem
1154 3337 1392 3392 medicus
1413 3338 1555 3392 salus
1576 3350 1676 3394 est.

662 3421 747 3473 17.
782 3421 930 3493 [rem
963 3423 1078 3496 ‘22.]
1107 3429 1174 3479 At
1201 3427 1358 3482 istum
1398 3446 1553 3498 quem
1585 3432 1845 3488 dicimus?
1879 3454 1894 3485 ι
1928 3436 2176 3506 Lapidem

587 3527 744 3580 quem
779 3515 1195 3583 reprobavcrunt
1227 3521 1554 3576 aulilicantes
1589 3541 1603 3576 :
1645 3544 1662 3576 ι
1698 3542 1816 3578 nam
1847 3547 1863 3576 ι
1903 3530 1986 3583 hic
2010 3529 2179 3585 factus

585 3615 668 3656 est
709 3605 759 3658 in
800 3615 958 3675 caput
984 3610 1180 3678 anguli;
1209 3620 1262 3662 ut
1293 3610 1428 3665 duos
1455 3613 1708 3669 conderet
1734 3617 1784 3670 iu
1819 3635 1875 3671 se
1895 3661 1908 3684 ,
1936 3619 1984 3671 in
2015 3635 2175 3675 unum

585 3714 778 3752 ntivniu
805 3699 1092 3764 hominem,
1119 3701 1315 3758 faciens
1341 3720 1544 3774 pacem,
1568 3717 1620 3762 et
1644 3721 1985 3765 connecteret
2007 3722 2178 3768 utros-

582 3806 688 3859 que
719 3791 768 3844 in
802 3806 906 3846 uno
932 3807 1157 3862 Corpore
1189 3794 1296 3850 Deo
1323 3795 1537 3866 (lfplies.
1569 3814 1604 3853 ιι
1634 3839 1649 3864 ,
1675 3800 1742 3854 15
1764 3841 1780 3868 ,
1808 3803 1916 3872 ib),
1949 3806 2176 3860 circum-

582 3880 842 3936 cisionem
871 3883 1072 3937 scilicet
1101 3893 1155 3938 et
1187 3889 1522 3956 prmpntium.

653 3973 737 4027 18.
766 3972 779 4045 [
803 3990 928 4028 vers.
960 3975 1073 4047 ‘23.]
1101 3975 1143 4030 Λ
1172 3976 1391 4033 Domino
1417 3982 1584 4052 factus
1612 3992 1682 4036 est
1708 3985 1752 4038 ei
1778 3986 1796 4016 ²
1824 4003 1836 4038 :
1866 3985 1915 4040 id
1945 3996 2054 4051 est,
2083 4004 2172 4044 ca—

582 4064 677 4132 piti
705 4065 881 4136 anguli
914 4081 942 4119 a
992 4067 1218 4122 Domino
1255 4069 1426 4126 factus
1466 4083 1567 4126 est.
1599 4075 1852 4140 Quamvis
1881 4079 2021 4132 enim
2067 4080 2170 4137 hoc

580 4173 685 4210 non
715 4170 856 4212 esset
885 4159 1072 4225 lat-tus,
1107 4162 1206 4216 nisi
1236 4178 1426 4232 passus
1451 4177 1732 4227 esseunon
1758 4179 1932 4227 tamen
1970 4172 2070 4228 hoc
2099 4177 2169 4231 ab

579 4247 658 4299 eis
680 4261 708 4299 a
731 4248 921 4316 quibus
948 4267 1131 4319 paSsus
1153 4261 1256 4318 est,
1281 4253 1449 4309 factus
1475 4268 1577 4312 est.
1611 4259 1739 4314 Nam
1770 4261 1842 4314 illi
1876 4265 1962 4332 qui
1996 4266 2164 4319 aedili-

578 4339 808 4406 cabant,
855 4343 1315 4411 rtqn'olnn'eruut;
1357 4349 1450 4403 sed
1501 4351 1552 4404 iu
1608 4369 1672 4407 co
1722 4356 1861 4424 quod
1913 4358 2164 4414 Dominus

581 4431 789 4485 occulte
837 4433 1168 4501 ardilicabat,
1203 4437 1322 4493 fecit
1369 4441 1420 4493 in
1475 4453 1635 4511 caput
1679 4449 1854 4516 anguli
1896 4451 2035 4518 quod
2091 4455 2168 4509 illi

577 4523 1017 4590 reprobaverunt.
1067 4527 1134 4580 Et
1171 4540 1242 4582 est
1285 4532 1526 4588 mirabilis
1560 4537 1610 4588 in
1652 4540 1810 4594 oculis
1854 4544 2082 4598 nostris:
2116 4548 2166 4602 iu

575 4615 746 4668 oculis
799 4615 1066 4674 interioris
1119 4619 1351 4676 hominis
1382 4664 1396 4688 ,
1452 4624 1503 4678 in
1561 4628 1730 4683 oculis
1783 4632 2115 4690 credentium
2146 4680 2160 4703 ,

575 4708 906 4772 Sperantinm
931 4752 946 4776 ,
977 4710 1308 4780 diligentiam
1342 4730 1356 4780 ;
1389 4731 1494 4770 non
1546 4717 1597 4772 in
1646 4723 1816 4776 oculis
1861 4728 2166 4785 carnalibus

573 4816 759 4854 eorum
789 4804 876 4874 qui
908 4805 1057 4874 quasi
1102 4805 1372 4862 hominem
1404 4815 1800 4870 contemnendo
1844 4821 2164 4890 reprobave-

571 4901 714 4946 runt.

644 4988 730 5042 19.
763 4987 922 5061 [vers.
953 4988 1068 5064 ει]
1097 4990 1193 5045 llic
1217 5001 1288 5047 est
1314 4993 1418 5048 dies
1442 5011 1586 5064 quem
1613 4998 1729 5068 fecit
1759 4999 2027 5058 Dominus.
2053 5005 2162 5062 Me-

571 5080 722 5134 minit
753 5083 850 5135 iste
881 5083 1042 5136 homo
1079 5100 1136 5138 se
1174 5085 1372 5142 dixisse
1413 5087 1463 5142 in
1503 5091 1867 5158 superioribus
1910 5097 2153 5164 psalmis,

574 5170 823 5234 Quoniam
851 5175 1104 5229 inclinarit
1135 5194 1307 5232 narrem
1344 5197 1487 5234 suam
1517 5182 1660 5250 mihi,
1691 5195 1735 5237 et
1766 5185 1814 5238 in
1845 5186 2015 5243 diebus
2041 5192 2162 5246 meis

571 5265 793 5316 moocavi
819 5265 988 5335 (Psal.
1018 5285 1164 5335 cxiv,
1190 5271 1281 5343 ‘2);
1314 5273 1430 5328 dies
1459 5290 1585 5330 suos
1614 5291 2039 5336 commemorans
2065 5300 2159 5339 ve-

571 5369 710 5410 teres
735 5375 748 5410 :
775 5345 913 5411 unde
941 5361 1098 5414 modo
1125 5363 1272 5428 dicit,
1307 5363 1403 5419 llic
1429 5377 1501 5419 est
1530 5367 1636 5422 dies
1664 5386 1808 5437 quem
1840 5372 1954 5439 fecit
1987 5373 2161 5429 Domi-

567 5467 698 5510 nus;
732 5449 780 5502 id
811 5459 924 5508 est,
958 5466 1064 5520 quo
1093 5453 1216 5506 mihi
1258 5456 1482 5511 salutem
1515 5459 1679 5514 dedit.
1717 5462 1809 5516 llic
1836 5474 1917 5518 est
1946 5464 2061 5521 dies
2092 5467 2159 5524 de

564 5557 668 5611 quo
699 5541 864 5609 dixit,
907 5540 1155 5613 Tempore
1193 5550 1489 5616 acceptabili
1523 5553 1756 5606 exaudiui
1787 5564 1865 5621 te,
1899 5565 1944 5608 et
1987 5558 2038 5612 in
2077 5560 2158 5613 die

637 5719 649 5747 ¹
676 5719 745 5765 sie
771 5725 876 5767 Mss.
900 5720 1039 5780 juxta
1061 5728 1210 5770 Crtrc.
1241 5728 1293 5770 At
1327 5725 1455 5779 1·1(1‹1.,
1485 5739 1530 5774 ιιι
1554 5739 1651 5777 cas.

631 5780 648 5807 π
673 5781 745 5825 sic
769 5782 981 5859 potiares
1006 5789 1109 5832 Mss.
1135 5791 1185 5831 Al
1221 5791 1317 5832 Am.
1344 5794 1392 5859 εςι.
1419 5793 1510 5844 Fin,
1537 5791 1714 5848 factum
1739 5798 1808 5842 est
1832 5793 1892 5843 ei.
1916 5801 2045 5854 t.ov.,
2077 5798 2151 5859 fa-

563 5844 667 5887 (lus
689 5850 757 5888 est
782 5843 822 5892 is
848 5856 862 5890 .'
883 5841 936 5893 id
955 5853 1022 5893 est
1047 5854 1185 5909 caput
1212 5847 1386 5910 (negati,
1419 5841 1512 5898 etc.

1849 385 1904 439 S.
1949 385 2309 441 AUGUSTINI
2351 386 2653 446 El’lSCUPl

3747 423 3874 479 l50l)

2307 507 2483 560 saliuis
2526 510 2702 580 adjuvi
2744 521 2791 565 te
2829 512 2979 582 (Isai.
3015 532 3154 584 χιιι,
3185 521 3274 593 8);
3308 524 3362 579 id
3399 536 3495 592 cst,
3525 531 3642 587 dies
3668 550 3766 604 quo
3791 540 3869 598 ille

2306 597 2568 652 mediator
2598 598 2767 656 factus
2796 614 2877 659 est
2917 606 2966 660 in
2998 619 3152 680 caput
3185 615 3381 686 anguli.
3415 597 3732 682 Exsultemus
3757 646 3876 704 ergo

2303 698 2348 741 et
2364 691 2708 758 jucundemur
2731 696 2783 751 in
2809 714 2886 753 eo.

2374 780 2463 836 20.
2501 781 2667 854 [vers
2703 787 2832 863 25.]
2874 790 2918 845 Ο
2949 792 3198 861 Domine,
3228 802 3420 857 sali-unt
3458 824 3533 862 me
3574 813 3688 880 fac;
3716 833 3743 870 ο
3771 817 3871 874 Do-

2304 873 2435 926 mine
2453 917 2466 939 ,
2497 875 2618 930 bene
2651 895 2893 950 prospera
2922 885 3016 940 iter
3044 905 3158 942 vero
3183 891 3222 949 ².
3254 893 3383 962 Quia
3414 897 3524 954 dies
3553 905 3740 962 salutis
3765 921 3867 979 est,

2301 965 2497 1019 salvum
2529 985 2606 1022 me
2629 971 2714 1041 fac
2740 991 2758 1028 :
2786 976 2906 1045 quia
2937 979 3003 1034 de
3035 983 3317 1056 longinqua
3349 998 3765 1063 peregrinatione
3792 1022 3874 1062 re-

2302 1069 2569 1115 vertentes
2598 1065 2924 1136 sejungimur
2952 1074 3018 1128 ab
3047 1077 3125 1131 eis
3151 1081 3239 1148 qui
3268 1081 3487 1141 oderant
3519 1103 3701 1157 pacem
3722 1137 3736 1161 ,
3764 1113 3868 1154 cuin

2301 1153 2492 1219 quibus
2521 1171 2733 1213 eramus
2777 1164 3010 1231 pacifici,
3042 1180 3095 1224 et
3120 1186 3238 1226 cum
3276 1175 3619 1246 loqueremur
3645 1187 3721 1241 eis
3743 1233 3756 1252 ,
3786 1192 3866 1247 ιιι.

2304 1241 2570 1301 bellabant
2607 1266 2705 1304 nos
2742 1257 2937 1322 gratis;
2966 1257 3088 1314 bene
3115 1280 3357 1336 prospera
3383 1270 3475 1324 iter
3503 1274 3835 1339 redeuntibus
3854 1328 3870 1354 ,

2300 1335 2419 1402 quia
2452 1347 2503 1388 ιιι
2537 1340 2688 1394 nobis
2719 1343 2885 1400 factus
2914 1364 2972 1404 es
3002 1351 3103 1404 via.

2369 1427 2456 1482 2|.
2490 1429 2638 1502 [νυνι.
2671 1435 2786 1508 26.]
2827 1437 3128 1500 Benedictus
3160 1449 3299 1503 enim
3336 1468 3422 1522 qui
3451 1467 3581 1510 eemt
3609 1459 3661 1513 in
3691 1465 3872 1522 nomine

2299 1515 2527 1575 Domini.
2557 1524 2863 1584 Maledictus
2891 1549 3016 1603 ergo
3044 1538 3130 1594 ille
3153 1543 3240 1610 qui
3269 1547 3414 1600 venit
3440 1548 3490 1601 in
3522 1554 3732 1609 nomine
3752 1574 3866 1623 suo;

2299 1611 2436 1665 sicut
2465 1613 2514 1666 in
2547 1614 2834 1688 Evangelio
2872 1622 2998 1680 dicit
3031 1645 3043 1680 :
3079 1627 3190 1700 Ego
3228 1636 3339 1688 veni
3374 1637 3428 1690 in
3470 1643 3676 1698 nomine
3715 1645 3870 1703 Patris

2299 1705 2429 1769 mei,
2470 1716 2517 1760 et
2555 1725 2654 1763 non
2695 1715 2955 1785 accepistis
2993 1737 3071 1775 me
3102 1738 3121 1774 :
3147 1725 3192 1778 si
3228 1727 3361 1782 alius
3398 1735 3585 1787 venerit
3613 1735 3663 1789 in
3690 1743 3868 1795 nomine

2298 1814 2409 1859 suo,
2441 1799 2582 1854 illum
2612 1805 2865 1876 accipietis
2895 1809 3071 1878 (Joan.
3101 1830 3155 1881 ν,
3187 1817 3298 1888 45).
3329 1818 3693 1883 Βειιεάὶιῑυιιιδ
3718 1847 3793 1887 vos
3817 1836 3869 1888 de

2298 1889 2445 1942 domo
2477 1890 2704 1948 Domini.
2735 1895 2907 1953 Credo
2935 1904 3076 1972 quod
3109 1907 3205 1961 ista
3236 1925 3338 1966 vox
3367 1929 3680 1986 magnorum
3711 1935 3783 1978 est
3809 1928 3871 1980 ad.

2300 1981 2537 2048 pusillos,
2565 1999 2746 2040 eorum
2775 1991 2974 2046 scilicet
3003 2011 3311 2066 magnorum
3339 2007 3425 2075 qui
3459 1981 3690 2064 Verbum
3717 2013 3870 2070 Deum

2295 2073 2434 2140 apud
2467 2074 2652 2142 Deum,
2685 2079 2823 2135 sicut
2851 2081 2902 2136 in
2933 2083 3033 2141 hac
3064 2090 3165 2145 vita
3199 2073 3438 2162 possunt,
3470 2111 3654 2158 mente
3683 2107 3864 2161 contin-

2294 2174 2456 2234 gunt;
2499 2178 2552 2222 et
2598 2177 2772 2227 tamen
2825 2189 3128 2236 sermonem
3174 2199 3328 2242 suum
3379 2201 3602 2260 propter
3646 2199 3864 2265 parvulos

2297 2263 2615 2324 temperant,
2649 2271 2703 2316 ut
2732 2264 2936 2334 possint
2965 2271 3246 2330 sinceriter
3271 2278 3449 2335 dicere
3478 2286 3623 2352 quod
3648 2263 3720 2341 ait
3742 2291 3862 2360 Apo-

2293 2347 2461 2402 stolus
2492 2367 2506 2402 :
2536 2351 2657 2406 Sive
2681 2359 2810 2409 enim
2850 2369 3016 2416 mente
3050 2368 3351 2424 excessimus
3387 2371 3506 2427 Deo
3528 2419 3540 2439 ,
3571 2377 3670 2432 sire
3696 2391 3862 2450 tempe-

2294 2449 2461 2494 rantes
2487 2458 2659 2499 sumus
2694 2447 2862 2515 vobis;
2892 2453 3113 2510 cliaritas
3140 2460 3271 2513 enim
3295 2461 3492 2519 Christi
3523 2472 3762 2539 compellit
3785 2491 3862 2529 nos

2296 2530 2359 2598 (11
2390 2532 2506 2587 Cor.
2537 2539 2738 2602 v,15et
2765 2543 2870 2613 14).
2907 2545 3007 2616 lpsi
3039 2553 3285 2618 parvulos
3304 2530 3642 2616 benedieunt
3659 2564 3720 2618 de
3743 2565 3862 2622 inte-

2294 2623 2433 2680 riore
2457 2625 2615 2682 domo
2639 2631 2864 2698 Domini,
2895 2639 2981 2693 ubi
3014 2641 3126 2697 laus
3153 2645 3234 2699 illa
3264 2647 3314 2701 iu
3343 2654 3546 2708 smcula
3577 2658 3857 2714 srcculorum

2292 2732 2396 2770 non
2423 2719 2601 2776 deficit
2629 2741 2642 2777 :
2670 2737 2717 2779 et
2753 2729 2872 2783 ideo
2902 2733 3077 2788 videte
3103 2740 3228 2807 quid
3261 2742 3381 2798 inde
3409 2762 3477 2800 au
3497 2753 3747 2808 nuntient.

2360 2808 2449 2862 22.
2479 2810 2626 2884 [vers
2659 2817 2774 2891 27.]
2798 2819 2936 2877 Deus
2965 2825 3230 2896 Dominus,
3255 2845 3299 2887 et
3323 2836 3506 2892 illuxil
3537 2844 3687 2899 nobis.
3717 2846 3858 2902 Domi-

2290 2917 2390 2956 nus
2415 2903 2504 2958 ille
2525 2909 2612 2976 qui
2637 2913 2778 2965 venit
2806 2915 2854 2966 in
2884 2920 3096 2975 nomine
3127 2922 3353 2992 Domini,
3378 2947 3549 2998 quem
3579 2939 3856 3006 reprobave-

2289 3005 2408 3048 runt
2438 2997 2782 3068 mdilicautcs,
2813 3015 2864 3060 et
2890 3007 3056 3064 lactus
3081 3023 3163 3067 est
3190 3016 3238 3069 in
3266 2997 3423 3089 caput
3451 2997 3648 3096 anguli
3671 3029 3850 3100 (.llatt/z.

2290 3101 2404 3150 xxi,
2429 3087 2483 3154 9,
2507 3089 2629 3158 69.);
2656 3096 2915 3152 mediator
2939 3101 3028 3155 ille
3056 3104 3147 3160 Dei
3175 3117 3226 3161 et
3249 3109 3532 3170 hominum
3561 3087 3709 3174 homo
3731 3122 3835 3177 Cbri

2287 3185 2400 3230 stus
2428 3178 2582 3236 Jesus
2612 3182 2650 3252 (I
2685 3183 2818 3239 Tim.
2859 3205 2914 3256 ιι,
2944 3191 3020 3264 5).
3058 3195 3193 3252 Deus
3221 3211 3321 3267 est,
3355 3208 3578 3273 :eqnalis
3606 3222 3680 3266 est
3706 3213 3842 3280 Patri,

2285 3277 2337 3321 et
2368 3267 2536 3324 illuxit
2566 3274 2737 3340 nobis,
2765 3287 2819 3332 ut
2843 3283 2982 3350 quod
3015 3286 3336 3346 credidimus
3363 3267 3780 3369 intelligeremus,
3802 3267 3852 3359 ei

2287 3360 2434 3414 vobis
2463 3364 2696 3420 nondum
2743 3369 3188 3445 inti-lligentibus,
3222 3382 3313 3437 sed
3352 3384 3468 3454 jam
3511 3392 3842 3462 credentibus,

2284 3451 2704 3511 enuntiaremus.
2733 3459 2798 3515 Ut
2821 3473 2998 3518 autem
3027 3477 3080 3521 et
3109 3485 3202 3524 vos
3233 3451 3561 3548 intelligatis,
3587 3451 3842 3539 Constituit;

2283 3543 2414 3596 diem
2441 3548 2625 3615 festum
2648 3548 2708 3604 ιη’
2724 3554 3297 3627 confrequentationibus
3317 3609 3330 3633 ,
3360 3584 3522 3637 usque
3546 3575 3612 3627 ad
3645 3563 3807 3630 cornua
3823 3579 3842 3608 '

2281 3634 2458 3691 altaris
2479 3653 2498 3692 :
2514 3639 2565 3694 id
2582 3651 2679 3706 est,
2703 3658 2870 3714 usque
2891 3648 2956 3702 ad
2980 3651 3283 3710 interiorem
3307 3659 3527 3718 domum
3552 3666 3658 3732 Dei,
3680 3668 3738 3722 de
3755 3684 3836 3738 qua

2284 3742 2376 3782 vos
2407 3729 2806 3802 benediximus,
2838 3740 2924 3795 ubi
2960 3753 3081 3800 sunt
3108 3747 3291 3805 altaris
3316 3757 3551 3811 excelsa.
3583 3757 3838 3814 Constituitc

2281 3819 2412 3874 diem
2445 3826 2662 3893 festum,
2694 3843 2798 3881 non
2843 3833 3015 3902 tepide
3053 3852 3115 3891 ac
3157 3843 3408 3910 segniter,
3454 3848 3548 3902 sed
3588 3851 3636 3903 in
3670 3853 3838 3923 confre-

2277 3916 2699 3979 quentationibas.
2743 3920 2857 3990 Ipsa
2899 3934 2982 3979 est
3019 3929 3158 3984 enim
3203 3947 3304 3988 Vox
3343 3941 3719 4004 exsultationis,
3745 3916 3835 3996 sam

2279 4008 2596 4078 festivitatem
2630 4013 2954 4082 celebrantis,
2987 4021 3370 4081 ambulanlium
3399 4030 3454 4084 in
3488 4031 3604 4087 loco
3639 4035 3835 4088 taberna-

2276 4101 2377 4154 culi
2403 4104 2715 4160 admirabilis
2758 4124 2914 4180 usque
2941 4111 3008 4165 ad
3033 4113 3239 4168 domum
3264 4116 3381 4173 Dei.
3423 4122 3480 4177 Si
3517 4125 3650 4178 enim
3675 4135 3746 4180 est
3776 4125 3831 4179 ibi

2276 4194 2547 4262 spirituale
2567 4199 2906 4266 sacrificium,
2926 4206 3308 4274 sempiternum
3331 4214 3648 4268 sacrificium
3671 4216 3826 4279 laudis,

2274 4294 2329 4341 et
2364 4287 2613 4344 sacerdos
2641 4293 3011 4363 sempiternus
3039 4307 3151 4363 est,
3189 4308 3241 4353 et.
3275 4302 3445 4358 altare
3487 4306 3827 4376 sempiternum

2274 4387 2456 4446 pacata
2505 4396 2654 4436 mens
2695 4383 2807 4453 ipsa
2850 4386 3135 4455 iustorum.
3177 4391 3286 4447 lloc
3331 4397 3568 4465 apertius
3603 4397 3823 4462 dicimus,

2274 4469 2466 4527 fratres
2491 4491 2503 4526 :
2526 4475 2846 4548 quicumque
2877 4480 3042 4536 Deum
3076 4481 3308 4538 Verbum
3336 4487 3626 4560 intelligere
3651 4490 3821 4555 volunt,

2273 4577 2376 4616 non
2417 4565 2496 4620 eis
2531 4565 2758 4623 sufficiat
2785 4585 2909 4627 caro
2929 4613 2944 4639 ,
2977 4574 3118 4644 quod
3149 4585 3364 4646 propter
3391 4595 3486 4635 eos
3517 4581 3730 4637 Verbum
3758 4581 3820 4635 fa-

2270 4663 2412 4710 ctum
2441 4666 2556 4722 est,
2591 4667 2648 4713 ut
2686 4659 2823 4717 lacte
2861 4665 3221 4734 nutrirentur;
3254 4685 3353 4724 nec
3383 4671 3438 4726 in
3471 4681 3605 4727 terra
3630 4672 3818 4728 sufﬁciat

2271 4747 2370 4802 istc
2399 4750 2514 4806 dies
2542 4751 2705 4808 festus
2731 4771 2836 4824 quo
2861 4771 3029 4826 agnus
3054 4760 3262 4818 occisus
3289 4772 3372 4820 est
3402 4783 3416 4820 :
3446 4765 3538 4821 sed
3565 4766 3818 4822 constitua-

2272 4846 2356 4893 tur
2395 4840 2445 4893 iu
2488 4841 3107 4913 confrequentationibus
3131 4892 3145 4916 ,
3175 4867 3452 4924 quousque
3493 4855 3814 4926 perveniatur,

2269 4932 2513 4986 cvaltatis
2542 4950 2570 4986 a
2607 4935 2830 4990 Domino
2868 4941 3136 4996 mentibus
3177 4947 3404 5015 nostris,
3436 4963 3596 5018 usque
3631 4947 3689 5002 ad
3722 4948 3814 5014 eius

2267 5022 2596 5079 divinitatem
2628 5027 2956 5097 interiorem,
2979 5032 3070 5102 qui
3095 5034 3248 5090 nobis
3271 5039 3586 5094 exteriorem
3609 5038 3813 5094 humani-

2268 5124 2427 5169 tatem
2459 5116 2594 5172 !acte
2620 5121 2918 5177 nutriendis
2946 5124 3183 5193 praebere
3210 5126 3452 5199 dignatus
3481 5137 3576 5185 est.

2336 5207 2423 5264 25.
2455 5207 2604 5282 [vers
2626 5212 2717 5277 ‘28,
2743 5213 2860 5286 ‘29.]
2890 5215 2949 5270 Et
2972 5217 3095 5285 quid
3125 5218 3193 5273 ibi
3218 5219 3384 5287 aliud,
3413 5220 3511 5276 nisi
3537 5220 3700 5276 laudes
3717 5220 3809 5287 ejus

2265 5302 2633 5357 cantabimus?
2658 5304 2791 5371 Quid
2820 5307 2888 5361 ibi
2917 5307 3059 5362 aliud
3083 5309 3319 5366 dicemus
3340 5355 3352 5378 ,
3383 5314 3508 5380 nisi,
3533 5311 3661 5368 Deus
3696 5325 3807 5363 meus

2265 5409 2316 5448 cs
2342 5403 2422 5459 tu,
2453 5405 2499 5448 ct
2525 5397 2798 5465 conﬁtebor
2828 5399 2950 5466 tibi;
2982 5398 3118 5454 Deus
3156 5418 3295 5457 meus
3323 5419 3375 5458 es
3406 5413 3457 5456 tu
3477 5445 3490 5469 ,
3529 5415 3570 5457 ct
3606 5399 3804 5458 exaltabit

2329 5549 2342 5580 ¹
2372 5549 2503 5621 Edd._,
2525 5547 2640 5599 bene
2658 5565 2960 5624 prosperare.
2985 5561 3161 5624 Iterum
3179 5568 3287 5605 vero
3300 5554 3413 5614 quia
3427 5553 3542 5624 dies.
3561 5547 3800 5624 Legenda!)

2263 5624 2372 5682 eum
2396 5615 2589 5671 Optima:
2615 5623 2740 5663 nota:
2760 5616 3024 5686 (zorl)._its.,
3050 5616 3434 5686 bene__prospera
3451 5617 3542 5686 iter
3563 5625 3663 5686 ειςῖο
3681 5620 3799 5686 inf!"

2263 5673 2309 5720 in
2335 5680 2496 5741 (trasco
2517 5681 2766 5741 quiest,
2789 5676 3046 5741 enodoson,
3087 5673 3244 5741 addita
3281 5673 3518 5741 particula,
3546 5673 3618 5734 de‘,
3639 5674 3706 5723 cui
3726 5681 3794 5718 διι-

2265 5748 2346 5802 pra
2371 5736 2419 5802 ia
2441 5735 2693 5802 versiculis
2710 5738 2737 5786 Ξ
2760 5746 2810 5787 et
2832 5739 2879 5798 5,
2900 5735 3164 5802 respuadet
3186 5735 3298 5799 vox,
3321 5748 3492 5791 mitem.

2325 5798 2439 5864 ’.εἰς
2462 5803 2567 5908 iis?
2593 5798 2723 5856 iuxta
2750 5787 2879 5850 Lxx.’
2907 5787 3109 5864 arma”,
3123 5787 3563 5864 eoi-niifa'c’iaulo
3596 5802 3716 5859 r061.
3736 5787 3792 5840 αι’

2325 5871 2389 5907 νισι
2405 5871 2522 5908 σπι-ι’
2544 5875 2613 5908 δη.

2265 5865 2389 5907 (erat
2405 5865 2613 5909 excelsa.
