4188 6442
305 435 437 493 1501

307 560 339 604 tt
372 567 390 602 :
424 544 703 616 conﬁtebor
733 542 852 606 tibi,
883 539 1129 606 Domine,
1161 535 1395 608 quoniam
1422 529 1676 586 exaudiin
1710 544 1820 590 me,
1851 533 1896 580 et

311 643 471 713 [actus
497 655 553 693 es
583 636 708 690 mihi
733 636 784 688 in
812 631 1063 689 salutem?
1087 629 1200 685 Non
1233 626 1454 696 strepitu
1489 623 1772 679 verborum
1798 619 1898 674 ista

311 709 545 788 dicemus
567 769 584 794 ,
621 726 717 783 sed
747 723 960 780 dilectio
999 720 1265 775 inhrerens
1292 718 1367 772 illi
1401 731 1498 788 per
1529 715 1760 782 seipsam
1788 709 1900 764 cla-

314 835 417 880 mat
443 823 604 877 istam
631 834 838 883 vocem,
867 825 919 871 et
943 814 1155 870 dilectio
1185 813 1295 882 ipsa
1327 825 1426 863 vox
1457 815 1539 862 est
1569 805 1686 860 ista.
1722 802 1902 872 Itaque

316 917 442 972 sicut
465 915 634 982 cmpit
656 909 890 972 laudem,
918 907 985 960 ita
1010 904 1255 959 terminat
1283 919 1295 956 :
1322 894 1638 966 Conﬁtemini
1665 891 1900 959 Domino,

313 1008 550 1077 quoniam
579 1003 758 1066 bonus,
788 998 1023 1071 quoniam
1055 997 1104 1050 in
1134 994 1375 1050 saeculum
1404 985 1749 1044 misericordia
1774 985 1900 1054 ejus.

315 1075 444 1160 Ilinc
487 1100 652 1168 empit
690 1095 964 1159 Psalmus,
997 1091 1100 1145 huc
1129 1087 1355 1150 desinit;
1387 1083 1638 1154 quoniam
1678 1077 1814 1133 sicut
1839 1075 1906 1130 ab

321 1195 463 1250 initio
488 1189 633 1263 quod
657 1187 1012 1247 deseruimus,
1039 1181 1108 1235 ita
1135 1180 1186 1233 in
1213 1179 1370 1231 linem
1392 1187 1498 1245 quo
1523 1170 1776 1230 redimus,
1802 1180 1906 1220 non

320 1295 398 1341 est
422 1257 623 1353 aliquid
654 1277 792 1348 quod
820 1273 1083 1330 salubrius
1105 1270 1355 1334 delectet,
1383 1279 1540 1336 quam
1567 1261 1681 1316 laus
1712 1257 1827 1324 Dei,
1855 1262 1911 1310 et

320 1390 528 1444 semper
551 1369 792 1425 Alleluia.

335 1483 1894 1523 _______________________—

696 1579 778 1640 IN
821 1570 1202 1638 PSALMUM
1243 1565 1502 1632 CXVIII

913 1711 1333 1774 ENARBATIO.

955 1852 1290 1909 Procemium.

398 1997 642 2053 Psahnos
669 2005 856 2046 omnes
883 1996 1128 2052 carteros,
1156 1998 1291 2054 quos
1316 1980 1555 2038 codicem
1587 1977 1921 2034 Psalmorum

329 2090 576 2146 novimus
601 2083 895 2145 continere,
923 2078 1063 2150 quod
1095 2075 1347 2132 Ecclesia:
1371 2069 1753 2128 consuetudine
1775 2068 1924 2124 Psal-

331 2183 524 2236 terium
558 2182 910 2243 nuncupatur,
945 2169 1131 2240 partim
1173 2161 1580 2222 sermocinando
1606 2161 1658 2215 in
1691 2159 1920 2230 pepulis,

333 2271 524 2342 partim
551 2264 802 2322 dictando
828 2261 1082 2332 exposui,
1110 2258 1342 2314 donante
1368 2253 1594 2308 Domino
1614 2293 1628 2316 ,
1657 2251 1798 2306 sicut
1824 2263 1922 2319 po-

335 2364 406 2416 tui
437 2379 449 2413 :
484 2359 744 2430 psalmum
786 2370 913 2409 vero
950 2351 1302 2407 centesimum
1343 2357 1588 2402 octavum
1625 2343 1922 2409 decimum,

337 2473 439 2510 non
469 2464 575 2507 tam
607 2459 819 2521 propter
841 2447 955 2516 eius
983 2443 1314 2500 notissimam
1341 2439 1743 2510 longitudinem,
1767 2450 1924 2506 quam

336 2557 554 2620 promer
581 2545 696 2614 ejus
728 2539 1138 2611 profunditatem
1181 2536 1362 2606 paucis
1391 2531 1800 2603 cognoseihilem
1828 2526 1930 2583 dif-

339 2638 597 2694 ferebam.
643 2633 713 2688 Et
749 2647 867 2686 cum
907 2627 1281 2685 molestissime
1325 2625 1522 2680 ferrent
1563 2622 1753 2677 fratres
1788 2620 1927 2686 mei,

339 2735 454 2794 ejus
479 2726 646 2781 solius
671 2720 1077 2792 expositionem,
1104 2723 1357 2788 quantum
1387 2713 1454 2768 ad
1479 2711 1717 2782 ejusdem
1743 2723 1934 2780 corpo-

341 2819 414 2874 ris
441 2816 686 2872 Psaltuos
714 2812 961 2883 pertinet,
988 2809 1177 2865 deesse
1201 2805 1470 2879 opusculis
1495 2803 1711 2869 nostris,
1740 2815 1933 2871 meque

341 2911 406 2966 ad
437 2911 542 2965 hoc
567 2904 877 2963 solvendum
907 2902 1142 2958 debitum
1167 2898 1514 2954 vehementer
1543 2904 1812 2966 urgerent,
1843 2893 1933 2948 diu

341 3001 646 3074 petentibus
671 2996 1081 3067 jubentibusque
1107 3007 1210 3046 non
1237 2989 1373 3045 cessi
1399 3005 1414 3054 ;
1437 2987 1561 3060 quia
1583 2986 1934 3056 quotiescum-

340 3112 444 3166 que
471 3093 597 3148 inde
621 3091 856 3162 cogitare
883 3085 1100 3151 tentavi,
1131 3097 1342 3152 semper
1366 3081 1508 3136 vires
1543 3087 1738 3133 nostra:
1764 3077 1938 3131 inten-

344 3185 504 3241 tionis
543 3180 795 3238 excessit.
829 3179 1038 3246 Quanto
1077 3175 1219 3229 enim
1245 3171 1458 3227 videtur
1485 3170 1752 3240 apertior,
1789 3176 1936 3222 tanto

341 3277 470 3334 mihi
512 3272 826 3345 profundior
861 3267 1027 3324 videri
1071 3266 1246 3331 solet;
1289 3265 1362 3319 ita
1401 3272 1460 3318 ut
1495 3263 1653 3318 etiam
1684 3276 1839 3331 quam
1869 3259 1941 3314 sit

341 3366 658 3442 profundus,
683 3365 1056 3420 demonstrare
1077 3373 1181 3413 non
1207 3370 1436 3426 possem.
1461 3354 1699 3408 Aliorum
1721 3352 1935 3422 quippe,

341 3466 432 3537 qui
453 3461 672 3518 difficile
694 3458 1075 3528 intelliguntur,
1097 3452 1306 3509 etiamsi
1333 3453 1383 3506 in
1407 3451 1730 3506 obscuritate
1751 3463 1940 3504 sensus

343 3557 501 3621 latet,
525 3555 636 3625 ipsa
661 3561 834 3607 tamen
859 3555 1079 3620 apparet
1101 3543 1400 3600 obscuritas
1425 3560 1438 3596 :
1461 3541 1622 3611 hujus
1642 3550 1817 3595 autem
1843 3554 1943 3595 nec

341 3653 496 3722 ipsa;
525 3646 775 3719 quoniam
803 3643 960 3699 talem
989 3638 1190 3711 praebet
1212 3635 1570 3707 superficiem,
1599 3642 1658 3689 ut
1686 3632 1942 3689 lectorem

342 3753 510 3813 atque
550 3737 845 3794 auditorem
870 3774 884 3799 ,
919 3747 1025 3786 non
1052 3729 1410 3800 expositorem
1442 3724 1801 3782 necessarium
1843 3723 1942 3777 ha-

343 3836 477 3891 bere
505 3829 774 3888 credatur.
805 3827 874 3881 Et
901 3839 1041 3880 nunc
1065 3821 1206 3894 quod
1237 3819 1450 3876 tandem
1480 3817 1546 3874 ad
1573 3816 1946 3889 pertractatio-

346 3941 476 3983 nem
506 3923 622 3995 ejus
647 3917 866 3982 accedo,
895 3915 1021 3987 quid
1051 3915 1102 3969 in
1131 3928 1196 3968 eo
1225 3911 1441 3983 possim,
1472 3922 1692 3981 prorsus
1716 3907 1903 3978 ignoro
1929 3923 1941 3960 :

347 4031 514 4088 spero
541 4023 743 4076 tamen,
773 4020 831 4065 ut
858 4007 1054 4080 aliquid
1094 4006 1316 4077 possim,
1342 4002 1643 4057 adfuturum
1672 4009 1830 4070 atque
1854 3998 1948 4054 ad-

346 4111 590 4182 juturum
623 4106 810 4161 Deum.
838 4101 927 4158 Sie
953 4100 1095 4156 enim
1127 4097 1252 4153 fecit
1278 4096 1331 4152 in
1356 4096 1372 4128 ³
1404 4093 1649 4150 omnibus
1677 4106 1949 4163 quaecum-

347 4217 458 4273 que
487 4196 834 4260 sufficienter,
862 4208 982 4247 cum
1011 4191 1156 4261 prius
1186 4187 1313 4244 mihi
1341 4186 1407 4242 ad
1436 4182 1836 4256 intelligendum
1866 4183 1950 4239 vel

349 4287 730 4362 explicandum
753 4283 987 4340 difficilia
1008 4297 1072 4336 ae
1091 4294 1226 4351 pene
1250 4275 1599 4349 impossibilia
1623 4273 1946 4338 viderentur,

351 4378 602 4451 exposui.
624 4374 796 4432 Statui
821 4381 996 4428 autem
1025 4385 1119 4441 per
1144 4381 1418 4424 sermones
1445 4366 1494 4420 id
1520 4379 1698 4436 agere,
1722 4363 1812 4434 qui
1838 4376 1952 4432 pro-

355 4472 633 4530 ferantur’
665 4470 719 4523 in
750 4466 990 4538 populis,
1023 4477 1154 4533 quas
1184 4460 1354 4517 Grmci
1383 4465 1569 4527 ὁμιλίας
1601 4463 1812 4512 vocant.
1845 4454 1954 4510 Iloc

357 4565 503 4622 enim
529 4561 724 4632 justius
755 4573 874 4613 esse
902 4555 1134 4610 arbitror
1156 4593 1170 4617 ,
1202 4560 1259 4606 ut
1285 4557 1577 4606 conventus
1606 4545 1954 4602 ecclesiastici

359 4673 470 4713 non
510 4652 819 4709 fraudentur
845 4648 1002 4703 etiam
1040 4645 1228 4714 psalmi
1261 4642 1418 4711 hujus
1456 4639 1799 4709 intelligentia
1821 4681 1834 4703 ,
1863 4653 1957 4692 eu-

352 4748 448 4818 jus
468 4788 483 4812 ,
515 4754 571 4798 ut
601 4743 824 4797 aliorum
846 4780 862 4806 ,
893 4735 1148 4793 delectari
1178 4733 1415 4788 assolent
1441 4729 1721 4786 cantilena.
1751 4728 1858 4784 Sed
1888 4728 1960 4783 sit

359 4838 471 4892 huc
499 4849 669 4905 usque
708 4829 1022 4902 prommium
1053 4843 1067 4880 :
1097 4826 1206 4895 jam
1239 4823 1306 4879 de
1343 4825 1458 4893 ipso
1485 4830 1566 4878 est
1598 4820 1956 4892 loquendum,

358 4931 430 4987 de
455 4942 565 5000 quo
592 4931 725 4980 Istuc
751 4923 920 4976 visum
951 4927 1033 4973 est
1073 4914 1531 4988 prteloqucndum.

1037 5044 1207 5086 δικιΜο
1246 5045 1283 5083 ι.

440 5157 491 5210 l.
526 5152 676 5225 [rers.
710 5148 786 5219 I.]
814 5147 895 5202 Ab
921 5143 1142 5202 exordio
1177 5157 1274 5197 suo
1303 5155 1526 5210 magnus
1555 5137 1792 5211 psalmus
1824 5138 1922 5192 istc
1941 5177 1958 5203 ,

365 5242 689 5306 charissimi,
718 5239 1031 5294 exhortatur
1057 5249 1155 5289 nos
1175 5233 1239 5288 ad
1262 5231 1664 5294 beatitudinem,
1687 5244 1843 5299 quam
1867 5243 1961 5284 ne-

365 5353 458 5393 mo
478 5332 667 5404 estqui
693 5345 798 5385 non
825 5333 1057 5397 expetat.
1087 5325 1216 5392 Quis
1241 5322 1382 5379 enim
1409 5337 1632 5392 usquam
1653 5320 1736 5375 vel
1765 5327 1957 5390 potest,

369 5429 456 5484 vel
487 5425 690 5498 potuit,
720 5420 803 5476 vel
835 5418 1030 5490 poterit
1059 5415 1281 5471 inveniri
1312 5414 1400 5485 qui
1430 5413 1565 5470 nolit
1592 5427 1712 5468 esse
1738 5409 1960 5467 beatus?

365 5518 505 5590 Quid
538 5517 698 5588 igitur
733 5509 1104 5569 exhortatione
1143 5521 1277 5575 opus
1312 5514 1396 5562 est
1420 5504 1488 5560 ad
1514 5519 1631 5559 eam
1663 5518 1774 5560 rem
1802 5517 1960 5573 quam

366 5627 460 5666 sua
503 5615 700 5679 sponte
737 5601 936 5673 appetit
978 5599 1188 5653 animus
1226 5596 1523 5652 humanus?
1555 5595 1687 5651 Nam
1729 5593 1962 5665 profecto

365 5705 454 5776 qui
484 5700 826 5763 exhortatur,
850 5693 900 5749 id
929 5691 1056 5764 agit,
1080 5699 1137 5746 ut
1157 5690 1417 5746 excitetur
1440 5689 1684 5746 voluntas
1705 5687 1818 5759 ejus
1839 5701 1959 5744 cum

431 5851 445 5880 ι
475 5848 549 5894 Sic
565 5844 734 5906 plures
753 5838 983 5906 \tss.‘F.dd.
1016 5846 1134 5906 vero
1153 5869 1165 5891 ,
1194 5833 1286 5895 feci
1310 5834 1385 5885 de.

431 5913 451 5943 ²
476 5911 551 5960 sic
570 5897 681 5955 'ttss.
712 5914 761 5955 At
781 5903 911 5963 ΕιΙι].,
932 5897 1257 5964 proferuntur.

1389 414 1782 476 ENARRA'I‘IO
1827 414 1888 469 IN
1928 415 2246 474 PSALMUM
2285 416 2517 473 CXVIII.

3449 414 3590 471 1502

2002 545 2106 600 quo
2132 529 2270 599 agit,
2300 529 2366 585 ad
2397 529 2523 584 illud
2553 538 2769 600 propter
2793 527 2933 600 quod
2961 525 3346 583 exhortationis
3372 526 3593 582 adhibe-

2006 631 2090 676 tur
2116 621 2425 692 alloquium.
2456 619 2652 692 thuid
2679 635 2806 691 ergo
2834 621 3107 675 nobiscum
3135 618 3328 688 agitur,
3362 627 3420 672 ut
3457 619 3591 672 veli-

2005 729 2124 768 mus
2149 713 2289 784 quod
2323 713 2465 768 nolle
2504 731 2608 769 non
2647 728 2960 784 possumus;
2990 711 3090 766 nisi
3116 713 3237 782 quia
3265 725 3451 766 omnes
3477 711 3595 781 qui.-

2008 805 2129 861 dem
2161 805 2540 861 beatitudinem
2579 806 2995 875 concupiscunt,
3027 805 3121 861 sed
3159 820 3389 875 quonam
3434 804 3594 860 modo

2008 896 2075 953 ad
2111 913 2228 954 eam
2267 899 2636 968 perveniatur,
2668 898 2877 966 plurimi
2919 897 3194 952 nesciunt?
3224 897 3452 967 Ideoque
3493 895 3598 952 hoc

2010 988 2166 1044 docet
2197 991 2314 1054 iste,
2344 989 2431 1059 qui
2460 989 2586 1043 dicit
2616 1007 2629 1044 :
2661 988 2804 1043 Beati
2833 989 3140 1042 imntaculati
3166 989 3217 1042 in
3247 989 3346 1052 via,
3373 989 3457 1058 qui
3487 1005 3598 1040 am-

2011 1078 2188 1133 bulant
2225 1079 2278 1133 in
2319 1078 2426 1149 lege
2469 1077 2700 1133 Domini.
2739 1077 3012 1147 Tanquam
3050 1077 3250 1132 diceret
3281 1095 3294 1129 :
3321 1078 3445 1132 Scio
3471 1077 3598 1146 quid

2011 1173 2146 1228 velis
2165 1215 2180 1239 ,
2210 1171 2587 1227 beatitudinem
2622 1170 2847 1242 qumris;
2877 1169 2920 1224 si
2949 1185 3076 1239 ergo
3106 1170 3184 1223 vis
3223 1183 3341 1232 esse
3381 1169 3598 1234 beatus,

2014 1273 2130 1319 esto
2157 1263 2546 1318 immaculatus.
2571 1261 2700 1316 Illud
2722 1261 2863 1318 enim
2889 1275 3095 1324 omnes,
3124 1259 3226 1315 hoc
3249 1269 3424 1314 autem
3451 1259 3604 1327 pauci

2015 1354 2219 1420 volunt,
2252 1357 2368 1408 sine
2396 1369 2501 1424 quo
2529 1368 2632 1408 non
2665 1352 2971 1423 pervenitur
2995 1350 3061 1405 ad
3094 1350 3222 1406 illud
3251 1349 3389 1420 quod
3418 1365 3606 1405 omnes

2017 1445 2221 1499 volunt.
2251 1443 2358 1500 Sed
2383 1445 2469 1499 ubi
2498 1447 2598 1500 erit
2619 1445 2842 1516 quisque
2872 1443 3262 1511 immaculatus,
3287 1443 3385 1498 nisi
3412 1443 3607 1497 invia?

2019 1535 2076 1591 In
2103 1551 2204 1607 qua
2242 1537 2323 1591 via
2347 1579 2361 1604 ,
2395 1537 2494 1592 nisi
2525 1537 2578 1592 in
2625 1537 2740 1608 lege
2785 1535 3026 1591 Domini?
3061 1535 3137 1591 Ac
3176 1551 3271 1606 per
3300 1534 3433 1602 hoc,
3463 1533 3609 1588 Beati

2020 1629 2328 1683 immaculati
2358 1629 2410 1683 in
2437 1629 2517 1682 via
2537 1670 2551 1694 ,
2579 1629 2664 1696 qui
2702 1627 2960 1682 ambulant
2993 1628 3047 1682 in
3082 1626 3186 1698 lege
3226 1625 3433 1680 Domini
3456 1667 3469 1689 ,
3501 1639 3610 1680 non

2021 1719 2290 1791 superﬂuo
2317 1719 2471 1775 nobis
2497 1719 2710 1787 dicitur,
2737 1719 2830 1774 sed
2857 1718 3157 1774 exhortatio
3185 1717 3483 1772 necessaria
3514 1731 3612 1770 no-

2021 1813 2147 1868 stris
2173 1812 2440 1868 mentibus
2469 1811 2769 1866 adhibetur.
2797 1809 2932 1879 Quid
2958 1809 3099 1866 enim
3127 1809 3251 1864 boni
3282 1809 3350 1863 sit
3375 1807 3440 1863 ad
3468 1807 3612 1879 quod

2023 1906 2174 1962 multi
2203 1905 2334 1976 pigri
2359 1914 2502 1970 sunt,
2533 1904 2583 1960 id
2605 1915 2704 1972 est,
2737 1904 3105 1959 immaculatos
3133 1901 3405 1956 ambulare
3432 1901 3483 1954 in
3506 1902 3612 1967 via,

2025 2015 2144 2070 qute
2171 2000 2253 2054 lex
2285 2007 2366 2054 est
2395 2000 2602 2054 Domini
2630 2040 2642 2064 ,
2676 1999 2752 2054 sic
2777 1997 3074 2054 ostenditur
3094 2039 3109 2064 ,
3140 2012 3259 2051 cum
3287 1995 3472 2051 beatos
3497 2008 3618 2049 esse

2026 2093 2116 2165 qui
2143 2093 2245 2149 hoc
2265 2092 2483 2160 faciunt,
2509 2093 2789 2157 indicatur,
2812 2100 2867 2146 ut
2887 2099 3104 2162 propter
3126 2090 3252 2145 illttd
3275 2088 3415 2160 quod
3432 2103 3619 2143 omnes

2028 2183 2244 2250 volunt,
2277 2183 2437 2238 etiam
2469 2182 2571 2238 hoc
2597 2184 2689 2237 fiat
2718 2183 2856 2253 quod
2897 2182 3108 2252 plurimi
3149 2181 3356 2236 nolunt.
3399 2179 3620 2234 Beatum

2029 2277 2225 2346 quippe
2253 2290 2392 2342 esse,
2427 2284 2532 2330 tam
2566 2291 2814 2346 magnum
2844 2284 2926 2330 est
2951 2274 3172 2339 bonum,
3201 2283 3258 2327 ut
3287 2272 3388 2328 hoc
3414 2281 3468 2327 et
3495 2272 3622 2327 boni

2032 2367 2197 2422 velint
2233 2376 2287 2422 et
2323 2367 2470 2423 mali.
2516 2367 2624 2423 Nec
2663 2367 2854 2422 mirttm
2891 2375 2973 2422 est
3001 2365 3141 2437 quod
3177 2364 3299 2420 boni
3341 2372 3622 2435 propterea

2033 2468 2159 2515 sunt
2186 2459 2339 2525 boni;
2368 2459 2460 2516 sed
2491 2459 2618 2515 illud
2646 2469 2728 2515 est
2755 2459 2966 2522 mirum,
2997 2457 3135 2529 quod
3165 2457 3322 2512 etiam
3355 2456 3476 2510 ntali
3509 2470 3626 2527 pro.

2034 2562 2218 2624 pterea
2245 2563 2367 2607 sunt
2393 2552 2537 2616 ntali,
2568 2563 2626 2606 ut
2652 2554 2757 2607 sint
2783 2552 2942 2607 beati.
2968 2550 3099 2605 Nam
3127 2549 3365 2621 quisquis
3388 2548 3622 2603 libidini-

2035 2643 2135 2698 bus
2163 2643 2406 2711 deditus,
2440 2643 2644 2698 luxuria
2684 2642 2988 2712 stuprisque
3022 2641 3406 2710 corrumpitur,
3437 2639 3489 2694 in
3523 2639 3626 2694 hoc

2035 2735 2176 2792 malo
2203 2734 2581 2791 beatitudinem
2609 2734 2816 2806 quierit,
2848 2742 2902 2788 et
2931 2747 2992 2789 se
3016 2733 3269 2788 miserum
3304 2737 3470 2800 putat.
3504 2745 3626 2785 cum

2037 2829 2105 2885 ad
2143 2845 2252 2884 suae
2294 2828 2736 2899 concupiscentia:
2774 2827 3098 2896 voluptatem
3138 2825 3481 2894 laetitiamque
3520 2837 3628 2878 non

2040 2922 2312 2994 pervenit,
2342 2922 2552 2976 beatum
2596 2936 2723 2976 vero
2759 2934 2865 2975 non
2895 2917 3103 2973 dubitat
3125 2916 3328 2986 jactare
3355 2929 3475 2970 cum
3505 2927 3630 2983 per-

2039 3014 2204 3071 venit.
2237 3014 2303 3069 Et
2329 3014 2566 3085 quisquis
2592 3011 2827 3067 avaritia:
2853 3009 3058 3064 facibus
3084 3006 3401 3072 inardescit,
3434 3005 3500 3060 ad
3532 3003 3633 3058 hoc

2041 3115 2327 3179 congregat
2358 3120 2694 3178 quocumque
2733 3103 2894 3158 modo
2931 3101 3141 3157 divitias
3163 3141 3176 3166 ,
3209 3109 3264 3155 ut
3299 3099 3486 3154 beatus
3520 3096 3588 3152 sit
3617 3113 3631 3149 :

2044 3201 2375 3255 inimicorum
2403 3198 2717 3269 sanguinem
2745 3194 2966 3251 fundere
2994 3194 3315 3264 quicumque
3340 3189 3632 3255 desiderat,

2043 3293 2458 3349 dominationem
2503 3288 2743 3360 quisquis
2784 3287 3032 3350 affectat,
3069 3284 3438 3340 crudelitatem
3482 3296 3636 3336 suam

2044 3383 2280 3455 quisquis
2305 3381 2494 3436 alienis
2518 3380 2758 3436 cladibus
2779 3377 2968 3449 pascit,
2993 3377 3044 3431 in
3070 3375 3319 3430 omnibus
3343 3372 3637 3429 sceleribus

2046 3473 2429 3530 beatitudinem
2454 3471 2661 3542 qumrit.
2691 3469 2800 3526 llos
2836 3470 2992 3540 igitur
3016 3478 3278 3534 errantes,
3308 3473 3363 3522 et
3388 3480 3510 3521 vera
3538 3464 3640 3520 mi-

2047 3568 2184 3622 seria
2233 3565 2418 3620 falsam
2468 3562 2847 3620 beatitudinem
2896 3562 3264 3632 requirentes,
3314 3569 3530 3616 revocat
3570 3559 3639 3615 ad

2048 3660 2208 3725 viam,
2236 3659 2280 3715 si
2303 3659 2570 3724 audiatur,
2601 3671 2704 3711 vox
2737 3656 2835 3710 ista
2863 3654 3060 3717 divina,
3079 3651 3224 3707 Beati
3251 3651 3559 3705 immaculati
3586 3650 3641 3704 in

2049 3751 2129 3806 uia
2149 3793 2162 3818 ,
2192 3753 2278 3820 qui
2311 3749 2571 3803 ambulant
2611 3747 2664 3801 in
2706 3748 2814 3817 lege
2854 3743 3060 3799 Domini
3091 3758 3109 3797 :
3138 3751 3384 3812 tanquam
3419 3739 3640 3807 dicens,

2049 3843 2167 3910 Quo
2194 3842 2317 3897 itis?
2343 3840 2562 3905 Peritis,
2595 3847 2650 3893 et
2677 3837 2915 3892 nescitis.
2943 3833 3058 3889 Non
3089 3833 3210 3888 illac
3239 3832 3343 3886 itur
3374 3845 3476 3900 qua
3515 3844 3643 3898 per-

2051 3934 2173 4006 gitis
2197 3973 2212 4000 ,
2255 3947 2362 4002 quo
2403 3929 2682 4002 pervenire
2721 3925 3038 3982 desideratis
3071 3942 3083 3976 :
3117 3938 3238 3976 nam
3283 3921 3463 3990 utique
3500 3917 3644 3973 beati

2053 4041 2173 4083 esse
2211 4023 2437 4094 cupitis;
2476 4020 2570 4076 sed
2601 4019 2792 4074 misera
2825 4024 2976 4082 sunt,
3006 4023 3060 4069 et
3087 4013 3152 4067 ad
3181 4012 3437 4082 majorem
3477 4009 3643 4063 mise-

2053 4119 2186 4175 riam
2225 4115 2427 4170 ducunt
2463 4113 2649 4168 itinera
2684 4110 2783 4163 ista
2819 4122 2920 4179 qua
2958 4104 3192 4162 curritis.
3227 4103 3358 4158 Tam
3394 4115 3645 4170 maguum

2058 4210 2254 4265 bonum
2279 4219 2524 4277 quaerere
2549 4218 2643 4274 per
2668 4199 2805 4255 mala
2830 4199 2992 4254 nolite
3018 4215 3032 4252 :
3055 4195 3099 4251 si
3125 4195 3190 4250 ad
3213 4192 3340 4249 illud
3370 4191 3647 4263 pervenire

2056 4301 2213 4358 vultis
2233 4341 2247 4367 ,
2278 4299 2382 4353 huc
2408 4297 2584 4352 venite
2605 4336 2620 4363 ,
2653 4293 2752 4348 bac
2788 4292 2881 4347 ite.
2919 4290 3031 4345 Vite
3072 4303 3337 4360 perversa:
3364 4285 3648 4354 relinquite

2058 4394 2462 4465 malignitatem,
2484 4392 2571 4458 qui
2599 4403 2703 4443 non
2733 4384 2954 4458 potestis
2977 4383 3278 4452 relinquere
3303 4376 3648 4434 beatitudinis

2064 4486 2412 4542 voluntatem.
2441 4481 2659 4536 Frustra
2688 4475 2956 4532 tendendo
2987 4471 3300 4544 fatigamini,
3327 4486 3433 4542 quo
3462 4484 3652 4539 perve-

2060 4575 2256 4634 niendo
2286 4571 2656 4645 inquinamini.
2682 4569 2798 4624 Non
2824 4575 3004 4622 autem
3033 4563 3171 4620 beati
3199 4561 3454 4632 inquinati
3483 4561 3536 4613 in
3565 4574 3652 4612 er-

2062 4685 2205 4734 rore,
2237 4667 2325 4738 qui
2356 4664 2630 4720 ambulant
2657 4661 2709 4715 in
2741 4657 3090 4731 perversitate
3119 4653 3330 4718 suaculi;
3362 4650 3477 4716 sed,
3505 4647 3652 4702 Beati

2063 4759 2374 4816 immaculuti
2400 4759 2452 4811 in
2476 4757 2574 4820 via,
2603 4755 2688 4823 qui
2713 4753 2972 4807 ambulant
2999 4751 3052 4804 in
3081 4749 3188 4818 lege
3217 4745 3439 4801 Domini.

2136 4852 2190 4906 2.
2219 4849 2364 4925 [vers
2393 4847 2446 4914 2,
2472 4845 2549 4920 5.]
2575 4844 2710 4915 Quid
2739 4859 2896 4914 porro
2917 4841 3166 4911 adjungat
3189 4835 3443 4891 attendite
3469 4851 3481 4887 :
3507 4831 3652 4886 Beati

2065 4945 2150 5016 qui
2176 4951 2466 5000 scrutantur
2499 4937 2782 4994 testitttonia
2811 4937 2953 5008 ejus,
2982 4934 3034 4985 in
3068 4940 3168 4984 toto
3201 4927 3351 4982 corde
3386 4925 3653 4994 exquirunt

2066 5056 2196 5094 eum.
2231 5037 2344 5093 Non
2376 5035 2505 5090 mihi
2535 5032 2745 5089 videtur
2772 5027 2915 5085 aliud
2947 5027 3027 5080 his
3056 5023 3232 5078 verbis
3260 5032 3653 5075 commemora-

2067 5144 2178 5190 tum
2221 5131 2493 5187 beatorum
2533 5139 2730 5196 genus,
2771 5135 2931 5191 quam
2969 5115 3094 5173 illttd
3126 5112 3265 5186 quod
3305 5121 3428 5166 ante
3454 5109 3654 5165 dictum

2068 5234 2168 5282 est.
2198 5223 2328 5279 Nam
2359 5217 2582 5278 scrutari
2615 5210 2916 5270 testimonia
2947 5206 3191 5273 Domini,
3223 5212 3278 5260 et
3309 5219 3429 5258 eum
3462 5202 3514 5256 in
3547 5209 3655 5255 toto

2067 5315 2228 5373 corde
2250 5310 2551 5382 exquirere,
2582 5305 2684 5360 hoc
2708 5310 2790 5358 est
2813 5299 3208 5356 immaculatum
3239 5295 3292 5349 in
3318 5293 3424 5359 via,
3456 5293 3508 5347 in
3541 5292 3658 5360 lege

2071 5406 2281 5465 Domini
2301 5401 2595 5460 ambulare.
2622 5394 2858 5464 Denique
2877 5390 3114 5460 sequitur
3133 5397 3187 5443 et
3203 5385 3331 5443 dicit
3351 5401 3364 5437 :
3387 5383 3506 5438 Non
3527 5382 3658 5436 enim

2068 5503 2156 5576 qui
2179 5504 2450 5571 operantur
2476 5490 2810 5562 iniquitatem,
2839 5485 2892 5538 in
2923 5485 3013 5538 viis
3039 5483 3147 5555 ejus
3173 5478 3570 5534 ambulaverunt.
3600 5472 3658 5526 Si

2068 5563 2565 5666 ergo'ambulantes
2603 5583 2656 5638 in
2696 5581 2780 5636 via
2801 5621 2815 5644 ,
2847 5577 2897 5634 id
2926 5583 3007 5632 est
3046 5576 3100 5630 in
3130 5575 3248 5644 lege
3289 5565 3526 5628 Domini,
3560 5563 3658 5633 ipsi

2071 5658 2194 5744 sunt
2219 5689 2516 5740 scrutantes
2544 5673 2847 5733 testimonia
2873 5669 2988 5740 ejus
3009 5709 3022 5732 ,
3053 5678 3107 5722 et
3145 5667 3197 5720 in
3236 5672 3346 5717 toto
3375 5658 3536 5718 corde
3561 5673 3659 5712 ex-

2069 5779 2342 5851 quirentes
2371 5786 2491 5830 eum
2517 5785 2532 5836 ;
2573 5766 2812 5838 profecto
2843 5761 2934 5834 qui
2965 5765 3252 5831 operantur
3289 5751 3618 5823 iniquitatem
3643 5792 3658 5814 ,

2075 5843 2179 5934 non
2226 5875 2528 5932 scrutantur
2573 5857 2870 5919 testimonia
2910 5853 3043 5923 ejus.
3089 5850 3152 5906 Et
3195 5857 3372 5904 tamen
3419 5843 3660 5900 novimus
