4188 6408
536 363 676 418 1505

524 478 800 548 operarios
846 477 1133 549 iniquitatis
1171 475 1238 530 ad
1280 477 1381 532 hoc
1413 474 1636 530 scrutari
1676 473 1977 530 testimonia
2006 472 2110 525 Do-

527 569 654 623 mini
678 609 691 633 ,
722 569 843 638 quia
875 568 1072 622 malunt
1099 567 1238 622 docti
1265 581 1385 622 esse
1411 581 1568 636 quam
1593 565 1722 636 justi
1751 581 1765 618 :
1795 563 2038 618 novimus
2063 570 2118 616 et

528 659 662 712 alios
691 659 756 711 ad
796 658 896 712 hoc
925 657 1150 711 scrutari
1193 657 1496 711 testimonia
1539 655 1744 710 Domini
1770 656 1808 721 ⁸,
1840 667 1945 708 non
1975 651 2117 722 quod

527 749 638 818 jam
669 758 811 802 recte
836 748 1032 814 vivant,
1059 748 1151 803 sed
1180 757 1236 803 ut
1263 747 1431 803 Sciant
1459 747 1906 818 quemadmodum
1938 746 2119 803 vivere

529 841 780 898 debeant.
806 840 962 896 Tales
991 857 1118 912 ergo
1146 841 1381 896 nondum
1415 841 1736 895 immaculati
1767 839 2037 892 ambulant
2065 838 2116 892 in

530 936 646 1006 lege
672 935 898 998 Domini,
923 950 986 988 ac
1012 951 1105 1006 per
1129 934 1230 989 ltoc
1256 933 1489 989 nondum
1514 933 1672 988 beati.
1697 929 1974 999 Quomodo
1993 945 2120 1001 ergo

530 1026 932 1096 intelligendum
954 1037 1056 1090 est,
1079 1025 1225 1080 Beati
1249 1026 1335 1097 qui
1359 1035 1647 1079 scrutantur
1673 1025 1953 1079 testimonia
1976 1024 2122 1094 ejus;

531 1134 650 1172 cum
685 1118 956 1173 videamus
995 1117 1239 1172 homines
1274 1119 1389 1187 ejus
1423 1117 1646 1172 scrutari
1679 1116 1976 1172 testimonia
2015 1131 2122 1170 non

534 1208 718 1262 beatos
737 1247 757 1276 ,
783 1209 904 1278 quia
937 1224 1041 1263 non
1072 1208 1478 1263 immaculatos?
1502 1207 1632 1260 Nam
1661 1206 1862 1261 Scriba:
1891 1214 1945 1262 et
1982 1204 2121 1259 Pha-

536 1299 675 1352 rismi
706 1314 866 1368 super
893 1297 1196 1352 cathedram
1226 1298 1386 1368 Moysi
1415 1296 1684 1364 sedentes,
1710 1296 1776 1350 de
1803 1296 1994 1366 quibus
2022 1295 2126 1349 Do-

545 1389 722 1442 minus
745 1390 836 1454 ait,
871 1389 996 1454 Qui:
1021 1389 1212 1453 dicunt,
1244 1389 1393 1458 facile
1411 1403 1430 1452 ;
1454 1404 1568 1457 qua:
1591 1397 1762 1442 autem
1792 1388 2004 1456 faciunt,
2038 1389 2123 1458 fa-

541 1496 650 1543 cere
671 1480 824 1532 nolite
843 1496 863 1532 .·
884 1480 1057 1532 dicunt
1087 1480 1239 1544 enim,
1273 1488 1318 1531 et
1345 1495 1445 1532 non
1488 1479 1680 1549 faciunt
1720 1477 1933 1548 (Matth.
1967 1493 2122 1543 mu,

543 1568 634 1641 5);
664 1571 842 1640 utique
870 1571 1245 1625 scrutabantur
1273 1571 1576 1625 testimonia
1605 1571 1836 1636 Domini,
1869 1580 1925 1624 ut
1955 1569 2123 1624 liabe-

540 1669 663 1715 rent
689 1677 805 1730 quze
833 1661 1068 1715 dicerent
1103 1661 1258 1729 bona,
1288 1663 1532 1732 quamvis
1563 1661 1802 1717 facerent
1831 1662 1987 1716 mala.
2019 1661 2125 1718 Sed

543 1751 644 1805 bos
686 1753 994 1806 omittamus
1029 1771 1040 1806 :
1083 1764 1228 1808 recte
1271 1753 1467 1823 quippe
1513 1753 1921 1823 respondebitur
1973 1754 2129 1809 nobis

542 1842 682 1911 quod
730 1843 815 1896 isti
860 1859 964 1896 non
1017 1853 1324 1897 scrutantur
1371 1844 1672 1898 testimonia
1736 1844 1962 1898 Domini.
2009 1843 2124 1899 Non

544 1935 686 1988 enim
713 1943 957 2006 qtnernnt
987 1935 1119 2005 ipsa,
1168 1935 1260 1990 sed
1304 1935 1445 1990 aliud
1475 1945 1721 2006 quantum
1767 1952 1861 2006 per
1899 1937 2033 2007 ipsa,
2076 1937 2127 1992 id

547 2034 650 2089 est,
681 2037 737 2080 ut
765 2027 1127 2097 gloriﬁccntur
1157 2027 1223 2081 ab
1251 2026 1580 2094 hominibus,
1608 2028 1690 2083 vel
1719 2027 1972 2084 ditentur.
2007 2028 2120 2083 Non

549 2117 756 2172 esthoc
799 2119 1020 2172 scrutari
1064 2119 1363 2173 testimonia
1415 2119 1528 2186 Dei,
1575 2136 1686 2174 non
1719 2119 1943 2192 diligere
1985 2122 2128 2192 quod

548 2208 854 2275 ostendunt,
907 2209 1047 2264 nolle
1101 2210 1378 2280 pervenire
1421 2226 1528 2282 quo
1573 2211 1793 2277 ducunt,
1841 2213 1893 2268 id
1938 2223 2020 2268 est
2063 2214 2131 2270 ad

551 2300 736 2353 Deum.
763 2303 867 2355 Aut
887 2301 932 2355 si
955 2313 1008 2357 et
1030 2302 1125 2371 ipsi
1153 2312 1457 2357 scrutantur
1484 2304 1784 2359 testimonia
1816 2305 1928 2370 Dei,
1952 2320 2131 2375 quam-

549 2393 630 2447 vis
659 2409 762 2447 non
809 2405 864 2448 ut
895 2395 1085 2464 ipsum,
1121 2395 1212 2450 sed
1257 2405 1313 2450 ut
1353 2395 1494 2450 aliud
1540 2413 1611 2451 ett
1654 2397 1736 2451 his
1767 2397 2036 2454 inveniant
2079 2407 2134 2453 et

549 2487 860 2557 acquirant;
909 2503 1054 2544 cere
1098 2505 1204 2544 non
1249 2491 1302 2544 in
1348 2500 1449 2545 toto
1492 2492 1642 2545 corde
1683 2493 1951 2562 exquirunt
1998 2509 2130 2559 eum,

547 2579 689 2648 quod
713 2596 816 2634 non
839 2580 1021 2650 utique
1047 2581 1240 2643 frustra
1269 2582 1352 2637 llic
1373 2582 1608 2638 additum
1636 2585 1928 2641 cernimus.
1946 2583 2133 2641 Sciens

555 2671 696 2724 enim
728 2671 954 2740 Spiritus
997 2672 1086 2745 qui
1139 2671 1252 2727 hate
1295 2671 1444 2740 dicit,
1491 2675 1689 2729 multos
1720 2685 1936 2745 propter
1966 2674 2130 2740 aliud,

554 2777 660 2814 non
689 2773 906 2831 propter
945 2763 1085 2832 quod
1116 2764 1460 2819 constitutum
1509 2775 1609 2830 est,
1639 2768 1864 2822 scrutari
1897 2768 2137 2823 testimo-

555 2853 641 2906 nia
671 2853 804 2923 ejus,
847 2870 951 2909 non
984 2863 1183 2910 tantum
1213 2856 1364 2924 dixit,
1396 2857 1540 2912 Beati
1568 2861 1652 2928 qui
1681 2871 1968 2914 scrutantur
1993 2861 2135 2914 testi-

555 2947 724 2999 monia
752 2948 892 3017 ejus;
933 2946 1028 3002 sed
1067 2947 1288 3014 addidit,
1321 2950 1374 3003 in
1403 2959 1504 3003 toto
1532 2952 1682 3005 corde
1707 2954 1971 3022 exquirunt
1996 2969 2129 3018 cum,

555 3048 803 3108 tauquam
848 3039 1046 3094 docens
1093 3039 1560 3109 quemadmodum,
1611 3043 1692 3098 vel
1742 3053 1960 3115 propter
2009 3044 2133 3115 quid

553 3131 841 3184 scrutanda
869 3131 976 3184 sint
1021 3131 1319 3186 testimonia
1371 3133 1598 3188 Domini.
1648 3136 1885 3206 Denique
1916 3136 1966 3190 in
2001 3137 2136 3192 libro

552 3217 836 3289 Sapientia:
867 3219 1091 3291 loquens
1133 3222 1242 3293 ipsa
1287 3221 1598 3294 Sapientia:
1633 3226 1898 3293 Quwrunt,
1945 3227 2130 3297 inquit,

557 3327 635 3364 me
661 3312 801 3376 mali,
834 3322 880 3366 et
924 3329 1023 3366 non
1067 3313 1358 3381 inveniunt;
1401 3315 1612 3370 oderunt
1659 3318 1793 3371 enim
1838 3319 2133 3388 sapientiam

561 3399 739 3470 (Prov.
766 3417 817 3468 ι,
839 3402 910 3457 28
934 3413 979 3456 et
999 3403 1115 3473 29).
1143 3403 1294 3471 Quod
1321 3405 1449 3476 quid
1479 3415 1561 3462 est
1586 3407 1746 3474 aliud,
1777 3425 1956 3480 quam,
1985 3409 2128 3466 Ode-

558 3501 682 3546 runt
702 3495 820 3548 me?
841 3494 1096 3562 Quarruut
1121 3512 1248 3566 ergo
1277 3513 1384 3563 me,
1413 3499 1508 3562 ait,
1543 3509 1596 3554 et
1621 3516 1724 3554 non
1750 3516 1834 3557 me
1861 3501 2138 3558 inveniunt

556 3583 646 3652 qui
693 3582 919 3638 oderunt
958 3601 1063 3640 me.
1107 3586 1386 3654 Quomodo
1430 3588 1588 3659 igitur
1625 3591 1873 3646 dicuntur
1897 3609 2137 3663 qua-rere

556 3674 699 3743 quod
727 3674 972 3740 oderunt,
1005 3676 1106 3732 nisi
1137 3679 1257 3748 quia
1287 3694 1392 3734 non
1426 3679 1546 3743 hoc,
1577 3681 1670 3736 sed
1711 3681 1852 3736 aliud
1893 3682 1964 3738 ibi
1992 3700 2137 3754 qua:-

559 3765 718 3818 runt?
737 3764 850 3819 Non
877 3768 1019 3821 enim
1051 3769 1234 3822 volunt
1260 3783 1378 3825 esse
1397 3771 1664 3840 sapientes
1692 3772 1743 3826 in
1774 3773 1864 3827 Dei
1891 3773 2135 3844 gloriam,

559 3855 652 3910 sed
686 3856 867 3910 volunt
885 3858 1051 3912 videri
1071 3859 1336 3929 sapientes
1359 3871 1574 3932 propter
1595 3863 1864 3919 hominum
1889 3865 2134 3936 gloriam.

568 3946 838 4012 Quomodo
862 3950 1004 4005 enim
1032 3951 1344 4021 sapientiam
1373 3969 1477 4008 non
1503 3954 1748 4022 oderunt,
1774 3972 1892 4027 qua:
1912 3955 2063 4027 jubet
2084 3967 2138 4015 et

557 4038 714 4093 docet
760 4043 1206 4097 contemnendum
1251 4059 1371 4100 esse
1413 4045 1552 4115 quod
1583 4047 1840 4119 diligunt?
1882 4048 2132 4119 Proinde,

565 4150 583 4180 ς
613 4131 754 4186 Beati
788 4135 1111 4190 immaculati
1142 4136 1194 4190 in
1225 4136 1326 4203 via,
1359 4138 1448 4208 qui
1478 4140 1753 4196 ambulant
1785 4141 1837 4196 in
1888 4142 2002 4212 lege
2031 4143 2136 4198 Do-

559 4222 707 4275 mini.
756 4223 900 4277 Beati
943 4227 1030 4294 qui
1078 4236 1384 4282 scrutantur
1431 4231 1730 4285 testimonia
1779 4232 1914 4302 ejus,
1944 4234 1994 4288 in
2028 4243 2139 4289 toto

559 4313 720 4367 Corde
745 4316 1030 4384 exquirunt
1058 4332 1200 4370 eum.
1239 4335 1256 4369 ι
1287 4318 1375 4373 Sic
1404 4320 1547 4374 enim
1573 4322 1860 4378 scrutando
1896 4325 2136 4379 testimo-

559 4403 644 4457 nia
670 4404 806 4472 ejus,
840 4416 896 4458 ut
923 4407 973 4459 in
1006 4415 1115 4462 toto
1139 4407 1302 4464 corde
1330 4411 1612 4480 exquirant
1637 4427 1778 4476 eum,
1811 4414 2134 4470 immaculati

559 4495 832 4551 atubulant
861 4496 913 4551 in
942 4496 1056 4568 lege
1087 4499 1313 4555 Domini.
1362 4501 1626 4572 Numquid
1675 4513 1849 4558 tamen
1895 4505 1984 4561 ille
2031 4522 2136 4560 non

559 4589 896 4644 scrutabatur
926 4592 1226 4647 testimonia
1253 4593 1387 4662 ejus,
1439 4611 1537 4649 nec
1561 4594 1833 4666 quzcrebat
1875 4613 2016 4664 eum,
2049 4599 2136 4669 qui

557 4681 787 4748 dicebat,
831 4681 1080 4753 Magister
1126 4683 1269 4750 bone,
1311 4685 1433 4754 quid
1476 4687 1592 4742 boni
1636 4688 1842 4758 faciam,
1896 4700 1948 4744 ut
1989 4693 2139 4746 vitam

558 4782 796 4826 toternam
841 4775 1157 4838 consequar?
1181 4774 1283 4830 Sed
1311 4778 1575 4844 quomodo
1603 4793 1722 4834 cum
1753 4778 1803 4833 in
1836 4787 1947 4835 toto
1976 4783 2138 4839 corde

558 4864 819 4934 quarsivit,
849 4863 1000 4933 cujus
1026 4866 1249 4921 consilio
1274 4865 1485 4922 divitias
1509 4881 1634 4923 suas
1651 4869 1901 4938 pnntulit,
1925 4887 2140 4940 queau-

559 4955 670 5009 dito
699 4955 868 5010 tristis
891 4955 1148 5011 abscessit
1179 4956 1388 5026 (Matth.
1417 4959 1594 5026 tx,16,
1620 4957 1754 5030 22)?
1781 4959 1911 5014 Nam
1933 4969 1988 5017 et
2013 4978 2138 5032 pro-

560 5048 715 5116 jheta
741 5047 902 5103 Isaias
928 5048 1073 5114 dicit,
1105 5049 1323 5114 Quatrite
1358 5047 1669 5118 Dominum;
1698 5062 1743 5107 et
1797 5069 1914 5106 cum
1942 5055 2140 5110 invene-

559 5139 668 5192 ritis
697 5155 828 5202 eum,
867 5138 1178 5209 derelinquat
1208 5141 1392 5211 impius
1422 5143 1526 5196 vias
1553 5159 1692 5209 suas,
1735 5152 1780 5198 et
1824 5145 1898 5198 vir
1939 5146 2139 5217 iniquus

559 5229 881 5296 cogitationes
909 5247 1025 5286 suas
1056 5231 1206 5303 (lsai.
1237 5249 1318 5296 LV,
1343 5233 1376 5289 6
1403 5243 1450 5288 et
1474 5233 1550 5307 7).

633 5319 685 5372 5.
728 5318 978 5386 Quzernnt
1004 5322 1179 5392 itaque
1211 5323 1374 5379 Deum
1405 5334 1461 5380 et
1503 5325 1652 5396 impii
1692 5336 1744 5382 et
1774 5327 1959 5398 iniqui,
1992 5338 2047 5384 ut
2072 5345 2137 5386 eo

561 5411 777 5465 itn‘eoto
806 5424 909 5464 non
951 5412 1057 5466 sint
1099 5413 1265 5484 impii,
1312 5430 1412 5472 nec
1460 5416 1645 5489 iniqui.
1692 5418 1970 5488 Quomodo
2009 5436 2137 5492 ergo

553 5504 662 5574 jam
709 5500 868 5564 beati,
899 5518 1016 5558 cum
1064 5504 1236 5561 adhuc
1279 5509 1580 5565 testimonia
1610 5513 1724 5582 ejus
1755 5523 2056 5568 scrutantur
2082 5523 2136 5570 et

620 5641 633 5669 ¹
671 5638 792 5700 Apud
818 5645 923 5708 Iov.
950 5642 1126 5708 omissa
1149 5647 1261 5708 sunt
1291 5643 1582 5708 barcuverba
1609 5661 1618 5694 :
1657 5647 1769 5708 quin
1792 5648 1974 5699 malunt
2009 5651 2138 5702 docti

554 5713 671 5768 esse,
703 5713 846 5768 quam
868 5700 998 5769 justi
1025 5715 1042 5750 :
1061 5702 1273 5769 nat'imtts
1291 5711 1335 5753 et
1358 5704 1474 5755 alios
1499 5709 1562 5756 ad
1587 5700 1680 5759 ltoc'
1696 5712 1908 5759 scrutari
1929 5700 2135 5762 testium?

555 5761 636 5870 :ia
683 5761 876 5871 meditti
905 5778 915 5812 :
952 5779 1062 5828 quae
1085 5766 1281 5830 quidem
1316 5775 1507 5818 exstant
1546 5771 1593 5822 in
1627 5773 1820 5822 caeteris
1853 5773 1944 5821 Edd
2001 5761 2045 5825 et
2089 5776 2133 5825 in

577 5836 654 5871 ἔξεις.
738 5837 830 5871 πιδ.

577 5836 654 5872 25$.
683 5836 830 5872 lUH'lS.

1743 357 1801 412 S.
1843 350 2204 410 AUGUSTINI
2249 353 2550 409 lil‘lSCOl’l

3669 356 3830 412 15οι

2223 471 2508 539 exquirunt
2532 484 2677 535 eum,
2709 486 2830 524 cum
2861 469 2963 524 hoc
2990 470 3162 526 facere
3188 470 3391 541 possint
3416 480 3471 526 et
3489 471 3660 542 impii,
3692 488 3830 542 pos-

2225 563 2334 614 sint
2358 569 2411 614 ct
2437 560 2598 630 iniqui
2615 561 2641 616 ‘2,
2668 560 2857 615 Beatos
2896 571 3076 615 autem
3114 577 3234 617 esse
3272 563 3463 633 impios
3490 573 3544 619 et
3572 565 3828 634 iniquos,

2225 651 2344 720 quis
2378 650 2458 705 vel
2488 651 2677 720 impius
2704 649 2898 706 dixerit
2930 661 3020 705 aut
3045 652 3302 721 iniquus?
3324 651 3466 724 Ergo
3507 670 3604 724 spe
3647 655 3835 720 beati,

2226 743 2362 797 sicut
2386 742 2516 796 beati
2551 743 2636 813 qui
2677 744 3065 813 persecutionem
3104 745 3362 815 patiuntur
3406 757 3612 816 propter
3645 749 3827 820 justi-

2227 835 2350 888 tiam
2372 851 2390 888 :
2420 850 2524 888 non
2556 844 2771 904 propter
2789 835 2928 904 quod
2961 835 3132 900 adest,
3167 837 3416 907 quamdiu
3444 839 3580 892 mala
3610 839 3839 908 patiun—

2229 935 2344 992 tur;
2367 924 2462 980 sed
2489 937 2705 995 prepter
2730 925 2868 995 quod
2900 926 3089 990 aderit,
3119 928 3359 997 quoniam
3385 931 3611 997 ipsorum
3631 939 3715 983 est
3744 947 3837 983 re—

2228 1032 2382 1087 gnum
2399 1015 2634 1070 ca’lorum
2655 1027 2743 1072 :ct
2763 1018 2893 1072 beati
2926 1018 3010 1089 qui
3024 1020 3252 1072 esuriant
3275 1029 3322 1073 et
3347 1021 3520 1075 sitiunt
3534 1024 3840 1094 justitiam;

2231 1124 2336 1164 non
2364 1111 2483 1180 quia
2509 1112 2749 1165 esuriunt
2776 1121 2826 1166 et
2857 1112 3060 1177 sitiunt,
3090 1113 3182 1167 sed
3207 1123 3423 1183 propter
3457 1115 3600 1184 quod
3643 1117 3844 1184 sequi-

2234 1211 2336 1265 tur,
2367 1205 2603 1274 quoniam
2634 1204 2730 1274 ipsi
2758 1206 3154 1260 saturabuntur:
3184 1215 3237 1261 et
3268 1206 3398 1261 beati
3437 1209 3526 1278 qui
3581 1209 3842 1279 plorant;

2231 1310 2336 1348 non
2369 1295 2490 1364 quia
2524 1295 2754 1364 plorant,
2785 1296 2876 1350 sed
2902 1308 3119 1366 prepter
3146 1297 3286 1367 quod
3310 1298 3569 1369 sequitur,
3597 1301 3735 1372 quia
3756 1302 3841 1354 ri-

2231 1385 2415 1440 debunt
2450 1386 2663 1454 (Matth.
2691 1403 2744 1453 v,
2772 1389 2858 1455 10,
2885 1390 2937 1455 6,
2966 1391 3042 1459 5).
3076 1390 3323 1456 Proinde,
3357 1390 3502 1446 Beati
3542 1394 3630 1463 qui
3680 1410 3846 1448 scru-

2233 1488 2404 1532 tantur
2429 1481 2712 1534 testimonia
2731 1483 2858 1551 ejus,
2883 1483 2934 1535 in
2961 1491 3062 1537 toto
3084 1483 3234 1537 corde
3257 1485 3522 1555 exquirunt
3545 1502 3668 1539 eum
3688 1501 3711 1544 ;
3733 1503 3848 1540 non

2234 1571 2355 1639 quia
2387 1581 2688 1626 scrutantur
2713 1583 2764 1628 et
2805 1574 3108 1643 exquirunt,
3137 1573 3231 1628 sed
3257 1575 3380 1644 quia
3405 1575 3676 1630 inventuri
3712 1589 3846 1629 sunt

2233 1659 2373 1729 quod
2402 1661 2719 1731 exquirunt:
2749 1663 2798 1716 in
2830 1671 2939 1717 tota
2969 1663 3112 1717 enim
3139 1663 3320 1729 corde,
3349 1679 3451 1719 non
3481 1666 3850 1737 negligenter

2236 1751 2542 1822 exquirunt.
2571 1753 2628 1808 Si
2650 1769 2776 1825 ergo
2802 1769 2896 1824 spe
2926 1754 3087 1819 beati,
3119 1753 3358 1810 fortassis
3392 1757 3550 1810 etiam
3593 1772 3700 1827 spe
3735 1757 3848 1810 im-

2236 1845 2504 1899 maculati.
2535 1845 2666 1900 Nam
2697 1845 2934 1916 profecto
2965 1846 3014 1900 in
3047 1845 3146 1902 bac
3175 1847 3300 1914 vita,
3333 1847 3453 1903 licet
3481 1849 3532 1905 in
3563 1849 3692 1920 lege
3736 1850 3851 1905 Do-

2238 1933 2367 1989 mini
2392 1936 2749 2003 ambulemus,
2778 1936 2904 1991 licet
2928 1945 3232 1992 scrutemur
3267 1938 3567 1993 testimonia
3600 1941 3757 2010 ejus,
3793 1951 3852 1995 et

2239 2025 2292 2079 in
2324 2034 2432 2080 toto
2453 2025 2615 2081 corde
2643 2027 2984 2097 exquiramus
3017 2043 3162 2093 eum,
3189 2029 3236 2083 si
3260 2029 3686 2098 dixerimusquia
3719 2047 3851 2101 pec-

2238 2126 2406 2170 catum
2432 2133 2532 2171 non
2571 2118 2827 2183 habemus,
2860 2135 2953 2173 nos
2977 2119 3114 2188 ipsos
3137 2121 3442 2188 seducimus,
3473 2132 3523 2176 et
3561 2123 3764 2177 veritas
3793 2124 3849 2177 in

2238 2210 2381 2263 nobis
2410 2225 2509 2263 non
2532 2219 2606 2265 est
2633 2211 2678 2280 (ι
2707 2209 2864 2265 Joan.
2898 2228 2936 2278 ι,
2959 2212 3041 2282 8).
3063 2212 3167 2268 Sed
3198 2213 3300 2270 hoc
3322 2214 3627 2285 diligentius
3654 2217 3850 2286 inqui-

2240 2301 2461 2356 rendum
2492 2312 2594 2357 ρει.
2618 2302 2870 2374 Sequitur
2889 2306 3105 2377 quippe,
3143 2306 3263 2361 Non
3288 2308 3419 2362 enim
3438 2309 3524 2379 qui
3549 2322 3850 2380 operantur

2239 2393 2572 2463 iniquitatem,
2603 2394 2654 2448 in
2684 2396 2775 2450 viis
2813 2397 2923 2466 ejus
2947 2397 3346 2452 ambulaverunt.
3381 2399 3458 2454 lix
3500 2416 3610 2470 quo
3656 2402 3845 2457 videri

2241 2495 2435 2556 potest,
2467 2487 2554 2557 qui
2582 2488 2855 2543 ambulant
2883 2490 2933 2544 in
2960 2490 3043 2543 via
3074 2491 3301 2556 Domini,
3328 2491 3377 2546 id
3403 2502 3485 2548 est
3513 2494 3564 2547 in
3588 2495 3715 2564 lege
3735 2495 3849 2548 Do-

2241 2577 2392 2641 mini,
2425 2579 2714 2634 scrutando
2737 2580 3035 2634 testimonia
3062 2581 3198 2650 ejus,
3225 2591 3279 2638 et
3302 2583 3353 2636 in
3383 2591 3505 2638 toto
3537 2585 3710 2640 corde
3740 2600 3847 2640 ex-

2240 2669 2502 2739 quirendo
2523 2685 2666 2736 enirn,
2691 2671 2800 2740 jam
2831 2685 2950 2726 esse
2998 2686 3162 2741 posse
3203 2673 3587 2738 innnaeulatos,
3618 2675 3730 2729 hoc
3759 2685 3849 2732 est

2242 2760 2358 2816 sine
2390 2770 2626 2829 peccato,
2659 2771 2872 2831 propter
2897 2762 3054 2817 verba
3083 2765 3393 2831 sequentia:
3417 2763 3537 2819 Non
3582 2767 3722 2819 enim
3751 2769 3848 2836 qui

2241 2862 2516 2922 operantur
2548 2855 2876 2924 iniquitatem,
2910 2855 2965 2908 in
3002 2856 3093 2909 viis
3134 2857 3244 2927 ejus
3284 2857 3690 2912 ambulaverunt.
3737 2862 3846 2927 Qui

2239 2955 2414 2999 autem
2448 2956 2704 3014 peccatum
2729 2949 2870 3019 facit,
2915 2957 2962 3002 et
2989 2950 3300 3020 iniquitatem
3337 2951 3477 3021 facit,
3523 2954 3597 3006 ait
3642 2953 3847 3010 beatus

2240 3033 2471 3090 Joannes
2492 3051 2506 3099 ;
2531 3045 2583 3090 et
2606 3036 2829 3103 addidit,
2863 3035 3132 3093 Peccatum
3159 3040 3397 3108 iniquitas
3418 3052 3490 3097 est
3517 3041 3629 3114 (Id.
3651 3059 3737 3108 ut,
3758 3043 3841 3114 4).

2243 3125 2347 3180 Sed
2370 3125 2478 3196 jam
2506 3141 2683 3181 sermo
2714 3128 2813 3182 iste
2833 3128 3159 3184 claudendus
3185 3139 3284 3196 est,
3320 3147 3421 3188 nec
3449 3132 3501 3188 in
3543 3143 3850 3205 angustum

2246 3224 2388 3270 tanta
2419 3221 2642 3287 quaestio
2667 3219 3017 3279 coal-atanda.

2895 3346 3069 3387 εειωο
3104 3349 3162 3388 If.

2317 3463 2364 3517 ί.
2401 3461 2569 3536 [υενε.
2589 3463 2682 3540 5.]
2720 3465 2984 3536 Scriptum
3004 3477 3105 3534 est,
3133 3479 3186 3524 et
3213 3469 3423 3541 legitur,
3443 3479 3496 3526 et
3520 3488 3706 3529 verum
3724 3483 3830 3540 est,

2241 3550 2294 3605 in
2325 3554 2425 3608 hoc
2447 3555 2674 3624 psalmo,
2704 3556 2826 3611 Non
2854 3559 2983 3612 enim
3007 3559 3093 3629 qui
3113 3570 3384 3629 operantur
3409 3561 3749 3634 iniquitatem,
3775 3565 3832 3618 in

2241 3646 2333 3699 viis
2371 3648 2480 3717 ejus
2518 3649 2919 3705 liiilblllttvt’fttnl.
2967 3650 3071 3706 Sed
3116 3651 3492 3709 elaborandum
3519 3663 3620 3719 est,
3649 3657 3828 3725 Opitu-

2244 3735 2387 3790 lante
2417 3738 2544 3804 Deo,
2578 3737 2629 3793 in
2657 3739 2807 3808 cujus
2834 3756 2993 3796 manu
3019 3751 3142 3796 sunt
3162 3753 3216 3798 ct
3237 3758 3332 3798 nos
3353 3753 3408 3800 et
3430 3761 3708 3802 sermones
3734 3762 3827 3803 no-

2242 3826 2338 3880 stri
2363 3825 2515 3897 (Sap.
2546 3843 2636 3891 vn,
2670 3827 2782 3901 16),
2815 3846 2884 3884 ne
2911 3840 3055 3887 recte
3092 3831 3317 3899 dictum,
3347 3850 3452 3888 non
3497 3845 3644 3891 recte
3667 3837 3824 3892 intel-

2243 3915 2458 3983 lectum,
2494 3918 2742 3974 lectorem
2772 3920 3135 3979 auditoremve
3160 3926 3818 3994 pcrturbet'.Cavcndum

2243 4015 2324 4062 est
2353 4009 2513 4074 enim,
2563 4026 2629 4064 ne
2663 4026 2851 4067 omnes
2889 4013 3057 4069 sanci
3079 4056 3092 4076 ,
3135 4030 3359 4084 quorum
3389 4017 3474 4071 illa
3503 4033 3603 4072 vox
3633 4028 3733 4084 est,
3766 4019 3823 4074 St

2241 4100 2515 4156 dixerimus
2539 4104 2658 4174 quia
2686 4115 2945 4174 peccatum
2974 4123 3072 4160 non
3100 4107 3360 4174 habemus,
3388 4127 3478 4164 nos
3507 4111 3646 4179 ipsos
3681 4115 3824 4167 sedu-

2241 4191 2420 4257 cimus,
2451 4203 2500 4248 et
2538 4196 2717 4249 veritas
2759 4196 2809 4249 in
2841 4197 2982 4251 nobis
3023 4215 3122 4252 non
3152 4210 3258 4265 est;
3299 4210 3391 4255 aut
3433 4217 3535 4255 non
3574 4213 3823 4273 putentur

2242 4282 2512 4337 ambulare
2543 4283 2596 4338 in
2627 4285 2723 4339 viis
2752 4287 2980 4354 Domini,
3023 4291 3270 4356 quoniam
3305 4304 3558 4360 peccatum
3593 4295 3822 4364 iniquitas

2242 4383 2314 4428 est
2345 4375 2385 4447 (Ι
2414 4374 2570 4430 Joan.
2596 4394 2670 4443 nt,
2704 4379 2778 4447 4),
2803 4388 2857 4434 et
2884 4382 2970 4450 qui
2997 4392 3287 4452 operantur
3330 4385 3686 4455 iniquitatem,
3721 4404 3820 4442 non

2245 4466 2426 4537 utique
2456 4469 2504 4522 iu
2536 4470 2635 4524 viis
2662 4472 2779 4540 ejus
2818 4474 3256 4538 ambulaverunt;
3299 4487 3391 4531 aut
3436 4479 3556 4549 quia
3605 4479 3821 4536 dubium

2243 4574 2349 4613 non
2379 4571 2460 4615 est
2486 4576 2578 4616 eos
2605 4563 2876 4617 ambulare
2907 4565 2960 4618 in
2989 4565 3085 4619 viis
3116 4566 3346 4634 Domini,
3392 4585 3497 4622 non
3539 4571 3823 4626 credantur

2245 4647 2442 4707 habere
2466 4664 2761 4722 peccatum,
2791 4657 2930 4726 quod
2963 4659 3142 4726 procul
3171 4658 3333 4714 dubio
3360 4659 3554 4716 falsum
3579 4673 3683 4719 est.
3719 4664 3823 4720 Ne-

2242 4765 2345 4820 que
2386 4752 2526 4805 enim
2560 4760 2775 4822 pr0ptcr
2803 4755 3160 4824 arrogantiam
3191 4757 3605 4829 superbiamque
3652 4759 3824 4814 vitan-

2242 4841 2363 4896 dam
2390 4843 2644 4912 scriptum
2675 4854 2777 4909 ρει,
2803 4845 2865 4899 Si
2893 4845 3169 4900 dixerimus
3194 4849 3313 4917 quia
3333 4858 3593 4920 peccatum
3614 4867 3719 4905 non
3739 4853 3828 4905 ha-

2243 4935 2433 4999 bemus,
2466 4951 2555 4989 nos
2583 4935 2719 5005 ipsos
2744 4935 3048 4990 seducimus.
3089 4937 3335 5007 Alioquin
3366 4955 3471 4994 non
3517 4940 3824 5004 adderetur,

2243 5024 2310 5079 Et
2335 5027 2511 5081 veritas
2537 5029 2588 5080 in
2617 5028 2756 5080 nobis
2783 5045 2881 5081 non
2911 5038 3014 5093 est;
3036 5028 3128 5084 sed
3159 5029 3447 5096 diceretur,
3477 5031 3825 5088 llumilitasin

2242 5119 2396 5174 nobis
2423 5135 2525 5174 non
2557 5129 2670 5174 est:
2701 5120 2998 5189 praesertim
3016 5122 3136 5193 quia
3159 5124 3398 5194 sequitur
3419 5125 3561 5179 unde
3584 5124 3686 5181 iste
3706 5142 3828 5182 sen-

2243 5223 2332 5263 sus
2361 5210 2553 5264 clarius
2579 5210 2888 5275 illustratur,
2929 5225 3219 5281 omnesque
3245 5213 3451 5268 auferat
3479 5213 3828 5272 dubitationis

2241 5299 2509 5370 ambages.
2537 5300 2669 5356 Cum
2697 5302 2837 5356 enim
2861 5300 2961 5356 hoc
2981 5302 3166 5357 beatus
3203 5302 3437 5358 Joannes
3464 5305 3708 5372 dixisset,
3737 5317 3829 5362 au-

2236 5393 2444 5462 junxit:
2475 5412 2493 5445 ‹
2521 5393 2574 5450 Si
2605 5404 2782 5450 autem
2819 5395 3048 5451 confessi
3091 5395 3342 5452 fuerimus
3381 5398 3572 5454 delicta
3621 5412 3823 5467 nostra,

2242 5486 2414 5541 fidelis
2441 5497 2521 5542 est
2548 5487 2814 5554 etjustus,
2838 5487 2925 5556 qui
2949 5487 3179 5542 ditnittat
3206 5490 3358 5543 nobis
3379 5501 3593 5559 peccata
3622 5503 3821 5556 nostra,

2240 5587 2293 5632 et
2325 5578 2653 5633 tnundetuos
2669 5578 2736 5633 ab
2761 5579 2902 5633 oumi
2927 5579 3198 5650 iniquitate
3229 5600 3244 5632 ι
3274 5580 3383 5652 (Id.
3415 5599 3450 5646 ι,
3474 5583 3570 5638 8et
3590 5584 3822 5653 9).Quid

2307 5713 2323 5783 '_
2350 5716 2429 5783 llic
2447 5713 2500 5783 in
2522 5714 2628 5762 Edd.
2652 5715 2840 5783 additur
2861 5729 2872 5763 :
2897 5719 3443 5783 mtcusqttccarcndum
3469 5729 3553 5774 est.
3584 5720 3692 5783 plus
3717 5735 3824 5771 vero

2240 5773 2380 5824 habet
2398 5782 2568 5849 contui
2597 5774 2936 5849 ljt'lagirtnistas
2962 5789 2978 5849 ς
3003 5773 3129 5849 quod
3159 5781 3205 5828 in
3232 5789 3332 5830 Mss.
3360 5773 3558 5846 quoque
3583 5773 3823 5835 nonnullis

2245 5849 2273 5886 ε
2300 5841 2522 5898 margine
2548 5841 2669 5887 forte.
2697 5841 2984 5901 migraverat
3017 5841 3063 5890 iu
3089 5847 3296 5892 textum.
