4188 6472
381 511 469 566 ltic
488 508 640 574 dicit,
662 507 793 580 quid
811 505 1123 565 contradicit
1138 504 1450 562 damnabilis
1467 503 1750 574 impietatis
1772 502 1966 559 elatio?

382 604 436 660 Si
457 602 606 658 enim
633 609 854 672 propter
871 600 1224 671 arrogantiam
1244 596 1600 660 devitandum,
1623 612 1727 650 non
1752 603 1969 666 propter

381 694 664 748 veritatem
698 691 988 757 fatendam,
1018 707 1120 746 non
1149 690 1332 745 dicunt
1360 689 1527 745 sancti
1555 703 1612 743 se
1637 703 1741 742 non
1768 687 1967 742 habere

383 794 696 856 peccatum;
723 783 848 855 quid
871 791 953 838 est
977 781 1117 853 quod
1146 783 1486 846 conﬁtentur,
1517 789 1572 834 ut
1597 779 1964 834 remissionem

385 875 894 944 mundationemque
925 873 1258 928 mereantur?
1293 873 1373 926 An
1405 881 1456 926 et
1480 871 1583 926 hoc
1608 872 1684 935 ﬁt,
1728 879 1784 926 ut
1818 885 1968 924 arro-

379 968 556 1039 gattlia
584 966 890 1022 devitetur?
914 966 1189 1034 Quomodo
1227 981 1355 1034 ergo
1383 961 1751 1032 impetrabitur
1775 976 1964 1031 pecea-

382 1069 558 1113 torum
589 1072 718 1112 vera
749 1056 1041 1122 mundatio,
1093 1071 1316 1125 quorum
1361 1064 1442 1109 est
1487 1053 1613 1108 falsa
1657 1052 1966 1108 confessio?

381 1149 721 1203 Conticescat
749 1147 907 1217 igitur
925 1155 1200 1203 etarescat
1225 1146 1384 1200 elatio
1416 1145 1562 1200 fenea
1590 1145 1961 1215 superborum,

381 1255 438 1294 se
461 1240 578 1307 ipsa
607 1238 891 1298 seducens,
923 1251 1041 1305 quae
1071 1237 1120 1290 in
1167 1236 1384 1292 auribus
1414 1235 1688 1290 hominum
1719 1233 1963 1290 simulata

379 1329 678 1383 humilitate
703 1328 830 1384 dicit
867 1344 925 1384 se
958 1328 1154 1383 habere
1184 1339 1479 1398 peceatum,
1520 1329 1571 1382 in
1597 1328 1759 1384 corde
1783 1337 1962 1385 autem

378 1436 476 1475 suo
499 1421 661 1490 impia
687 1421 917 1475 elatione
941 1421 1069 1474 dicit
1096 1436 1154 1475 se
1182 1435 1284 1474 non
1318 1421 1519 1475 trahere
1545 1430 1843 1489 peccatum.
1861 1420 1961 1488 Qui

379 1513 519 1567 enim
548 1513 650 1566 hoc
677 1512 877 1575 dicunt,
911 1514 1113 1580 seipsos
1157 1512 1441 1578 seducunt,
1467 1524 1520 1568 ct
1549 1513 1744 1567 veritas
1788 1513 1840 1566 in
1881 1514 1960 1568 eis

383 1620 482 1658 non
509 1615 614 1657 est.
645 1602 751 1658 Sed
780 1602 990 1673 quando
1013 1604 1063 1656 in
1089 1603 1304 1658 auribus
1326 1603 1600 1658 hominum
1633 1603 1734 1659 hoc
1759 1605 1958 1669 dicunt,

386 1711 485 1749 non
517 1703 721 1749 tantum
746 1695 970 1763 seipsos,
999 1693 1090 1749 sed
1111 1695 1244 1748 alios
1258 1711 1467 1764 quoque
1487 1694 1739 1749 doctrina:
1762 1695 1960 1749 insana:

381 1787 726 1854 perversitate
755 1785 1015 1840 seducunt
1039 1804 1051 1839 :
1073 1801 1196 1840 cum
1231 1801 1360 1840 vero
1400 1785 1449 1840 id
1479 1787 1528 1841 in
1569 1787 1731 1842 corde
1757 1803 1854 1842 suo
1881 1787 1962 1842 di-

376 1888 523 1942 cunt,
571 1879 676 1933 illic
718 1880 922 1949 seipsos
965 1877 1247 1943 seducunt,
1292 1877 1398 1932 illic
1439 1878 1636 1934 veritas
1666 1879 1718 1934 in
1747 1878 1826 1934 eis
1851 1894 1957 1933 non

375 1981 487 2037 est;
515 1987 578 2026 ac
607 1987 700 2040 per
725 1971 825 2026 hoc
853 1971 1057 2040 seipsos
1095 1971 1146 2025 in
1173 1968 1336 2025 corde
1377 1984 1476 2025 suo
1515 1969 1792 2035 seducunt,
1825 1979 1878 2024 et
1904 1971 1956 2026 in

373 2081 472 2117 suo
507 2064 669 2117 corde
708 2063 946 2120 veritatis
979 2063 1160 2117 lumen
1188 2061 1455 2117 amittunt.
1486 2061 1757 2116 Exelamet
1779 2065 1958 2116 autem

374 2167 559 2210 sancta
591 2155 784 2209 familia
811 2155 1026 2220 Christi,
1059 2153 1381 2210 fructiﬁcans
1407 2163 1461 2209 et
1483 2168 1735 2210 crescens
1763 2154 1813 2208 in
1837 2155 1956 2209 uni-

373 2263 532 2301 verso
562 2247 779 2312 mundo,
825 2245 1096 2301 humiliter
1139 2261 1298 2301 verax
1327 2254 1381 2300 et
1421 2247 1680 2300 veraciter
1706 2245 1953 2312 humilis;

370 2342 653 2404 exclamet,
676 2338 891 2408 inquam
916 2355 929 2392 :
959 2356 978 2389 ι
1003 2336 1063 2393 Si
1091 2336 1383 2392 dixerimus
1409 2336 1530 2407 quia
1557 2346 1830 2406 peceatum
1849 2352 1954 2390 non

367 2429 652 2492 habemus,
675 2444 772 2483 nos
789 2430 936 2499 ipsos
953 2429 1276 2495 scducimus,
1299 2437 1352 2482 et
1378 2428 1574 2483 veritas
1599 2429 1650 2482 in
1678 2429 1831 2483 nobis
1850 2444 1956 2484 non

370 2532 469 2574 est.
499 2521 650 2589 Quod
680 2521 723 2575 si
749 2520 978 2577 confessi
1023 2521 1274 2576 fuerimus
1315 2520 1508 2576 delicta
1548 2533 1748 2586 nostra,
1782 2521 1955 2576 ﬁdelis

369 2626 448 2668 est
469 2625 523 2669 et
541 2615 735 2685 justus,
761 2623 818 2670 ut
840 2615 1069 2670 dimittat
1090 2613 1240 2668 nobis
1263 2622 1476 2684 peccata
1499 2623 1700 2679 nostra,
1729 2622 1781 2668 et
1802 2629 1955 2668 mun-

361 2707 458 2762 det
488 2724 586 2762 nos
627 2708 695 2762 ab
742 2707 886 2763 omni
931 2707 1228 2776 iniquitate.
1261 2726 1280 2759 ι
1318 2706 1441 2760 Ilaec
1481 2717 1538 2759 ut
1567 2704 1834 2770 dicuntur,
1881 2706 1951 2760 ita

365 2801 686 2854 sentiantur.
713 2799 863 2854 Tunc
885 2799 1026 2854 enim
1053 2797 1154 2852 erit
1181 2797 1452 2852 humilitas
1475 2811 1624 2862 vera,
1647 2797 1691 2852 si
1714 2811 1820 2850 non
1839 2795 1949 2850 sola

369 2900 674 2946 ostentetur
698 2891 754 2945 in
776 2891 987 2960 lingua;
1013 2900 1068 2944 ut
1090 2890 1260 2944 simus
1285 2887 1578 2943 secundum
1613 2886 1946 2958 Apostolum,

363 3003 466 3040 non
497 2986 604 3038 alta
647 2985 920 3054 sapientes,
960 2983 1047 3037 sed
1085 2983 1355 3037 Immilihus
1381 2981 1742 3036 consentientes
1772 2979 1947 3052 (Rom.

363 3094 456 3142 xu,
478 3077 568 3146 16)
591 3095 605 3131 :
626 3092 730 3131 non
746 3080 839 3140 ait,
861 3076 1240 3146 colloquentes,
1261 3073 1379 3140 sed,
1403 3073 1792 3134 consentientes;
1809 3070 1948 3141 quod

362 3187 470 3225 non
503 3169 561 3224 ﬁt
590 3184 705 3232 ore,
743 3167 836 3222 sed
859 3167 1040 3222 corde.
1072 3165 1376 3237 l-lypocrita,
1412 3165 1458 3217 si
1486 3163 1621 3217 dicis
1647 3167 1698 3216 te
1725 3161 1944 3228 habere,

359 3276 484 3316 cum
515 3259 705 3315 credas
726 3269 775 3313 te
795 3273 899 3312 non
931 3256 1132 3311 habere
1163 3263 1470 3324 peccatum;
1512 3252 1640 3307 foris
1667 3251 1820 3321 ﬁngis
1850 3251 1940 3305 hu-

359 3355 665 3418 militatem,
695 3352 833 3405 intus
857 3348 1197 3420 amplecteris
1220 3347 1530 3400 vanitatem.
1559 3344 1696 3414 Ergo
1711 3352 1766 3398 et
1785 3344 1836 3396 in
1854 3357 1947 3398 ore

358 3447 490 3501 etin
513 3443 676 3498 corde
699 3458 802 3496 non
833 3440 995 3495 habes
1022 3440 1319 3494 veritatem.
1351 3435 1486 3502 Quid
1519 3435 1612 3489 tibi
1636 3433 1852 3503 prodest
1867 3433 1946 3487 vi-

357 3535 476 3591 deri
508 3533 810 3587 hominibus
843 3529 1044 3586 humile
1073 3544 1190 3584 esse
1215 3527 1356 3598 quod
1388 3525 1540 3592 dicis,
1565 3526 1608 3580 si
1643 3527 1780 3580 Dens
1804 3524 1946 3579 videt

357 3627 528 3682 altum
551 3640 674 3681 esse
698 3623 839 3695 quod
865 3622 1042 3693 sapis?
1069 3621 1244 3687 Certe,
1279 3621 1322 3676 si
1349 3620 1564 3675 auribus
1593 3619 1826 3673 divinum
1860 3619 1941 3672 in-

353 3729 578 3778 sonaret
603 3718 896 3780 oraculum,
931 3715 1044 3771 Noli
1075 3715 1237 3770 altum
1270 3715 1481 3778 dicere;
1511 3728 1611 3768 nec
1645 3713 1722 3766 sic
1747 3713 1942 3767 imme-

349 3813 461 3868 rito
484 3809 839 3873 damnareris,
872 3809 916 3863 si
947 3806 1144 3861 humile
1171 3806 1224 3860 in
1270 3814 1364 3860 ore
1407 3820 1585 3860 coram
1617 3804 1940 3868 hominibus,

353 3916 411 3962 et
428 3905 600 3959 altum
623 3905 674 3958 in
693 3901 854 3958 corde
876 3915 1054 3955 coram
1085 3899 1307 3953 Domino
1326 3896 1636 3967 loquereris.
1661 3896 1790 3950 Cum
1818 3910 1944 3949 vero

349 3995 566 4056 audias,
615 3990 741 4047 Noli
762 3989 923 4046 altum
943 4006 1140 4060 sapere,
1167 3989 1254 4042 sed
1279 3988 1397 4040 time
1425 3985 1534 4057 (id.
1568 4001 1642 4049 ιιι,
1670 3985 1762 4050 20)
1813 3984 1939 4056 (non

350 4089 500 4145 enim
526 4087 621 4153 ait,
655 4085 852 4150 dicere,
875 4083 990 4147 sed,
1014 4080 1243 4152 sapere);
1276 4096 1371 4135 cur
1398 4095 1500 4132 non
1529 4079 1686 4134 etiam
1717 4077 1857 4132 intus
1883 4093 1942 4131 es

350 4179 575 4236 humilis
600 4177 688 4233 ubi
719 4175 897 4247 sapis?
938 4177 1017 4229 An
1064 4173 1182 4228 ideo
1222 4186 1374 4226 mens
1403 4170 1676 4225 altitudine
1707 4167 1938 4234 inﬂatur,

350 4280 410 4326 ut
454 4270 810 4326 humilitatem
855 4267 1029 4336 lingua
1068 4263 1384 4320 mentiatur?
1413 4261 1591 4330 Legis,
1641 4261 1724 4314 vel
1765 4259 1936 4324 audis,

351 4359 489 4416 Noli
505 4363 663 4415 altum
681 4376 878 4431 sapere,
909 4360 995 4413 sed
1024 4356 1180 4410 time:
1205 4366 1258 4410 et
1298 4364 1353 4408 tu
1381 4355 1431 4407 in
1469 4363 1668 4406 tantum
1697 4351 1839 4421 sapis
1865 4353 1940 4406 al-

349 4463 489 4518 tum,
535 4461 591 4508 ut
613 4462 671 4508 te
697 4461 970 4522 peccatum
1009 4449 1279 4506 existimes
1316 4462 1420 4501 non
1465 4447 1687 4512 habere;
1735 4461 1797 4501 ac
1846 4462 1939 4515 per

350 4551 478 4612 hoc,
497 4546 620 4617 quia
636 4560 743 4600 non
763 4543 846 4598 vis
868 4543 1074 4610 timere,
1100 4541 1226 4596 nihil
1251 4539 1343 4594 tibi
1364 4537 1504 4593 aliud
1529 4545 1767 4592 remanet
1781 4553 1936 4608 qunn

347 4647 563 4692 tumere
579 4637 619 4691 ³.

417 4731 477 4784 2.
522 4730 588 4785 Et
616 4727 776 4791 unde,
800 4727 995 4798 inquis,
1015 4725 1267 4795 scriptum
1289 4732 1390 4788 est,
1417 4720 1537 4776 Non
1561 4721 1691 4774 enim
1713 4719 1799 4791 qui
1818 4737 1937 4788 ape-

345 4831 532 4877 rantur
556 4821 893 4890 iniquitatem,
924 4818 976 4871 iu
1005 4817 1098 4871 uiis
1122 4817 1235 4886 ejus
1261 4813 1679 4868 artibulaverunt?
1701 4815 1780 4866 Au
1807 4827 1934 4866 vero

345 4912 522 4967 sancti
547 4912 759 4966 Domini
799 4926 903 4965 non
929 4907 1204 4963 ambulant
1232 4907 1284 4961 in
1311 4906 1410 4960 viis
1444 4903 1685 4959 Domini?
1710 4903 1859 4971 Quod
1888 4903 1932 4958 si

345 5003 646 5072 ambulant,
689 5003 876 5075 inquit,
919 5017 1023 5057 non
1051 5012 1338 5071 operantur
1366 4998 1692 5068 iniquitatem
1719 5014 1730 5050 :
1754 4996 1796 5049 si
1827 5011 1931 5050 non

344 5105 643 5167 opt-rantur
685 5095 1036 5164 iniquitatem,
1069 5107 1174 5146 non
1207 5090 1404 5144 habent
1449 5099 1753 5158 peccaturo;
1799 5103 1930 5158 quo-

345 5189 491 5244 niam
521 5196 780 5257 peccatum
817 5185 1055 5254 iniquitas
1094 5191 1186 5238 est.
1233 5183 1472 5251 Exsurge
1515 5181 1567 5234 in
1610 5180 1928 5250 adjutorium

344 5279 502 5345 mihi,
536 5277 760 5333 Domine
788 5274 936 5339 .lesu,
977 5284 1031 5330 et
1070 5283 1256 5330 contra
1288 5271 1593 5326 baereticum
1617 5271 1929 5339 superbien-

344 5382 453 5428 tem
480 5370 748 5441 opitulare
777 5368 904 5423 mihi
936 5382 1029 5439 per
1054 5366 1363 5436 Apostolum
1385 5365 1747 5419 conﬁtentem.
1770 5364 1925 5426 Ecce,

343 5463 435 5520 ubi
464 5471 548 5521 est
577 5461 737 5515 homo
779 5469 900 5514 tuus
943 5459 1260 5513 exinanicns
1304 5471 1382 5522 se,
1427 5464 1482 5509 nt
1527 5455 1806 5526 impleatur
1837 5457 1929 5509 te?

343 5559 521 5629 Ipsum
551 5554 850 5620 audiamus,
897 5551 1085 5606 fratres
1128 5549 1260 5612 mei;
1308 5549 1478 5619 ipsum
1527 5546 1593 5603 de
1644 5548 1740 5602 hac
1784 5563 1928 5617 qure-

338 5653 542 5716 stione,
570 5648 614 5703 si
646 5648 837 5718 placet,
870 5646 977 5700 imo
1005 5643 1125 5714 quia
1159 5644 1349 5713 placet,
1390 5642 1800 5712 interrogemus.
1836 5641 1928 5694 Dic

336 5743 519 5808 nobis,
553 5739 716 5794 Paule
752 5735 1076 5801 beatissime,
1109 5741 1284 5790 utrum
1332 5733 1686 5788 ambulaveris
1729 5731 1780 5786 in
1827 5731 1926 5786 viis

403 5859 422 5891 ⁸
448 5857 526 5906 sic
549 5859 656 5903 Mss.
677 5857 729 5900 At
751 5848 884 5913 Fili,
905 5847 1088 5900 timere.

1489 388 1881 443 ΕΝᾸΒΒΛἩΟ
1921 386 1982 442 IN
2025 385 2341 446 PSAIMUM
2367 390 2593 447 CXVIII.

3524 406 3661 463 i506

2082 503 2305 568 Domini,
2336 523 2457 564 eum
2499 509 2551 564 in
2578 522 2741 566 carne
2769 509 2942 568 adhuc
2969 511 3207 570 viveres?
3233 516 3570 588 Respondet:
3597 525 3660 580 Et

2078 595 2218 651 Unde
2246 596 2508 664 dicebam,
2550 597 2902 656 Verumtamen
2932 604 2982 656 in
3008 606 3143 674 quod
3170 610 3503 677 peruenimus,
3526 615 3579 669 in
3599 631 3656 670 eo

2075 684 2384 741 ambulemus
2420 688 2678 760 (Philipp.
2731 706 2810 757 tu,
2845 694 2968 764 lﬁ)?
2999 694 3152 752 Unde
3190 698 3453 768 dicebam,
3485 703 3657 760 Num-

2074 778 2197 846 quid
2222 779 2542 834 circumvenit
2571 800 2654 836 ros
2681 783 2861 840 Titus?
2889 804 3055 843 nonne
3081 791 3252 844 eodem
3274 795 3454 863 spiritu
3474 797 3656 853 ambu-

2074 871 2322 926 Inrimus?
2350 889 2515 928 nonne
2541 875 2717 930 iisdem
2745 879 2959 948 uestigiis
2991 880 3053 951 (ll
3078 879 3194 935 Cor.
3226 900 3314 947 xu,
3350 886 3474 957 18)?
3501 888 3656 946 Unde

2073 959 2335 1028 dicebam,
2365 964 2617 1028 Quamdiu
2654 984 2825 1022 sumus
2863 971 2915 1023 in
2958 987 3185 1042 corpore,
3217 978 3595 1047 peregrinantur
3622 996 3656 1036 α

2073 1051 2327 1118 Domino;
2355 1073 2444 1127 per
2459 1057 2624 1125 ﬁdem
2649 1060 2780 1113 enim
2814 1063 3146 1130 ambulamus,
3180 1083 3280 1120 non
3318 1085 3406 1138 per
3441 1073 3654 1142 speciem

2073 1142 2181 1214 (Id.
2215 1160 2263 1211 v,
2298 1145 2351 1210 6,
2383 1146 2472 1214 7)?
2498 1149 2628 1214 Quze
2655 1149 2850 1204 certior
2874 1152 2955 1205 via
2989 1153 3214 1220 Domini,
3248 1173 3404 1227 quam
3439 1164 3568 1218 ﬁdes
3587 1179 3652 1222 ex

2069 1250 2171 1304 qua
2196 1237 2371 1305 justus
2409 1239 2538 1293 vivit
2579 1240 2756 1310 (Rom.
2788 1260 2823 1305 I,
2861 1245 2985 1314 17,?
3015 1245 3072 1300 In
3112 1247 3263 1318 cujus
3305 1250 3522 1309 alterius
3550 1257 3651 1312 vite

2069 1327 2260 1383 itinere
2275 1329 2340 1384 ad
2357 1346 2583 1400 superna
2604 1335 2904 1402 tendebam,
2924 1339 3134 1408 quando
3151 1341 3414 1412 dicebam,
3436 1365 3455 1398 ι
3481 1346 3651 1404 Unum

2070 1431 2247 1474 autent
2273 1436 2392 1491 quae
2421 1434 2565 1477 retro
2596 1425 2810 1489 oblitus,
2842 1428 2894 1481 in
2924 1444 2985 1483 ea
3011 1446 3129 1500 quae
3159 1441 3281 1487 ante
3311 1448 3434 1490 sunt
3465 1447 3656 1493 exten-

2069 1517 2172 1576 tus,
2202 1512 2492 1566 secundum
2518 1514 2863 1570 intentionem
2895 1533 3090 1589 sequor
3120 1523 3184 1576 ad
3220 1524 3446 1592 palmam
3469 1542 3654 1597 super-

2067 1615 2148 1653 na:
2185 1602 2476 1656 vocationis
2505 1603 2593 1659 Dei
2625 1604 2675 1658 in
2707 1605 2917 1661 Christo
2941 1607 3067 1666 .Iesu
3103 1630 3122 1662 ι
3158 1610 3417 1684 (Philipp.
3453 1633 3528 1683 ιιι,
3566 1619 3648 1684 l5,

2067 1691 2193 1762 14)?
2224 1693 2500 1750 Pestrcmo
2539 1697 2590 1750 in
2633 1712 2734 1767 qua
2776 1699 2879 1755 alia
2923 1700 3004 1755 via
3047 1717 3406 1773 cucurrerunt,
3437 1710 3652 1778 quando

2064 1780 2326 1850 dicebam,
2359 1783 2556 1839 Bonum
2581 1798 2828 1842 certamen
2853 1791 3056 1857 certari,
3085 1807 3284 1846 cursum
3312 1803 3648 1853 consummaui

2071 1872 2135 1943 (ll
2181 1872 2310 1928 Tim.
2340 1891 2412 1943 tv,
2443 1874 2534 1947 7)?
2562 1875 2702 1932 Satis
2731 1879 2835 1934 sint
2864 1880 2961 1934 ista
2992 1897 3268 1952 reSponsa,
3297 1887 3488 1957 quibus
3515 1906 3647 1959 apo-

2064 1966 2260 2020 stolum
2298 1965 2518 2022 Paulum
2547 1968 2598 2022 in
2628 1968 2727 2023 viis
2762 1969 2970 2024 Domini
2999 1972 3296 2028 ambulasse
3325 1975 3605 2032 didicimus
3633 2000 3644 2034 :

2063 2058 2157 2112 sed
2183 2059 2250 2113 ab
2275 2059 2365 2114 illo
2393 2068 2446 2114 et
2474 2059 2615 2115 aliud
2650 2061 2994 2132 inquiramus.
3030 2064 3120 2119 Dic
3147 2067 3392 2133 obsecro,
3422 2088 3454 2120 ιι
3491 2073 3640 2141 Αμυ-

2063 2150 2216 2214 Stole,
2259 2151 2470 2220 quando
2510 2153 2685 2207 adhuc
2725 2154 2775 2207 in
2815 2168 2979 2210 carne
3005 2156 3189 2212 vivens
3220 2159 3270 2212 in
3306 2159 3406 2214 viis
3441 2164 3645 2218 Domini

2060 2241 2398 2308 ambulabas;
2430 2243 2665 2300 habebas
2692 2253 2988 2315 peccatum,
3016 2264 3083 2301 an
3113 2249 3229 2304 sine
3253 2262 3473 2320 peccato
3501 2257 3647 2310 cras?

2061 2335 2354 2391 Audiamus
2383 2346 2561 2392 utrum
2591 2353 2651 2392 se
2682 2338 2795 2408 ipse
2823 2339 3060 2406 sedueat,
3102 2355 3170 2396 an
3198 2357 3324 2398 vero
3349 2346 3489 2414 quod
3519 2349 3644 2402 bea-

2062 2433 2146 2480 tus
2169 2425 2404 2482 Joannes
2433 2429 2549 2498 ejus
2575 2430 2916 2499 conpostolus
2943 2433 3112 2501 sapiat
3135 2450 3146 2486 :
3171 2436 3419 2503 quoniam
3449 2439 3644 2493 veritas

2059 2525 2175 2572 erat
2195 2517 2247 2572 in
2276 2518 2375 2573 eis.
2403 2517 2467 2574 Et
2493 2519 2577 2574 hic
2598 2535 2724 2592 ergo
2755 2521 3074 2590 respondet:
3101 2522 3290 2579 Nonne
3319 2526 3520 2595 legistis
3548 2531 3636 2584 ubi

2058 2608 2336 2678 conﬁteor,
2375 2611 2579 2679 dicens,
2626 2611 2742 2666 Non
2773 2615 2904 2667 enim
2941 2618 3076 2682 quod
3113 2616 3224 2671 uolo
3259 2620 3395 2689 facio
3434 2620 3638 2688 bonum,

2057 2701 2146 2754 sed
2169 2704 2304 2773 quod
2325 2703 2442 2756 nolo
2467 2707 2672 2770 malum,
2703 2705 2797 2758 hoc
2819 2707 2954 2776 ago?
2975 2707 3039 2762 Et
3060 2708 3161 2763 hoc
3186 2711 3513 2768 audivimus:
3529 2713 3639 2784 jam

2058 2794 2233 2862 itaque
2259 2792 2387 2848 illud
2419 2795 2829 2865 interrogamus,
2877 2796 3158 2863 Quomodo
3203 2799 3255 2854 in
3304 2802 3401 2855 viis
3434 2803 3640 2858 Domini

2055 2885 2386 2948 ambulabas,
2420 2887 2464 2940 si
2493 2885 2686 2940 rnalmn
2715 2887 2855 2958 quod
2884 2890 3104 2946 nolebas
3133 2890 3235 2947 hoc
3269 2895 3489 2962 agebas;
3518 2912 3638 2951 cum

2056 2979 2296 3034 Psalmus
2321 2989 2535 3034 sanctus
2556 2981 2766 3035 insonet
2786 2981 2989 3048 dicens,
3025 2981 3142 3037 Non
3161 2985 3290 3038 enim
3311 2987 3395 3056 qui
3419 3004 3639 3057 aperan-

2053 3081 2136 3124 tur
2163 3071 2491 3141 iniquitatem,
2517 3072 2569 3125 in
2595 3073 2687 3126 viis
2721 3073 2829 3143 ejus
2852 3073 3268 3130 ambulaverunt?
3303 3078 3439 3132 Audi
3467 3084 3638 3134 eunti-

2053 3177 2160 3216 nuo
2181 3163 2590 3232 respondentem
2620 3178 2714 3232 per
2738 3165 3056 3220 sententiam
3083 3179 3494 3237 consequentem
3527 3189 3540 3223 :
3575 3172 3638 3225 Si

2051 3257 2188 3326 quod
2223 3254 2362 3319 nolo,
2407 3255 2595 3325 inquit,
2637 3271 2727 3325 ego
2755 3257 2850 3310 hoc
2877 3258 3033 3328 facio,
3067 3258 3182 3328 jam
3208 3275 3308 3312 non
3339 3276 3429 3330 ego
3455 3277 3635 3328 operor

2049 3348 2197 3410 illud,
2215 3349 2303 3402 sed
2326 3348 2461 3418 quod
2473 3348 2661 3402 habitat
2678 3350 2728 3403 in
2747 3365 2825 3401 me
2839 3360 3095 3420 peccatum
3117 3348 3291 3422 (Rom.
3318 3369 3406 3418 ιιι,
3430 3354 3630 3424 15-17).

2051 3440 2190 3496 Ecce
2229 3439 2674 3510 quemadmodum
2719 3441 2808 3511 qui
2839 3441 3110 3495 ambulant
3155 3441 3207 3496 in
3256 3443 3354 3496 \iis
3401 3444 3629 3510 Domini,

2049 3548 2154 3587 non
2177 3542 2465 3603 operantur
2489 3543 2786 3604 peccatum,
2816 3544 2871 3588 Cl
2897 3541 3071 3587 tamen
3101 3549 3206 3586 non
3235 3546 3356 3587 Slllll
3380 3536 3494 3588 Silii?
3518 3552 3634 3604 DCC-

2047 3632 2195 3690 cato;
2225 3624 2345 3695 quia
2368 3623 2477 3695 jam
2505 3637 2609 3678 non
2636 3623 2731 3694 ipsi
2759 3633 3048 3694 operantur
3073 3623 3220 3690 illud,
3253 3625 3345 3679 sed
3373 3627 3512 3696 qu-id
3545 3629 3630 3682 ha~

2045 3717 2180 3773 bitat
2207 3718 2260 3770 in
2287 3714 2364 3772 eis
2395 3724 2689 3786 peceatum.

2115 3811 2170 3865 5.
2205 3809 2298 3864 llic
2325 3808 2468 3864 dicet
2507 3808 2735 3877 aliquis:
2765 3807 3042 3874 Quomodo
3078 3807 3267 3878 agebat
3295 3810 3436 3880 quod
3474 3813 3628 3866 nolo-

2047 3901 2134 3955 bat
2161 3899 2378 3963 malum,
2407 3907 2458 3954 et
2483 3898 2754 3967 quomodo
2783 3899 2896 3967 ipse
2921 3912 3025 3952 non
3052 3898 3102 3951 id
3125 3898 3334 3967 agebat,
3366 3899 3459 3954 sed
3485 3905 3625 3971 quod

2047 3991 2312 4046 habitabat
2343 3990 2395 4043 in
2435 3990 2524 4044 illo
2552 3989 2870 4058 peccatum?
2899 3988 3112 4042 Interim
3137 3988 3246 4058 jam
3277 3992 3372 4043 ista
3403 3995 3628 4060 quarstio

2045 4085 2214 4138 soluta
2263 4090 2378 4147 est,
2425 4081 2658 4149 satisque
2696 4079 2940 4147 apparuit
2985 4078 3270 4147 Scriptura:
3310 4083 3626 4140 auctoritate

2045 4173 2314 4230 αιτιοιιὶοω
2334 4214 2348 4234 ,
2383 4171 2494 4226 ﬁeri
2530 4185 2684 4241 posse
2716 4178 2772 4223 ut
2813 4169 3144 4224 ambulantes
3173 4170 3223 4224 in
3257 4171 3354 4225 viis
3385 4172 3622 4240 Domini,

2043 4265 2282 4336 quamvis
2325 4281 2427 4316 non
2465 4263 2570 4315 sint
2599 4262 2714 4316 sine
2745 4269 2991 4330 peccato,
3034 4276 3138 4314 non
3181 4269 3356 4316 tamen
3400 4262 3450 4316 id
3493 4278 3623 4333 ope-

2043 4369 2228 4414 rentur
2265 4356 2382 4426 ipsi.
2424 4355 2545 4410 Non
2582 4355 2715 4409 enim
2752 4354 2838 4424 qui
2862 4363 3133 4423 operantur
3155 4355 3492 4425 iniquitatem,
3525 4359 3625 4414 hoc

2042 4462 2122 4508 est
2147 4459 2450 4522 peccatum,
2479 4447 2599 4516 quia
2631 4455 2888 4517 peccatum
2927 4445 3164 4516 iniquitas
3195 4458 3294 4507 est.
3327 4448 3378 4501 in
3402 4450 3492 4502 vis
3516 4452 3625 4520 ejus

2041 4545 2434 4598 ambulaverunt.
2476 4539 2591 4594 .lam
2625 4554 2749 4593 vero
2778 4553 2877 4608 qua
2915 4538 3117 4591 ratione
3156 4541 3320 4608 possit
3363 4540 3620 4610 intelligi,

2041 4652 2094 4694 et
2114 4652 2276 4708 agens
2302 4635 2428 4690 illud
2461 4642 2676 4703 prepter
2699 4647 2892 4700 corpus
2915 4630 3102 4685 mortis
3125 4630 3300 4701 hujus,
3329 4632 3377 4683 in
3405 4647 3510 4700 quo
3538 4636 3618 4686 lt-x

2042 4731 2239 4799 peccati
2266 4725 2503 4788 habitat,
2536 4733 2590 4777 et.
2628 4737 2732 4776 non
2777 4722 2889 4791 ipse
2917 4736 3079 4790 agens
3111 4721 3234 4775 illud
3267 4732 3480 4791 propter
3509 4723 3620 4776 vias

2042 4819 2248 4874 Domini
2288 4818 2340 4871 in
2371 4816 2560 4886 quibus
2589 4813 2858 4878 amlmlat;
2905 4813 3042 4866 alius
3071 4827 3249 4866 sermo
3287 4812 3618 4865 necessarius

2038 4922 2148 4975 est,
2181 4910 2298 4980 quia
2328 4909 2425 4963 iste
2454 4904 2778 4962 claudendas
2801 4911 2902 4959 est.

2683 5052 2854 5093 SEBMO
2893 5052 2965 5089 111.

2109 5186 2158 5239 1.
2189 5181 2337 5254 [vers.
2361 5179 2438 5251 5.]
2468 5178 2688 5245 Propter
2709 5172 2758 5227 id
2779 5169 2918 5242 quod
2942 5172 2990 5223 in
3015 5170 3217 5238 psalmo
3239 5169 3340 5224 isto
3361 5168 3616 5237 scriptum

2034 5286 2146 5341 est,
2183 5273 2301 5328 Non
2333 5273 2464 5326 enim
2500 5268 2584 5339 qui
2619 5274 2890 5335 aperantur
2926 5263 3271 5330 iniquitatem,
3309 5262 3362 5314 in
3392 5262 3482 5316 aiis
3509 5263 3619 5331 ejus

2035 5368 2432 5428 ambulaverunt,
2462 5360 2710 5432 quoniam
2738 5367 2994 5428 peccatum
3022 5355 3262 5427 iniquitas
3286 5365 3358 5408 est
3391 5353 3430 5426 (l
3457 5355 3614 5408 Joan.

2035 5478 2110 5526 ιιι,
2141 5460 2217 5530 4),
2246 5458 2383 5512 sicut
2420 5455 2652 5510 Joannes
2677 5447 2948 5520 apostolus
2987 5447 3142 5510 dicit,
3175 5455 3360 5502 exorta
3389 5445 3618 5498 difﬁcilis

2033 5551 2275 5622 quaestio,
2304 5543 2581 5615 Quomodo
2609 5542 2813 5613 possint
2837 5537 3006 5594 sancti
3047 5539 3097 5592 in
3143 5537 3243 5592 hac
3284 5535 3390 5589 vita
3423 5544 3477 5588 et
3509 5550 3613 5586 non

2031 5659 2152 5702 esse
2175 5642 2291 5696 sine
2314 5647 2550 5710 peccato,
2584 5633 2704 5704 quia
2734 5641 2788 5688 et
2815 5629 2945 5686 illud
2973 5645 3154 5684 verum
3186 5635 3296 5688 cst,
3329 5624 3390 5679 Si
3419 5623 3615 5676 dixeri-

2031 5751 2142 5788 mus
2169 5733 2287 5799 quia
2318 5738 2574 5801 peccatnm
2597 5742 2695 5779 non
2722 5722 2979 5787 habemus,
3013 5736 3104 5774 nos
3133 5719 3268 5788 ipsos
3291 5712 3576 5767 seducimur
3599 5755 3612 5777 ,

2031 5839 2078 5886 et
2105 5828 2283 5882 veritas
2323 5825 2374 5877 in
2405 5821 2545 5876 nobis
2572 5835 2670 5874 non
2702 5827 2770 5872 est
2808 5815 2916 5888 (Id.
2947 5827 2984 5879 ι,
3010 5811 3097 5883 8);
3128 5818 3180 5864 et
3216 5815 3390 5862 tamen
3421 5804 3613 5861 ambu-
