4188 6432
590 304 727 359 1307

590 428 704 480 lare
745 425 856 480 vias
887 424 1125 490 Domini,
1175 437 1307 492 quas
1355 436 1457 476 non
1494 421 1769 476 ambulant
1810 422 1898 492 qui
1937 435 2166 492 aperan-

584 532 672 577 tttr
701 519 1067 590 iniquitatem:
1098 515 1268 569 soluta
1299 523 1412 579 est,
1447 513 1656 569 dicente
1685 513 1928 584 apostolo
1974 512 2168 582 Paulo,

585 611 704 666 1am
756 628 856 666 non
896 625 1014 680 ergo
1053 622 1234 677 operor
1276 605 1435 670 illud,
1466 605 1554 659 sed
1601 605 1653 658 id
1679 605 1814 673 quod
1857 605 1911 658 iu
1955 621 2034 658 me
2079 604 2172 658 Ita-

578 679 708 760 ’ὺὶιαι
754 679 1032 772 peccatum.
1088 697 1367 767 Quomodo
1413 697 1554 751 enim
1614 706 1697 752 est
1747 695 1864 750 sine
1915 704 2169 765 peccato,

585 801 639 855 in
687 813 791 867 quo
818 796 1016 850 habitat
1047 793 1360 864 peccatum?
1402 792 1650 846 Ambulat
1680 801 1857 845 tamen
1901 791 2013 845 vias
2064 791 2171 845 Do-

581 889 745 956 mini,
799 902 930 958 quas
958 903 1063 941 non
1107 885 1377 939 ambulant
1421 884 1507 952 qui
1550 893 1864 951 onerantur;
1908 883 2027 953 quia
2060 883 2169 952 jam

583 1001 689 1040 non
718 985 830 1052 ipse.
868 991 1116 1051 operatur
1143 978 1270 1032 illud
1289 1021 1302 1043 ,
1333 977 1424 1030 sed
1450 976 1587 1046 qttod
1636 977 1685 1029 itt
1716 991 1781 1029 eo
1809 975 2010 1030 habitat
2045 989 2169 1044 pec-

564 1085 778 1134 ’c..tum.
817 1075 1193 1130 Verumtamen
1239 1072 1308 1126 ita
1357 1070 1523 1124 Saluta
1565 1078 1649 1122 est
1675 1068 1898 1136 quaestio
1939 1066 2070 1132 ista,
2115 1077 2173 1121 ut

583 1171 853 1228 difﬁcilior
900 1170 1064 1222 altera
1124 1173 1454 1228 nasceretur,
1511 1161 1790 1230 Quomodo
1837 1169 1956 1231 agat
2009 1159 2171 1214 homo

583 1264 725 1336 quod
769 1263 881 1331 ipse
923 1275 1027 1315 non
1067 1259 1193 1328 agit.
1229 1257 1519 1324 Utrm’nqne
1549 1253 1690 1308 enim
1723 1252 1885 1314 dixit;
1927 1260 2012 1316 et,
2048 1248 2170 1304 Non

582 1355 719 1424 quod
743 1352 878 1418 volo,
907 1367 1036 1420 ago;
1065 1358 1138 1413 cl,
1168 1347 1286 1402 Non
1313 1362 1402 1416 ego
1429 1361 1608 1412 operor
1633 1342 1781 1404 illud,
1811 1341 1898 1394 sed
1924 1343 2058 1410 quod
2079 1341 2170 1394 Ita-

583 1447 706 1500 bitat
751 1445 801 1497 iu
833 1459 909 1496 me
935 1449 1189 1512 peccatum
1222 1436 1408 1507 (Rom.
1439 1451 1511 1489 vn
1534 1476 1547 1495 ,
1578 1435 1642 1488 l7
1667 1445 1712 1487 et
1740 1432 1811 1487 90
1831 1474 1844 1496 ,
1877 1434 1984 1500 16).
2019 1431 2170 1487 Unde

585 1536 881 1604 intelligere
919 1531 1175 1585 debemus
1196 1571 1209 1593 ,
1243 1528 1454 1598 quando
1485 1537 1758 1594 peccatum
1795 1523 1934 1594 quod
1969 1525 2170 1578 habitat

584 1632 636 1682 in
667 1628 840 1690 nobis,
874 1631 1124 1691 operatur
1153 1620 1204 1674 in
1229 1619 1400 1682 nobis,
1431 1627 1556 1670 tunc
1584 1631 1680 1668 nos
1708 1615 1756 1668 id
1791 1629 1894 1668 non
1924 1615 2166 1682 aperari;

583 1717 796 1790 quando
827 1727 1157 1784 nequaquam
1193 1710 1241 1764 ei
1273 1710 1517 1763 voluntas
1558 1716 1736 1761 nostra
1775 1706 2074 1767 consentit,
2117 1714 2169 1759 et

584 1817 732 1865 tenet
757 1808 914 1861 etiam
943 1802 1183 1872 corporis
1213 1799 1480 1860 membra,
1516 1812 1582 1850 ne
1611 1795 1862 1850 obediant
1891 1794 2170 1849 desideriis

585 1902 723 1969 ejus.
755 1894 889 1964 Quid
921 1895 1062 1949 enim
1091 1900 1342 1964 aperatur
1370 1897 1641 1957 peceatum
1673 1885 1972 1939 nolentibus
1994 1885 2167 1951 nobis,

585 1992 686 2046 nisi
728 1991 839 2044 sola
883 1987 1063 2041 illicita
1095 1980 1397 2039 desideria?
1427 1979 1629 2048 Quibus
1664 1978 1707 2030 si
1740 1975 2025 2030 voluntatis
2065 1989 2170 2028 non

584 2082 899 2138 adhibeatur
925 2088 1208 2133 assensus;
1240 2082 1482 2126 movetur
1507 2069 1718 2138 quidem
1760 2067 2048 2121 nonnullus
2089 2066 2169 2117 al"-

584 2177 755 2230 l‘ectns
777 2215 790 2238 ,
824 2170 916 2225 sed
948 2169 1123 2223 nullus
1149 2167 1196 2221 ei
1230 2165 1493 2219 relaxatur
1519 2160 1755 2215 cll'ectns.
1784 2157 1896 2213 lloc
1925 2156 2172 2227 pra‘cepit

585 2267 725 2321 idem
752 2261 1023 2332 apostolus
1043 2301 1057 2322 ,
1099 2257 1186 2311 tibi
1213 2256 1377 2310 dicit:
1410 2252 1530 2306 Non
1561 2268 1678 2322 ergo
1709 2259 1878 2321 regnet
1909 2258 2170 2318 peccatum

585 2361 637 2412 in
683 2366 843 2412 vestro
890 2351 1092 2406 mortali
1139 2364 1381 2419 corpore,
1425 2345 1492 2398 ad
1535 2344 1862 2398 obedientium
1911 2340 2171 2396 desideriis

585 2453 728 2524 ejus;
779 2465 868 2502 nec
912 2445 1183 2500 exitibeatis
1227 2441 1443 2495 membra
1490 2449 1651 2493 vestra
1699 2453 1844 2490 arma
1891 2436 2170 2505 iniquitatis

585 2552 789 2612 peccato
815 2537 922 2607 (Id.
951 2551 1024 2601 vt,
1050 2535 1136 2598 1'2,
1166 2533 1275 2603 l5).
1303 2531 1435 2585 Sunt
1457 2531 1634 2598 itaque
1655 2527 1913 2582 desideria
1945 2525 2166 2596 peccati,

584 2633 778 2701 quibus
806 2647 901 2684 nos
935 2625 1203 2698 prohibuit
1231 2623 1466 2678 obedire.
1505 2620 1810 2689 Operantur
1841 2619 1857 2650 ¹
1890 2633 2017 2688 ergo
2046 2631 2169 2684 pec-

584 2736 760 2779 catum
809 2721 922 2775 iure
967 2717 1264 2780 desideria;
1309 2715 1501 2784 quibus
1537 2712 1580 2766 si
1623 2711 1938 2772 ohedimus,
1983 2716 2035 2762 et
2073 2723 2170 2763 nos

586 2831 918 2884 operantur:
967 2812 1012 2864 si
1055 2819 1231 2863 autem
1278 2807 1709 2874 obtemperantes
1758 2801 2012 2871 Apostolo
2062 2813 2166 2853 non

585 2907 868 2963 obedimns
907 2904 983 2957 eis
1003 2944 1018 2963 ,
1051 2918 1154 2955 non
1197 2899 1323 2953 illud
1366 2913 1462 2952 nos
1491 2911 1793 2966 Operamur,
1824 2893 1916 2947 sed
1945 2891 2085 2962 quod
2115 2891 2169 2945 in

585 2997 742 3052 nobis
775 2995 972 3048 habitat
998 3000 1290 3062 peccatum.
1315 2988 1372 3044 Si
1402 2995 1576 3040 autem
1607 2984 1868 3041 desideria
1898 2982 2037 3036 nulla
2068 2980 2166 3034 ha-

587 3093 838 3148 beremus
865 3087 1070 3151 illicita,
1101 3098 1198 3137 nec
1231 3096 1359 3145 nos,
1393 3095 1490 3134 nec
1521 3085 1792 3149 peceatum
1822 3075 1943 3128 mali
1971 3072 2166 3143 aliqttid

585 3192 898 3253 operaretur
939 3179 991 3231 in
1033 3176 1206 3230 nobis.
1240 3174 1435 3226 Motum
1480 3185 1639 3240 porro
1675 3167 1839 3222 illiciti
1879 3164 2163 3230 desiderii,

579 3276 670 3330 cui
709 3290 814 3328 non
855 3267 1156 3326 obediendo
1197 3281 1301 3320 non
1338 3280 1457 3318 eum
1499 3279 1595 3316 nos
1632 3275 1934 3330 oper-amur,
1967 3259 2084 3312 ideo
2114 3266 2167 3311 et

585 3381 684 3420 nos
726 3379 883 3434 agere
926 3361 1172 3425 dicimur,
1215 3356 1463 3426 qttouiam
1508 3369 1613 3408 non
1651 3363 1732 3408 est
1775 3360 1978 3405 natum
2016 3350 2167 3419 vigor

584 3459 794 3520 alienzr,
824 3456 915 3509 30d
949 3455 1171 3522 languor
1199 3460 1281 3505 est
1307 3458 1504 3503 nostra:
1535 3466 1547 3502 :
1576 3463 1603 3501 a
1636 3459 1742 3515 quo
1768 3445 2022 3512 languore
2050 3458 2168 3497 om-

584 3549 801 3607 nimodo
827 3547 960 3600 Salvi
1004 3545 1233 3607 erimus,
1266 3557 1384 3594 cum
1428 3549 1484 3594 et
1510 3540 1685 3593 animo
1714 3548 1768 3592 et
1800 3553 2022 3606 corpore
2061 3537 2164 3589 im-

583 3643 837 3697 mortales
883 3638 1002 3692 lncti
1046 3636 1322 3690 fuerimus.
1368 3635 1703 3703 Quapropter
1741 3639 1795 3684 et
1823 3631 1942 3700 quia
1985 3630 2164 3683 inviis

583 3733 791 3789 Domini
813 3731 1166 3792 ambulamus,
1197 3743 1301 3781 non
1324 3725 1600 3780 obcdimus
1621 3723 1901 3778 desideriis
1929 3722 2159 3790 peccati;

579 3838 634 3880 ct
663 3827 782 3896 quia
827 3840 928 3878 non
960 3836 1143 3877 sumus
1172 3821 1286 3874 sine
1317 3829 1560 3890 peccato,
1604 3817 1860 3872 habemus
1899 3815 2163 3870 desideria

580 3919 803 3990 peccati.
838 3919 911 3970 Ac
940 3932 1031 3984 per
1069 3914 1172 3969 hoc
1193 3912 1302 3982 jam
1348 3926 1443 3965 nos
1473 3927 1532 3966 ea
1571 3925 1674 3963 tton
1717 3924 1798 3977 opt
1823 3923 2022 3969 rantur,
2058 3922 2159 3960 non

580 4012 658 4065 eis
685 4007 1015 4072 ubediendo;
1048 4005 1139 4059 sed
1168 4003 1306 4074 quod
1348 4002 1398 4056 in
1439 4001 1592 4055 nobis
1621 3999 1820 4053 habitat
1854 4005 2122 4067 peccatmu
2144 4038 2159 4062 ,

578 4100 765 4154 eadem
797 4094 1201 4152 commovendo.
1234 4091 1354 4147 Non
1389 4093 1519 4145 enim
1547 4091 1632 4162 qui
1671 4099 1945 4160 operantur
1973 4088 2162 4157 iniqui-

580 4203 752 4256 tatem,
783 4191 832 4245 id
859 4199 960 4254 est,
991 4189 1251 4244 obediunt
1274 4185 1553 4241 desideriis
1591 4184 1791 4253 peccati
1815 4224 1827 4242 ,
1855 4183 1908 4234 in
1937 4181 2030 4235 viis
2060 4180 2164 4236 Do-

581 4284 708 4338 mini
736 4282 1129 4335 ambulaverunt.

650 4376 704 4426 2.
737 4373 841 4426 Sed
871 4372 1044 4426 adhuc
1073 4369 1417 4440 qumrcndum
1447 4377 1525 4421 est
1553 4383 1670 4436 qum
1700 4376 1943 4436 petamus
1967 4367 2158 4421 dimitti

581 4463 764 4527 nobis,
797 4461 1008 4531 quando
1036 4461 1263 4515 dicimus
1296 4461 1427 4524 Deo,
1458 4457 1667 4511 Dimitte
1696 4457 1834 4511 nobis
1872 4457 2036 4511 debita
2064 4476 2160 4512 uo-

577 4567 682 4609 stra
713 4571 729 4608 :
759 4564 932 4607 utrum
961 4567 1078 4622 qua}
1108 4566 1205 4606 nos
1231 4564 1532 4620 operamur,
1557 4549 1768 4618 quando
1795 4549 1994 4617 peccati
2021 4549 2161 4604 desi-

578 4647 742 4700 deriis
771 4644 1075 4708 nbedimus;
1106 4658 1172 4697 an
1218 4646 1327 4710 ipsa
1362 4639 1621 4694 desideria
1656 4640 1807 4693 nobis
1835 4639 2028 4693 dimitti
2070 4656 2159 4691 vo-

580 4739 775 4800 lumus,
809 4753 927 4805 qua:
970 4748 1069 4788 nos
1103 4749 1208 4787 non
1245 4747 1549 4801 Operatnur,
1583 4730 1674 4784 sed
1706 4731 1842 4798 quod
1876 4729 2076 4785 habitat
2106 4732 2156 4785 in

577 4830 732 4884 nobis
779 4837 1071 4895 peceatum.
1119 4825 1382 4891 Quanttnn
1428 4823 1637 4893 quidem
1679 4838 1776 4892 ego
1819 4838 2005 4892 sapere
2033 4838 2158 4892 pos-

577 4939 717 4984 sum,
752 4921 1022 4989 languoris
1048 4919 1189 4972 illius
1217 4926 1270 4971 et
1301 4915 1623 4969 inﬁrmitatis
1645 4955 1658 4980 ,
1689 4914 1827 4968 unde
1856 4915 2028 4969 illicita
2061 4913 2158 4968 de-

574 5015 769 5070 sideria
818 5022 1244 5077 commoventur,
1285 5009 1426 5095 quod
1475 5019 1731 5080 peccatum
1761 5008 1989 5078 appellat
2019 5010 2159 5078 Apo-

574 5109 746 5162 stolus
789 5107 897 5178 (Id.
926 5123 1032 5172 vn,
1062 5105 1212 5175 7-25)
1238 5146 1252 5170 ,
1303 5105 1582 5158 universus
1621 5111 1795 5158 reatus
1821 5113 2156 5156 sacramento

577 5197 916 5267 Baptismatis
953 5206 1037 5251 est
1073 5198 1278 5252 solutus
1300 5238 1312 5259 ,
1346 5211 1466 5249 cum
1498 5195 1743 5248 omnibus
1771 5209 1887 5263 quite
1919 5194 1993 5247 illi
2026 5194 2156 5248 obe-

573 5289 783 5343 dientes
814 5289 1068 5353 fecimus,
1117 5288 1381 5353 diximus,
1428 5286 1810 5354 cogitavimus;
1863 5301 1960 5340 nec
2005 5285 2157 5340 nobis

571 5381 827 5448 deinceps
854 5378 1074 5448 languor
1101 5379 1199 5432 iste
1227 5379 1456 5443 obesset,
1481 5377 1722 5447 quamvis
1745 5377 1963 5442 inesset,
1993 5375 2037 5429 si
2067 5375 2160 5431 de~

572 5472 786 5529 sitleriis
817 5470 931 5540 ejus
963 5470 1157 5524 illicitis
1185 5471 1342 5523 nullis
1373 5485 1603 5538 unquam
1632 5468 1985 5522 obedientiam
2019 5482 2157 5536 prte-

574 5567 842 5629 beremns,
873 5563 986 5617 sive
1011 5562 1354 5629 operatione,
1389 5561 1499 5614 sive.
1531 5561 1794 5614 locutione
1816 5601 1831 5625 ,
1861 5559 1972 5613 sive
2001 5559 2157 5612 tacita

574 5661 918 5722 assensione;
950 5657 1121 5711 donec
1146 5654 1304 5710 etiam
1333 5654 1444 5723 ipse
1472 5663 1772 5718 saltaretur,
1798 5667 1915 5706 cum
1940 5651 1991 5704 id
2019 5649 2156 5721 quod

645 5776 661 5806 ί
685 5782 802 5822 ‘n-es
825 5781 948 5832 \Iss.,
970 5775 1210 5833 operatur.

1823 305 1878 359 S.
1913 304 2277 363 AUCUSTINl
2320 310 2623 374 EPISCOPK

3729 333 3862 390 l503

2280 431 2547 498 poscimus
2584 444 2728 488 esset
2769 435 3073 506 impletum,
3107 440 3218 496 sive
3247 440 3485 498 dicentes
3507 486 3521 510 ,
3575 443 3754 500 l'eniat
3783 466 3865 502 re-

2277 538 2430 592 gnum
2459 534 2631 592 tuum;
2661 527 2774 584 sive
2804 529 3066 598 dicentes,
3099 531 3291 588 Libero
3309 553 3399 591 nos
3425 554 3456 591 a
3481 540 3616 592 malo
3647 539 3864 611 (Matth.

2276 632 2361 682 vt,
2398 617 2483 679 12,
2529 619 2630 685 l0,
2674 622 2800 688 l5):
2834 623 2925 678 sed
2968 625 3216 694 quoniam
3248 629 3470 686 tentatio
3508 641 3592 687 est
3618 634 3726 686 vita
3772 635 3877 690 ho-

2277 723 2432 762 mana
2459 724 2620 780 super
2645 720 2841 768 terram
2877 713 2997 787 (Job
3023 721 3112 784 vn,
3140 716 3192 790 1)
3215 736 3228 784 ;
3260 721 3466 775 etiamsi
3496 737 3527 776 a
3554 722 3876 782 criminibus

2277 798 2434 870 longe
2463 800 2661 871 simus,
2694 820 2800 859 non
2831 815 3006 862 tamen
3039 809 3191 866 deest
3215 812 3304 866 ubi
3332 812 3612 869 desideriis
3639 820 3874 886 peccati,

2276 890 2357 943 vel
2386 889 2554 958 l‘acto,
2593 894 2674 947 vel
2704 895 2868 961 dicto,
2904 899 2985 952 vel
3016 901 3244 969 cogitatu
3277 902 3626 971 obcdiamus;
3657 909 3879 978 quando

2275 979 2530 1036 adversus
2558 984 2756 1054 majora
2797 987 3136 1055 vigilantibus
3158 1033 3172 1056 ,
3203 993 3444 1062 qua-dam
3491 997 3721 1051 incautis
3770 999 3879 1052 mi—

2277 1082 2400 1126 nuta
2441 1074 2732 1144 subrepunt
2773 1093 2891 1147 qua:
2922 1081 2964 1132 si
2994 1079 3250 1135 adversus
3278 1098 3374 1137 nos
3401 1085 3741 1154 colligantur,
3771 1090 3878 1144 etsi

2277 1178 2380 1215 non
2411 1165 2614 1234 singula
2646 1167 2755 1222 suis
2789 1168 3018 1225 molibus
3048 1172 3062 1202 ¹
3109 1182 3426 1241 conterunt,
3471 1179 3650 1231 omnia
3689 1186 3878 1234 tamen

2273 1270 2468 1311 acervo
2505 1273 2605 1312 nos
2647 1260 2898 1316 obruunt.
2931 1263 2994 1316 Et
3039 1275 3253 1334 propter
3284 1265 3428 1332 hac,
3473 1269 3632 1323 etiam
3682 1271 3735 1324 lii
3781 1272 3880 1338 qui

2275 1347 2635 1404 antbulant'in
2664 1351 2761 1405 viis
2807 1353 3013 1408 Domini
3042 1354 3224 1409 dicunt
3243 1399 3256 1423 ,
3296 1355 3508 1412 Dimitte
3534 1360 3675 1414 nobis
3704 1361 3884 1415 debita

2275 1448 2448 1492 nostra
2474 1456 2492 1493 :
2519 1443 2768 1509 quoniam
2801 1442 2864 1496 ad
2899 1443 3008 1499 vias
3046 1445 3286 1509 Domini,
3320 1459 3369 1501 et
3401 1449 3511 1520 ipsa
3543 1453 3718 1506 oratio
3749 1469 3884 1522 per-

2277 1532 2440 1596 tinet,
2475 1543 2526 1587 et
2556 1535 2664 1604 ipsa
2693 1535 2961 1590 confessio
2980 1579 2994 1604 ,
3024 1540 3266 1608 quamvis
3299 1557 3402 1595 non
3434 1542 3498 1597 ad
3531 1558 3624 1598 eas
3651 1554 3880 1615 peccata

2276 1625 2599 1692 pertineant.

2346 1716 2395 1770 5.
2443 1715 2621 1788 Itaque
2667 1719 2717 1773 iit
2762 1720 2861 1774 viis
2910 1722 3154 1790 Domini,
3203 1740 3335 1794 quas
3366 1742 3552 1780 omnes
3585 1727 3718 1782 ﬁdes
3764 1746 3880 1784 una

2274 1807 2666 1876 complectitur,
2699 1825 2799 1880 qua
2835 1813 2884 1866 in
2931 1827 3051 1866 eum
3082 1814 3317 1870 creditur
3355 1817 3443 1886 qui
3478 1817 3736 1886 justiﬁcat
3764 1820 3879 1874 im-

2275 1898 2416 1965 pium
2461 1898 2634 1970 (Rom.
2678 1917 2749 1964 tv,
2791 1903 2878 1973 5),
2927 1905 3014 1973 qui
3058 1906 3216 1958 etiam
3261 1905 3424 1972 dixit,
3476 1907 3585 1980 Ego
3629 1927 3743 1962 sum
3786 1913 3881 1964 eia

2276 1989 2453 2059 (Joan.
2483 2009 2595 2056 xw,
2625 1993 2708 2060 6);
2741 2011 2897 2049 nemo
2921 2007 3194 2064 peccatum
3220 2009 3490 2068 operatur,
3519 2000 3613 2054 sed
3639 2004 3882 2057 conﬁtc-

2278 2091 2382 2135 tttr.
2417 2071 2600 2139 D‘eviat
2625 2101 2771 2156 ergo,
2799 2101 2920 2140 eum
2963 2097 3180 2156 peccat;
3214 2098 3266 2144 et
3297 2091 3413 2144 ideo
3457 2103 3734 2161 peccatum
3768 2093 3878 2149 via:

2277 2188 2380 2226 non
2430 2175 2692 2239 tribuitur,
2742 2177 2882 2246 quod
2914 2193 2942 2231 a
2985 2179 3229 2234 deviantc
3256 2183 3607 2237 committitur
3638 2203 3650 2237 :
3683 2186 3781 2241 scd
3814 2188 3873 2241 in

2276 2265 2356 2318 via
2387 2264 2504 2320 ﬁdei
2545 2283 2639 2336 pro
2677 2285 2782 2324 non
2823 2272 3164 2340 peccantibus
3204 2273 3485 2342 habentur,
3514 2278 3710 2347 quibus
3739 2295 3877 2349 pce-

2275 2367 2390 2411 cata
2420 2374 2524 2413 non
2560 2361 2906 2429 imputantur.
2938 2363 3010 2418 De
3031 2365 3224 2435 quibus
3249 2369 3519 2436 apostolus
3546 2369 3747 2425 Paulus
3775 2371 3874 2441 jn-

2274 2451 2470 2505 stitiam
2505 2451 2622 2506 ﬁdei
2660 2454 3073 2524 commendans,
3116 2457 3166 2510 in
3211 2459 3415 2527 psalmo
3453 2461 3714 2530 scriptum
3746 2478 3875 2518 esse.

2273 2544 2620 2610 monstravit,
2650 2543 2795 2599 Beati
2834 2564 3046 2616 quorum
3075 2550 3297 2604 remissa!
3319 2562 3437 2605 sunt
3465 2551 3788 2621 iniquitates,
3823 2568 3876 2610 et

2273 2653 2486 2707 quorum
2513 2648 2638 2692 lecta
2659 2650 2774 2694 sunt
2795 2653 2998 2710 peccata
3022 2658 3040 2694 :
3067 2643 3238 2696 beatus
3264 2644 3337 2697 rir
3359 2645 3442 2698 cui
3468 2662 3568 2700 non
3594 2646 3877 2716 imputari:

2277 2729 2806 2812 Domiuus‘perratam
2847 2735 3016 2803 (Rom.
3051 2752 3122 2802 tv,
3151 2737 3212 2801 7;
3242 2747 3286 2790 et
3311 2735 3455 2792 Psal.
3481 2755 3627 2804 xxxr,
3655 2741 3684 2793 ’1
3714 2750 3763 2793 et
3784 2739 3872 2812 Ξ).

2273 2819 2385 2875 lloc
2415 2819 2667 2892 pra-stant
2695 2825 2792 2878 vite
2825 2825 3060 2892 Domini;
3102 2842 3162 2880 ac
3191 2842 3286 2896 per
3314 2827 3446 2893 hoc,
3489 2830 3750 2898 qu0niam
3784 2829 3876 2899 ju-

2271 2923 2385 2968 stus
2415 2930 2480 2970 ex
2511 2915 2613 2970 ﬁde
2637 2917 2761 2970 vivit
2790 2917 2963 2987 (Rom.
2995 2935 3031 2984 ι,
3060 2921 3172 2986 17),
3204 2919 3271 2973 ab
3301 2920 3396 2974 ista
3425 2921 3507 2974 via
3533 2921 3750 2977 Domini
3782 2923 3874 2978 illa

2271 3006 2465 3060 alienat
2497 3007 2778 3076 iniquitas,
2825 3025 2941 3079 qtae
2981 3022 3063 3064 est
3094 3010 3396 3066 inﬁdelitas.
3443 3011 3498 3066 In
3541 3012 3645 3068 hac
3683 3024 3876 3070 autem

2273 3098 2375 3163 via,
2407 3099 2456 3153 id
2487 3109 2565 3154 cst
2591 3143 2602 3166 ,
2637 3101 2685 3154 in
2720 3100 2820 3154 ﬁde
2846 3103 2925 3170 pia
2945 3144 2959 3166 ,
2993 3103 3228 3172 quisquis
3255 3103 3519 3169 ambulat,
3549 3114 3642 3158 aut
3673 3119 3878 3176 perca-

2273 3199 2381 3242 tnm
2411 3205 2515 3243 non
2545 3200 2815 3260 operatur,
2845 3202 2933 3246 ant
2953 3194 2994 3245 si
3019 3193 3140 3263 quid
3166 3211 3192 3246 a
3216 3194 3461 3250 deviame
3482 3197 3874 3259 committitur.

2272 3291 2486 3351 propter
2525 3283 2661 3336 viam
2695 3299 2800 3336 non
2846 3284 3153 3353 itnpntatnr,
3185 3294 3239 3339 et
3270 3294 3517 3356 tanquam
3559 3302 3669 3342 non
3702 3287 3877 3343 fuerit

2270 3384 2519 3443 cperatus
2547 3376 2825 3445 accipitur.
2860 3377 2921 3430 Et
2946 3377 3064 3433 ideo
3086 3379 3218 3432 bene
3239 3380 3398 3434 etiam
3422 3380 3498 3434 sic
3523 3381 3869 3451 intelligitur,

2273 3465 2391 3520 Non
2415 3469 2544 3520 enim
2562 3469 2650 3540 qni
2670 3479 2942 3540 operantur
2965 3472 3296 3541 iniquitatem,
3319 3473 3371 3526 in
3387 3474 3478 3528 viis
3492 3475 3602 3544 ejus
3626 3475 3875 3530 ambula-

2269 3567 2442 3611 verunt
2459 3576 2477 3623 ;
2507 3571 2560 3613 ut
2589 3559 2724 3614 hanc
2756 3561 3087 3631 it'tiqnitatem
3117 3564 3523 3634 signiﬁcaverit,
3550 3582 3672 3636 quae
3707 3583 3871 3624 rece-

2268 3649 2346 3702 dit
2376 3665 2402 3702 a
2435 3650 2537 3703 ﬁde
2561 3693 2575 3717 ,
2605 3660 2696 3705 aut
2726 3668 2828 3707 non
2859 3655 3062 3708 accedit
3092 3656 3155 3708 ad
3187 3655 3362 3710 ﬁdem.
3395 3656 3866 3724 Quemadmodum

2268 3741 2408 3792 enim
2438 3741 2511 3794 ait
2543 3741 2796 3797 Dominus
2824 3744 2888 3797 de
2913 3743 3131 3810 Judteis,
3167 3745 3228 3799 Si
3255 3763 3355 3800 non
3385 3751 3643 3815 venissent,
3677 3769 3867 3821 pecca-

2267 3837 2372 3882 tum
2403 3847 2503 3884 non
2529 3831 2765 3886 haberent
2799 3833 2972 3904 (Joan.
3000 3852 3090 3901 xv,
3119 3836 3248 3906 2'2);
3278 3853 3374 3893 nec
3396 3839 3576 3909 utique
3606 3841 3726 3897 sine
3750 3843 3864 3898 ullo

2267 3930 2484 3990 peccato
2512 3933 2682 3987 erant,
2709 3934 2989 3994 antequam
3013 3927 3259 3982 Christus
3287 3932 3491 3986 veniret
3517 3932 3568 3988 in
3591 3948 3783 3997 carne,
3806 3946 3863 3991 et

2266 4027 2328 4065 er.
2358 4027 2462 4081 quo
2485 4015 2646 4079 venit,
2675 4027 2954 4084 coeperunt
2986 4019 3179 4073 habere
3205 4029 3510 4090 peccatum;
3541 4024 3635 4078 sed
3665 4041 3859 4093 pecca-

2268 4107 2376 4155 tum
2419 4103 2684 4172 quoddam
2717 4115 2919 4161 certum
2943 4151 2956 4172 ,
3006 4108 3053 4162 id
3083 4118 3198 4175 est,
3238 4110 3593 4176 inﬁdelitatis,
3628 4114 3855 4188 intelligi

2266 4196 2450 4260 voluit,
2475 4199 2722 4266 quoniam
2749 4215 2852 4254 non
2879 4201 3220 4257 crediderunt
3245 4204 3296 4258 in
3322 4220 3442 4259 eum
3470 4223 3482 4258 :
3516 4207 3584 4260 ita
3605 4207 3696 4278 qui
3723 4224 3854 4280 ope-

2267 4297 2452 4341 rantur
2480 4289 2846 4358 iniquitatem,
2895 4308 3000 4348 non
3041 4296 3365 4365 quamlibet,
3393 4298 3486 4352 sed
3513 4299 3652 4354 hanc
3682 4301 3848 4370 ipsam

2267 4379 2615 4444 inﬁdelitatis,
2655 4398 2756 4437 non
2786 4385 2836 4437 in
2866 4386 2964 4439 viis
2990 4387 3106 4454 ejus
3133 4389 3558 4455 ambulaverunt,
3585 4393 3702 4462 quia
3735 4395 3848 4446 uni-

2265 4486 2419 4523 versa:
2455 4471 2548 4526 rite
2590 4472 2795 4527 Domini
2843 4477 3187 4532 misericordia
3219 4489 3264 4534 et
3292 4482 3470 4535 veritas
3505 4481 3672 4552 (Psal.
3700 4500 3841 4549 xmv,

2267 4564 2388 4631 10);
2425 4574 2706 4635 utrumque
2730 4577 2907 4622 autem
2937 4570 2988 4623 in
3016 4569 3232 4625 Christo
3255 4583 3358 4637 est,
3392 4583 3444 4628 et
3475 4586 3669 4643 prmter
3695 4574 3844 4629 Chri-

2264 4664 2399 4707 stum
2431 4669 2686 4726 nusquam
2711 4668 2810 4713 est.
2841 4659 2965 4715 Dico
2985 4663 3119 4716 enim
3143 4663 3416 4729 Christum,
3439 4667 3511 4720 ait
3537 4667 3840 4736 Apostolus,

2269 4748 2554 4802 ministrum
2593 4750 2747 4819 fuisse
2783 4753 3174 4809 circumcisionis
3201 4768 3404 4827 propter
3432 4761 3689 4814 veritatem
3724 4760 3839 4819 Dei.

2266 4839 2334 4891 ad
2363 4841 2738 4908 conﬁrmandos
2779 4845 3133 4912 promissiones
3176 4846 3432 4914 Patrum;
3464 4849 3646 4906 Gentes
3681 4864 3843 4905 autem

2263 4946 2412 5000 super
2439 4932 2828 4988 misericordiam
2848 4935 3132 5005 gloriﬁcare
3153 4938 3308 4993 Deum
3337 4939 3509 5011 (Rom.
3530 4959 3622 5006 xv,
3651 4945 3684 4998 8
3701 4955 3745 4997 et
3765 4945 3836 5010 9}.

2265 5020 2318 5074 lit
2352 5020 2452 5075 hoc
2481 5023 2639 5092 igitur
2667 5025 3009 5080 misericordia
3030 5071 3043 5094 ,
3085 5031 3203 5098 quia
3233 5048 3328 5085 nos
3358 5033 3617 5099 redemit;
3652 5035 3702 5089 itt
3749 5036 3842 5090 hoc

2262 5115 2464 5179 veritas,
2492 5115 2615 5185 quia
2644 5116 2692 5170 id
2725 5118 2865 5187 quod
2898 5120 3139 5187 promisit
3170 5122 3424 5192 implevit,
3450 5135 3503 5178 et
3533 5126 3842 5195 impleturus

2263 5215 2345 5261 est
2370 5207 2506 5277 quod
2537 5209 2814 5277 promittit.
2851 5211 2951 5278 Qui
2978 5228 3106 5283 ergo
3130 5227 3401 5284 operantur
3429 5219 3764 5288 iniquitatem,
3793 5221 3839 5274 id

2263 5307 2345 5352 est
2377 5297 2770 5368 inﬁdelitatem,
2813 5318 2908 5356 non
2937 5305 2985 5356 in
3017 5305 3105 5358 viis
3142 5307 3253 5378 ejus
3279 5309 3698 5375 ambularet-unt;
3726 5314 3839 5382 quia

2266 5389 2314 5442 in
2351 5389 2621 5444 Christum
2662 5407 2764 5444 non
2793 5395 3152 5450 crediderunt.
3197 5399 3334 5468 Ergo
3365 5414 3762 5468 convertantur,
3793 5415 3843 5458 et

2266 5477 2318 5531 in
2347 5493 2464 5533 cum
2498 5481 2584 5550 qui
2611 5481 2867 5549 justiﬁcat
2895 5485 3111 5553 impium
3135 5530 3148 5553 ,
3184 5490 3267 5557 pie
3309 5493 3562 5557 credant,
3593 5505 3752 5565 atque
3793 5498 3840 5550 in

2266 5570 2358 5624 illo
2405 5573 2824 5630 miscricordiam
2872 5581 3102 5646 peccatis
3147 5581 3416 5647 dimissis,
3468 5595 3521 5645 et
3569 5591 3840 5643 veritatem

2267 5665 2542 5734 completis
2571 5668 2868 5737 promissis,
2905 5669 3003 5725 hoc
3049 5683 3128 5727 est
3149 5717 3162 5740 ,
3197 5677 3469 5734 universas
3501 5682 3609 5736 vias
3641 5683 3838 5737 Domini

2338 5780 2436 5828 ἐἰς
2457 5785 2561 5827 .uss.
2589 5780 2698 5829 add.
2723 5795 2839 5832 vero
2856 5818 2868 5842 ,
2892 5785 3108 5838 motibus.
