4188 6432
355 343 503 402 1509

363 453 682 509 inveniant:
737 453 790 508 in
835 452 1025 523 quibus
1070 450 1402 506 ambulantes
1444 463 1549 504 non
1593 447 1952 518 operabuntur

364 544 740 614 iniquitatem;
791 544 914 613 quia
954 558 1060 597 non
1111 541 1364 596 tenebunt
1412 539 1813 603 infidelitatem,
1865 536 1960 591 sed

366 635 552 700 tidem,
579 648 701 705 qure
729 649 827 702 per
848 633 1188 688 dilectionem
1215 641 1466 703 operatur
1497 629 1689 700 (Colat.
1719 645 1773 696 v,
1809 627 1884 698 6),
1909 635 1961 682 et

367 727 453 780 cui
480 733 760 794 peccatum
788 739 893 779 non
925 725 1230 794 imputatur.

1031 871 1202 912 εειωο
1241 872 1309 910 ιν.

444 991 500 1044 1.
536 987 686 1063 [item
717 987 796 1061 4.]
835 987 966 1056 Quis
995 996 1097 1055 est,
1135 985 1457 1052 cbarissimi,
1503 986 1590 1055 qui
1626 984 1850 1039 Domino
1878 984 1962 1037 ιΙὶ-

369 1081 466 1147 cit,
506 1097 526 1132 ι
562 1079 640 1135 Tu
663 1080 962 1149 prmcepisti
984 1078 1227 1132 mandata
1250 1087 1335 1132 tua
1367 1076 1622 1133 custodiri
1643 1076 1819 1129 nimis.
1850 1073 1966 1130 Uti-

378 1187 503 1228 nam
534 1171 829 1244 dirigantur
852 1171 947 1225 ι’ίώ
973 1186 1104 1226 metu
1131 1171 1194 1224 ad
1227 1170 1604 1225 custodiendas
1627 1169 1964 1239 justitieatio-

376 1278 472 1318 nes
495 1273 632 1318 tuas.
663 1262 812 1319 Tunc
841 1277 946 1317 non
972 1261 1282 1323 confundor,
1309 1261 1434 1315 dum
1465 1261 1687 1329 inspicio
1710 1261 1760 1314 in
1787 1258 1963 1314 omnia

376 1355 632 1412 mandata
664 1353 791 1409 tua?
824 1373 843 1407 ι
881 1351 1010 1422 Quis
1053 1362 1135 1408 est
1162 1353 1250 1422 qui
1283 1352 1385 1406 hoc
1425 1352 1574 1418 dicit,
1629 1352 1726 1405 nisi
1775 1367 1966 1404 nutun-

377 1444 626 1517 quodque
679 1445 977 1499 membrum
1027 1443 1245 1507 Christi,
1291 1443 1375 1496 vel
1426 1442 1604 1511 potius
1651 1441 1963 1495 universum

378 1553 577 1608 corpus
605 1538 842 1593 Christi?
889 1538 953 1592 Et
997 1537 1120 1608 quid
1159 1547 1260 1602 est,
1302 1536 1375 1590 Tu
1412 1539 1690 1607 prwcepisti
1728 1537 1966 1591 mandata

383 1642 464 1685 tua
494 1632 740 1685 custodiri
761 1630 946 1684 nimis?
973 1639 1168 1692 utrum,
1191 1629 1338 1682 nimis
1359 1630 1638 1698 prwcepisti
1654 1645 1672 1693 ;
1703 1643 1792 1693 an,
1817 1627 1966 1682 nimis

383 1721 623 1776 custodiri
641 1720 965 1789 iQuodlibet
997 1719 1184 1773 horum
1211 1719 1581 1788 intelligamus,
1614 1727 1796 1772 contra
1822 1719 1965 1773 illam

385 1813 783 1869 memorabilem
813 1813 1148 1882 nobilemque
1172 1813 1488 1866 sententiam
1521 1811 1619 1864 hoc
1648 1810 1849 1865 dictqu
1884 1811 1961 1865 vi-

372 1904 556 1970 detur,
604 1919 764 1973 quam
809 1902 979 1958 Graeci
1023 1901 1236 1956 laudant
1283 1902 1334 1956 in
1371 1901 1698 1971 sapientibus
1740 1901 1870 1966 suis,
1913 1910 1968 1956 et

377 1994 552 2049 Latini
583 1993 846 2048 laudando
875 1993 1215 2049 consentiunt
1242 2009 1255 2047 :
1290 2011 1308 2044 ι
1340 1989 1416 2046 Ne
1442 1991 1567 2061 quid
1604 1991 1759 2045 nimis
1789 2011 1807 2044 ι
1847 1990 1967 2062 (Te-

377 2095 513 2139 rent.
550 2084 715 2138 Andr.
768 2084 876 2138 Art.
921 2100 958 2146 ι,
990 2099 1062 2137 sc.
1096 2083 1168 2151 l).
1196 2081 1251 2137 Si
1299 2081 1439 2136 enim
1484 2082 1585 2136 hoc
1628 2096 1812 2136 verum
1861 2089 1963 2148 est,

377 2184 437 2230 ut
466 2191 535 2232 ne
562 2175 689 2246 quid
715 2175 872 2230 nimis
909 2175 1026 2240 fiat;
1073 2173 1340 2244 quomodo
1381 2188 1563 2226 verum
1603 2181 1684 2225 est
1710 2171 1849 2242 quod
1882 2171 1966 2226 hic

378 2266 594 2336 dicitur,
635 2266 716 2322 Tu
759 2267 1040 2338 prtccepisti
1082 2266 1325 2320 mandata
1365 2275 1450 2318 tua
1497 2265 1738 2319 custodiri
1780 2265 1968 2319 nimis?

379 2359 594 2432 quando
620 2358 759 2414 Deus
784 2359 980 2428 aliquid
1009 2359 1095 2413 vel
1133 2358 1290 2412 nimis
1314 2357 1655 2428 prarciperet,
1684 2357 1765 2411 vel
1807 2357 1968 2413 nimis

377 2451 639 2508 custodiri
677 2451 855 2514 vellet,
903 2450 946 2504 si
976 2463 1134 2504 omne
1173 2449 1394 2502 nimium
1443 2445 1859 2516 reprehensione
1887 2447 1970 2501 di-

353 2558 543 2614 -gnum
572 2543 750 2598 esset?
775 2542 1080 2596 Diceremus
1105 2553 1231 2608 ergo
1263 2553 1360 2592 nos
1389 2537 1528 2591 nulla
1554 2552 1848 2608 graecorum
1878 2553 1967 2593 sa-

381 2635 639 2706 pientium
661 2633 974 2689 auctoritate
1000 2631 1223 2698 teneri',
1250 2629 1516 2684 intuentes
1545 2631 1684 2699 quod
1715 2631 1967 2700 scriptum

381 2737 485 2786 est,
520 2724 705 2779 Nonne
733 2723 936 2780 stultam
965 2724 1078 2793 fecit
1106 2720 1244 2776 Dens
1287 2721 1583 2791 sapientiam
1610 2721 1763 2791 hujus
1797 2721 1970 2772 mundi

385 2816 425 2887 (1
447 2815 566 2871 Cor.
591 2834 630 2883 ι,
656 2816 790 2886 ‘20)?
820 2825 872 2872 et
892 2816 1068 2885 potius
1092 2814 1243 2867 istam
1289 2813 1607 2867 sententiam
1637 2811 1821 2865 falsam
1853 2826 1970 2866 esse

382 2909 746 2976 crederemus,
769 2922 870 2979 qua
895 2907 1091 2961 dictum
1115 2915 1213 2968 est,
1248 2924 1266 2956 ι
1295 2904 1369 2958 Ne
1393 2903 1517 2974 quid
1551 2904 1707 2957 nimis
1741 2921 1786 2968 ι,
1812 2919 1968 2972 quam

383 3001 620 3055 divinum
650 2999 940 3068 eloquium,
983 2997 1072 3050 ubi
1102 2996 1325 3066 legimus
1366 3004 1523 3064 atque
1562 3001 1860 3058 cantamus,
1893 2991 1971 3045 Tu

384 3107 482 3158 pm
492 3090 665 3158 cepisti
679 3089 912 3142 mandata
927 3097 1010 3141 tua
1025 3087 1262 3141 custodiri
1280 3085 1450 3148 nimis;
1465 3085 1560 3138 nisi
1577 3100 1670 3139 nos
1686 3099 1787 3138 non
1801 3099 1972 3154 grzrca

382 3181 566 3247 elatio,
599 3180 691 3235 sed
715 3195 836 3235 vera
865 3179 1000 3233 ratio
1021 3187 1314 3233 revocaret.
1349 3177 1514 3230 Nimis
1542 3177 1736 3246 quippe
1757 3175 1969 3243 dicitur,

381 3273 641 3346 quidquid
687 3273 802 3343 plus
832 3271 990 3327 fuerit
1031 3286 1187 3340 quam
1236 3277 1469 3339 oportet.
1515 3267 1645 3322 Nam
1692 3283 1878 3337 parum
1919 3276 1974 3321 et

382 3366 610 3421 nimium
638 3365 744 3419 duo
769 3373 890 3418 sunt
913 3363 1052 3417 inter
1077 3377 1135 3416 se
1162 3361 1448 3416 contraria.
1485 3360 1677 3413 Parum
1719 3367 1801 3413 est
1829 3358 1970 3428 quod

381 3457 565 3510 minus
585 3465 665 3510 est
691 3469 844 3525 quam
871 3461 1077 3523 oportet
1103 3468 1116 3517 ;
1145 3461 1199 3506 et
1221 3452 1462 3517 nimium,
1491 3451 1606 3520 plus
1627 3465 1781 3520 quam
1813 3465 1969 3518 opor-

382 3557 485 3602 tet.
528 3546 728 3601 Horum
773 3547 824 3599 iu
864 3543 1040 3599 medio
1085 3542 1274 3597 modus
1319 3551 1422 3605 est,
1465 3541 1604 3612 quod
1637 3542 1850 3602 dicitur,
1881 3538 1975 3595 Sat

384 3647 489 3694 est.
523 3639 655 3692 Cum
685 3637 860 3706 itaque
889 3635 1018 3688 utile
1049 3633 1118 3687 sit
1157 3635 1209 3687 in
1250 3633 1351 3686 vita
1395 3641 1449 3686 et
1489 3633 1746 3698 moribus,
1780 3643 1834 3685 ut
1865 3646 1975 3684 am-

386 3732 528 3802 plius
554 3744 708 3799 quam
745 3735 953 3797 oportet
986 3725 1118 3780 nihil
1156 3723 1375 3779 omnino
1413 3723 1701 3786 faciamus;
1737 3721 1975 3792 profecto

386 3837 570 3879 veram
599 3836 715 3875 esse
745 3819 1082 3881 sententiam,
1121 3836 1138 3868 ι
1170 3817 1244 3870 Nc
1268 3815 1390 3886 quid
1433 3817 1608 3879 nimis,
1641 3835 1659 3867 ι
1698 3814 1850 3868 fateri
1885 3831 1977 3883 po-

389 3919 496 3971 tius
527 3929 684 3985 quam
711 3927 904 3982 negare
929 3909 1204 3965 debemus.
1232 3907 1333 3963 Sed
1362 3907 1646 3976 aliqumdu
1675 3907 1832 3960 latina
1871 3907 1974 3959 lin-

392 4023 494 4078 gua
517 4007 615 4060 hoc
635 4003 797 4058 verbo
826 4003 902 4056 sic
927 4002 1182 4065 abutitur,
1217 4009 1271 4052 ut
1302 3999 1459 4053 nimis
1501 4012 1594 4065 pro
1633 4012 1697 4048 co
1725 3996 1863 4064 quod
1896 4006 1977 4049 est

400 4097 568 4162 valde,
610 4094 935 4164 ct'positum
979 4092 1312 4145 inveniamus
1351 4091 1402 4143 iu
1447 4087 1662 4142 Litteris
1707 4089 1892 4151 sacris,
1926 4097 1977 4140 et

398 4201 656 4258 ponamus
685 4187 736 4240 in
768 4183 1106 4238 sermonibus
1129 4182 1342 4236 nostris.
1371 4180 1501 4234 Nam
1535 4190 1586 4233 ct
1612 4180 1717 4245 hic,
1744 4178 1823 4232 Tu
1848 4195 1980 4248 pra-

391 4279 572 4346 cepisti
614 4276 852 4330 mandata
882 4285 966 4327 tua
996 4273 1237 4327 custodiri
1267 4273 1434 4337 nimis,
1465 4271 1672 4324 nonnisi
1706 4271 1864 4323 Valde
1898 4270 1978 4324 in-

398 4368 698 4439 telligimus,
731 4367 774 4420 si
806 4374 950 4420 recte
990 4363 1372 4432 intelligimus:
1404 4371 1476 4424 et,
1510 4361 1675 4415 Nimis
1705 4370 1754 4414 te
1795 4359 1976 4430 diligo,

393 4463 442 4517 si
484 4462 637 4516 alicui
669 4457 983 4514 charissima
1013 4456 1256 4519 dicimus,
1307 4471 1409 4507 non
1455 4454 1634 4522 utique
1678 4454 1792 4522 plus
1822 4467 1978 4522 quam

395 4561 628 4623 Oportet,
653 4549 746 4604 sed
777 4548 926 4602 valde
954 4561 1052 4600 nos
1079 4546 1297 4616 diligere
1328 4543 1548 4614 intelligi
1581 4544 1842 4596 volumus.
1880 4544 1980 4597 lle-

399 4647 562 4716 uique
585 4645 668 4697 illa
688 4656 856 4714 grmea
875 4639 1136 4695 sententia
1158 4655 1260 4692 uuu
1281 4638 1437 4691 habet.
1457 4637 1554 4690 hoc
1575 4637 1817 4701 verbum,
1844 4636 1981 4704 quod

399 4739 490 4792 hic
539 4737 729 4805 legitur
779 4753 790 4788 :
826 4735 894 4789 ibi
925 4735 1066 4789 enim
1108 4741 1184 4786 est
1211 4735 1329 4795 ἄγαν
1350 4771 1364 4793 ,
1402 4726 1541 4796 quod
1574 4737 1654 4780 est
1687 4727 1876 4791 nimis;
1902 4725 1986 4780 hic

377 4839 486 4894 _cst
513 4836 687 4882 autem
716 4831 909 4898 σφόδρα,
939 4824 1079 4895 quod
1120 4833 1199 4876 est
1231 4821 1414 4876 Valde.
1449 4819 1552 4874 Sed
1595 4819 1897 4888 aliquando,
1929 4828 1986 4872 ut

400 4921 653 4984 diximus,
682 4919 851 4974 Nimis
880 4933 978 4990 pro
1015 4932 1081 4971 eo
1107 4914 1246 4985 quod
1285 4923 1367 4967 est
1395 4911 1558 4966 Valde
1596 4920 1650 4965 et
1677 4910 1872 4963 dictum
1904 4910 1985 4962 in-

404 5012 670 5076 venimus,
698 5021 750 5064 et
784 5009 1010 5064 dicimus
1037 5025 1049 5059 :
1078 5005 1219 5060 unde
1261 5003 1499 5057 nonnulli
1530 5002 1687 5056 etiam
1718 5001 1862 5054 latini
1892 5015 1986 5055 co-

405 5099 554 5155 dices
581 5116 682 5154 tton
716 5099 930 5163 habent,
961 5096 1035 5150 Tu
1068 5095 1349 5166 praecepisti
1372 5092 1609 5145 inundata
1637 5103 1720 5145 tua
1749 5092 1990 5145 custodiri

409 5192 596 5245 nimis:
623 5189 738 5255 sed,
765 5188 930 5244 valde.
954 5187 1119 5242 Valde
1148 5187 1324 5254 itaque
1347 5184 1596 5253 prtcccpit
1621 5185 1719 5237 hoc
1751 5183 1908 5249 Deus,
1937 5193 1991 5236 et

411 5281 565 5337 valde
591 5288 804 5351 oportet
829 5280 921 5334 Dei
954 5277 1208 5332 custodiri
1237 5276 1503 5329 mandata.

481 5372 539 5427 2.
581 5370 734 5446 [vers.
765 5370 843 5444 5.]
882 5369 988 5426 Sed
1029 5369 1245 5424 humilis
1274 5369 1442 5437 pietas
1473 5366 1553 5420 vel
1589 5369 1671 5437 pia
1702 5367 1988 5435 humilitas,

413 5477 467 5523 et
521 5466 654 5522 fides
699 5480 804 5520 non
848 5465 1128 5518 immemor
1167 5462 1346 5532 gratim
1373 5503 1386 5525 ,
1429 5457 1554 5528 quid
1609 5457 1858 5528 adjungat
1911 5467 1993 5513 at-

410 5556 614 5616 tendite
643 5573 656 5611 :
695 5553 922 5622 Utinam,
946 5554 1136 5623 inquit,
1167 5552 1450 5621 dirigantur
1475 5551 1566 5603 vite
1593 5564 1716 5602 mea:
1735 5548 1802 5602 ad
1822 5559 1991 5604 custo-

409 5649 624 5705 diendas
641 5646 1032 5719 justi/icationes
1059 5654 1189 5699 tuas.
1213 5641 1517 5712 Praecepisti
1546 5641 1758 5712 quidem
1793 5649 1867 5707 tu,
1899 5641 1994 5696 sed

481 5788 500 5819 ⁸
523 5795 623 5836 Am.
650 5791 702 5836 et
721 5792 849 5846 Mss,
871 5781 1058 5833 terreri.

1453 338 1846 395 ENARRATIO
1888 337 1948 392 IN
1990 336 2308 393 PSALMUM
2349 339 2578 394 CXHII.

3515 348 3654 405 1510

2075 449 2275 502 utinam
2319 450 2458 518 quod
2509 451 2803 521 ριἐυρρῃὶδιὶ
2855 452 2947 507 fuit
2998 455 3148 511 mihi.
3198 456 3294 512 libi
3342 459 3490 516 audis
3542 461 3655 517 Uti-

2069 555 2221 606 nam,
2293 555 2477 594 vocem
2535 545 2767 611 Optantis
2832 560 3100 616 agnosce;
3167 558 3224 603 at
3286 552 3460 620 agnita
3518 571 3651 612 voce

2068 631 2319 699 Optantis,
2359 631 2564 701 depone
2591 635 2892 702 superbiam
2925 641 3313 705 przesumentis.
3342 643 3471 709 Quis
3510 649 3650 698 enim

2069 733 2127 773 se
2153 719 2292 775 dicat
2325 733 2508 790 aptare
2538 725 2678 792 quod
2701 723 2777 777 sic
2800 725 2956 780 habet
2977 727 3026 780 in
3055 730 3256 783 arbitrii
3288 740 3569 800 potestate,
3597 746 3654 790 ιιι

2071 811 2214 864 nullo
2243 811 2484 882 indigens
2513 814 2820 883 adjumento
2863 817 2913 870 id
2957 822 3121 886 possit
3145 821 3400 877 efficere?
3441 827 3578 897 lirgo
3609 830 3654 882 si

2069 910 2215 970 optat
2257 901 2415 955 homo
2455 903 2595 971 quod
2650 906 2886 974 prtecipit
2929 907 3097 972 Deus;
3145 921 3198 964 ut
3237 911 3326 965 det
3368 914 3479 982 ipse
3509 918 3651 986 quod

2069 991 2328 1060 praicipit,
2362 992 2629 1062 rogandus
2666 1003 2748 1048 est
2794 997 2950 1050 Deus.
2980 998 3024 1051 A
3055 1015 3158 1068 quo
3189 1003 3328 1056 enim
3357 1007 3645 1073 cptaudum

2069 1090 2172 1147 est,
2215 1083 2314 1138 nisi
2357 1085 2563 1151 abillo,
2610 1101 2640 1139 a
2683 1102 2787 1156 quo
2831 1087 2986 1141 Patre
3022 1091 3269 1144 Iuntinum
3315 1111 3459 1148 omne
3483 1098 3656 1151 datum

2069 1175 2311 1243 Optimum
2345 1184 2394 1228 et
2435 1191 2581 1228 oume
2607 1176 2792 1230 donum
2836 1181 3131 1249 perfectum,
3166 1193 3345 1236 sancta
3387 1184 3656 1256 Scriptura

2072 1273 2228 1331 teste,
2261 1265 2514 1319 descendit
2537 1266 2755 1338 (Jacobi.
2784 1285 2823 1332 ι,
2849 1270 2978 1342 l7)?
3001 1271 3225 1341 Propter
3254 1289 3349 1328 eos
3370 1289 3545 1332 autem
3569 1283 3656 1349 qui

2071 1365 2253 1425 putant
2293 1357 2392 1410 hoc
2426 1357 2542 1410 solo
2569 1374 2667 1412 nos
2689 1359 2753 1412 ad
2794 1358 3088 1415 faciendam
3120 1362 3380 1432 justitiam
3404 1367 3658 1425 divinitus

2070 1444 2331 1514 adjuvari,
2355 1447 2494 1516 quod
2527 1447 2614 1501 Dei
2649 1461 2909 1519 pra-cepta
2938 1452 3090 1505 nobis
3118 1454 3168 1506 iu
3200 1456 3440 1510 notitiam
3478 1460 3657 1528 profc-

2071 1543 2280 1598 runtur,
2317 1546 2373 1589 ut
2399 1551 2459 1590 ea
2492 1539 2853 1608 coguita,jam
2893 1544 3010 1596 sine
3049 1545 3153 1598 ulla
3195 1545 3285 1599 Dei
3312 1550 3501 1618 gratia,
3529 1552 3659 1604 solis

2073 1637 2268 1681 nostra:
2307 1629 2594 1684 voluntatis
2627 1631 2826 1686 viribus
2856 1633 3201 1703 impleantur;
3241 1653 3345 1692 non
3389 1651 3534 1709 optat
3572 1643 3658 1697 hic

2070 1716 2224 1788 dirigi
2273 1719 2386 1774 vias
2421 1736 2543 1776 suas
2588 1723 2652 1776 ad
2693 1726 3495 1797 custodiendasjustiticationcs
3541 1735 3654 1800 Dei,

2072 1810 2170 1864 nisi
2189 1811 2296 1880 jam
2335 1812 2451 1882 ejus
2490 1815 2721 1884 acceptis
2745 1817 2860 1886 ipso
2887 1820 3226 1889 praecipit-nte
3264 1825 3545 1881 mandatis.
3577 1829 3657 1882 Ad

2072 1902 2174 1956 hoc
2203 1904 2344 1957 enim
2371 1906 2597 1972 pertinet
2619 1907 2758 1976 quod
2794 1911 3068 1978 prteniisit,
3105 1911 3180 1966 Tu
3203 1889 3658 1984 pratrepistiinan-

2059 1991 2191 2045 ‘data
2219 2003 2305 2046 tua
2327 1997 2566 2049 custodiri
2589 1998 2758 2050 nimis.
2782 1998 3055 2068 Tanquam
3085 2002 3284 2058 dicm‘et
3310 2022 3326 2057 :
3350 2006 3464 2060 Jatn
3485 2007 3656 2077 legem

2072 2085 2274 2154 accepi,
2311 2087 2419 2153 jam
2470 2089 2625 2152 novi;
2675 2098 2729 2141 tu
2773 2090 2913 2143 cuitu
2949 2095 3244 2162 praecepisti
3282 2096 3524 2151 mandata
3569 2107 3656 2154 tua

2071 2174 2327 2228 custodiri
2377 2176 2533 2234 nimis
2565 2195 2576 2228 :
2603 2188 2655 2231 et
2693 2178 2937 2232 mandata
2977 2191 3061 2234 tua
3092 2194 3295 2250 sancta,
3335 2186 3569 2254 etjusta,
3605 2200 3658 2243 et

2071 2266 2244 2333 bona;
2278 2267 2371 2321 sed
2415 2279 2687 2338 peceatum
2730 2287 2822 2340 per
2850 2271 3043 2326 bonum
3072 2274 3200 2328 mihi
3229 2286 3482 2346 operatur
3509 2293 3655 2334 mor-

2074 2365 2181 2411 tem
2211 2355 2384 2429 (Ront.
2417 2373 2512 2424 vn,
2547 2359 2632 2424 12,
2663 2359 2775 2430 12’s),
2818 2362 2915 2414 nisi
2946 2362 3159 2431 adjuvet
3203 2373 3289 2418 tua
3318 2369 3503 2434 gratia.
3538 2367 3655 2422 Uti-

2073 2463 2189 2499 nam
2211 2462 2338 2518 ergo
2363 2447 2648 2519 dirigantur
2676 2451 2768 2503 vite
2788 2468 2911 2506 mete
2936 2453 3002 2504 ad
3030 2454 3381 2510 custodiendas
3397 2458 3658 2528 justi/ica-

2074 2538 2229 2592 tiones
2261 2547 2392 2595 tuas.

2144 2629 2197 2683 5.
2241 2628 2387 2701 [νέης.
2421 2629 2499 2702 6.]
2545 2631 2684 2684 Tunc
2728 2650 2828 2685 non
2860 2635 3164 2705 confundor,
3206 2635 3327 2690 dttnt
3365 2639 3577 2710 in.-:picio
3603 2642 3657 2696 ἱιι

2074 2721 2244 2772 omnia
2288 2721 2526 2773 mandata
2555 2733 2658 2775 tua.
2683 2722 2924 2778 Mandata
2970 2727 3057 2780 Dei
3099 2728 3209 2782 sive
3235 2745 3356 2783 cum
3389 2731 3654 2801 leguntur,

2073 2810 2185 2864 sive
2209 2825 2326 2864 cum
2354 2813 2608 2865 memoria
2646 2817 2973 2878 recoluntur,
3006 2826 3254 2887 tanquam
3277 2823 3552 2888 Speculum
3579 2825 3659 2877 in-

2077 2902 2328 2955 tuendum
2357 2913 2460 2967 est,
2507 2905 2795 2959 scentulum
2835 2909 3145 2976 Apostolqu
3180 2909 3436 2970 Jacobum
3468 2913 3659 2972 dicen—

2076 3001 2204 3058 tem,
2249 3013 2265 3046 ι
2300 2994 2352 3048 Si
2391 2996 2510 3063 quis
2555 3005 2638 3050 est
2679 2997 2888 3051 atulitor
2929 3000 3071 3053 verbi
3129 3009 3181 3054 et
3216 3016 3320 3056 noo
3357 3002 3540 3069 factor,
3575 3005 3660 3061 hic

2076 3087 2471 3153 comparabitur
2497 3089 2610 3140 viro
2635 3090 2992 3144 consideranti
3021 3091 3220 3145 vnitqu
3246 3096 3530 3151 nativitatis
3550 3112 3661 3152 sate

2077 3174 2128 3227 in
2172 3178 2423 3244 speculo;
2453 3177 2810 3246 con_sideravit
2837 3182 2978 3233 enim
3007 3196 3083 3242 sc,
3127 3194 3180 3236 et
3216 3183 3366 3247 abiit,
3399 3195 3452 3239 et
3477 3188 3658 3243 statim

2077 3267 2271 3321 oblitus
2314 3276 2395 3321 est
2429 3270 2599 3337 qualis
2645 3271 2796 3324 fuerit
2833 3289 2842 3324 :
2873 3272 2959 3340 qui
3007 3281 3186 3327 autem
3236 3278 3565 3344 perspexerit
3608 3279 3660 3332 iu

2077 3359 2247 3430 legem
2275 3360 2564 3431 perfectam
2595 3363 2876 3425 libertatis,
2903 3376 2954 3418 ct
2980 3368 3345 3434 permanserit,
3375 3384 3479 3423 non
3509 3372 3662 3425 audi-

2081 3460 2162 3504 tor
2189 3451 2480 3506 obliviosus
2506 3452 2696 3520 factus,
2725 3455 2816 3508 sed
2857 3458 3021 3511 laetor
3048 3459 3244 3526 operis,
3276 3460 3360 3514 hic
3393 3459 3580 3518 beatus
3609 3462 3663 3519 ὶί

2079 3543 2217 3600 iacto
2257 3559 2354 3599 suo
2394 3547 2494 3600 erit
2535 3567 2551 3595 ι
2586 3545 2785 3617 (Jacobi
2811 3565 2845 3612 ι,
2868 3549 3076 3618 “25-25).
3108 3550 3291 3605 Talem
3324 3568 3381 3606 se
3412 3553 3511 3607 iste
3550 3559 3664 3611 vult

2079 3650 2217 3699 esse,
2249 3647 2305 3690 ut
2335 3638 2577 3705 inspiciat
2600 3648 2846 3708 tauquam
2877 3641 2926 3694 in
2951 3644 3167 3711 speculo
3195 3645 3438 3698 mandata
3473 3646 3586 3708 Dei.
3611 3659 3667 3704 et

2082 3743 2187 3780 nun
2229 3726 2619 3793 confundatur;
2670 3731 2789 3798 quia
2841 3747 2944 3785 non
2990 3732 3193 3785 auditor
3231 3750 3412 3787 eorum
3459 3744 3664 3792 tantum

2085 3818 2198 3871 vult
2223 3834 2362 3882 esse,
2402 3820 2494 3872 sed
2524 3823 2704 3889 factor.
2736 3820 3018 3888 Drapterea
3050 3832 3194 3890 aptat
3221 3823 3372 3893 dirigi
3404 3825 3516 3878 vias
3541 3842 3665 3881 snas

2080 3908 2145 3961 ad
2180 3909 2556 3963 custodiendas
2579 3910 2989 3977 jtislificatimies
3023 3912 3135 3964 Dei.
3171 3912 3320 3966 Unde
3354 3915 3530 3984 dirigi,
3560 3918 3662 3972 nisi

2081 3999 2246 4068 gratia
2305 4000 2440 4054 Dei?
2492 4001 2738 4069 Alioquin
2789 4003 2957 4070 lgem
3009 4003 3098 4056 Dei
3149 4003 3382 4068 habebit,
3429 4023 3530 4060 non
3577 4010 3666 4064 ubi

2081 4090 2393 4156 gratuletur,
2427 4089 2517 4143 sed
2549 4091 2632 4143 ubi
2665 4090 3041 4158 mmfundatur,
3090 4093 3132 4146 si
3167 4094 3390 4148 voluerit
3417 4098 3666 4154 mandata

2084 4178 2358 4248 inspicere,
2387 4196 2504 4248 quae
2535 4196 2637 4233 non
2673 4180 2812 4235 facit.

2155 4270 2206 4322 lt.
2239 4268 2386 4340 [vcrs.
2431 4270 2460 4322 ’ἲ
2489 4269 2508 4342 ]
2550 4270 2851 4339 Conﬁtrbor,
2882 4272 3070 4341 inquit,
3105 4275 3213 4339 tibi,
3246 4275 3476 4342 Domine,
3512 4280 3561 4332 in
3588 4281 3668 4333 di-

2083 4363 2302 4416 rectione
2342 4365 2526 4424 cordis,
2571 4365 2620 4416 in
2673 4381 2728 4416 eo
2767 4365 2900 4434 quod
2939 4367 3199 4420 didicerim
3219 4369 3419 4438 judicia
3452 4373 3671 4439 justitirv

2088 4465 2205 4508 tute.
2236 4453 2348 4506 Non
2378 4463 2461 4508 est
2503 4466 2837 4523 peceatoruni
2868 4456 3133 4511 confessio
3161 4459 3282 4525 ista,
3323 4460 3414 4513 sed
3452 4461 3623 4515 laudis
3654 4482 3670 4517 :

2088 4550 2221 4602 sicut
2257 4548 2329 4601 ait
2358 4549 2517 4600 etiam
2565 4548 2678 4616 ipse
2727 4549 2779 4601 in
2829 4565 2934 4618 quo
2968 4561 3240 4618 peccatum
3291 4554 3492 4606 nullum
3534 4567 3668 4619 erat,

2089 4639 2372 4709 Conﬁtebor
2394 4640 2499 4702 tibi,
2531 4639 2703 4706 Pater,
2734 4640 2945 4695 Domine
2973 4643 3085 4696 cazli
3106 4655 3150 4696 et
3181 4653 3325 4697 terra:
3351 4644 3558 4714 (Matt/1.
3593 4663 3667 4702 XI.

2091 4730 2183 4802 ‘25)
2205 4749 2218 4796 ;
2243 4740 2298 4784 et
2325 4731 2460 4784 sicut
2482 4731 2735 4798 scriptum
2766 4742 2842 4785 est
2879 4733 2928 4786 in
2959 4734 3092 4786 libro
3124 4734 3518 4798 ECt'lCSiilSiiCO,
3546 4735 3670 4789 Ila'c

2093 4823 2265 4877 dicetis
2292 4824 2340 4876 in
2363 4823 2692 4893 confessione,
2731 4823 2898 4892 Opera
2930 4823 3130 4878 Domini
3171 4826 3400 4878 universa
3433 4830 3671 4894 quoniam

2094 4915 2222 4968 bona
2261 4913 2405 4968 valde
2435 4913 2602 4983 (ΕρεΙί
2629 4931 2808 4974 xxxm,
2841 4915 2910 4969 ‘20
2929 4913 3084 4984 et‘ﬂl)
3144 4915 3446 4981 Conﬁtebor,
3479 4917 3669 4986 inquit,

2095 5006 2180 5060 tibi
2207 5006 2256 5058 in
2280 5005 2549 5058 directione
2570 5005 2756 5057 cordis.
2783 5005 2973 5072 Utique
3002 5005 3045 5057 si
3072 5004 3362 5074 dirigantur
3392 5007 3489 5058 vim
3519 5023 3672 5069 mete.

2095 5097 2389 5152 confitebor
2439 5097 2550 5159 tibi,
2599 5097 2847 5164 quoniam
2895 5105 2946 5148 tu
2991 5096 3182 5162 fecisti,
3228 5105 3283 5150 et
3312 5104 3396 5149 tua
3437 5101 3550 5152 laus
3595 5110 3678 5153 est

2098 5188 2218 5251 ista,
2249 5203 2351 5242 non
2381 5203 2518 5242 mea.
2543 5187 2692 5241 Tunc
2721 5188 2859 5240 cuitu
2904 5187 3175 5254 conﬁtebor
3204 5189 3254 5241 in
3296 5205 3351 5241 co
3377 5191 3509 5260 quod
3540 5193 3675 5245 didi-

2097 5280 2248 5332 cerim
2281 5279 2480 5348 judicia
2511 5279 2716 5345 iustitia:
2759 5287 2876 5340 ture,
2928 5277 2973 5330 si
3023 5277 3282 5333 directum
3328 5296 3421 5335 cor
3450 5281 3677 5349 habebo,

2099 5370 2312 5424 directis
2339 5368 2587 5422 videlicet
2616 5368 2716 5422 viis
2766 5369 2900 5422 meis
2929 5368 2992 5422 ad
3024 5371 3399 5425 custodiendas
3425 5373 3680 5443 iustifica-

2102 5460 2272 5514 tiones
2302 5469 2435 5512 tuas.
2474 5455 2604 5511 Nam
2633 5458 2755 5527 quid
2789 5458 2915 5511 mihi
2951 5460 3184 5528 proderit
3213 5463 3351 5532 quod
3396 5478 3456 5517 ea
3486 5463 3685 5518 didice-

2102 5551 2222 5613 rim,
2253 5549 2295 5604 si
2327 5548 2488 5603 corde
2516 5564 2770 5618 perverso
2795 5551 2904 5605 vias
2933 5552 3125 5607 abibo‘
3153 5557 3378 5625 pravas?
3409 5571 3512 5610 non
3540 5558 3681 5612 enim

2107 5643 2326 5698 laetabor
2353 5643 2407 5697 in
2429 5643 2528 5709 eis,
2556 5642 2650 5698 sed
2672 5645 2960 5701 accusabor
2986 5647 3053 5702 ab
3072 5648 3169 5705 eis.

2173 5775 2189 5806 ί
2215 5773 2438 5838 Plerique
2464 5782 2586 5836 Mss,
2614 5775 2810 5828 habebo.
