4188 6506
591 313 718 368 1511

659 431 712 485 5.
756 427 904 502 [vers.
937 425 1014 500 8.]
1057 425 1257 482 Deinde
1298 423 1532 493 adjungit
1564 439 1577 475 ;
1614 420 2010 490 Justiﬁcationes
2055 431 2168 472 tuas

591 521 893 574 custodiam.
925 518 1053 585 Quae
1095 516 1270 570 omnia
1299 531 1363 569 ex
1408 514 1499 567 illo
1535 514 1719 582 utique
1760 519 2167 574 connectuntur,

590 610 732 681 quod
755 610 829 664 ait
853 626 865 662 :
900 627 918 659 ‹
946 607 1152 662 Utinam
1177 605 1470 675 dirigantur
1490 603 1588 656 vi:e
1618 617 1750 656 mea:
1773 601 1836 655 ad
1864 600 2170 655 custodien-

592 704 686 756 das
736 698 1134 758 iustiﬁcationes
1179 708 1330 750 tuas:
1365 705 1490 750 tunc
1538 710 1642 749 non
1686 692 1998 756 confundor,
2042 692 2168 746 dum

594 793 817 862 inspicio
850 792 900 845 in
925 791 1100 844 omnia
1133 788 1377 842 mandata
1405 798 1525 850 tua;
1563 805 1581 839 ι
1615 795 1668 841 et
1705 804 1722 836 (
1753 783 2048 838 conﬁtebor
2079 781 2170 836 tibi

599 887 650 939 in
679 885 972 939 directione
999 880 1195 944 cordis,
1233 899 1250 932 ι
1281 888 1333 934 et
1365 898 1384 932 ‹
1413 878 1817 948 justiﬁcatioues
1848 885 1964 929 tuas
1987 885 2168 930 custo-

589 975 754 1030 diam.
793 993 812 1025 ι
846 973 950 1028 Sed
986 971 1109 1042 quid
1147 980 1226 1025 est
1253 969 1393 1040 quod
1434 966 1709 1038 sequitur?
1736 965 1818 1021 Ne
1853 966 2170 1034 dm'elinquas

594 1083 674 1119 me
706 1080 861 1134 usque
894 1063 1074 1126 valde;
1116 1061 1216 1125 vel,
1249 1062 1384 1114 sicut
1417 1059 1654 1114 nonnulli
1695 1059 1906 1112 codices
1951 1056 2165 1120 habent,

594 1175 751 1229 usque
774 1158 940 1220 nimis,
977 1170 1071 1225 pro
1099 1171 1162 1208 eo
1189 1153 1329 1223 quod
1358 1162 1438 1208 est
1462 1151 1606 1206 valde
1629 1166 1646 1205 :
1675 1166 1795 1205 nam
1822 1148 1924 1204 hoc
1949 1148 2166 1203 verbum

594 1267 825 1321 gnrcum
865 1260 945 1304 est
975 1257 1029 1303 et
1057 1246 1140 1300 hic
1171 1245 1220 1300 id
1247 1254 1328 1299 est
1347 1287 1360 1307 ,
1392 1248 1563 1316 σφόδρα
1592 1259 1604 1294 :
1633 1241 1782 1312 quasi
1809 1239 2034 1309 relinqui
2057 1253 2114 1293 se
2137 1253 2166 1292 a

592 1343 818 1398 Domino
849 1340 993 1406 velit,
1036 1338 1128 1392 sed
1161 1353 1266 1392 non
1312 1351 1466 1404 usque
1493 1332 1657 1388 valde.
1697 1331 1868 1386 Absit.
1913 1329 2016 1386 Sed
2044 1329 2166 1398 quia

589 1433 878 1501 reliquerat
914 1431 1051 1484 Deus
1078 1426 1332 1482 mundum
1374 1423 1566 1478 merito
1598 1430 1967 1492 peccatorum;
2015 1433 2169 1487 usque

591 1523 740 1577 valde
769 1522 911 1575 illum
937 1519 1256 1588 reliquisset,
1286 1516 1329 1569 si
1360 1515 1408 1569 ei
1451 1528 1550 1568 nec
1581 1523 1724 1566 tanta
1752 1511 2007 1565 medicina
2039 1523 2167 1578 pro-

589 1614 794 1675 fuisset,
823 1611 925 1666 hoc
951 1620 1029 1665 est
1053 1610 1218 1680 gratia
1251 1608 1339 1662 Dei
1366 1623 1457 1676 per
1477 1605 1658 1661 Jesum
1683 1602 1950 1659 Christum
1986 1602 2167 1657 Domi-

590 1721 716 1761 num
749 1714 984 1759 nostrum
1010 1719 1022 1753 :
1054 1716 1194 1755 nunc
1219 1715 1347 1754 vero
1374 1697 1664 1754 secundum
1688 1696 1840 1750 istam
1871 1694 2166 1749 orationem

587 1795 832 1865 corporis
862 1792 1082 1858 Christi,
1111 1807 1214 1845 non
1251 1807 1372 1845 eum
1402 1789 1616 1859 reliquit
1659 1803 1814 1858 usque
1838 1787 2016 1851 valde;
2045 1786 2166 1856 quia

588 1884 726 1942 Deus
747 1895 851 1940 erat
869 1887 919 1938 in
941 1883 1158 1946 Christo,
1179 1881 1418 1936 mundum
1435 1879 1765 1934 reconcilians
1785 1876 1876 1931 sibi
1894 1876 1959 1947 (ll
1978 1875 2095 1931 Cor.
2111 1893 2164 1942 v,

589 1978 705 2046 19).
727 1977 906 2030 Potest
932 1975 1030 2028 hoc
1051 1974 1209 2028 etiam
1237 1972 1312 2025 sic
1334 1969 1573 2040 intelligi,
1606 1978 1663 2023 ut
1693 1968 1809 2037 ejus
1830 1967 1926 2022 ista
1955 1967 2020 2021 sit
2041 1981 2164 2034 vox,

589 2069 678 2139 qui
708 2083 827 2121 etim
859 2066 1079 2121 dixisset
1110 2066 1160 2119 iu
1188 2061 1504 2117 abundantia
1551 2076 1665 2124 sua,
1698 2058 1814 2114 Non
1851 2058 2079 2113 movebar
2113 2059 2166 2113 in

587 2171 851 2223 arternum,
885 2159 1030 2213 velut
1058 2172 1151 2211 sua
1181 2156 1373 2209 virtute
1417 2153 1727 2220 conlidens;
1777 2162 1835 2207 ut
1862 2151 2166 2206 ostenderet

587 2253 635 2307 ei
666 2253 804 2306 Deus
842 2249 981 2320 quod
1013 2266 1115 2304 non
1147 2249 1334 2302 merito
1373 2246 1508 2316 ejus,
1552 2245 1643 2300 sed
1692 2245 1743 2298 in
1774 2245 2042 2299 voluntate
2069 2258 2165 2298 sua

586 2343 906 2415 prmstiterat
931 2340 1108 2395 decori
1137 2339 1253 2408 ejus
1279 2340 1544 2402 virtutem,
1575 2336 1767 2392 avertit
1790 2337 1855 2392 ab
1885 2351 1950 2391 eo
1981 2336 2165 2392 faciem

587 2451 760 2495 suam.
805 2444 859 2489 et
901 2432 1073 2488 factus
1112 2440 1197 2486 est
1241 2431 1588 2485 conturbatus
1633 2427 1800 2500 (Psal.
1832 2445 1975 2492 xxxx,
2008 2428 2059 2494 7,
2083 2426 2162 2496 8).

587 2526 872 2582 lnveniens
911 2539 1038 2595 ergo
1075 2539 1154 2588 se,
1205 2522 1432 2593 necjam
1464 2535 1790 2592 prresnmens
1835 2523 1900 2575 de
1947 2536 2023 2585 se,
2066 2520 2167 2575 cla-

585 2628 714 2684 mat,
754 2617 836 2672 Ne
860 2617 1176 2688 derelinquas
1219 2632 1297 2668 me
1328 2631 1482 2683 usque
1523 2614 1684 2668 valde.
1718 2613 1772 2668 Si
1804 2613 1943 2667 enim
1974 2613 2167 2668 dereli-

584 2710 768 2780 quisti,
809 2719 864 2762 ut
889 2707 1007 2762 sine
1033 2707 1302 2777 adjutorio
1342 2715 1431 2759 tuo
1458 2705 1698 2760 inﬁrmus
1725 2719 2030 2774 appaream,
2056 2704 2164 2758 noli

586 2818 744 2873 usque
776 2799 941 2866 valde,
975 2815 1041 2854 ne
1072 2814 1304 2868 peream.
1347 2796 1426 2851 Tu
1449 2813 1577 2866 ergo
1617 2797 1900 2867 prlecepisti
1926 2796 2165 2849 mandata

586 2903 672 2947 tua
697 2892 938 2945 custodiri
980 2891 1169 2944 nimis:
1191 2889 1300 2958 jam
1339 2889 1406 2943 de
1446 2889 1740 2957 ignorantia
1784 2903 1868 2942 me
1908 2902 2164 2942 excusare

586 2998 691 3038 non
723 2997 968 3050 possum;
1020 2979 1113 3034 sed
1158 2980 1408 3049 quoniam
1451 2979 1692 3032 inﬁrmus
1730 2994 1869 3041 sum,
1909 2996 1927 3028 ε
1965 2979 2163 3032 utinam

587 3075 886 3145 dirigantur
924 3074 1022 3127 vite
1069 3087 1202 3126 mea:
1250 3071 1314 3125 ad
1364 3071 1742 3127 custodiendas
1762 3072 2166 3141 justilicationes

586 3179 722 3221 tuas.
756 3166 905 3220 Tunc
954 3182 1058 3220 non
1103 3164 1418 3230 confundor,
1447 3163 1573 3218 dum
1621 3164 1844 3232 inspicio
1889 3164 1938 3217 in
1987 3164 2163 3218 omnia

517 3261 524 3274 '
586 3256 832 3312 mandata
865 3264 987 3322 tua;
1023 3274 1042 3308 ι
1102 3265 1226 3310 tunc
1275 3274 1292 3306 ‹
1323 3253 1618 3309 conﬁtebor
1655 3253 1747 3307 tibi
1797 3255 1847 3307 in
1879 3252 2166 3307 directione

585 3346 784 3411 cordis,
817 3347 870 3400 in
900 3361 964 3400 eo
1006 3345 1146 3416 quod
1178 3344 1452 3400 didicerim
1479 3342 1678 3412 judicia
1701 3343 1922 3414 jnstitia:
1968 3351 2070 3396 tua:
2097 3359 2110 3404 ;
2142 3362 2159 3394 ι

588 3447 714 3492 tunc
747 3455 766 3488 ι
796 3436 1200 3506 justitlcationes
1240 3445 1357 3490 tuas
1386 3435 1681 3490 custodiam
1714 3453 1726 3489 :
1768 3455 1787 3487 ι
1820 3444 1874 3490 et
1903 3435 1945 3488 si
1976 3433 2167 3490 dereli-

587 3529 749 3600 quisﬁ
781 3544 888 3596 me,
936 3543 1002 3583 ne
1028 3529 1286 3598 gloriarer
1315 3528 1365 3581 in
1397 3542 1502 3592 me,
1535 3527 1645 3582 noli
1689 3542 1856 3597 usque
1897 3525 2069 3592 valde,
2113 3537 2166 3580 et

586 3619 905 3690 justiﬁcatus
932 3620 1027 3675 abs
1058 3630 1108 3674 te
1131 3617 1396 3690 gloriabor
1423 3617 1476 3672 in
1508 3628 1579 3673 te.

1249 3763 1421 3805 SBRIO
1459 3763 1514 3804 ν.

662 3886 715 3940 1.
757 3883 906 3957 [vers.
934 3880 1011 3955 9.]
1051 3881 1159 3937 llos
1194 3895 1400 3945 versus,
1441 3879 1760 3944 charissimi,
1795 3878 1898 3933 isto
1925 3877 2168 3934 conside-

592 3990 774 4031 remus
801 3975 850 4028 in
881 3974 1104 4043 psalmo,
1122 3981 1176 4027 et
1195 3971 1331 4026 sicut
1363 3971 1621 4025 Dominus
1647 3969 1829 4035 donat,
1853 3969 1968 4038 ejus
1992 3985 2168 4024 sacras

589 4067 819 4122 Litteras
861 4074 1254 4135 perscrutemur
1287 4082 1299 4117 :
1337 4062 1404 4117 In
1449 4079 1547 4133 quo
1586 4063 1788 4134 corrigit
1820 4063 1996 4134 junior
2039 4063 2166 4117 viam

591 4159 780 4214 suam?
804 4155 869 4210 In
898 4156 1222 4210 custodiendo
1251 4155 1398 4210 verba
1437 4165 1543 4208 tua.
1582 4153 1876 4225 lulerrogat
1903 4170 1981 4221 se,
2008 4163 2062 4209 et
2086 4171 2170 4210 re-

589 4249 819 4320 Spondet
859 4247 978 4302 sibi.
1025 4245 1090 4300 In
1123 4263 1220 4316 quo
1250 4247 1454 4318 corrigit
1479 4247 1660 4316 junior
1692 4247 1821 4299 viam
1850 4246 2036 4300 suam?
2067 4247 2169 4300 huc

593 4354 764 4408 usque
810 4337 1152 4407 interrogatio
1187 4345 1272 4390 est
1300 4355 1313 4390 :
1345 4336 1536 4390 deinde
1559 4337 1854 4404 responsio,
1906 4335 1971 4389 In
2000 4346 2168 4390 custo-

589 4429 776 4482 diendo
805 4429 950 4481 verba
995 4437 1099 4480 tua.
1146 4426 1250 4481 Sed
1295 4427 1396 4481 hoc
1425 4427 1542 4481 loco
1571 4426 1853 4481 custoditio
1891 4427 2167 4481 verborum

593 4521 708 4583 Dei,
752 4518 1090 4587 intelligenda
1129 4526 1210 4572 est
1248 4517 1485 4586 operatio
1509 4526 1894 4587 prmccptorum
1930 4535 1944 4572 :
1974 4515 2167 4572 frustra

591 4611 735 4666 enim
781 4608 1149 4664 cusmdiuntnr
1191 4607 1468 4670 memoria,
1499 4608 1543 4660 si
1589 4623 1693 4660 non
1724 4606 2088 4661 custodiantur
2117 4620 2169 4663 et

593 4704 720 4757 vita.
748 4700 880 4756 Nam
917 4699 1129 4769 quidam
1169 4698 1330 4752 verba
1365 4699 1451 4750 Dei
1497 4698 1727 4751 tenendo
1753 4706 1915 4768 agunt
1942 4713 2007 4752 ne
2033 4700 2166 4753 obli—

592 4795 881 4856 viscantur,
910 4805 1007 4844 nec
1029 4799 1188 4859 agunt
1215 4789 1438 4842 vivendo
1465 4799 1517 4841 ut
1548 4789 1915 4858 corrigantur:
1947 4805 2047 4842 non
2079 4805 2170 4843 au-

593 4896 699 4940 tem
729 4887 805 4937 ait
831 4883 950 4945 iste,
976 4881 1030 4934 ln
1059 4897 1163 4950 quo
1189 4889 1400 4933 exercet
1421 4878 1600 4948 junior
1631 4881 1936 4934 memoriam
1979 4895 2126 4934 suam
2148 4881 2173 4932 ?

591 4975 708 5040 sed,
739 4974 802 5028 In
833 4990 931 5047 quo
946 4973 1148 5043 corrigit
1173 4974 1301 5024 viam
1330 4988 1472 5024 suam
1491 4970 1515 5024 ?
1536 4979 1694 5039 atque
1719 4970 1782 5024 ad
1816 4971 1917 5026 hoc
1948 4987 2170 5042 respon-

589 5070 703 5134 det,
744 5067 811 5121 In
850 5065 1176 5121 custodiendo
1206 5063 1352 5119 verba
1390 5072 1494 5117 tua.
1546 5063 1726 5132 Neque
1767 5065 1874 5117 ullo
1905 5066 2062 5119 modo
2088 5066 2171 5120 di-

594 5161 761 5216 cenda
785 5170 870 5215 est
891 5160 975 5214 via
1004 5167 1264 5223 correcta,
1289 5156 1538 5228 quamdiu
1566 5164 1649 5211 est
1679 5157 1781 5211 vita
1803 5172 2076 5228 perversa.

665 5251 720 5305 2.
762 5251 866 5305 Sed
912 5250 1036 5321 quid
1064 5251 1160 5304 sibi
1192 5250 1305 5303 vult
1329 5251 1427 5304 iste
1457 5247 1682 5317 junior?
1717 5248 1892 5303 Potuit
1918 5249 2059 5303 enim
2090 5249 2172 5304 di-

595 5359 718 5399 cere
747 5359 761 5400 :
792 5342 849 5396 ln
877 5359 981 5412 quo
1009 5343 1225 5411 corrigit
1267 5341 1426 5396 homo
1453 5343 1588 5395 viam
1618 5341 1806 5395 suam?
1844 5351 1952 5406 aut,
1983 5342 2037 5396 In
2069 5358 2176 5412 quo

594 5433 813 5503 corrigit
842 5434 925 5486 vir
945 5432 1079 5485 viam
1102 5447 1250 5486 suam
1268 5431 1292 5484 ?
1313 5431 1452 5501 quod
1475 5433 1786 5502 plerumque
1812 5432 1861 5486 in
1889 5432 2175 5502 Scripturis

598 5529 670 5582 ita
701 5525 929 5596 ponitur,
961 5533 1014 5576 ut
1043 5539 1072 5576 a
1107 5537 1238 5577 sexu
1276 5522 1617 5578 honoratiore
1643 5525 1801 5576 homo
1829 5523 2171 5592 intelligatur,

601 5620 760 5673 modo
781 5616 1062 5671 locutionis
1086 5629 1193 5685 quo
1213 5614 1542 5684 signiﬁcatur
1565 5631 1592 5668 a
1621 5625 1768 5685 parte
1788 5625 1972 5670 totum.
1996 5615 2178 5684 Neque

601 5711 739 5764 enim
769 5718 821 5765 et
863 5707 1054 5765 femina
1087 5722 1191 5762 non
1233 5706 1388 5760 beata
1419 5720 1534 5774 qua:
1577 5720 1677 5760 non
1718 5705 1847 5759 abiit
1875 5707 1925 5760 in
1956 5707 2178 5763 consilio

1819 307 1877 362 S.
1917 304 2053 362 AUC
2065 300 2276 360 USTINI
2321 304 2618 362 EPSSCOPI

3717 320 3841 376 1812

2285 421 2563 491 impiorum
2596 442 2606 476 :
2638 425 2722 479 ubi
2756 435 2929 481 tamen
2969 426 3164 481 dictum
3193 437 3292 494 est,
3327 427 3521 485 Beatus
3544 433 3616 486 vir
3640 432 3798 503 (Psul.
3822 456 3854 497 I,

2282 514 2355 584 1).
2389 515 2481 570 llic
2506 533 2630 570 vero
2653 533 2749 572 nec
2781 519 2947 573 llomo
2973 521 3068 584 ait,
3097 535 3196 575 nec
3232 521 3340 584 \‘ir,
3363 523 3456 576 sed
3476 527 3677 596 junior.
3709 527 3857 584 Num-

2279 605 2404 673 quid
2455 605 2817 675 despcrandus
2870 618 2952 662 est
2998 610 3213 664 senior?
3262 621 3353 664 aut
3399 611 3447 665 in
3501 615 3609 667 alio
3652 620 3854 687 corrigit

2277 694 2437 748 etiam
2466 697 2645 751 senior
2671 698 2806 751 viam
2835 713 3006 761 suam,
3035 715 3193 769 quam
3241 701 3290 754 in
3321 703 3674 760 custodiendo
3703 709 3847 763 verba

2278 786 2411 840 Dei?
2443 789 2519 840 An
2554 786 2688 843 forte
2727 788 3020 844 admonitio
3062 800 3162 853 est,
3205 805 3305 859 qua
3343 803 3496 848 a-tate
3529 796 3851 863 potissimum

2279 879 2392 934 ﬁeri
2424 879 2648 942 debeat;
2674 882 2965 936 secundum
2995 882 3119 936 illud
3150 883 3291 953 quod
3320 885 3440 939 alibi
3465 888 3722 956 scriptum
3749 903 3849 946 est:

2281 969 2384 1024 Fili
2405 1013 2419 1037 ,
2448 989 2479 1023 a
2494 973 2756 1041 jurentnte
2783 983 2868 1026 tua
2897 976 3070 1043 excipe
3099 976 3392 1037 doctrinam,
3425 988 3470 1032 et
3493 995 3655 1050 usque
3682 982 3748 1034 ad
3771 1001 3850 1036 ca-

2275 1078 2365 1116 nos
2395 1064 2612 1117 invenies
2632 1065 2931 1132 sapientiam
2959 1065 3143 1134 (Eccli.
3173 1083 3244 1131 vn,
3278 1067 3407 1138 18)?
3437 1069 3533 1122 Est
3564 1079 3616 1124 et
3639 1071 3768 1126 alius
3791 1075 3850 1128 im

2276 1155 2538 1220 tellectus,
2573 1164 2627 1208 ut
2655 1156 2742 1210 ille
2776 1155 2862 1210 hic
2899 1167 3215 1226 agnoscatur
3245 1160 3384 1214 lilius
3410 1162 3848 1232 evangelicusju-

2273 1245 2412 1304 nior.
2444 1245 2531 1314 qui
2567 1244 2835 1313 profectus
2864 1261 2893 1299 a
2927 1255 3078 1314 patre
3107 1248 3158 1301 in
3194 1248 3465 1317 regionem
3491 1250 3842 1321 longinquam,

2272 1334 2459 1390 effudit
2500 1334 2848 1390 substantiam
2891 1351 3040 1390 suam
3089 1337 3270 1393 vivens
3317 1353 3438 1393 cum
3489 1342 3847 1398 meretricibus

2272 1424 2526 1494 prodige;
2574 1434 2628 1479 et
2656 1435 3000 1496 posteaquam
3045 1441 3234 1496 porcos
3262 1430 3432 1498 pavit,
3456 1439 3748 1498 egestatem
3775 1431 3864 1486 fa-.

2273 1531 2518 1584 memque
2547 1531 2850 1586 perpessus,
2893 1532 3137 1572 reversus
3180 1528 3262 1573 est
3288 1518 3354 1572 ad
3399 1521 3765 1591 semetipsum,
3795 1535 3843 1580 et

2270 1605 2425 1673 dixit,
2457 1607 2701 1678 Surgam,
2732 1617 2778 1662 et
2815 1609 2896 1662 ibo
2930 1607 2999 1661 ad
3027 1618 3220 1678 patrem
3253 1626 3439 1663 meum.
3472 1608 3533 1664 In
3571 1627 3677 1680 quo
3715 1615 3845 1669 enim

2269 1698 2503 1752 correxit
2529 1699 2667 1752 viam
2696 1713 2868 1763 suam,
2913 1698 3017 1753 nisi
3059 1699 3112 1754 in
3155 1701 3512 1756 custodiendo
3542 1702 3700 1758 verba
3739 1704 3841 1770 Dei,

2269 1803 2389 1858 quae
2421 1798 2666 1858 tanquam
2699 1804 2888 1859 panem
2919 1803 3194 1859 paternum
3222 1791 3472 1845 esuriens
3509 1795 3842 1861 concupivit!

2268 1878 2450 1950 Neque
2471 1878 2620 1937 enim
2651 1880 2944 1950 corrigeret
2971 1880 3108 1934 viam
3141 1894 3290 1934 suam
3326 1880 3498 1936 frater
3517 1882 3634 1951 ejus
3660 1885 3838 1953 senior,

2269 1971 2357 2041 qui
2387 1971 2521 2040 patri
2556 1984 2653 2024 suo
2681 1970 2833 2037 dixit,
2868 1969 3001 2024 Ecce
3024 1980 3095 2024 tot
3122 1971 3269 2026 annis
3308 1972 3474 2025 servio
3513 1972 3619 2036 tibi,
3653 1984 3697 2027 et
3731 1991 3842 2028 nun-

2268 2079 2421 2134 quam
2456 2063 2748 2116 mandatum
2787 2071 2928 2116 tuum
2956 2064 3205 2132 praeterii.
3243 2063 3436 2118 Junior
3462 2079 3594 2134 ergo
3623 2065 3709 2120 ille
3737 2081 3841 2121 cor-

2269 2155 2407 2210 rexit
2435 2155 2572 2208 viam
2599 2169 2771 2220 suam,
2803 2170 2960 2224 quam
2988 2169 3046 2209 se
3079 2155 3146 2208 ita
3177 2153 3506 2224 depravasse
3532 2171 3842 2225 perversam-

2268 2262 2370 2316 que
2393 2245 2640 2300 habuisse
2665 2243 2946 2300 confessus
2971 2255 3070 2309 est,
3102 2253 3162 2299 ut
3185 2245 3317 2315 patri
3347 2245 3576 2309 diceret,
3605 2245 3720 2299 Jam
3752 2263 3838 2301 non

2268 2353 2379 2390 sum
2405 2336 2588 2406 dignus
2616 2335 2784 2390 vocari
2813 2335 2951 2405 ﬁlius
2973 2347 3087 2390 tuus
3114 2334 3260 2403 (Luc.
3292 2352 3379 2401 xv,
3415 2335 3625 2407 1221).
3652 2336 3838 2393 Tertius

2268 2440 2480 2496 quoque
2519 2425 2815 2480 intellectus
2860 2425 2987 2479 mihi
3015 2424 3266 2490 occurrit,
3297 2441 3462 2494 quem
3492 2414 3699 2496 quidem
3731 2441 3833 2496 ego,

2268 2527 2519 2587 quantum
2548 2532 2642 2586 pro
2672 2515 2885 2571 modulo
2916 2530 3036 2570 meo
3061 2517 3228 2586 sapio,
3254 2515 3471 2570 duobus
3495 2518 3833 2587 superioribus

2268 2617 2536 2676 antepono
2567 2625 2580 2660 :
2606 2617 2664 2662 ut
2690 2607 2869 2662 senior
2894 2616 3228 2676 agnoscatur,
3275 2616 3433 2661 vetus
3459 2607 3649 2666 homo:
3677 2616 3725 2663 et
3750 2622 3832 2661 no.

2269 2714 2385 2763 vus,
2411 2699 2592 2769 junior
2619 2718 2631 2750 :
2661 2697 2859 2761 senior,
2889 2698 2977 2767 qui
3013 2706 3186 2766 portat
3212 2696 3505 2767 imaginem
3534 2698 3720 2752 terreni
3752 2695 3832 2751 bo-

2269 2791 2456 2853 minis;
2475 2790 2674 2859 junior,
2705 2789 2793 2858 qui
2825 2789 3090 2843 cmlestis:
3124 2789 3246 2858 quia
3276 2804 3376 2843 non
3415 2790 3561 2857 prius
3588 2789 3714 2860 quod
3739 2789 3830 2858 spi-

2271 2881 2455 2934 rituule
2471 2889 2560 2944 est,
2585 2879 2819 2949 sedquod
2830 2879 3051 2933 animale
3067 2896 3084 2944 ;
3103 2888 3271 2948 postea
3285 2879 3559 2950 spirituale
3575 2879 3615 2952 (l
3627 2880 3732 2934 Cor.
3747 2895 3823 2944 xv,

2266 2972 2354 3035 49,
2386 2971 2495 3043 46).
2543 2971 2626 3025 Sit
2664 2987 2790 3040 ergo
2819 2972 2941 3025 licet
2965 2972 3204 3040 quilibet,
3233 2980 3499 3041 quantum
3543 2972 3608 3026 ad
3641 2982 3824 3026 :ctatcm

2269 3063 2496 3132 pertinet
2521 3061 2778 3131 corporis,
2809 3076 3009 3115 annosa
3041 3070 3298 3116 vetustate
3327 3062 3826 3133 decrepitus,junior

2267 3154 2367 3206 erit
2395 3153 2459 3207 ad
2495 3153 2657 3207 Deum
2687 3161 2934 3222 percepta
2968 3153 3149 3224 gratia:
3191 3154 3428 3208 novitate
3458 3167 3758 3217 conversus;
3781 3162 3827 3208 et

2269 3242 2319 3296 in
2343 3243 2442 3297 hoc
2462 3243 2677 3312 corrigit
2703 3243 2838 3296 viam
2863 3259 3036 3308 suam,
3063 3243 3113 3296 in
3140 3243 3500 3298 custodiendo
3523 3246 3674 3299 verba
3695 3246 3820 3314 ejus:

2271 3333 2370 3387 hoc
2399 3341 2479 3387 est
2505 3332 2726 3387 verbum
2775 3332 2893 3387 ﬁdei
2923 3332 3061 3403 quod
3103 3333 3460 3402 prmdieamus
3489 3334 3655 3407 (Rom.
3680 3351 3729 3397 ι,
3755 3333 3821 3402 8),

2269 3435 2321 3479 et
2360 3426 2470 3493 ipsa
2500 3432 2583 3480 est
2626 3424 2755 3480 ﬁdes
2782 3439 2899 3495 qum
2927 3440 3022 3496 per
3050 3424 3387 3481 dilectionem
3437 3437 3682 3498 operatur
3713 3425 3822 3498 (Ga-

2269 3517 2359 3570 lat.
2391 3533 2444 3583 v,
2473 3517 2549 3587 6).

2340 3609 2392 3663 5.
2427 3608 2575 3681 [vers.
2606 3609 2715 3682 l0.]
2741 3608 2845 3665 Sed
2869 3611 2966 3664 istc
2988 3609 3168 3680 junior
3196 3612 3449 3682 populus,
3483 3614 3660 3684 gratim
3686 3611 3820 3673 ﬁlius,

2269 3697 2428 3754 homo
2456 3715 2643 3766 novus,
2672 3709 2916 3756 cantator
2939 3703 3058 3756 novi
3089 3704 3316 3767 cantici,
3346 3703 3526 3760 lateres
3555 3703 3821 3759 testamenti

2271 3793 2431 3856 novi,
2466 3792 2565 3846 iste
2607 3790 2790 3861 junior
2828 3808 2932 3846 non
2973 3791 3138 3856 Cain,
3169 3792 3262 3846 sed
3293 3794 3466 3860 Abel;
3497 3810 3597 3848 non
3629 3791 3816 3856 lsmael,

2271 3881 2361 3936 sed
2420 3881 2594 3946 Isaac;
2648 3897 2751 3935 non
2803 3881 2980 3947 Esau,
3010 3882 3105 3938 sed
3154 3883 3342 3948 Israel;
3394 3901 3504 3940 non
3550 3885 3817 3947 Mauasses,

2270 3972 2361 4026 sed
2394 3972 2675 4041 Ephra'm;
2709 3987 2813 4026 non
2843 3973 2954 4027 Ilcli
2977 4016 2990 4038 ,
3019 3973 3111 4027 sed
3144 3975 3390 4040 Samuel;
3427 3992 3535 4030 non
3564 3974 3712 4040 Saul,
3739 3972 3816 4026 sed

2271 4064 2466 4128 David;
2493 4063 2618 4134 quid
2647 4064 3174 4134 adjungatalteudite
3199 4083 3210 4118 :
3237 4064 3299 4118 In
3329 4075 3457 4132 toto,
3488 4067 3664 4137 inquit,
3687 4063 3814 4117 corde

2271 4173 2379 4209 meo
2409 4156 2648 4224 exquisivi
2679 4167 2755 4221 te;
2793 4172 2854 4210 ne
2881 4158 3096 4228 repellas
3123 4174 3200 4211 me
3224 4175 3255 4211 a
3279 4161 3536 4214 mandatis
3563 4159 3671 4213 tuis.
3702 4157 3814 4211 Ecce

2271 4256 2406 4309 orat,
2441 4257 2494 4301 ut
2525 4246 2803 4316 adjuvetur
2827 4248 2891 4302 ad
2916 4248 3262 4304 custodienda
3291 4251 3456 4305 verba
3486 4251 3610 4315 Dei,
3651 4249 3696 4301 in
3728 4259 3814 4315 quo

2271 4339 2476 4392 dixerat
2506 4340 2644 4393 viam
2674 4355 2822 4394 suam
2863 4342 3133 4411 corrigere
3167 4341 3460 4411 juniorem.
3510 4342 3634 4397 Nam
3664 4340 3812 4407 utique

2276 4432 2373 4485 hoc
2401 4441 2501 4492 est.
2532 4429 2616 4486 Ne
2642 4432 2857 4502 repellas
2885 4449 2961 4486 me
2981 4449 3012 4485 a
3031 4435 3283 4503 mandatis
3306 4435 3401 4486 tuis
3421 4451 3442 4488 :
3466 4434 3583 4503 quid
3603 4442 3678 4488 est
3694 4430 3809 4485 enim

2273 4539 2300 4574 a
2337 4523 2441 4576 Deo
2484 4523 2701 4592 repelli,
2751 4523 2850 4577 nisi
2895 4539 2998 4576 non
3046 4524 3323 4593 adjuvari?
3352 4524 3610 4579 Mandatis
3646 4520 3807 4590 quippe

2275 4613 2391 4680 ejus
2433 4615 2593 4668 rectis
2631 4623 2788 4682 atque
2825 4613 3002 4668 arduis
3031 4614 3259 4668 humana
3288 4631 3392 4668 non
3419 4618 3808 4680 contemperatur

2275 4705 2591 4771 inﬁrmitas,
2642 4705 2740 4759 nisi
2809 4707 3137 4775 przeveniens
3181 4706 3296 4776 ejus
3340 4707 3551 4775 adjuvet
3590 4701 3803 4757 Charitas.

2275 4798 2419 4866 Quos
2446 4808 2621 4853 autem
2652 4814 2754 4852 non
2786 4799 3031 4868 adjuvat,
3067 4799 3164 4853 hos
3190 4800 3381 4854 merito
3409 4797 3700 4869 perhibetur
3733 4805 3804 4843 re.

2279 4891 2473 4961 pellere
2493 4899 2516 4954 ,'
2542 4897 2787 4958 tanquam
2821 4889 3061 4946 ﬂammea
3097 4890 3294 4945 framea
3343 4890 3705 4961 prohibeantur
3737 4881 3802 4932 in-

2277 4981 2418 5052 digni
2443 5023 2458 5046 ,
2497 4994 2564 5034 ne
2611 4995 2823 5033 manum
2850 4980 3140 5034 extendant
3169 4980 3234 5035 ad
3263 4982 3504 5035 arborem
3533 4979 3644 5032 vitae
3675 4968 3799 5039 (δεῖν

2278 5088 2356 5138 Ill,
2383 5071 2495 5140 ‘24).
2527 5069 2656 5136 Quis
2682 5078 2759 5124 est
2790 5079 2966 5124 autem
2993 5070 3205 5142 dignus,
3227 5087 3291 5125 ex
3317 5086 3421 5141 quo
3447 5086 3536 5142 per
3557 5079 3700 5122 unum
3727 5061 3794 5112 ho-

2279 5164 2474 5219 minem
2501 5171 2772 5232 peccatum
2804 5163 3017 5217 intravit
3047 5165 3098 5217 in
3128 5163 3382 5218 mundum
3405 5205 3417 5227 ,
3457 5170 3509 5218 et
3535 5174 3620 5228 per
3645 5163 3797 5224 pecca-

2279 5265 2392 5309 tum
2438 5269 2612 5318 mors,
2644 5262 2698 5308 et
2737 5251 2808 5307 ita
2853 5253 2905 5307 in
2931 5269 3117 5308 omnes
3145 5254 3389 5309 homines
3412 5245 3722 5324 pertransiit,
3757 5237 3797 5291 in

2279 5359 2386 5414 quo
2428 5357 2616 5398 omnes
2655 5352 3007 5412 peccaverunt
3041 5343 3216 5412 (Rom.
3240 5360 3293 5411 v,
3319 5343 3442 5414 12)?
3465 5337 3564 5395 Sed
3604 5327 3794 5388 indebita

2283 5436 2374 5491 Dei
2405 5434 2766 5489 misericordia
2795 5443 3011 5489 sanatur
3037 5435 3215 5490 debita
3244 5445 3418 5490 nostra
3448 5429 3659 5488 miseria.
3691 5419 3798 5514 ﬁant

2283 5527 2382 5580 iste
2421 5525 2511 5594 qui
2553 5525 2786 5595 loquitur
2810 5535 2863 5580 et
2890 5525 3051 5586 dicit,
3082 5525 3148 5579 In
3174 5535 3277 5580 toto
3303 5525 3451 5580 corde
3473 5535 3572 5576 meo
3597 5507 3795 5582 ετᾳηὶείτί

2285 5627 2367 5683 te;
2396 5627 2450 5672 et
2476 5617 2575 5672 hoc
2604 5617 2743 5672 unde
2775 5627 2990 5686 posset,
3020 5618 3122 5672 nisi
3150 5633 3271 5672 eum
3299 5627 3536 5671 aversum
3558 5606 3616 5662 ad
3636 5618 3686 5656 se
3707 5600 3796 5698 i135."

2287 5719 2648 5777 converteret,
2671 5709 2757 5764 cui
2783 5708 2994 5776 dicitur,
3020 5707 3179 5776 Deus,
3205 5717 3256 5764 tu
3276 5716 3548 5764 convertens
3571 5687 3793 5764 viridia“
