4188 6528
383 434 520 491 1513

383 567 474 606 nos
505 550 682 621 (Psal.
708 540 936 615 LXXXIV,
966 546 1060 617 7),
1092 555 1146 602 et
1170 546 1259 602 ille
1286 545 1551 616 perditum
1579 548 1879 614 quaereret,
1914 546 1969 593 et

383 650 657 698 errantem
680 640 770 696 ille
797 646 1091 703 revocaret,
1114 639 1202 710 qui
1224 636 1370 701 dicit,
1393 636 1541 704 Quod
1563 635 1775 705 perierat
1802 632 1970 701 requi—

384 752 515 805 ram,
549 744 596 791 et
621 733 757 807 quod
782 741 1034 789 erraverat
1061 728 1544 799 revocabo,(Ezech.
1577 741 1777 791 xxxrv,
1809 724 1934 794 l6)?

456 828 510 884 ὁ.
548 826 698 901 [vers.
724 826 813 893 11,
839 823 953 897 12.]
999 822 1125 879 Inde
1164 832 1248 878 est
1292 819 1434 892 quod
1478 828 1533 875 et
1578 817 1797 889 corrigit
1831 816 1972 870 viam

387 934 539 975 suam
567 919 623 973 in
648 913 1000 973 custodiendo
1024 914 1182 970 verba
1211 912 1338 978 Dei,
1367 911 1461 966 illo
1486 915 1708 980 regente
1728 950 1741 973 ,
1774 906 1865 961 illo
1890 906 1971 961 fa-

386 1010 565 1066 ciente
592 1026 605 1062 :
630 1023 804 1079 neque
830 1007 971 1063 enim
997 1021 1093 1078 per
1117 1020 1176 1061 se
1201 1004 1315 1075 ipse
1345 1012 1543 1074 posset,
1571 1017 1692 1056 cum
1713 999 1974 1056 Jeremias

384 1101 650 1173 pr0pheta
672 1099 901 1155 fateatur
920 1106 972 1154 et
993 1096 1155 1164 dicat,
1180 1095 1324 1161 Scio,
1351 1093 1590 1161 Domine,
1615 1092 1853 1164 quoniam
1875 1106 1975 1144 non

386 1205 459 1250 est
492 1194 714 1248 hominis
733 1194 814 1246 uia
834 1193 962 1263 ejus,
982 1207 1139 1261 neque
1157 1190 1233 1245 vir
1255 1189 1344 1243 ibit
1364 1198 1411 1243 et
1436 1188 1650 1259 corriget
1676 1186 1808 1240 viam
1832 1201 1976 1239 suam

386 1287 607 1358 (Jerem.
632 1285 876 1357 x,23).A
901 1284 1127 1339 Domino
1147 1284 1344 1353 quippe
1374 1282 1475 1337 hoc
1501 1280 1659 1336 etiam
1690 1279 1789 1333 iste
1819 1291 1979 1347 supe-

388 1378 504 1434 rius
530 1376 769 1448 optavit,
806 1374 895 1431 ubi
924 1374 1031 1439 ait,
1065 1372 1273 1429 Utinam
1303 1372 1589 1443 dirigantur
1614 1371 1709 1425 via:
1733 1386 1857 1425 mea:
1883 1385 1899 1421 :
1925 1375 1979 1424 et

388 1468 477 1523 hic
504 1468 596 1523 ubi
623 1465 847 1532 addidit,
875 1462 941 1518 In
970 1463 1121 1518 corde
1144 1480 1253 1518 meo
1283 1462 1524 1517 abscondi
1552 1462 1753 1533 eloquia
1779 1470 1897 1525 tua,
1925 1466 1980 1514 ut

390 1577 493 1614 non
525 1575 727 1631 peccem
756 1556 877 1621 tibi;
898 1557 1150 1611 continuo
1175 1555 1408 1610 divinum
1433 1554 1672 1625 qumsivit
1699 1553 1975 1619 auxilium,

393 1666 462 1707 ne
487 1652 546 1706 in
566 1649 731 1707 corde
754 1648 870 1720 ejus
896 1649 990 1704 Dei
1014 1648 1225 1718 eloquia
1248 1648 1364 1703 sine
1392 1647 1565 1702 fructu
1590 1646 1982 1702 absconderen-

398 1756 502 1812 tur,
536 1744 641 1799 nisi
671 1758 833 1814 opera
869 1742 1088 1812 iustitia:
1125 1749 1496 1812 sequerentur.
1537 1741 1668 1797 Cum
1694 1740 1837 1796 enim
1880 1740 1982 1795 hoc

400 1837 644 1905 dixisset,
666 1836 929 1907 adjunxit,
958 1833 1259 1890 Benedictus
1286 1851 1357 1899 es,
1384 1834 1634 1900 Domine;
1652 1834 1775 1889 doce
1803 1850 1880 1887 me
1892 1837 1981 1903 ju-

394 1931 725 1999 stiﬁcationes
754 1938 885 1984 tuas.
919 1928 1056 1983 Doce
1074 1928 1227 1996 dixit,
1255 1928 1525 1999 quomodo
1545 1945 1635 1983 eas
1656 1928 1866 1983 discunt
1891 1928 1981 1997 qui

393 2022 627 2089 faciunt;
658 2038 763 2079 non
793 2022 1063 2094 quomodo
1082 2022 1137 2077 hi
1160 2024 1247 2094 qui
1271 2032 1329 2077 ut
1354 2022 1583 2078 habeant
1605 2022 1745 2093 quod
1770 2022 1986 2092 loquan-

395 2121 509 2178 tur,
545 2113 912 2168 tantummodo
939 2113 1316 2168 meminerunt.
1345 2111 1475 2167 Nam
1506 2114 1685 2182 utique
1705 2113 1814 2182 jam
1840 2112 1985 2167 dixe-

394 2213 502 2271 rat,
539 2203 605 2259 ]n
632 2205 782 2264 corde
810 2221 918 2260 meo
950 2204 1188 2259 abscondi
1214 2205 1411 2275 eloquia
1441 2214 1549 2272 tua,
1574 2214 1629 2259 ut
1658 2222 1759 2259 non
1789 2222 1987 2275 peccem

396 2296 527 2351 tibi:
550 2295 689 2364 Quid
713 2310 842 2367 ergo
868 2296 1042 2352 adhuc
1062 2312 1124 2352 ea
1148 2298 1339 2367 quaerit
1358 2296 1585 2363 discere,
1609 2313 1727 2367 qua:
1756 2297 1986 2354 abscon-

398 2389 511 2444 dita
534 2388 649 2460 jam
670 2388 904 2444 custodit
924 2389 977 2443 in
1001 2388 1203 2444 corde?
1233 2388 1373 2459 quod
1404 2389 1584 2459 utique
1612 2404 1719 2445 non
1747 2387 1986 2457 fecisset,

397 2485 504 2540 nisi
533 2499 599 2541 ea
630 2483 923 2539 didicisset.
957 2482 1149 2555 thuid
1172 2498 1299 2554 ergo
1320 2482 1471 2538 addit
1498 2492 1551 2539 et
1578 2482 1727 2551 dicit,
1751 2483 1889 2539 Doce
1913 2500 1990 2538 me

390 2578 791 2649 justiﬁcationes
822 2586 954 2642 tuas,
978 2576 1082 2632 nisi
1107 2578 1228 2648 quia
1251 2592 1343 2632 eas
1364 2578 1477 2632 vult
1497 2577 1739 2633 faciendo
1759 2578 1987 2645 discere,

397 2686 511 2726 non
538 2669 807 2741 loquendo
827 2670 910 2725 vel
933 2670 1190 2724 memoria
1213 2670 1528 2726 retinendo?
1556 2671 1817 2737 Quoniam
1839 2686 1989 2742 ergo,

398 2762 543 2817 sicut
573 2760 631 2815 in
658 2760 762 2815 alio
791 2760 999 2830 psalmo
1026 2761 1218 2833 legitur
1238 2804 1253 2828 ,
1285 2760 1695 2816 Benedictionem
1730 2763 1869 2817 dabit
1905 2764 1993 2834 qui

400 2852 565 2923 legem
587 2852 725 2906 dedit
747 2848 922 2922 (Psal.
948 2867 1169 2919 Lxxxut,
1192 2849 1279 2923 8);
1305 2850 1444 2917 ideo,
1474 2850 1775 2907 Benedictus
1800 2869 1869 2919 es,
1894 2852 1993 2907 Do-

400 2944 573 3009 mine;
601 2943 725 2997 doce
746 2959 858 3011 me,
886 2943 1085 3013 inquit,
1106 2943 1502 3013 justiﬁcationes
1533 2952 1665 2999 tuas.
1689 2944 1822 3012 Quia
1849 2944 1994 3000 enim

401 3035 458 3091 in
499 3034 666 3091 corde
703 3050 823 3091 meo
862 3034 1117 3090 abscondi
1143 3034 1354 3105 eloquia
1385 3046 1471 3091 tua
1492 3079 1506 3104 ,
1541 3045 1598 3091 ut
1627 3053 1732 3092 non
1778 3052 1993 3108 peccem

404 3127 538 3193 tibi,
570 3126 740 3197 legem
782 3126 1005 3193 dedisti;
1040 3126 1105 3182 da
1130 3128 1293 3183 etiam
1320 3128 1754 3186 benedictionem
1785 3130 1991 3201 gratiae,

405 3230 465 3275 ut
484 3220 734 3277 faciendo
756 3219 959 3277 discam
976 3221 1120 3292 quod
1142 3221 1439 3278 intimando
1463 3222 1691 3292 jussisti.
1722 3223 1846 3278 Haec
1865 3223 1997 3279 satis

404 3313 537 3381 sint,
571 3320 633 3368 ut
658 3321 849 3369 vestrae
871 3322 1079 3370 mentes
1108 3314 1223 3369 sine
1248 3313 1462 3370 fastidio
1483 3316 1815 3371 nutriantur:
1834 3317 1994 3372 alium

404 3420 716 3463 sermonem
738 3406 1042 3463 desiderant
1068 3423 1189 3478 quae
1219 3415 1532 3477 sequuntur.

1069 3533 1240 3573 SERIO
1268 3534 1316 3573 Vl
1326 3557 1339 3570 .

482 3634 535 3687 1.
580 3630 733 3703 [νινε.
768 3630 881 3704 15.]
923 3631 1136 3686 Initium
1163 3630 1428 3686 sermonis
1452 3630 1609 3701 hujus
1639 3640 1719 3686 est
1748 3632 1905 3687 nobis
1945 3634 1998 3688 in

407 3722 622 3793 psalmo
648 3721 715 3777 de
739 3736 845 3792 quo
870 3721 1224 3791 disputamus,
1245 3721 1332 3777 hic
1357 3737 1583 3778 versus:
1609 3722 1677 3777 In
1704 3722 1851 3779 labiis
1876 3726 2001 3781 meis

406 3813 669 3869 enuntiavi
702 3814 873 3866 omnia
888 3813 1092 3883 judicia
1113 3814 1214 3868 oris
1235 3815 1325 3868 tui.
1350 3814 1489 3883 Quid
1513 3822 1597 3870 est
1617 3814 1739 3879 hoc,
1766 3817 2001 3872 dilectis-

408 3904 575 3960 simi?
604 3903 731 3974 quid
756 3913 838 3959 cst
864 3904 1000 3959 hoc?
1021 3905 1151 3974 Quis
1174 3906 1349 3960 omnia
1373 3906 1571 3975 judicia
1600 3908 1695 3963 Dei
1721 3909 2000 3964 enuntiare

408 3999 617 4076 possit,
659 4014 780 4054 cum
829 3998 1149 4069 investigare
1190 4016 1295 4055 non
1344 4002 1548 4070 possit?
1579 4002 1659 4056 An
1705 4018 1834 4058 vero
1880 4018 2000 4058 cum

412 4096 672 4171 Apostolo
700 4092 1004 4155 exclamare
1044 4092 1343 4153 dubitamus
1365 4142 1380 4167 ,
1410 4112 1428 4151 t
1462 4095 1508 4154 0
1532 4094 1759 4153 altitudo
1788 4095 2000 4151 divitia-

416 4205 538 4245 rum
580 4191 856 4261 sapientiae
904 4199 959 4246 et
996 4192 1233 4247 scientiae
1284 4192 1406 4245 Dei!
1449 4206 1606 4260 quam
1639 4187 2002 4246 inscrutabilia

411 4292 538 4336 sunt
554 4280 757 4351 judicia
772 4281 911 4352 ejus,
934 4291 988 4337 et
1008 4282 1405 4351 investigabiles
1425 4282 1523 4336 viae
1544 4281 1660 4351 ejus
1683 4300 1701 4334 ι
1725 4281 1898 4355 (Rom.
1925 4301 1999 4354 XI,

411 4374 553 4444 35)!
599 4372 856 4429 Dominus
883 4374 1049 4442 dicit,
1088 4394 1106 4425 ‹
1136 4372 1327 4429 Adhuc
1354 4374 1517 4428 multa
1544 4374 1716 4430 habeo
1740 4375 1889 4431 vobis
1917 4377 2001 4432 di-

412 4480 541 4520 cere
561 4507 576 4531 ,
604 4464 702 4521 sed
741 4481 847 4520 non
876 4465 1102 4535 potestis
1148 4474 1362 4535 portare
1404 4466 1566 4521 modo
1591 4484 1603 4520 :
1636 4484 1654 4518 ι
1681 4476 1735 4522 et
1765 4467 2007 4541 quamvis

414 4559 677 4616 continuo
719 4559 1027 4629 promiserit
1050 4558 1130 4613 eis
1154 4573 1367 4613 omnem
1400 4560 1681 4614 veritatem
1718 4575 1812 4631 per
1839 4558 2005 4631 Spiri-

418 4660 534 4707 tum
556 4662 800 4707 sanctum
826 4650 1007 4721 (Joan.
1028 4666 1150 4715 xvr,
1174 4650 1272 4717 12,
1300 4650 1418 4722 15);
1450 4652 1644 4707 clamat
1674 4660 1847 4709 tamen
1877 4654 2005 4710 bea-

421 4752 510 4799 tus
545 4742 774 4809 Paulus,
803 4740 888 4796 Ea:
915 4752 1056 4812 parte
1080 4743 1303 4809 scimus;
1334 4750 1392 4797 ut
1423 4742 1779 4813 intelligamus
1806 4744 2007 4814 Spiritu

423 4836 643 4908 quidem
673 4845 881 4905 sancto,
912 4836 1053 4893 unde
1086 4837 1279 4909 pignus
1306 4837 1629 4907 accepimus,
1663 4838 1880 4907 perduci
1910 4856 2009 4895 nos

429 4928 497 4986 ad
528 4944 745 4985 omnem
775 4931 1089 4995 veritatem;
1121 4930 1216 4985 sed
1243 4944 1366 4985 cum
1392 4929 1445 4985 in
1473 4929 1631 4985 aliam
1661 4930 1822 4985 vitam
1842 4973 1855 4997 ,
1889 4942 2012 5002 post

427 5021 591 5091 hujus
617 5022 739 5077 vitae
764 5022 1042 5091 speculum
1070 5030 1126 5078 et
1148 5022 1372 5092 aenigma
1397 5062 1410 5088 ,
1440 5023 1766 5089 venerimus,
1797 5034 1851 5078 et
1873 5023 2012 5080 facie

426 5112 495 5167 ad
536 5112 727 5168 faciem
763 5113 1056 5169 viderimus
1083 5115 1099 5145 ί
1124 5114 1181 5185 (l
1205 5114 1323 5169 Cor.
1347 5130 1440 5169 xnt
1463 5156 1476 5179 ,
1506 5114 1558 5178 9,
1592 5114 1703 5187 12).
1732 5115 2011 5184 Quomodo

428 5218 559 5274 ergo
595 5204 697 5260 iste
733 5204 894 5271 dicit,
926 5204 994 5260 In
1022 5206 1165 5261 labiis
1193 5207 1315 5260 meis
1340 5208 1593 5261 enuntiari
1615 5209 1786 5262 omnia
1816 5210 2015 5281 judicia

429 5296 533 5350 oris
580 5296 692 5351 tui?
734 5296 802 5351 Et
844 5296 936 5352 ille
978 5299 1081 5352 hoc
1106 5297 1254 5365 dicit,
1285 5299 1373 5369 qui
1403 5300 1558 5370 paulo
1587 5308 1713 5354 ante
1737 5302 2014 5372 superiore

427 5404 593 5446 versu
638 5389 882 5459 proximo
908 5390 1150 5458 dixerat,
1177 5393 1315 5446 Doce
1353 5408 1432 5447 me
1463 5393 1852 5463 justificationes
1878 5406 2010 5452 tuas.

429 5481 549 5547 Quo
600 5489 755 5550 pacto
783 5480 944 5552 igitur
971 5483 1268 5538 enuntiavit
1296 5485 1476 5539 omnia
1497 5485 1695 5555 judicia
1725 5489 1835 5543 oris
1860 5489 1976 5560 ejus
1994 5534 2010 5558 ,

428 5574 523 5645 qui
550 5574 666 5630 vult
692 5574 867 5632 adhuc
886 5576 1094 5632 discere
1116 5576 1524 5646 justiﬁcationes
1546 5579 1698 5650 ejus?
1714 5582 1792 5635 An
1816 5582 2011 5653 judicia

429 5664 652 5738 quidem
678 5676 868 5723 cuncta
891 5667 1000 5738 jam
1030 5678 1273 5736 noverat,
1297 5668 1705 5739 justiﬁcationes
1731 5682 1907 5730 autem
1929 5676 2016 5730 ad-

493 5805 509 5877 ξ
555 5809 713 5877 Am‘et
756 5809 883 5874 stes,
906 5803 1003 5877 sed.
1023 5802 1320 5877 cum‘inalia
1343 5804 1454 5864 vita,
1465 5812 1581 5877 post
1602 5805 1745 5877 hujus
1775 5810 2014 5877 vitmspe-

428 5862 594 5935 cutum
615 5862 886 5975 et
907 5864 1030 5927 facie
1043 5865 1109 5916 ad
1126 5864 1301 5937 faciem
1315 5862 1579 5921 mam
1599 5886 1609 5920 :
1632 5862 1722 5922 nisi
1744 5873 1871 5935 quod
1892 5862 2014 5939 Ideo,

428 5940 658 5975 amoma.
684 5940 763 5975 run
799 5940 875 5975 am
893 5927 1096 5975 habent.
1119 5936 1389 5975 maniam.

427 5927 658 5990 a'niqma,
684 5927 875 5989 quidam
893 5927 1096 5991 habent,
1119 5927 1389 5992 (enigmata.

714 6012 937 6072 ἕλκετ’.
978 6015 1247 6073 AUGUST.
1280 6014 1384 6074 iV.

1444 422 1837 483 ENARRATIO
1876 418 1938 475 IN
1980 415 2297 475 PSALMUM
2337 419 2565 477 CXVIII.

3520 431 3658 485 lilii

2080 533 2184 589 huc
2208 535 2415 591 discere
2439 537 2717 607 cupiebat?
2744 538 2855 593 Hoc
2880 555 3007 595 vero
3033 550 3115 595 est
3140 541 3456 609 mirabilius,
3478 545 3524 609 si
3547 546 3659 614 jam

2076 628 2278 683 sciebat
2303 630 2663 686 inscrut'abilia
2694 631 2823 697 Dei,
2850 641 2904 689 et
2932 648 2994 688 ea
3019 647 3137 703 quae
3178 634 3480 692 hominibus
3518 654 3662 707 prac-

2078 723 2219 793 cepit
2260 722 2501 779 facienda
2545 725 2841 781 nesciebat.
2887 726 3301 784 Justiiicationes
3327 730 3468 784 enim
3500 741 3661 797 sunt,

2078 828 2185 869 non
2214 814 2374 882 dicta,
2405 814 2499 871 sed
2524 814 2661 870 facta
2682 816 2922 886 justitiae,
2951 835 3115 889 opera
3145 822 3348 877 scilicet
3370 822 3663 892 justorum,

2079 922 2197 976 qua:
2223 907 2449 977 imperat
2474 908 2633 964 Deus.
2659 908 2784 964 Ideo
2805 920 2980 967 autem
3010 913 3105 967 Dei
3131 913 3400 983 dicuntur,
3420 917 3666 988 quamvis

2080 1013 2111 1051 a
2137 997 2289 1053 nobis
2316 998 2465 1065 fiant,
2497 999 2619 1069 quia
2652 1000 2755 1055 nisi
2783 1001 2899 1071 ipso
2924 1001 3157 1060 donante
3184 1021 3289 1061 non
3321 1007 3471 1063 fiunt.
3509 1009 3666 1065 Judi—

2080 1088 2162 1145 cia
2192 1104 2350 1160 porro
2377 1090 2471 1146 Dei
2501 1100 2658 1159 sunt,
2690 1092 2883 1163 quibus
2912 1093 2981 1149 ab
3008 1109 3074 1148 eo
3100 1098 3330 1151 mundus
3358 1107 3411 1153 et
3447 1115 3585 1156 nunc
3612 1078 3670 1157 et

2082 1181 2135 1235 in
2166 1180 2272 1237 ﬁne
2298 1182 2479 1237 saeculi
2499 1182 2789 1252 judicatur.
2819 1183 2925 1241 Sed
2950 1200 3070 1241 cum
3098 1186 3325 1258 eloquiis
3365 1189 3461 1245 Dei
3486 1193 3671 1247 omnia

2082 1273 2482 1341 contineantur,
2513 1283 2567 1329 et
2608 1275 3019 1345 justiiicationes
3053 1279 3304 1335 videlicet
3341 1291 3395 1336 et
3431 1280 3677 1353 judicia;

2084 1378 2178 1419 cur
2199 1365 2390 1435 quaerit
2415 1364 2593 1421 adhuc
2626 1367 3038 1437 justiﬁcationes
3072 1369 3314 1441 discere,
3340 1373 3429 1442 qui
3461 1374 3672 1444 eloquia

2084 1458 2177 1514 Dei
2206 1474 2265 1514 se
2292 1457 2637 1517 abscondisse
2663 1461 2716 1516 in
2740 1462 2903 1518 corde
2925 1463 3085 1519 dicit?
3112 1465 3201 1519 Ait
3220 1467 3365 1521 enim
3391 1507 3405 1531 ,
3429 1465 3498 1521 In
3524 1470 3675 1524 corde

2087 1565 2195 1602 meo
2220 1548 2460 1604 abscondi
2489 1552 2685 1622 eloquia
2714 1561 2819 1619 tua,
2851 1563 2904 1607 ut
2932 1570 3033 1609 non
3059 1572 3255 1625 peccem
3284 1558 3371 1610 tibi
3401 1575 3416 1614 :
3447 1568 3557 1613 tum
3588 1574 3675 1616 se-

2084 1652 2239 1701 cutus
2264 1644 2527 1715 adjunxit,
2557 1646 2859 1703 Benedictus
2881 1665 2951 1711 es,
2988 1648 3234 1715 Domine;
3265 1651 3388 1705 doce
3411 1669 3491 1705 me
3508 1654 3674 1723 justi-

2086 1739 2345 1807 ﬁcationes
2368 1749 2515 1805 tuas;
2542 1756 2605 1797 ac
2630 1741 2841 1808 deinde,
2864 1741 2932 1796 In
2958 1743 3105 1798 labiis
3127 1750 3269 1811 meis,
3301 1746 3491 1817 inquit,
3515 1764 3673 1802 enun—

2085 1832 2206 1886 tiavi
2251 1834 2423 1887 omnia
2458 1833 2661 1906 judicia
2702 1834 2805 1889 oris
2857 1836 2949 1889 tui.
3004 1835 3260 1891 Videntur
3304 1837 3518 1907 quidem
3567 1839 3676 1896 duo

2086 1924 2190 1979 ista
2211 1923 2349 1980 inter
2368 1940 2427 1981 se
2448 1940 2555 1981 non
2579 1941 2700 1983 esse
2719 1928 3006 1993 contraria,
3031 1927 3137 1982 imo
3160 1943 3278 1983 esse
3305 1930 3481 1998 potius
3505 1932 3678 1988 amica

2091 2025 2251 2087 atque
2275 2016 2563 2088 conjuncta
2586 2060 2601 2087 ,
2633 2028 2692 2074 ut
2715 2021 2963 2089 quoniam
2996 2019 3049 2073 in
3079 2020 3242 2076 corde
3271 2036 3369 2077 suo
3398 2021 3681 2078 abscondit

2090 2110 2299 2180 eloquia
2330 2111 2445 2178 Dei,
2472 2112 2526 2166 in
2557 2112 2710 2167 labiis
2733 2114 2843 2168 suis
2861 2114 3059 2185 judicia
3081 2114 3197 2185 ejus
3222 2118 3491 2184 enuntiet;
3516 2118 3681 2175 Corde

2090 2202 2223 2255 enim
2246 2203 2471 2260 creditur
2497 2205 2564 2257 ad
2579 2204 2833 2274 justitiam
2853 2249 2866 2271 ,
2900 2222 2985 2260 ore
3021 2218 3188 2261 autem
3220 2212 3468 2280 confessio
3505 2211 3565 2280 ﬁt
3607 2212 3677 2264 ad

2092 2294 2305 2349 salutem
2334 2295 2507 2366 (Rom.
2538 2310 2596 2360 χ,
2622 2296 2712 2369 10)
2739 2315 2750 2350 ;
2776 2297 2869 2353 sed
2908 2299 3051 2369 quod
3097 2301 3235 2357 inter
3276 2302 3390 2357 haec
3422 2302 3529 2359 duo
3568 2320 3682 2361 me-

2093 2385 2239 2440 dium
2268 2388 2479 2456 posuit,
2506 2387 2807 2444 Benedictus
2833 2406 2884 2445 es
2902 2430 2917 2454 ,
2948 2389 3201 2457 Domine;
3228 2394 3352 2447 doce
3380 2411 3457 2449 me
3477 2396 3677 2466 justi/i-

2096 2480 2316 2533 cationes
2362 2491 2502 2545 tuas,
2543 2481 2813 2551 quomodo
2857 2482 3139 2538 conveniat
3182 2484 3385 2540 homini
3430 2485 3582 2556 cujus
3628 2488 3681 2543 in

2094 2572 2257 2627 corde
2290 2571 2400 2643 jam
2426 2582 2555 2640 sunt
2579 2572 2785 2645 eloquia
2814 2575 2942 2643 Dei,
2967 2585 3022 2630 et
3046 2578 3137 2646 qui
3181 2578 3336 2633 labiis
3362 2580 3473 2635 suis
3498 2595 3677 2636 enun-

2100 2666 2246 2719 tiavit
2271 2661 2447 2721 omnia
2464 2666 2662 2737 judicia
2690 2668 2806 2735 Dei,
2831 2677 2887 2723 ut
2907 2669 3081 2727 adhuc
3103 2671 3227 2727 velit
3252 2672 3459 2741 discere
3479 2673 3679 2745 justiﬁ-

2097 2761 2334 2815 cationes
2359 2761 2490 2829 Dei,
2521 2777 2625 2816 non
2658 2762 2945 2829 invenitur,
2977 2764 3082 2820 nisi
3108 2774 3165 2820 ut
3185 2780 3278 2820 eas
3305 2765 3515 2823 discere
3540 2768 3681 2825 velle

2098 2852 2427 2923 intelligatur
2467 2852 2713 2908 faciendo
2732 2895 2747 2919 ,
2777 2870 2883 2909 non
2916 2857 3173 2910 memoria
3204 2856 3485 2912 retinendo
3513 2868 3567 2913 et
3595 2859 3680 2914 lo-

2097 2942 2339 3013 quando;
2370 2952 2424 2998 et
2452 2943 2504 2998 id
2534 2959 2563 2997 a
2593 2944 2821 3000 Domino
2842 2945 3231 3002 demonstravit
3254 2947 3452 3004 debere
3474 2965 3573 3006 nos
3594 2965 3686 3021 pe-

2100 3044 2212 3088 tere
2232 3076 2246 3100 ,
2276 3035 2391 3089 sine
2423 3051 2528 3106 quo
2559 3036 2689 3090 nihil
2716 3051 3002 3107 possumus
3028 3039 3225 3096 facere.
3262 3039 3371 3096 Sed
3414 3040 3520 3099 hoc
3562 3051 3688 3099 ante

2101 3126 2261 3180 istum
2292 3126 2396 3182 alio
2419 3130 2529 3197 jam
2561 3144 2810 3187 sermone
2839 3132 3183 3188 tractavimus
3208 3151 3221 3188 :
3250 3150 3393 3190 nunc
3411 3151 3539 3191 vero
3562 3153 3688 3208 quo-

2101 3215 2259 3271 modo
2286 3233 2343 3272 se
2370 3217 2566 3273 dixerit
2593 3221 2773 3276 omnia
2795 3221 2997 3291 judicia
3022 3224 3133 3279 oris
3168 3225 3268 3281 Dei
3297 3226 3349 3281 in
3391 3227 3547 3283 labiis
3574 3230 3688 3285 suis

2099 3308 2432 3376 enuntiasse,
2455 3324 2575 3365 cum
2598 3312 2739 3367 dicta
2761 3313 2872 3368 sint
2894 3314 3273 3384 inscrutabilia,
3299 3327 3353 3373 et
3372 3317 3439 3373 de
3458 3335 3688 3390 quorum

2101 3399 2463 3469 profunditate
2496 3401 2622 3457 alibi
2665 3404 2923 3474 scriptum
2965 3414 3082 3473 est,
3117 3404 3331 3463 Iudicia
3369 3418 3458 3464 tua
3478 3410 3690 3483 abyssus

2100 3492 2261 3546 multa
2283 3490 2455 3564 (Psal.
2479 3510 2660 3562 xxxv,
2685 3494 2774 3568 7);
2799 3508 3056 3568 quantum
3084 3500 3226 3558 Deus
3246 3501 3433 3571 donat,
3457 3511 3689 3563 tractare

2100 3586 2453 3655 suscepimus.

2173 3676 2228 3731 2.
2268 3677 2405 3745 Quid
2436 3694 2563 3751 ergo
2588 3680 2676 3736 hic
2696 3681 3073 3755 intelligamus,
3113 3687 3393 3745 attendite.
3421 3688 3691 3762 Numquid

2100 3769 2300 3840 judicia
2327 3771 2423 3826 Dei
2448 3774 2619 3829 nescit
2644 3773 2919 3831 Ecclesia?
2947 3777 3059 3833 Scit
3096 3779 3273 3849 plane.
3301 3781 3431 3836 Nam
3463 3784 3564 3839 scit
3587 3786 3689 3840 uti-

2103 3878 2207 3931 que
2224 3863 2468 3934 qualibus
2488 3865 2726 3922 dicturus
2744 3870 2813 3923 sit
2826 3868 2991 3938 judex
3012 3870 3251 3927 vivorum
3265 3880 3320 3927 et
3335 3884 3688 3945 mortuorum,

2116 3953 2305 4019 Venite,
2347 3956 2591 4012 benedicti
2608 3957 2785 4014 Patris
2808 3960 2927 4027 mei,
2954 3962 3193 4032 percipite
3218 3980 3466 4034 regnum;
3490 3976 3543 4021 et
3560 3984 3690 4038 qua-

2105 4047 2244 4102 libus
2272 4047 2511 4105 dicturus
2537 4050 2626 4115 sit,
2660 4049 2741 4105 Ite
2774 4052 2828 4105 in
2849 4051 3018 4123 ignem
3041 4065 3285 4109 internum
3311 4056 3332 4129 (
3358 4056 3686 4127 Hall/LXXV,

2105 4136 2198 4206 54,
2228 4139 2291 4195 41
2318 4138 2357 4209 ).
2409 4139 2562 4209 Scit,
2603 4142 2819 4212 inquam
2848 4185 2864 4211 ,
2912 4159 3086 4216 neque
3112 4146 3459 4208 fornicatores
3480 4195 3493 4218 ,
3522 4170 3695 4227 neque

2107 4231 2263 4289 idolis
2288 4234 2604 4301 servientes,
2629 4250 2805 4307 neque
2825 4237 2949 4294 illos
2971 4248 3131 4310 atque
3154 4242 3293 4309 illos,
3316 4260 3449 4316 quos
3470 4246 3542 4302 ibi
3567 4264 3696 4319 apo-

2107 4325 2278 4385 stolus
2308 4325 2502 4382 Paulus
2557 4338 2875 4395 enumerat,
2930 4346 3152 4403 regnum
3207 4333 3301 4390 Dei
3351 4352 3693 4407 possessuros

2113 4417 2131 4488 (
2158 4418 2179 4473 l
2208 4418 2326 4474 Cor.
2357 4433 2426 4487 Vt,
2461 4417 2518 4485 9,
2547 4417 2654 4491 10)
2690 4437 2702 4473 :
2733 4421 2835 4475 scit
2872 4421 3005 4478 iram
3031 4431 3086 4479 et
3113 4424 3529 4497 indignationem
3556 4474 3571 4499 ,
3604 4434 3699 4489 tri«

2109 4509 2435 4569 bulationem
2466 4523 2519 4570 et
2546 4514 2815 4587 angustias
2850 4515 2902 4568 in
2948 4531 3159 4572 omnem
3187 4521 3419 4578 animam
3466 4524 3698 4584 hominis

2110 4604 2380 4673 operantis
2431 4607 2628 4662 malum
2653 4649 2669 4676 ,
2696 4607 2864 4664 Judaei
2894 4609 3123 4680 primum
3166 4620 3221 4669 et
3245 4612 3445 4684 Graeci;
3474 4617 3697 4688 gloriam

2112 4711 2261 4763 vero,
2289 4705 2344 4754 et
2372 4697 2630 4755 honorem
2659 4742 2675 4768 ,
2706 4710 2760 4758 et
2798 4718 2985 4773 pacem
3015 4707 3158 4762 omni
3188 4711 3428 4777 Operanti
3459 4710 3653 4766 bonum
3681 4755 3696 4777 ,

2114 4788 2300 4845 Iudaeo
2328 4789 2560 4860 primum
2589 4801 2645 4848 et
2672 4792 2862 4850 Graeco
2898 4795 3073 4867 (Rom.
3106 4815 3162 4861 ιι,
3192 4799 3227 4855 9
3252 4811 3300 4854 et
3330 4798 3440 4872 10).
3470 4802 3595 4858 Haec
3620 4814 3698 4858 at-

2114 4896 2219 4951 que
2249 4881 2552 4952 hujnsmodi
2594 4884 2792 4955 judicia
2822 4888 2915 4943 Dei
2961 4890 3234 4946 evidenter
3277 4907 3527 4961 expressa
3553 4896 3699 4951 novit

2115 4972 2389 5029 Ecclesia:
2416 4976 2511 5032 sed
2532 4992 2637 5033 non
2660 4978 2773 5050 ipsa
2802 4989 2926 5035 sunt
2950 4983 3158 5048 omnia;
3179 4999 3300 5038 cum
3330 4986 3435 5039 sint
3455 4988 3695 5057 quaedam

2116 5066 2500 5138 inscrutabilia,
2532 5080 2587 5128 et
2611 5072 2748 5128 sicut
2768 5074 2991 5145 abyssus
3027 5076 3212 5143 multa,
3243 5078 3501 5146 profunda
3528 5090 3582 5136 ct
3606 5098 3699 5139 oc-

2118 5160 2278 5216 culta.
2312 5163 2393 5217 An
2423 5171 2478 5218 et
2506 5162 2617 5233 ipsa
2646 5172 2769 5220 nota
2805 5174 2929 5220 sunt
2963 5166 3277 5235 quibusdam
3306 5171 3700 5230 excellentiori-

2119 5255 2220 5312 bus
2248 5257 2509 5313 membris
2528 5256 2760 5313 hominis
2790 5258 2948 5328 hujus
2966 5301 2981 5326 ,
3010 5259 3241 5329 quicum
3268 5276 3367 5317 suo
3389 5265 3561 5333 capite
3586 5265 3703 5324 Sal-

2119 5358 2305 5406 vatore
2336 5359 2478 5406 totus
2505 5358 2590 5405 est
2613 5350 2902 5408 Christus?
2922 5350 3284 5409 lnserutabilia
3310 5355 3451 5410 enim
3476 5357 3702 5415 fortasse

2119 5439 2259 5497 dicta
2306 5450 2430 5497 sunt
2475 5441 2675 5497 homini
2704 5484 2720 5510 ,
2767 5443 2890 5513 quia
2918 5442 3121 5499 viribus
3169 5444 3280 5502 suis
3303 5463 3367 5502 ea
3396 5463 3499 5504 non
3529 5460 3701 5520 potest

2120 5535 2463 5605 perscrutari.
2493 5532 2599 5591 Sed
2624 5549 2720 5589 cur
2749 5550 2857 5591 non
2886 5538 3055 5608 possit
3079 5538 3222 5595 dono
3250 5539 3479 5612 Spiritus
3508 5545 3696 5609 sancti,

2120 5628 2435 5697 cuicumque
2460 5627 2560 5683 hoc
2589 5627 2847 5685 Dominus
2875 5630 3120 5688 conferre
3139 5632 3423 5706 dignatur?
3447 5634 3535 5690 Sic
3557 5636 3699 5690 enim

2121 5720 2250 5776 illud
2292 5719 2490 5776 dictum
2537 5731 2663 5789 est,
2715 5723 2855 5779 Deus
2891 5719 3082 5781 habitat
3122 5727 3283 5782 lucem
3310 5728 3704 5786 inaccessib'ilem

2119 5814 2140 5884 (
2164 5814 2186 5871 I
2209 5814 2343 5869 Tim.
2371 5831 2442 5880 Vl,
2474 5814 2540 5870 16
2564 5818 2581 5883 )
2607 5832 2621 5880 ;
2654 5824 2710 5872 et
2735 5817 2979 5874 audimus
3008 5829 3202 5885 tamen,
3229 5820 3455 5874 Accedite
3478 5821 3546 5874 ad
3566 5839 3700 5890 eum,

2124 5916 2169 5961 et
2200 5907 2561 5963 illuniinamini
2585 5906 2606 5980 (
2626 5906 2771 5965 Psal.
2806 5926 2997 5977 χχχιιι,
3027 5910 3121 5980 5).
3143 5912 3271 5978 Qua:
3299 5912 3480 5984 utique
3503 5916 3571 5974 ita
3593 5915 3703 5974 sol-

2883 6022 3473 6103 (Quamuis-ltuit.)
