4188 6440
523 346 662 406 ἆΞῆΞὶ

523 460 668 514 vitur
691 452 934 527 quaestio,
963 456 1021 505 ut
1050 440 1432 504 iuaccessibilis
1450 438 1517 494 sit
1538 437 1739 494 viribus
1765 436 1986 502 nostris,
2013 448 2107 489 ac-

525 552 747 610 cedatur
781 554 956 603 autem
1006 540 1074 597 ad
1126 554 1247 595 eum
1296 533 1603 591 muneribus
1634 531 1763 586 suis.
1794 528 2110 599 Quanquam

527 644 629 702 etsi
653 638 851 698 nemini
875 634 1093 711 omnino
1113 638 1442 695 sanctorum,
1471 623 1723 697 quamdiu
1753 636 1949 692 corpus
1971 619 2112 691 quod

528 731 885 803 corrumpitur
910 732 1161 800 aggravat
1186 721 1417 777 animam
1450 720 1471 791 (
1502 718 1631 788 Sap.
1660 732 1735 783 ix,
1770 715 1837 770 15
1862 713 1905 785 ),
1934 713 2113 768 omnia

525 825 723 898 judicia
751 821 845 879 Dei
874 820 1013 876 scire
1030 814 1365 880 conceditur,
1399 809 1522 882 quia
1570 822 1752 863 revera
1784 806 2006 861 multum
2033 812 2117 860 est

528 896 595 974 ad
626 914 917 977 hominem,
948 925 1069 966 cum
1094 904 1332 979 profecto
1355 904 1373 975 (
1397 912 1454 957 ut
1474 899 1675 971 aliquid
1700 898 1925 969 exempli
1948 896 2115 973 gratia

527 1013 700 1070 dicam
722 1052 737 1076 ,
769 1007 909 1064 unde
931 1003 1252 1078 judiciorum
1285 999 1377 1053 Dei
1407 996 1718 1066 conjiciatur
1744 988 2113 1060 immensitas)

529 1122 689 1164 nemo
709 1104 827 1161 sine
848 1098 1048 1172 judicio
1069 1096 1163 1153 Dei
1187 1094 1255 1149 sit
1278 1090 1459 1147 tardus
1480 1090 1533 1144 in
1558 1088 1757 1159 animo,
1784 1085 1869 1141 vel
1897 1082 2117 1143 claudus

532 1200 586 1255 in
613 1209 841 1268 corpore
885 1210 898 1246 :
932 1189 1093 1245 habet
1123 1197 1299 1242 tamen
1330 1182 1472 1238 unde
1520 1181 1661 1235 dicat
1708 1177 1941 1233 Ecclesia
1972 1215 1987 1241 ,
2017 1174 2121 1229 hoc

532 1299 617 1348 est
644 1287 871 1363 populus
895 1281 1281 1355 acquisitionis,
1311 1286 1364 1332 ct
1391 1275 1652 1330 veraciter
1672 1272 1814 1337 dicat
1838 1314 1851 1336 ,
1885 1268 1947 1323 In
1975 1268 2120 1323 labiis

534 1360 659 1438 meis
677 1360 934 1436 enuntiari
958 1374 1127 1431 omnia
1147 1370 1346 1446 judicia
1385 1368 1488 1422 oris
1518 1366 1627 1431 tui;
1656 1364 1706 1419 id
1734 1371 1817 1418 est
1840 1404 1853 1429 ,
1883 1360 2012 1416 nihil
2038 1360 2123 1430 ju-

535 1474 799 1532 diciorum
827 1478 1039 1524 tuorum
1068 1463 1228 1531 tacui,
1250 1477 1367 1534 qua:
1394 1457 1523 1514 mihi
1555 1472 1649 1528 per
1673 1454 1881 1525 eloquia
1913 1463 1998 1507 tua
2035 1452 2121 1505 in-

535 1575 817 1624 notescere
841 1557 1055 1615 voluistl
1080 1599 1093 1622 ,
1120 1553 1213 1611 sed
1257 1552 1437 1608 omnia
1467 1564 1684 1621 prorsus
1712 1546 1764 1602 in
1795 1545 1948 1599 labiis
1989 1542 2123 1598 meis

536 1653 827 1716 enuntiavi.
858 1651 972 1707 Hoc
998 1648 1141 1705 enim
1168 1644 1299 1700 mihi
1320 1642 1529 1698 videtur
1550 1638 1847 1710 signiﬁcare
1869 1633 2120 1698 voluisse,

537 1747 683 1821 quod
702 1760 809 1801 non
837 1742 946 1809 ait,
976 1740 1152 1796 omnia
1175 1736 1373 1810 judicia
1420 1744 1542 1798 tua;
1575 1730 1669 1787 sed
1690 1772 1704 1797 ,
1734 1728 1904 1801 omnia
1924 1724 2126 1797 judicia

538 1819 641 1896 oris
664 1838 757 1905 tui,
785 1835 837 1891 id
867 1842 969 1899 est,
1000 1847 1118 1904 qua:
1149 1828 1278 1884 mihi
1301 1826 1481 1883 dixisti
1512 1844 1525 1881 :
1552 1834 1610 1880 ut
1653 1838 1747 1894 per
1771 1838 1832 1878 os
1874 1819 1990 1901 ejus
2014 1819 2126 1874 elo-

540 1931 722 2005 quium
750 1929 867 2001 ejus
896 1924 1276 1993 intelligamus,
1300 1919 1439 1992 quod
1466 1918 1590 1974 fecit
1615 1915 1681 1971 ad
1708 1929 1816 1987 nos.
1844 1912 1895 1968 in
1919 1911 2125 1967 revela-

542 2004 777 2080 tionibus
801 2028 1104 2076 sanctorum
1132 2012 1396 2086 pluribus,
1429 2020 1482 2067 et
1510 2007 1863 2079 Testamentis
1895 2004 2124 2071 duobus;

542 2124 662 2187 qua
678 2111 856 2169 omnia
865 2109 1061 2182 judicia
1080 2119 1455 2178 usquequaque
1478 2104 1530 2158 in
1549 2101 1701 2157 labiis
1721 2100 1830 2157 suis
1851 2098 2128 2155 enuntiare

543 2223 651 2264 non
676 2214 851 2263 cessat
875 2202 1134 2260 Ecclesia.

615 2300 671 2356 5.
693 2296 846 2375 [κη.
867 2292 979 2369 ιι]
998 2292 1196 2350 Deinde
1212 2290 1480 2361 subjungit
1495 2286 1709 2349 etdicit,
1730 2284 1794 2339 In
1810 2284 1889 2339 via
1910 2284 2131 2338 testimo—

546 2374 747 2447 niorum
764 2385 1282 2459 tuorumjucundatus
1303 2399 1432 2447 sum,
1449 2379 1593 2449 quasi
1609 2379 1660 2432 in
1680 2378 1906 2433 omnibus
1922 2374 2127 2428 divitiis.

546 2481 701 2538 Viam
720 2478 1143 2537 testimoniorum
1159 2475 1249 2530 Dei
1272 2473 1400 2528 nihil
1425 2471 1602 2535 citius,
1617 2467 1743 2523 nihil
1765 2468 1978 2533 certius,
2000 2464 2133 2519 nihil

545 2571 1059 2643 brevius,nihilque
1103 2567 1356 2641 grandius
1409 2564 1754 2633 intelligimus
1804 2576 1923 2615 esse
1973 2574 2133 2631 quam

548 2666 819 2725 Christum
840 2706 857 2734 ,
886 2666 941 2721 in
969 2679 1074 2734 quo
1113 2670 1240 2717 sunt
1281 2674 1468 2715 omnes
1521 2655 1754 2712 thesauri
1780 2653 2054 2723 sapientiae
2080 2661 2135 2707 et

549 2760 786 2816 scientlze
837 2754 1134 2813 abseonditi
1180 2752 1416 2825 (Coloss.
1460 2768 1517 2817 ιι,
1547 2749 1635 2821 5).
1672 2748 1798 2804 inde
1844 2756 1898 2803 et
1935 2747 2037 2802 iste
2063 2746 2136 2800 ait

550 2870 609 2909 se
627 2832 974 2924 jucundatum
1003 2850 1085 2905 vel
1102 2848 1420 2904 delectatum
1448 2847 1499 2901 in
1530 2846 1628 2898 hac
1652 2842 1757 2911 via,
1786 2842 1931 2913 quasi
1956 2845 2009 2895 in
2036 2857 2135 2894 om-

552 2949 699 3004 nibus
740 2944 948 3000 divitiis.
977 2942 1305 2999 Testimonia
1357 2939 1551 3010 quippe
1598 2937 1691 2991 Dei
1736 2944 1897 3003 sunt,
1944 2934 2137 3005 quibus

553 3047 808 3113 quantum
853 3050 951 3092 nos
979 3034 1195 3105 diligat,
1225 3032 1377 3087 nobis
1410 3029 1634 3100 probare
1660 3028 1926 3099 dignatur.
1971 3026 2136 3080 Com-

554 3128 772 3191 mendat
798 3135 980 3183 autem
1007 3139 1158 3180 suam
1188 3122 1503 3177 charitatem
1536 3119 1675 3174 Deus
1702 3119 1754 3172 in
1783 3117 1936 3173 nobis
1964 3159 1978 3183 ,
2008 3131 2139 3187 quo-

554 3224 697 3278 niam
736 3235 855 3277 cum
886 3217 1061 3273 adhuc
1098 3223 1410 3287 peccatores
1447 3226 1722 3275 essemus,
1763 3209 2007 3265 Chrisrus
2042 3225 2139 3279 pro

553 3316 713 3370 nobis
757 3319 999 3369 mortuus
1050 3316 1132 3363 est
1162 3308 1182 3380 (
1215 3306 1369 3361 Rom.
1401 3321 1453 3368 v,
1487 3305 1546 3369 8,
1576 3303 1608 3359 9
1636 3300 1677 3377 ).
1708 3302 1837 3357 Cum
1868 3316 1996 3371 ergo
2026 3302 2140 3370 ipse

556 3408 731 3471 dicat,
760 3402 870 3473 Ego
894 3418 1006 3457 sum
1034 3401 1114 3454 eia
1156 3399 1175 3470 (
1200 3398 1358 3453 Joan.
1381 3412 1491 3464 xw,
1515 3392 1607 3467 6),
1648 3402 1703 3449 et
1733 3394 1999 3447 humilitas
2023 3391 2138 3460 ejus

559 3496 791 3553 carnalis
836 3492 1127 3549 nativitatis
1173 3500 1332 3561 atque
1376 3487 1639 3559 passionis
1670 3526 1685 3553 ,
1727 3485 1989 3541 evidentia
2034 3486 2142 3539 sint

559 3587 863 3646 testimonia
887 3586 1078 3641 divinre
1104 3597 1228 3648 erga
1259 3597 1357 3635 nos
1387 3579 1689 3634 dilectionis
1714 3594 1727 3643 ;
1761 3577 1944 3646 procul
1974 3576 2140 3637 dubio

561 3683 644 3741 via
675 3676 1098 3737 testimoniorum
1130 3674 1223 3729 Dei
1252 3671 1494 3728 Christus
1531 3679 1630 3726 est.
1660 3669 1760 3724 Per
1798 3668 1911 3722 hinc
1947 3669 2143 3739 quippe

563 3771 866 3831 testimonia
896 3782 1017 3841 quae
1045 3767 1095 3821 in
1119 3765 1214 3821 illo
1244 3763 1485 3818 videmus
1516 3760 1754 3830 impleta,
1784 3760 1943 3814 etiam
1967 3740 2142 3815 futura

562 3881 687 3939 erga
716 3878 815 3921 nos
838 3904 853 3929 ,
880 3876 998 3933 qua!
1025 3858 1347 3929 sempiterna
1378 3852 1637 3926 promissa
1678 3862 1832 3917 sunt,
1864 3862 2142 3921 exspecta.

563 3975 683 4021 mus
710 3966 765 4013 et
788 3968 1067 4027 speramus
1100 3948 1388 4021 implenda.
1434 3946 1533 4014 Qui
1569 3945 1711 4001 enim
1757 3945 1974 4015 pr0prio
2008 3944 2143 4001 Filio

563 4069 670 4109 non
698 4050 935 4122 pepercit
962 4089 977 4113 ,
1007 4045 1099 4102 sed
1131 4060 1229 4116 pro
1258 4042 1413 4098 nobis
1439 4040 1687 4096 omnibus
1715 4039 1929 4113 tradidit
1978 4054 2097 4103 eum
2123 4081 2141 4109 ,

563 4141 833 4215 quomodo
857 4156 962 4196 non
983 4148 1182 4195 etcum
1211 4136 1301 4192 illo
1326 4133 1503 4191 omnia
1529 4130 1684 4188 nobis
1712 4130 1965 4201 donavit(
1991 4130 2141 4185 Rom.

564 4251 680 4301 vni,
708 4232 779 4289 ω
800 4231 853 4303 )‘i

640 4328 693 4382 4.
716 4324 863 4399 [νεα.
892 4325 977 4391 iii,
1001 4322 1114 4397 16.]
1142 4323 1418 4394 Sequitur:
1439 4322 1505 4377 In
1526 4324 1774 4378 mandatis
1800 4324 1897 4377 tuis
1926 4321 2148 4394 garriam

568 4430 616 4476 et
641 4416 965 4475 considerabo
986 4418 1090 4470 vias
1110 4425 1241 4469 tuas.
1256 4415 1406 4484 Quod
1426 4430 1631 4485 grmcus
1654 4416 1811 4471 habet
1830 4419 2144 4485 ἀδολεσχήσω,

571 4512 718 4567 latini
747 4511 1064 4579 interpretes
1089 4507 1304 4578 quidam
1332 4508 1588 4578 garriam,
1621 4506 1835 4576 quidam
1863 4509 2144 4571 exercebar,

569 4601 901 4673 interpretati
932 4608 1087 4664 sunt;
1117 4614 1233 4669 quae
1258 4598 1362 4653 duo
1394 4599 1533 4653 inter
1560 4613 1619 4654 se
1655 4597 1899 4653 videntur
1927 4613 2045 4654 esse
2070 4598 2152 4653 di-

568 4713 722 4756 versa
758 4694 894 4751 :sed
929 4694 974 4749 si
1018 4691 1324 4749 exercitatio
1373 4690 1695 4764 intelligatur
1746 4691 1986 4762 ingenii,
2028 4706 2149 4755 cum

569 4790 798 4863 quadam
825 4785 1176 4843 delectatione
1197 4782 1589 4855 disputationis,
1618 4791 1903 4857 utrumque
1930 4784 2153 4854 conjun-

570 4884 734 4953 gitur,
766 4889 820 4936 et
847 4878 1001 4950 quasi
1030 4893 1094 4933 ex
1124 4886 1349 4946 utroque
1374 4892 1537 4931 unum
1581 4876 1775 4947 aliquid
1805 4886 2149 4948 temperatur,

570 4984 631 5030 ut
664 4989 770 5030 non
821 4973 891 5027 sit
915 4970 1087 5026 aliena
1118 4968 1185 5024 ab
1214 4968 1515 5039 huiusmodi
1546 4968 1927 5024 exercitatione
1968 4985 2155 5041 garru-

568 5067 714 5121 litas.
742 5064 929 5121 Solent
950 5064 1090 5123 enim
1122 5062 1313 5133 garruli
1338 5062 1513 5116 vocari
1536 5060 1801 5131 loquaces.
1820 5061 1908 5117 Sic
1933 5070 2109 5117 autem
2134 5063 2151 5094 ί

574 5174 636 5213 se
665 5158 718 5212 in
748 5157 840 5211 Dei
873 5156 1139 5212 mandatis
1185 5162 1399 5210 exercet
1427 5152 1663 5209 Ecclesia
1688 5194 1702 5218 ,
1734 5150 1992 5208 adversus
2038 5169 2154 5209 om-

575 5262 672 5307 nes
699 5246 942 5313 inimicos
965 5246 1085 5302 tidei
1110 5246 1415 5304 christianum
1444 5254 1601 5316 atque
1627 5244 1900 5300 catholica:
1926 5247 2154 5316 copiosis

574 5339 852 5397 doctorum
897 5338 1343 5408 disputationibus
1385 5337 1594 5409 garrula
1644 5354 1657 5390 :
1708 5353 1826 5408 quae
1877 5346 2001 5393 tunc
2043 5338 2155 5392 fru-

577 5439 780 5488 ctuosa:
819 5437 945 5483 sunt
970 5427 1365 5498 disputantihus
1387 5470 1403 5497 ,
1430 5428 1477 5485 si
1503 5444 1610 5483 non
1652 5428 1725 5484 ibi
1753 5428 2157 5484 considerentur

581 5523 679 5585 nisi
726 5522 820 5581 uia
862 5518 1133 5587 Dondni',
1164 5522 1301 5577 sicut
1325 5521 1581 5591 scriptum
1606 5530 1718 5589 est,
1743 5521 2086 5577 misericordia
2111 5532 2158 5577 et

646 5644 660 5674 ι
691 5648 755 5689 tta
781 5646 878 5689 Am.
907 5644 959 5688 et
982 5644 1085 5688 Mss.
1110 5641 1166 5687 At
1196 5641 1267 5684 Er.
1304 5641 1355 5685 et
1390 5640 1520 5697 t.ov.,
1545 5634 1586 5686 si
1624 5641 1783 5686 autem
1808 5649 1820 5685 :
1850 5644 1900 5686 et
1923 5634 2061 5696 infra,
2088 5642 2159 5691 est

578 5703 835 5815 9“’£’.'{,‘f}n
860 5764 971 5814 add.
998 5762 1203 5813 additur:
1238 5759 1477 5823 t'nivcrsa:
1500 5766 1658 5813 autem
1677 5760 1765 5815 tia:
1794 5760 1980 5825 mmini
1998 5776 2009 5812 :
2030 5761 2155 5825 quod

583 5843 607 5879 Α
633 5829 884 5893 ινιλκῖυὶρυιδ
907 5834 1011 5875 Mss.
1036 5826 1192 5875 abest.
1856 5824 1859 5827 '

1821 5985 1861 5995 νν

1760 325 1817 382 s.
1861 306 2223 387 AUGUSTINI
2262 308 2564 379 EPISCOPI

3663 322 3801 382 1516

2225 432 2410 486 veritas
2439 430 2458 503 (
2478 429 2623 486 Psal.
2653 446 2801 498 xxrv,
2833 430 2922 507 10)
2949 447 2963 499 ;
2991 445 3218 504 quorum
3258 433 3483 503 duorum
3528 434 3808 508 plenitudo

2219 524 2485 589 invenitur
2514 525 2567 579 in
2593 523 2830 581 Christo.
2852 524 2957 591 Per
2979 525 3116 582 hanc
3134 540 3350 582 suavem
3371 514 3813 597 exercitationem

2220 615 2280 671 ilt
2304 617 2464 672 etiam
2493 615 2631 687 quod
2663 616 2903 695 adjungit
2927 635 2939 671 :
2964 616 3030 672 In
3045 619 3497 699 justiﬁcationibus
3526 622 3625 683 tuis
3653 622 3820 687 medi-

2221 711 2382 775 tabor,
2400 726 2502 765 non
2519 709 2784 771 obliviscar
2813 710 3073 766 verborum
3104 722 3323 779 tuorum.
3343 712 3467 769 Ideo
3492 714 3680 787 utique
3707 730 3822 769 me-

2222 803 2444 871 ditabor,
2476 812 2533 859 ut
2558 820 2658 858 non
2684 803 2967 861 obliviscar.
3002 804 3153 861 Unde
3180 805 3367 875 beatus
3418 806 3509 873 ille
3557 808 3611 879 in
3640 808 3828 892 primo

2222 897 2431 979 psalmo
2461 939 2475 963 ,
2530 898 2585 953 in
2606 897 2724 981 lege
2762 898 2974 967 Domini
3017 898 3359 979 meditabitur
3414 900 3502 969 die
3548 915 3613 957 ac
3657 911 3832 975 nocte

2226 974 2424 1065 (Psal.
2454 1006 2492 1055 ι.
2523 989 2625 1063 2).
2674 974 2683 981 '
3140 978 3143 979 ί
3694 974 3697 975 ί

2296 1083 2350 1139 5.
2376 1080 2435 1139 In
2460 1083 2542 1139 his
2568 1084 2816 1140 omnibus
2844 1099 2983 1157 quae,
3011 1088 3068 1139 ut
3095 1084 3386 1157 potuimus,
3404 1084 3830 1159 disputavimtls.

2226 1176 2651 1246 meminerimus,
2670 1175 2994 1245 charissimi,
3016 1192 3137 1233 eum
3165 1177 3255 1263 qui
3273 1164 3550 1251 abscondit
3576 1178 3630 1245 in
3654 1178 3840 1243 corde

2226 1286 2323 1326 suo
2350 1270 2558 1342 eloquia
2601 1270 2833 1337 Domini,
2864 1278 2918 1326 et
2944 1270 3184 1335 enuntiat
3209 1271 3261 1335 in
3294 1270 3448 1327 labiis
3487 1272 3605 1339 suis
3639 1273 3841 1328 omnia

2222 1364 2421 1439 judicia
2458 1364 2569 1431 oris
2598 1364 2733 1436 ejus,
2758 1372 2812 1419 et
2852 1364 2907 1427 in
2930 1365 3012 1421 via
3043 1363 3469 1431 testimoniorum
3513 1364 3633 1441 ejus
3673 1364 3847 1431 dele-

2228 1466 2401 1514 ctatur
2420 1458 2559 1521 sicut
2599 1456 2652 1512 in
2678 1456 2927 1521 omnibus
2966 1456 3180 1525 divitiis,
3206 1466 3261 1513 et
3294 1457 3534 1528 garriens
3574 1459 3660 1529 vel
3705 1472 3848 1529 sese

2229 1566 2489 1619 exercens
2526 1553 2580 1617 in
2626 1550 2891 1608 mandatis
2932 1550 3069 1631 ejus,
3106 1534 3411 1633 considerat
3448 1552 3562 1621 vias
3597 1534 3747 1624 ejus,
3782 1559 3854 1607 et

2230 1643 2517 1711 meditatur
2563 1643 2616 1697 in
2656 1642 3126 1713 justiticationibus
3170 1642 3317 1723 ejus,
3364 1657 3433 1723 ne
3474 1642 3852 1719 obliviscatur

2231 1736 2514 1809 verborum
2541 1734 2676 1806 ejus,
2704 1749 2801 1807 per
2823 1750 2941 1806 quae
2969 1733 3145 1801 omnia
3177 1720 3359 1813 utique
3398 1720 3515 1815 lege
3543 1736 3647 1805 Dei
3668 1743 3857 1809 atque

2231 1826 2478 1884 doctrina
2520 1829 2811 1884 instructus
2856 1838 3112 1907 apparet;
3139 1843 3295 1897 orare
3336 1836 3511 1905 tamen
3535 1829 3853 1898 “dicere,

2235 1921 2538 1977 Benedictus
2581 1938 2655 1991 es,
2688 1920 2943 1988 Domine;
2988 1921 3113 2005 doce
3151 1938 3231 1993 ηις
3262 1923 3655 1996 iustiﬁcationes
3696 1934 3853 1994 tuas.

2235 2012 2335 2071 Ubi
2362 2014 2494 2069 nihil
2523 2012 2664 2070 aliud
2709 2011 3021 2089 intelligitur
3064 2028 3306 2095 poscere,
3355 2014 3457 2087 nisi
3500 2013 3859 2089 adiutorium

2234 2110 2439 2192 gratiae,
2469 2116 2527 2165 ut
2553 2106 2695 2187 quod
2730 2106 2843 2181 jam
2883 2108 3032 2175 novit
3067 2122 3333 2187 sermone,
3366 2108 3535 2183 discat
3556 2118 3617 2177 et
3640 2124 3857 2183 opere.

2881 2237 3054 2287 σιω)
3096 2238 3189 2283 γη.

2308 2336 2361 2391 ι.
2393 2334 2545 2409 [sera
2575 2332 2690 2408 η]
2716 2333 2772 2391 Si
2822 2333 2978 2405 hujus
3022 2334 3209 2404 psalmi
3254 2335 3526 2406 superiora
3571 2337 3862 2393 memini-

2236 2426 2356 2493 stis,
2382 2426 2706 2491 charissimi,
2734 2425 2988 2497 adjuvare
3018 2441 3115 2481 nos
3160 2426 3357 2483 debent
3384 2426 3451 2483 ad
3482 2412 3862 2500 intelligenda

2240 2519 2539 2591 sequentia.
2578 2518 2791 2574 Etenim
2834 2534 2954 2589 qua:
3000 2528 3251 2589 tanquam
3305 2536 3370 2575 ex
3395 2508 3547 2576 unius
3595 2521 3864 2579 hominis

2242 2628 2468 2684 persona
2495 2612 2805 2683 loquuntur,
2834 2611 3073 2667 membra
3098 2618 3223 2667 sunt
3245 2610 3461 2680 Christi,
3486 2622 3539 2668 et
3566 2614 3638 2669 ad
3669 2632 3866 2672 unum

2240 2713 2402 2774 caput
2441 2713 2692 2774 tanquam
2733 2718 2899 2758 unum
2933 2703 3236 2773 pertinent‘
3264 2718 3482 2774 corpus.
3506 2690 3726 2778 Nempe
3758 2722 3865 2779 su-

2242 2800 2423 2870 perius
2452 2798 2661 2854 dixerat
2689 2815 2703 2852 :
2736 2796 2805 2852 In
2840 2814 2938 2869 quo
2958 2798 3164 2869 corrigit
3184 2797 3364 2867 junior
3392 2798 3523 2851 viam
3549 2815 3707 2853 suam
3729 2801 3763 2853 Ρ
3790 2800 3867 2855 In

2242 2891 2570 2953 custodiendo
2615 2891 2763 2946 verba
2806 2900 2915 2946 tua.
2959 2891 3099 2947 Ecce
3140 2906 3281 2947 nunc
3305 2892 3558 2963 apertius,
3592 2903 3653 2950 ut
3676 2894 3741 2949 id
3775 2896 3867 2950 fa-

2241 2987 2368 3055 cint,
2419 2986 2593 3058 poscit
2636 2984 2895 3040 auxilium
2930 3002 2942 3039 :
2972 2984 3241 3049 Retribue,
3286 2986 3481 3056 inquit,
3518 3003 3663 3041 servo
3722 2999 3826 3043 tuo
3849 3006 3867 3055 ,-

2241 3078 2423 3143 oivam,
2448 3087 2495 3131 et
2522 3075 2820 3131 custodibo'
2848 3075 2995 3131 verba
3022 3086 3128 3131 tua.
3160 3074 3215 3132 Si
3244 3076 3381 3132 bona
3414 3092 3509 3146 pro
3536 3077 3703 3135 bonis
3752 3082 3870 3145 sibi

2244 3169 2467 3225 retribui
2507 3168 2813 3239 postulavit,
2847 3169 2958 3240 jam
3004 3169 3330 3224 custodierat
3364 3169 3522 3225 verba
3565 3170 3690 3227 Dei.
3730 3171 3870 3227 Non

2242 3275 2422 3321 autem
2447 3263 2602 3332 dixit,
2633 3263 2893 3319 Retribue
2917 3277 3072 3318 servo
3098 3272 3211 3331 tuo,
3241 3263 3362 3333 quia
3391 3262 3653 3318 custodiri
3679 3266 3872 3321 verba

2244 3358 2368 3415 tua;
2404 3358 2653 3419 tanquam
2678 3348 2980 3404 mercedem
3006 3348 3199 3404 bonam
3219 3362 3316 3419 pro
3347 3347 3487 3403 bono
3514 3348 3873 3405 obedientia:

2245 3442 2511 3512 ﬂagitaret
2541 3458 2555 3494 :
2589 3440 2683 3497 sed
2722 3440 2881 3509 dixit,
2920 3442 3161 3503 Renibus
3209 3458 3350 3496 servo
3406 3452 3528 3506 tuo;
3571 3444 3789 3512 vivam,
3822 3455 3874 3503 et

2246 3534 2504 3591 custodibo
2530 3533 2676 3607 verba
2703 3543 2809 3589 tua.
2838 3533 2990 3605 Quod
3017 3534 3144 3607 quid
3171 3544 3254 3591 est
3281 3534 3445 3603 aliud,
3466 3550 3630 3606 quam
3658 3536 3873 3596 dicere

2246 3636 2485 3681 mortuos
2514 3641 2573 3680 ea
2596 3612 2877 3683 custodire
2906 3641 3014 3682 non
3060 3627 3250 3698 posse?
3280 3626 3523 3691 inﬁdeles
3561 3627 3869 3700 videlicet,

2246 3717 2313 3773 de
2339 3717 2529 3797 quibus
2555 3716 2765 3785 dicitur,
2795 3719 2919 3774 Sine
2956 3730 3179 3785 mortuos
3222 3720 3431 3793 sepelire
3466 3730 3698 3787 mortuos
3733 3741 3872 3783 suos

2248 3809 2580 3883 (Martium,
2609 3810 2727 3883 22).
2772 3811 3107 3887 Quapropter
3136 3813 3180 3869 si
3206 3822 3446 3881 mortuos
3488 3814 3871 3886 intelligimus

2249 3902 2517 3970 inﬁdeles,
2546 3904 2693 3960 vivos
2715 3914 2889 3969 autem
2922 3905 3135 3972 ﬁdeles;
3160 3906 3407 3977 quoniam
3436 3906 3612 3975 iusws
3638 3922 3713 3965 ex
3748 3908 3870 3969 ﬁde

2248 3997 2376 4052 vivit
2402 3997 2588 4075 (Rom.
2617 4013 2655 4063 ι,
2682 3996 2805 4072 17),
2835 4012 2933 4053 nec
2972 4006 3196 4069 possunt
3238 3997 3492 4069 custodiri
3535 3998 3702 4061 verba
3762 4000 3870 4069 Dei

2249 4090 2351 4145 nisi
2374 4089 2497 4158 ﬁde,
2517 4106 2636 4161 quae
2689 4106 2784 4163 per
2812 4091 3149 4147 dilectionem
3194 4101 3447 4163 operatur
3470 4090 3489 4167 (
3509 4090 3628 4159 Gal.
3650 4107 3709 4159 v,
3746 4094 3864 4166 6):

2250 4184 2388 4241 hanc
2413 4185 2513 4243 sibi
2543 4186 2714 4257 poscit
2742 4184 2831 4257 qui
2857 4185 3025 4254 dicit,
3054 4185 3295 4241 Retribue
3317 4202 3458 4243 servo
3487 4196 3610 4253 tuo;
3651 4188 3864 4258 vivant,

2251 4285 2299 4331 et
2326 4276 2585 4331 custodibo
2631 4277 2777 4331 verba
2822 4288 2930 4332 tua.
2962 4278 3029 4332 Et
3071 4278 3321 4351 quoniam
3364 4289 3495 4349 ante
3524 4277 3689 4347 (idem
3741 4298 3866 4341 non

2253 4370 2453 4425 homini
2479 4369 2741 4426 debentur
2766 4370 2867 4426 nisi
2899 4371 3036 4427 mala
3057 4356 3153 4443 pro
3183 4372 3357 4440 malis,
3382 4372 3628 4443 retribuit
3660 4387 3864 4432 autem

2255 4461 2397 4517 Deus
2436 4476 2532 4533 per
2571 4460 2859 4533 indebitam
2899 4464 3125 4535 gratiam
3166 4464 3306 4537 bona
3348 4478 3448 4535 pro
3489 4464 3674 4533 malis;
3705 4465 3865 4531 hanc

2254 4555 2662 4615 retributionem
2690 4568 2840 4637 rogat
2868 4557 2957 4641 qui
2980 4556 3130 4623 dicit,
3156 4540 3563 4631 Retribggkmtq
3582 4567 3672 4625 tuo
3703 4575 3728 4625 ;
3782 4561 3863 4621 vi-

2255 4664 2390 4713 vam,
2421 4657 2470 4703 et
2498 4646 2755 4702 custodibo
2780 4648 2927 4713 verba
2960 4657 3067 4705 tua.
3093 4648 3330 4717 Quatuor
3358 4658 3483 4719 sunt
3514 4649 3658 4717 enim
3687 4653 3862 4715 retri-

2256 4738 2503 4797 butiones
2532 4748 2659 4796 :aut
2684 4740 2819 4803 mala
2840 4755 2938 4811 pro
2961 4740 3114 4796 malis
3131 4741 3519 4813 retrihuuutnr,
3542 4742 3680 4811 sicut
3701 4742 3860 4807 Deus

2258 4831 2434 4903 ignem
2449 4840 2708 4888 aeternum
2738 4832 3096 4899 retributurus
3120 4842 3201 4889 est
3221 4832 3435 4911 impiis;
3466 4833 3719 4904 autbona
3752 4852 3858 4906 pro

2257 4924 2414 4983 bonis
2441 4925 2581 4981 sicut
2614 4940 2836 4997 regnum
2867 4934 3127 4983 aeternum
3157 4925 3511 4999 retributnrus
3539 4934 3624 4995 est
3643 4926 3815 4996 juStis
3841 4945 3858 4993 ;

2260 5028 2351 5074 aut
2374 5014 2512 5073 bona
2539 5032 2638 5088 pro
2663 5017 2840 5085 malis,
2868 5018 3006 5093 sicut
3027 5018 3271 5085 Christus
3298 5034 3397 5091 per
3432 5019 3661 5093 gratiam,
3687 5017 3863 5089 justi-

2259 5110 2383 5173 ﬁeat
2404 5109 2661 5181 impium;
2694 5118 2785 5166 aut
2812 5110 2950 5179 mala
2978 5125 3074 5181 pro
3099 5111 3273 5179 bouis,
3300 5112 3441 5183 sicut,
3464 5110 3629 5183 ludas
3656 5123 3712 5168 et
3757 5111 3857 5169 Ju-

2261 5201 2361 5259 daei
2392 5218 2487 5275 per
2515 5203 2770 5259 malitiam
2810 5204 3077 5274 persecuti
3116 5213 3241 5273 sunt
3287 5203 3556 5273 Christum
3578 5204 3619 5267 ³,
3647 5204 3854 5269 Harum

2262 5306 2490 5367 quatuor
2534 5296 2942 5357 retributionum
2986 5296 3105 5353 dua:
3143 5298 3348 5368 priores
3377 5297 3736 5369 pertinentad
3764 5299 3853 5369 ju-

2261 5389 2498 5459 stitiam,
2530 5398 2589 5445 ut
2633 5390 2992 5455 retribuantur
3039 5391 3178 5455 mala
3228 5407 3323 5463 pro
3361 5391 3536 5459 malis,
3585 5391 3725 5455 bona
3755 5408 3852 5463 pro

2264 5481 2419 5541 bonis
2453 5502 2466 5538 :
2500 5484 2654 5543 tertia
2720 5483 2950 5554 pertinet
2991 5483 3059 5563 ad
3099 5483 3555 5557 misericordiam,
3600 5493 3659 5547 u;
3698 5487 3850 5555 [ειη.

2328 5640 2345 5671 ι
2369 5639 2444 5689 Sic
2464 5645 2539 5689 Er.
2564 5640 2712 5703 Lugd.
2734 5646 2852 5703 Ven.
2873 5644 3049 5703 etLov.
3073 5643 3140 5687 tn.
3170 5644 3239 5699 8.,
3265 5638 3521 5703 pertinens.
3575 5644 3632 5703 at.

2328 5703 2348 5732 ¹
2376 5707 2442 5754 Ita
2458 5699 2739 5755 constanter
2754 5702 2854 5751 anti
2890 5702 3055 5767 mores
3204 5699 3412 5763 ,tt‘ﬁddq

2329 5764 2350 5797 ³
2374 5770 2482 5815 Ilss.
2501 5800 2515 5826 ,
2555 5758 2680 5816 sicut
2702 5716 2906 5815 Judttgs
2928 5776 3016 5826 per
3035 5759 3273 5825 math
3298 5768 3577 5826 persecutus
3616 5762 3723 5817 εει(

2265 5764 2482 5879 81;":88.
2501 5800 2515 5826 ,
2555 5758 2680 5816 sicut
2702 5756 2906 5815 Judaei)”:
2928 5756 3016 5829 ραι
3035 5756 3577 5828 memineramus
3616 5762 3686 5817 est
3707 5762 3847 5817 clm-
