4188 6506
352 384 487 451 1317

350 508 580 565 buantur
614 508 753 564 bona
784 522 880 581 pro
918 504 1071 565 malis
1102 514 1378 579 :qttartam
1409 508 1548 565 Deus
1577 509 1780 575 nescit;
1814 510 1946 566 nulli

349 603 494 659 enim
547 604 748 657 malum
789 618 886 674 pro
914 603 1058 657 bono
1107 602 1373 659 retribuit.
1414 602 1538 657 Haec
1566 612 1743 658 autem
1786 618 1944 673 quam

350 697 514 752 tertio
542 698 664 752 loco
694 697 885 767 posui,
917 696 1164 766 primitus
1202 695 1498 751 necessaria
1523 704 1639 749 est:
1670 696 1770 750 nisi
1801 696 1941 751 enim

348 789 493 845 Deus
522 790 847 846 retribueret
873 790 1011 845 bona
1048 804 1145 860 pro
1181 789 1335 843 malis
1362 830 1375 854 ,
1402 788 1550 843 nullo
1577 789 1735 844 modo
1764 800 1943 845 essent

347 882 542 954 quibus
572 884 893 939 retribueret
921 883 1058 937 bona
1081 896 1178 953 pro
1199 881 1370 938 bonis.

411 974 470 1029 2.
515 975 651 1032 Vide
678 976 827 1031 illum
862 974 1113 1039 Saulum,
1168 983 1350 1043 postea
1377 973 1596 1029 Paulum
1626 991 1639 1027 :
1676 991 1695 1025 ‹
1729 973 1843 1029 Non
1871 988 1935 1028 ex

346 1067 631 1138 cperibus,
669 1086 689 1120 ι
722 1068 894 1138 inquit
922 1108 938 1134 ,
984 1084 1002 1118 ‹
1032 1066 1249 1137 justitim
1275 1082 1394 1136 qum
1433 1081 1530 1120 nos
1555 1066 1776 1121 fecimus
1797 1108 1811 1133 ,
1840 1065 1937 1121 sed

344 1159 640 1214 secundum
658 1174 808 1214 suam
827 1157 1244 1215 misericordiam
1261 1158 1435 1212 salvos
1451 1174 1548 1212 nos
1562 1158 1683 1213 fecit
1698 1174 1790 1228 per
1804 1158 1935 1212 lava-

342 1265 495 1306 crum
528 1252 951 1323 regenerationis
984 1271 1001 1304 ι
1036 1251 1193 1323 (Tim.
1220 1268 1295 1317 Ill,
1321 1252 1397 1323 5).
1430 1251 1495 1305 Et
1521 1252 1714 1307 iterum
1742 1269 1753 1304 :
1786 1270 1804 1303 ι
1834 1252 1931 1320 Qui

342 1342 490 1410 prius
544 1341 619 1396 fui
649 1342 991 1413 blasphemus
1024 1383 1038 1407 ,
1071 1351 1122 1396 et
1150 1350 1478 1411 persecutor,
1523 1350 1577 1396 et
1607 1341 1930 1411 injuriosus;

340 1433 433 1488 sed
484 1434 911 1489 misericordiam
947 1443 1264 1490 consecutus
1305 1450 1420 1488 sum
1446 1476 1460 1501 ,
1508 1434 1630 1502 quia
1684 1435 1935 1505 ignorans

341 1524 440 1579 Ieci
462 1525 515 1578 in
535 1525 943 1581 incredulitate»
970 1524 1228 1597 (lTim.t,
1256 1526 1365 1595 15).
1396 1526 1461 1579 Et
1482 1525 1674 1581 iterum
1702 1544 1714 1579 :
1748 1544 1766 1578 ς
1796 1527 1933 1581 Con-

339 1615 519 1670 silium
546 1624 727 1671 autem
770 1616 861 1682 tio,
890 1623 1141 1686 tanquam
1167 1616 1586 1671 misericordiam
1613 1627 1933 1673 consecutus

341 1720 372 1759 a
391 1705 642 1772 Domino,
671 1714 728 1761 ut
749 1706 921 1762 ﬁdelis
949 1722 1123 1763 essem
1152 1708 1170 1776 (
1195 1707 1211 1760 l
1242 1705 1359 1763 Cor.
1384 1723 1478 1773 vn,
1508 1707 1580 1764 25
1604 1709 1623 1778 )
1657 1725 1669 1763 :
1702 1709 1801 1764 hoc
1830 1718 1930 1776 est,

347 1808 401 1853 ut
423 1800 695 1865 viverem;
741 1801 864 1870 quia
890 1800 1066 1870 justus
1114 1815 1179 1855 ex
1223 1799 1326 1855 {Ide
1350 1801 1494 1855 vivit.
1523 1800 1758 1857 Mortuus
1807 1817 1935 1874 ergo

343 1903 453 1947 erat
474 1894 624 1962 pri-us
650 1909 746 1963 per
772 1908 919 1947 suam
943 1894 1249 1963 injustitiam
1268 1934 1283 1959 ,
1306 1904 1588 1965 antequam
1616 1895 1817 1951 viveret
1838 1912 1934 1966 per

337 1985 429 2040 Dei
475 1986 725 2056 gratiam.
756 1985 927 2056 Ipsam
958 2000 1118 2055 porro
1144 2000 1294 2040 suam
1325 1994 1550 2041 mortem
1590 1988 1667 2042 sic
1708 1987 1935 2044 conﬁte-

337 2085 460 2138 tur:
499 2094 518 2127 ‹
558 2076 888 2131 Advenieute
912 2086 1110 2143 autem,
1153 2096 1172 2130 ι
1204 2077 1390 2146 inquit,
1422 2094 1441 2127 ‹
1475 2076 1726 2133 mandato
1748 2120 1763 2143 ,
1809 2093 1932 2147 pec-

335 2177 515 2223 catum
562 2169 770 2233 revixit,
816 2184 915 2240 ego
937 2177 1113 2223 autem
1138 2181 1382 2224 mortuus
1410 2184 1550 2236 sum,
1581 2177 1636 2225 et
1657 2169 1930 2226 inventum

334 2269 418 2315 est
464 2262 598 2316 mihi
643 2261 946 2316 tnandatum
972 2261 1113 2333 quod
1156 2271 1272 2317 erat
1299 2262 1353 2316 in
1375 2263 1558 2329 vitam,
1602 2262 1706 2319 hoc
1731 2278 1851 2321 esse
1878 2266 1931 2321 in

342 2351 397 2405 in
449 2364 681 2407 mortem
722 2371 739 2403 ι
769 2353 787 2424 (
819 2351 972 2409 Rom.
1023 2369 1128 2421 vn,
1176 2350 1437 2424 9am).
1486 2354 1751 2410 Retribuit
1804 2371 1934 2427 ergo

336 2441 409 2496 illi
442 2443 585 2497 Deus
612 2445 806 2497 bonum
836 2458 929 2511 pro
956 2442 1114 2508 malo,
1149 2444 1250 2498 hoc
1277 2452 1379 2507 est,
1414 2443 1575 2499 vitam
1599 2459 1697 2514 pro
1725 2455 1928 2514 morte;

337 2534 501 2589 talem
529 2535 735 2589 scilicet
762 2534 1189 2599 retributionem,
1219 2536 1391 2606 qualis
1432 2536 1517 2591 hic
1556 2537 1811 2605 poscitur,
1841 2540 1933 2597 ubi

338 2624 552 2689 dicitur,
585 2625 821 2681 Retribue
862 2641 1002 2679 servo
1036 2636 1156 2691 tuo;
1200 2628 1382 2694 vivam,
1414 2636 1460 2681 et
1486 2627 1746 2683 βαδιοάὶὺο
1785 2630 1934 2685 verba

341 2727 444 2771 tua.
492 2716 560 2771 Et
590 2718 737 2783 vixit,
770 2726 825 2773 et
847 2717 1128 2773 custodivit
1180 2719 1339 2774 verba
1383 2719 1519 2789 ejus,
1566 2728 1621 2775 et
1665 2721 1933 2791 pertinere

336 2808 503 2877 capit
524 2808 590 2862 ad
635 2810 792 2863 aliam
848 2809 1275 2877 retributionem,
1323 2811 1376 2865 in
1420 2826 1523 2881 qua
1566 2812 1932 2869 retribuuntur

335 2900 474 2957 bona
504 2916 601 2971 pro
623 2900 779 2956 bouis
807 2919 820 2956 :
847 2912 1064 2972 propter
1092 2918 1251 2973 quam
1275 2902 1424 2969 dicit,
1463 2921 1481 2954 ι
1513 2903 1718 2959 Bonum
1748 2914 1927 2963 certa-

336 3010 457 3050 men
506 2995 727 3062 certari,
778 3010 992 3053 cursum
1038 2996 1425 3061 consummavi,
1477 2995 1637 3051 Iidem
1667 2999 1925 3065 servavi;

335 3087 403 3142 de
445 3097 645 3143 caetero
673 3088 905 3157 reposita
954 3095 1037 3142 est
1082 3086 1215 3142 mihi
1263 3102 1460 3143 corona
1500 3087 1741 3157 justiti-ac,
1768 3105 1931 3160 quam

334 3180 527 3236 reddet
553 3180 680 3234 mihi
715 3181 972 3236 Dominus
989 3180 1040 3234 in
1064 3180 1154 3234 illa
1178 3178 1264 3234 die
1281 3178 1629 3249 justusjudex
1652 3200 1669 3233 ›
1694 3180 1760 3253 (Il
1795 3180 1925 3237 Tim.

334 3288 409 3339 tv,
439 3274 472 3328 7
491 3284 539 3327 et
555 3272 636 3343 8).
668 3273 861 3343 Utique
877 3275 1069 3344 justus,
1092 3272 1438 3329 retribuendo
1464 3273 1599 3328 bona
1627 3290 1721 3343 pro
1743 3273 1925 3341 bonis;

332 3365 455 3436 quia
482 3365 637 3437 prius
664 3366 987 3429 misericors,
1030 3366 1380 3421 retribueudo
1420 3365 1563 3421 bona
1609 3382 1707 3437 pro
1750 3367 1925 3425 malis.

331 3459 590 3527 Quamvis
615 3467 669 3513 et
698 3459 809 3528 ipsa
834 3458 1059 3527 justitia,
1087 3473 1191 3529 qua
1237 3458 1606 3513 retribuuntur
1647 3460 1783 3514 bona
1831 3475 1931 3531 pro

330 3552 511 3619 bonis,
542 3567 646 3606 non
691 3561 773 3607 est
800 3552 915 3605 sine
961 3550 1359 3616 misericordia;
1407 3551 1530 3621 quia
1579 3552 1761 3609 ethoc
1788 3554 1926 3608 scri-

329 3652 481 3713 ptum
510 3653 615 3711 est,
643 3642 741 3709 Qui
794 3652 1000 3697 coronat
1024 3651 1070 3695 te
1098 3642 1150 3696 in
1194 3643 1515 3701 miseratione
1557 3654 1604 3698 et
1648 3645 1927 3700 misericor-

329 3740 416 3790 dia
454 3739 470 3807 (
506 3733 652 3792 Paul.
680 3752 769 3801 cn,
797 3738 831 3791 4
860 3736 901 3809 ).
931 3736 1030 3803 Qui
1061 3736 1202 3791 enim
1230 3737 1361 3791 dixit
1386 3780 1400 3803 ,
1435 3736 1635 3792 Bonum
1678 3751 1928 3793 certamen

331 3830 519 3886 certari
537 3871 552 3895 ,
572 3831 785 3901 quando
808 3833 1043 3885 vinceret
1060 3871 1073 3893 ,
1095 3830 1193 3884 nisi
1220 3831 1308 3884 illo
1325 3829 1557 3885 donante
1583 3831 1650 3886 de
1679 3847 1783 3903 quo
1814 3834 1885 3887 ait
1908 3874 1923 3899 ,

331 3922 545 3979 Gratias
574 3921 706 3989 Deo,
737 3923 824 3993 qui
849 3922 934 3975 dat
963 3921 1102 3975 nobis
1133 3923 1389 3975 victoriam
1414 3938 1501 3991 per
1524 3922 1802 3976 Dominum
1832 3940 1925 3977 no-

330 4028 495 4072 strum
524 4016 701 4070 Jesum
741 4015 994 4069 Christum
1026 4014 1043 4086 (
1071 4014 1087 4068 I
1118 4014 1236 4069 Cor.
1260 4030 1352 4080 xv,
1385 4015 1450 4070 57
1478 4014 1545 4086 )?
1574 4015 1641 4069 Et
1668 4016 1758 4085 qui
1800 4031 1926 4069 cur-

330 4123 455 4162 sum
483 4109 869 4163 cousummavit
902 4149 915 4174 ,
944 4108 1155 4178 quando
1180 4117 1455 4175 curreret,
1498 4108 1709 4178 quando
1740 4123 1931 4179 perve.

333 4203 479 4256 niret
503 4242 519 4268 ,
552 4202 650 4256 nisi
682 4201 775 4255 illo
815 4199 1097 4270 adjm'ante
1122 4200 1188 4255 de
1221 4215 1327 4271 quo
1373 4200 1483 4266 ait,
1516 4198 1687 4269 Igitur
1714 4216 1814 4253 non
1836 4216 1927 4253 so-

332 4293 485 4347 lentis
508 4334 523 4357 ,
552 4308 711 4363 neque
736 4293 981 4347 currentis
1005 4334 1020 4358 ,
1062 4291 1151 4346 sed
1176 4292 1454 4347 miserantis
1474 4300 1545 4346 est
1595 4290 1685 4345 Dei
1730 4291 1749 4362 (
1772 4290 1924 4346 Rom.

332 4385 584 4455 mis)?
630 4386 696 4441 Et
742 4385 832 4457 qui
876 4383 1034 4440 ﬁdem
1066 4385 1325 4451 servavit,
1376 4383 1663 4455 quandoid
1690 4384 1924 4453 faceret,

333 4480 459 4546 nisi,
493 4487 555 4534 ut
588 4480 700 4550 ipse
724 4478 837 4546 ait,
869 4477 1288 4533 misericordiam
1317 4484 1637 4532 consecutus
1662 4485 1719 4532 ut
1757 4476 1928 4534 ﬁdelis

334 4574 512 4632 esset?

405 4668 458 4723 3.
504 4666 776 4736 Nusquam
823 4678 951 4737 ergo
1004 4679 1063 4720 se
1101 4663 1321 4729 extollat
1372 4662 1602 4717 humana
1628 4663 1923 4733 superbia:

334 4760 495 4815 donis
526 4761 639 4815 suis
671 4758 814 4814 Deus
840 4757 1091 4813 retribuit
1121 4758 1259 4812 bona
1301 4756 1541 4827 praemia.
1569 4756 1675 4812 Sed
1711 4756 1812 4812 iste
1837 4756 1928 4827 qui

332 4853 441 4925 jam
476 4860 597 4908 orat
624 4859 677 4907 et
702 4850 852 4918 dicit,
886 4850 1124 4905 Retribue
1149 4866 1291 4905 servo
1317 4858 1423 4916 tuo,
1470 4848 1678 4913 vivam;
1713 4848 1756 4903 si
1780 4848 1929 4918 peni-

336 4955 422 5002 tus
451 4955 597 5001 esset
632 4956 876 5000 mortuus
896 4986 911 5011 ,
940 4960 1047 4999 non
1100 4951 1280 4999 oraret
1311 4961 1324 4996 :
1368 4940 1463 4998 sed
1504 4941 1573 4996 ab
1605 4941 1695 4995 illo
1723 4939 1930 5009 accepit

333 5038 552 5093 initium
594 5036 751 5092 bonae
800 5035 1247 5105 concupiscentia:
1275 5076 1289 5101 ,
1336 5048 1365 5087 a
1396 5048 1503 5104 quo
1548 5032 1709 5087 vitam
1758 5031 1931 5102 poscit

330 5129 679 5187 obedientice.
704 5127 983 5184 [lababant
1009 5126 1150 5181 enim
1173 5125 1405 5196 aliquam
1437 5123 1625 5190 iidem,
1652 5123 1742 5194 qui
1781 5122 1928 5178 dice-

332 5221 470 5277 bant
500 5240 514 5276 :
547 5220 783 5288 Domine,
807 5236 938 5292 auge
984 5218 1125 5273 nobis
1155 5218 1305 5288 ﬁdem
1338 5218 1356 5289 (
1383 5216 1513 5275 Luc.
1547 5232 1675 5284 xvu,
1708 5214 1801 5289 5).
1836 5217 1928 5271 Ille

333 5329 474 5371 vero
503 5323 558 5370 et
587 5313 1014 5370 incredulitatem
1044 5326 1197 5367 suam
1224 5308 1609 5375 conﬁtebatur,
1640 5322 1741 5363 nec
1770 5306 1927 5363 ﬁdem

335 5406 692 5471 difﬁtebatur,
723 5405 815 5477 qui
852 5419 973 5460 cum
1023 5412 1167 5459 esset
1193 5401 1551 5470 interrogatus
1587 5406 1761 5453 utrum
1809 5414 1929 5455 cre-

334 5501 535 5565 deret,
588 5499 664 5553 ait
702 5516 716 5552 :
764 5496 925 5555 Credo
950 5538 965 5562 ,
1019 5494 1238 5550 Domine
1266 5510 1287 5561 ;
1316 5492 1505 5566 adjutta
1532 5489 1931 5546 incredulitatem

336 5608 515 5651 meam
539 5589 743 5663 (Marc.
778 5606 852 5657 ix,
876 5587 951 5646 εδ
969 5585 1013 5661 ).
1055 5586 1174 5644 Jam
1220 5586 1406 5657 utique
1451 5586 1631 5641 vivere
1673 5584 1933 5655 incipiens

338 5684 588 5761 postulat
609 5683 793 5750 vitam,
826 5681 919 5753 qui
959 5680 1188 5738 credens
1233 5688 1353 5736 orat
1391 5676 1793 5736 obedientiam:
1825 5691 1931 5732 non

339 5794 448 5854 pro
475 5793 542 5835 ea
572 5783 783 5834 servata
810 5775 1090 5847 praemium
1116 5776 1135 5807 ί
1157 5791 1171 5837 ;
1193 5771 1637 5836 sedutservetur,
1658 5769 1929 5825 auxilium.

407 5896 432 5968 f
457 5894 534 5945 Sic
554 5901 653 5944 Am.
679 5898 756 5942 Er.
783 5898 835 5942 et
856 5896 962 5941 uss.
982 5896 1037 5941 At
1056 5897 1188 5951 Lov.,
1208 5901 1302 5939 non
1320 5894 1368 5941 ut
1393 5899 1481 5953 pro
1500 5899 1557 5939 ea
1579 5892 1791 5939 servetur
1814 5898 1937 5950 pra:-

348 5970 520 6013 "nam.

1432 389 1827 453 ENARRATIO
1867 394 1930 453 IN
1972 392 2295 458 PSALMUM
2335 398 2567 459 CXVIII.

3492 415 3631 473 HIS

2054 509 2173 565 Vita
2202 512 2396 582 quippe
2430 524 2705 572 crescente
2734 516 2963 574 vivescit:
2993 534 3087 590 per
3111 536 3322 579 omnem
3351 525 3513 595 diem,
3540 530 3629 599 qui

2047 614 2336 659 renovatur
2364 606 2432 661 de
2458 608 2544 662 dic
2569 608 2621 663 in
2653 609 2792 666 dicat
2822 612 2840 681 (
2870 612 2913 667 II
2938 611 3055 669 Cor.
3090 630 3161 679 tv,
3198 617 3265 672 l6
3286 619 3323 685 ).
3487 628 3495 633 '

2116 696 2171 750 4.
2202 694 2217 767 [
2254 713 2380 751 vers.
2410 699 2495 753 18.
2531 699 2551 773 ]
2593 700 2779 757 Sciens
2808 713 2987 761 autem
3026 708 3187 763 verba
3217 709 3309 765 Dei
3342 727 3445 765 non
3473 727 3637 782 pose

2043 789 2299 842 custodiri
2328 804 2420 858 per
2442 791 2823 859 obedientiam,
2857 797 2959 851 nisi
2984 799 3269 855 videantur
3307 819 3400 872 per
3428 804 3629 861 intelli-

2042 878 2275 947 gentiam
2301 921 2314 944 ,
2349 880 2449 935 hoc
2479 897 2691 952 quoque
2733 886 2963 945 orationi
2990 888 3136 945 addit
3159 900 3212 946 et
3252 893 3380 948 dicit
3404 911 3416 946 :
3440 895 3635 951 Revela

2041 970 2215 1023 oculos
2242 987 2375 1033 meos
2396 1015 2410 1038 ,
2440 981 2487 1026 et
2538 975 2865 1031 consida'aba
2903 979 3155 1039 mirabilia
3183 983 3245 1043 de
3271 984 3379 1055 lege
3407 995 3511 1041 tua.
3542 988 3625 1057 Ad

2041 1061 2143 1119 hoc
2187 1065 2349 1119 etiam
2383 1066 2511 1121 illud
2539 1069 2809 1138 pertinet,
2842 1073 2983 1142 quod
3030 1074 3299 1147 adiungit,
3339 1077 3632 1145 [nauilinus

2039 1169 2131 1224 ego
2148 1171 2259 1209 sum
2275 1157 2326 1209 ia
2343 1166 2475 1211 terra
2491 1174 2504 1209 :
2524 1159 2651 1225 sive,
2670 1169 2726 1215 ut
2737 1161 2976 1218 nonnulli
2990 1164 3202 1222 codices
3216 1166 3427 1235 habent,
3446 1168 3471 1222 ι
3480 1170 3628 1229 ncola

2040 1261 2129 1315 ego
2146 1263 2257 1307 sum
2277 1248 2331 1301 in
2350 1256 2523 1320 terra;
2555 1266 2619 1305 ne
2638 1252 2918 1309 abscondas
2938 1271 2971 1311 a
2985 1272 3063 1311 me
3083 1258 3323 1317 mandata
3342 1268 3445 1323 tuo.
3470 1260 3625 1329 Quod

2040 1338 2182 1392 enim
2224 1340 2297 1399 ait
2323 1342 2606 1411 superius,
2652 1344 2839 1400 Revela
2883 1347 3055 1403 oculos
3096 1366 3262 1413 meos;
3308 1349 3408 1413 hoc
3436 1362 3625 1422 postca

2038 1430 2194 1498 dixit,
2228 1451 2289 1488 ne
2316 1435 2599 1491 abscondas
2627 1454 2658 1490 a
2683 1455 2761 1492 me
2792 1454 2809 1491 :
2834 1446 2888 1495 et
2913 1440 3053 1510 quod
3084 1441 3157 1499 ibi
3181 1442 3432 1510 dixerat,
3462 1447 3624 1509 mirae

2038 1524 2161 1580 bilia
2188 1526 2250 1580 de
2278 1528 2387 1599 tege
2413 1537 2500 1585 tua
2523 1544 2543 1593 ;
2593 1529 2696 1584 hoc
2723 1531 2828 1585 alio
2870 1530 3031 1589 modo
3057 1542 3305 1603 repetens
3341 1536 3416 1597 ait
3436 1578 3451 1603 ,
3480 1554 3626 1606 utan-

2037 1616 2160 1671 data
2187 1628 2292 1671 tua.
2321 1619 2463 1674 Nihil
2485 1630 2567 1675 est
2586 1631 2766 1677 autem
2794 1623 3095 1681 mirabilius
3124 1625 3175 1681 in
3204 1626 3469 1691 mandatis
3497 1629 3617 1698 Dei,

2038 1725 2196 1779 quam
2222 1754 2235 1779 ,
2267 1711 2474 1785 Diligite
2504 1714 2735 1769 inimicos
2781 1726 2967 1771 vestros
2997 1716 3015 1786 (
3048 1715 3233 1777 Matth.
3265 1736 3314 1782 v,
3338 1721 3408 1791 44
3435 1722 3489 1791 );
3522 1722 3623 1783 hoc

2038 1813 2139 1866 est,
2184 1805 2465 1861 retribuite
2504 1806 2641 1861 bona
2675 1822 2773 1877 pro
2806 1809 2981 1865 malls.
3013 1808 3118 1865 Sed
3158 1810 3225 1867 de
3254 1812 3355 1870 isto
3403 1814 3621 1883 inquili-

2036 1901 2165 1947 natu
2190 1895 2273 1949 vel
2304 1894 2531 1951 incolatu
2566 1913 2673 1951 non
2700 1907 2781 1953 est
2802 1914 2983 1957 sermo
3009 1903 3397 1968 coarctandus;
3426 1914 3481 1962 et
3501 1905 3625 1967 ideo

2037 2001 2146 2041 non
2186 1988 2287 2044 iste
2325 1989 2393 2045 de
2429 1989 2529 2045 hac
2553 2006 2612 2047 re
2638 2033 2652 2057 ,
2680 1992 2774 2047 sed
2804 1992 2939 2051 alius
2968 1996 3357 2065 exspectandus
3379 2038 3395 2065 ,
3430 2006 3485 2054 et
3514 1999 3621 2057 Do-

2036 2078 2183 2135 mino
2213 2079 2494 2150 adjuvante
2517 2082 2824 2140 reddendus
2847 2094 2947 2141 est.

2675 2231 2844 2273 SEBIO
2872 2234 2981 2276 Vlll.

2108 2326 2161 2387 l.
2192 2324 2213 2399 [
2243 2343 2371 2393 vers.
2415 2327 2504 2401 l9.
2531 2328 2555 2403 ]
2593 2328 2988 2403 Exspectationi
3027 2330 3309 2403 Charitatis
3336 2345 3529 2411 vestrae
3553 2339 3621 2401 de

2036 2419 2381 2491 sequentibus
2407 2420 2564 2492 hujus
2603 2424 2818 2495 maximi
2862 2424 3053 2494 psalmi
3094 2440 3271 2493 sermo
3311 2430 3615 2497 reddendus

2035 2521 2149 2579 est,
2179 2513 2246 2570 ab
2276 2514 2366 2571 illo
2391 2530 2545 2571 versu
2581 2516 2813 2583 scilicet,
2845 2518 2930 2573 ubi
2958 2518 3066 2583 ait,
3105 2518 3285 2587 Incola
3313 2538 3402 2595 ego
3431 2540 3542 2589 sum
3568 2527 3620 2583 in

2036 2614 2207 2677 terra;
2259 2624 2361 2671 non
2402 2608 2682 2671 abscondas
2722 2628 2754 2673 tt
2796 2628 2873 2681 nte
2902 2612 3143 2675 mandata
3187 2622 3271 2677 tua
3314 2631 3332 2667 .'
3362 2598 3520 2684 lsivc,
3563 2628 3623 2689 ut

2035 2697 2274 2767 nonnulli
2306 2698 2517 2767 codices
2547 2699 2765 2769 habent,
2807 2700 3097 2775 Inquilinus
3124 2721 3212 2781 ego
3242 2722 3352 2767 sunt
3382 2707 3434 2777 iu
3463 2718 3615 2765 terra.

2035 2786 2187 2859 Quod
2211 2790 2353 2859 enim
2392 2800 2477 2859 est
2509 2791 2558 2845 in
2582 2807 2758 2863 graneo
2793 2800 3048 2865 πᾲρρικος,
3077 2796 3235 2866 aliqui
3264 2801 3429 2869 nostri
3455 2800 3622 2875 inqui-

2036 2880 2192 2948 linus,
2221 2881 2382 2952 aliqui
2409 2884 2591 2947 incola,
2626 2898 3004 2963 nonnunquam
3038 2888 3199 2947 etiam
3233 2888 3423 2961 advena
3450 2892 3621 2951 inter—

2036 2974 2227 3043 pretati
2273 2982 2417 3039 sunt.
2469 2975 2712 3047 Inquiliui
2764 2992 2869 3035 non
2919 2978 3175 3047 habentes
3220 2984 3488 3055 ltt‘Opriam
3519 2986 3620 3042 do-

2033 3080 2200 3135 mum,
2232 3064 2472 3127 habitant
2515 3068 2568 3122 in
2594 3069 2768 3125 aliena
2792 3086 2806 3135 ;
2842 3069 3030 3125 incolae
3056 3082 3233 3127 autem
3262 3074 3342 3131 vel
3371 3075 3617 3143 adveua',

2033 3157 2217 3227 utique
2242 3157 2524 3217 adventitii
2556 3159 2922 3231 perhibentur.
2970 3160 3070 3217 Ubi
3116 3178 3304 3234 magna
3350 3165 3416 3221 de
3443 3168 3615 3224 anima

2034 3249 2279 3303 exoritur
2303 3249 2546 3319 quaestio.
2598 3249 2780 3320 Neque
2810 3251 2950 3307 enim
2993 3253 3283 3317 secundum
3316 3270 3508 3328 corpus
3536 3258 3619 3315 di-

2032 3347 2177 3405 ctum
2204 3340 2373 3398 videri
2400 3352 2593 3413 potest,
2623 3342 2807 3407 lucola
2829 3386 2842 3411 ,
2872 3345 2955 3401 vel
2986 3346 3197 3417 advena,
3229 3348 3313 3404 vel
3344 3350 3618 3419 inquilinus

2032 3451 2145 3489 sum
2182 3436 2236 3503 in
2277 3446 2451 3501 terra;
2499 3451 2620 3501 cum
2661 3437 2728 3493 de
2757 3446 2895 3494 terra
2926 3454 3121 3511 corpus
3149 3440 3407 3511 originem
3438 3442 3614 3501 ducat.

2033 3526 2139 3585 Sed
2169 3528 2220 3595 in
2258 3527 2357 3599 hac
2386 3527 2799 3603 profundissima
2827 3532 3121 3602 qumstione
3150 3533 3282 3588 nihil
3322 3534 3491 3593 audeo
3520 3535 3615 3591 de-

2033 3619 2207 3689 linire.
2238 3619 2360 3675 Sive
2386 3621 2528 3676 enim
2559 3630 2775 3693 propter
2794 3623 3027 3681 animam
3059 3623 3197 3697 (quae
3223 3625 3358 3681 absit
3386 3635 3439 3685 ut
3466 3634 3620 3697 pute-

2035 3721 2121 3783 tur
2164 3727 2228 3769 ex
2276 3712 2458 3789 terra)
2491 3713 2680 3769 merito
2722 3713 2825 3771 dici
2872 3716 3143 3789 potuerit,
3175 3714 3462 3787 Inquilinus
3486 3760 3501 3785 ,
3537 3720 3619 3774 vel

2031 3805 2233 3871 incola,
2265 3806 2347 3863 vel
2373 3806 2567 3873 advena
2603 3822 2692 3878 ego
2732 3822 2845 3869 sum
2881 3807 2934 3861 in
2963 3816 3136 3871 tetra;
3183 3808 3296 3865 sive
3325 3809 3619 3871 secundum

2033 3906 2201 3955 totum
2243 3897 2548 3964 hominem,
2579 3898 2699 3971 quia
2732 3899 2963 3970 paradisi
3010 3900 3294 3969 aliquando
3323 3901 3452 3956 civis
3498 3900 3613 3967 fuit,

2033 3991 2120 4045 ubi
2152 3990 2333 4060 utique
2378 4006 2482 4047 non
2510 3998 2625 4045 erat
2667 3993 2754 4062 qui
2796 3990 2896 4046 ista
2938 3990 3184 4057 diccbat;
3232 3993 3343 4047 sive
3368 3993 3507 4064 quod
3536 4003 3620 4050 est

2030 4082 2099 4137 ab
2128 4082 2272 4137 omni
2302 4082 2668 4147 controversia
2698 4080 2937 4153 liberius,
2972 4097 3077 4137 non
3104 4082 3278 4138 omnis
3308 4081 3469 4153 homo
3497 4099 3619 4156 pos-

2031 4174 2100 4228 sit
2132 4174 2233 4228 hoc
2259 4174 2437 4237 dicere
2458 4214 2473 4242 ,
2506 4174 2600 4239 sed
2628 4173 2709 4229 cui
2742 4174 2909 4245 patria
2938 4173 3197 4246 promissa
3229 4185 3311 4235 est
3339 4184 3534 4251 acterna
3564 4179 3618 4235 iu

2031 4266 2182 4325 caelis
2209 4281 2223 4319 :
2252 4264 2356 4321 hoc
2384 4265 2526 4333 scio,
2556 4265 2677 4338 quia
2709 4267 2929 4335 tentatio
2954 4274 3035 4321 est
3062 4266 3169 4321 vita
3200 4267 3431 4337 humana
3458 4284 3619 4343 super

2032 4366 2231 4415 terram
2260 4356 2380 4431 (Job
2407 4372 2511 4423 vtt,
2542 4357 2648 4424 I);
2680 4366 2736 4412 et
2768 4359 2953 4429 quum
2980 4373 3141 4431 grave
3170 4368 3251 4425 est
3278 4375 3438 4435 super
3482 4362 3620 4437 ﬁlios

2031 4451 2202 4519 Adam
2232 4451 2420 4523 (Eccli.
2453 4467 2540 4517 xc,
2574 4449 2646 4523 I).
2681 4449 2880 4523 Verum
2910 4468 2995 4523 me
3026 4452 3143 4531 plus
3169 4451 3399 4527 delectat
3426 4468 3619 4532 seca”-

2032 4543 2157 4617 dum
2189 4544 2345 4611 istam
2369 4544 2642 4615 disputare
2672 4543 3010 4613 sententiam,
3038 4553 3097 4600 ut
3121 4545 3243 4607 ideo
3269 4560 3367 4619 nos
3392 4547 3443 4601 in
3477 4558 3617 4611 terra

2032 4636 2322 4709 inquilinos
2351 4636 2434 4709 vel
2480 4636 2682 4707 incolas
2725 4651 2846 4693 esse
2872 4636 3109 4707 dicamus
3129 4677 3143 4703 ,
3177 4638 3299 4709 quia
3330 4653 3615 4709 supernam

2032 4730 2259 4805 patriam
2280 4771 2294 4795 ,
2327 4729 2467 4797 unde
2506 4729 2694 4800 pignus
2719 4729 3021 4813 accepimus
3041 4770 3056 4797 ,
3084 4739 3137 4786 et
3165 4745 3270 4801 quo
3301 4733 3610 4811 pervenien-

2034 4830 2115 4883 tes
2142 4837 2411 4894 nunquam
2442 4820 2566 4877 inde
2596 4821 2905 4897 migremus,
2932 4821 3251 4881 invenimus.
3284 4822 3415 4877 Nam
3447 4832 3495 4878 et
3529 4825 3615 4893 illo

2034 4915 2123 4989 qui
2152 4914 2203 4970 in
2234 4914 2339 4970 alio
2370 4914 2575 4985 psalmo
2616 4913 2780 4981 dicit,
2809 4912 3099 4987 lnquilinus
3134 4929 3224 4985 ego
3262 4930 3375 4968 sum
3400 4915 3539 4987 apud
3569 4927 3617 4975 te

2034 5017 2081 5079 et
2109 5007 2437 5080 peregrinus,
2465 5008 2591 5063 sicut
2632 5023 2804 5062 omnes
2846 5016 3011 5080 patres
3052 5006 3150 5061 mei
3182 5005 3351 5079 (Psal.
3386 5024 3615 5085 xxxvttt.

2037 5098 2184 5169 l5);
2232 5113 2334 5165 non
2360 5099 2464 5162 ait,
2501 5098 2647 5155 Sicut
2690 5112 2877 5156 omnes
2923 5096 3205 5164 homines;
3246 5097 3340 5153 sed
3367 5098 3615 5169 dicendo,

2034 5192 2163 5263 sicut
2188 5205 2359 5261 omnes
2388 5198 2553 5260 patres
2584 5188 2701 5257 mei,
2725 5187 2899 5257 justos
2927 5186 3115 5261 procul
3140 5186 3301 5251 dubio
3321 5191 3432 5263 vult
3459 5191 3615 5267 iulg-

2035 5281 2124 5354 ligi
2146 5322 2161 5348 ,
2194 5281 2283 5355 qui
2312 5295 2431 5339 cum
2471 5288 2707 5349 tempore
2738 5288 3163 5349 praecesserunt,
3193 5289 3245 5349 et
3276 5281 3329 5353 in
3362 5280 3460 5347 hac
3492 5299 3616 5357 pcr-

2036 5376 2366 5449 egriuatiouc
2394 5375 2594 5448 gemitu
2624 5374 2711 5445 pio
2751 5386 2995 5445 superna;
3031 5374 3216 5447 patriae
3259 5378 3614 5451 suspirarttm.

2039 5469 2116 5535 De
2159 5469 2351 5542 quibus
2396 5468 2650 5543 scriptum
2693 5474 2775 5525 est
2823 5473 2887 5537 ad
2930 5466 3184 5541 Hebraeos
3214 5487 3227 5525 :
3263 5488 3283 5521 α
3318 5470 3618 5549 Secundum

2038 5562 2197 5635 fidem
2226 5561 2421 5635 mortui
2464 5569 2587 5637 sunt
2616 5559 2673 5634 hi
2716 5574 2901 5635 omnes
2928 5604 2942 5627 ς
2974 5578 3094 5633 cum
3140 5578 3246 5635 non
3286 5566 3618 5641 accepissent

2038 5655 2455 5728 propassiones.
2487 5652 2583 5727 δρα
2612 5653 2766 5731 longe
2797 5670 2887 5729 cas
2919 5654 3157 5725 valentes
3205 5662 3259 5717 et
3303 5657 3617 5733 salutantes.

2038 5760 2092 5806 ct
2119 5750 2433 5819 conﬁtentes
2472 5748 2597 5820 quia
2636 5747 2872 5825 hospites
2913 5758 2967 5815 et
3013 5747 3272 5820 pert‘gt‘itli
3304 5756 3427 5805 διιιιῑ
3457 5764 3619 5821 διψίαν

2043 5854 2255 5917 terra").
2283 5843 2380 5910 Qui
2402 5843 2543 5897 enim
2571 5841 2690 5897 talia
2714 5841 2917 5909 dicunt,
2942 5840 3226 5911 ostendunt
3249 5840 3367 5913 quia
3399 5828 3618 5919 patriam

2045 5943 2305 6008 ιιιιιιιιηιιιι.
2358 5934 2423 5989 Et
2466 5934 2512 5991 si
2556 5934 2767 6004 quidem
2799 5932 2913 6003 ejus
2956 5945 3221 5997 memores
3249 5943 3431 6003 essent
3463 5952 3491 5991 a
3521 5952 3618 6011 qua
