  <div class='ocr_page' id='page_1' title='image "/cluster/home/n/w/nwhite01/storage/ocr_20150623/37/uva.x000827106/257.png"; bbox 0 0 4188 6450; ppageno 0'>
   <div class='ocr_carea' id='block_1_1' title="bbox 478 498 613 556">
    <p class='ocr_par' dir='ltr' id='par_1_1' title="bbox 478 498 613 556">
     <span class='ocr_line' id='line_1_1' title="bbox 478 498 613 556; baseline -0.007 -1"><span class='ocrx_word' id='word_1_1' title='bbox 478 498 613 556; x_wconf 74' lang='grc'><strong>1519</strong></span> 
     </span>
    </p>
   </div>
   <div class='ocr_carea' id='block_1_2' title="bbox 476 571 2056 668">
    <p class='ocr_par' dir='ltr' id='par_1_2' title="bbox 476 571 2056 668">
     <span class='ocr_line' id='line_1_2' title="bbox 476 571 2056 668; baseline -0.032 1"><span class='ocrx_word' id='word_1_2' title='bbox 476 612 868 668; x_wconf 79' lang='lat' dir='ltr'><strong>discesserant,</strong></span> <span class='ocrx_word' id='word_1_3' title='bbox 915 596 1220 653; x_wconf 90' lang='lat' dir='ltr'><strong>habuissent</strong></span> <span class='ocrx_word' id='word_1_4' title='bbox 1270 595 1477 653; x_wconf 89' lang='lat' dir='ltr'><strong>tempus</strong></span> <span class='ocrx_word' id='word_1_5' title='bbox 1524 571 1861 637; x_wconf 76' lang='lat' dir='ltr'><strong>revertendi;</strong></span> <span class='ocrx_word' id='word_1_6' title='bbox 1914 582 2056 623; x_wconf 86' lang='lat' dir='ltr'><strong>nunc</strong></span> 
     </span>
    </p>
   </div>
   <div class='ocr_carea' id='block_1_3' title="bbox 479 661 2056 759">
    <p class='ocr_par' dir='ltr' id='par_1_3' title="bbox 479 661 2056 759">
     <span class='ocr_line' id='line_1_3' title="bbox 479 661 2056 759; baseline -0.032 2"><span class='ocrx_word' id='word_1_7' title='bbox 479 712 655 759; x_wconf 88' lang='lat' dir='ltr'><strong>autem</strong></span> <span class='ocrx_word' id='word_1_8' title='bbox 681 661 954 753; x_wconf 83' lang='lat' dir='ltr'><strong>meliorem</strong></span> <span class='ocrx_word' id='word_1_9' title='bbox 977 690 1252 759; x_wconf 89' lang='lat' dir='ltr'><strong>appetunt,</strong></span> <span class='ocrx_word' id='word_1_10' title='bbox 1278 676 1331 733; x_wconf 87' lang='lat' dir='ltr'><strong>id</strong></span> <span class='ocrx_word' id='word_1_11' title='bbox 1360 681 1443 731; x_wconf 89' lang='lat' dir='ltr'><strong>est</strong></span> <span class='ocrx_word' id='word_1_12' title='bbox 1466 670 1737 727; x_wconf 67' lang='lat' dir='ltr'><strong>caelestem</strong></span> <span class='ocrx_word' id='word_1_13' title='bbox 1764 680 1778 716; x_wconf 89' lang='lat'>:</span> <span class='ocrx_word' id='word_1_14' title='bbox 1808 661 1928 716; x_wconf 90' lang='lat' dir='ltr'><strong>ideo</strong></span> <span class='ocrx_word' id='word_1_15' title='bbox 1953 673 2056 713; x_wconf 92' lang='lat' dir='ltr'><strong>non</strong></span> 
     </span>
    </p>
   </div>
   <div class='ocr_carea' id='block_1_4' title="bbox 478 763 2060 851">
    <p class='ocr_par' dir='ltr' id='par_1_4' title="bbox 478 763 2060 851">
     <span class='ocr_line' id='line_1_4' title="bbox 478 763 2060 851; baseline -0.033 0"><span class='ocrx_word' id='word_1_16' title='bbox 478 789 815 851; x_wconf 78' lang='lat' dir='ltr'><strong>confunditur</strong></span> <span class='ocrx_word' id='word_1_17' title='bbox 844 784 912 839; x_wconf 91' lang='lat' dir='ltr'><strong>de</strong></span> <span class='ocrx_word' id='word_1_18' title='bbox 945 780 1028 836; x_wconf 89' lang='lat' dir='ltr'><strong>his</strong></span> <span class='ocrx_word' id='word_1_19' title='bbox 1060 778 1197 831; x_wconf 92' lang='lat' dir='ltr'><strong>Deus</strong></span> <span class='ocrx_word' id='word_1_20' title='bbox 1223 766 1403 826; x_wconf 79' lang='lat' dir='ltr'><strong>vocari</strong></span> <span class='ocrx_word' id='word_1_21' title='bbox 1431 763 1574 818; x_wconf 89' lang='lat' dir='ltr'><strong>Deus</strong></span> <span class='ocrx_word' id='word_1_22' title='bbox 1600 770 1786 813; x_wconf 89' lang='lat' dir='ltr'><strong>eorum</strong></span> <span class='ocrx_word' id='word_1_23' title='bbox 1810 768 1825 818; x_wconf 89' lang='lat'><strong>;</strong></span> <span class='ocrx_word' id='word_1_24' title='bbox 1858 764 2060 821; x_wconf 78' lang='lat' dir='ltr'><strong>praepa-</strong></span> 
     </span>
    </p>
   </div>
   <div class='ocr_carea' id='block_1_5' title="bbox 478 839 2063 946">
    <p class='ocr_par' dir='ltr' id='par_1_5' title="bbox 478 839 2063 946">
     <span class='ocr_line' id='line_1_5' title="bbox 478 839 2063 946; baseline -0.033 -1"><span class='ocrx_word' id='word_1_25' title='bbox 478 839 896 946; x_wconf 52' lang='lat' dir='ltr'><strong>iiii&#39;féaia‘eis</strong></span> <span class='ocrx_word' id='word_1_26' title='bbox 918 872 1187 930; x_wconf 88' lang='lat' dir='ltr'><strong>civitatem</strong></span> <span class='ocrx_word' id='word_1_27' title='bbox 1222 883 1241 918; x_wconf 73' lang='grc' dir='ltr'><strong>ι</strong></span> <span class='ocrx_word' id='word_1_28' title='bbox 1273 859 1457 932; x_wconf 85' lang='lat' dir='ltr'><strong>(Hebr.</strong></span> <span class='ocrx_word' id='word_1_29' title='bbox 1488 871 1564 919; x_wconf 82' lang='grc' dir='ltr'><strong>χι,</strong></span> <span class='ocrx_word' id='word_1_30' title='bbox 1594 846 1807 916; x_wconf 72' lang='lat'><strong>15-16).</strong></span> <span class='ocrx_word' id='word_1_31' title='bbox 1839 844 1908 898; x_wconf 90' lang='lat' dir='ltr'><strong>Et</strong></span> <span class='ocrx_word' id='word_1_32' title='bbox 1934 839 2063 897; x_wconf 90' lang='lat' dir='ltr'><strong>illud</strong></span> 
     </span>
    </p>
   </div>
   <div class='ocr_carea' id='block_1_6' title="bbox 479 938 2062 1054">
    <p class='ocr_par' dir='ltr' id='par_1_6' title="bbox 479 938 2062 1054">
     <span class='ocr_line' id='line_1_6' title="bbox 479 938 2062 1054; baseline -0.033 -14"><span class='ocrx_word' id='word_1_33' title='bbox 479 982 623 1054; x_wconf 89' lang='lat' dir='ltr'><strong>quod</strong></span> <span class='ocrx_word' id='word_1_34' title='bbox 653 976 900 1049; x_wconf 77' lang='lat' dir='ltr'><strong>legimus,</strong></span> <span class='ocrx_word' id='word_1_35' title='bbox 934 964 1189 1038; x_wconf 81' lang='lat' dir='ltr'><strong>Quamdiu</strong></span> <span class='ocrx_word' id='word_1_36' title='bbox 1214 973 1388 1015; x_wconf 88' lang='lat' dir='ltr'><strong>sumus</strong></span> <span class='ocrx_word' id='word_1_37' title='bbox 1421 955 1476 1007; x_wconf 86' lang='lat' dir='ltr'><strong>in</strong></span> <span class='ocrx_word' id='word_1_38' title='bbox 1499 961 1709 1019; x_wconf 87' lang='lat' dir='ltr'><strong>corpore</strong></span> <span class='ocrx_word' id='word_1_39' title='bbox 1728 985 1744 1012; x_wconf 92' lang='lat'><strong>,</strong></span> <span class='ocrx_word' id='word_1_40' title='bbox 1773 938 2062 1013; x_wconf 81' lang='lat' dir='ltr'><strong>peregrina-</strong></span> 
     </span>
    </p>
   </div>
   <div class='ocr_carea' id='block_1_7' title="bbox 482 1032 2063 1133">
    <p class='ocr_par' dir='ltr' id='par_1_7' title="bbox 482 1032 2063 1133">
     <span class='ocr_line' id='line_1_7' title="bbox 482 1032 2063 1133; baseline -0.034 0"><span class='ocrx_word' id='word_1_41' title='bbox 482 1032 600 1132; x_wconf 62' lang='lat' dir='ltr'><strong>:nur</strong></span> <span class='ocrx_word' id='word_1_42' title='bbox 622 1092 655 1128; x_wconf 91' lang='lat' dir='ltr'><strong>a</strong></span> <span class='ocrx_word' id='word_1_43' title='bbox 675 1032 933 1129; x_wconf 51' lang='lat' dir='ltr'><strong>Duomino;</strong></span> <span class='ocrx_word' id='word_1_44' title='bbox 961 1066 1137 1133; x_wconf 85' lang='lat' dir='ltr'><strong>potest</strong></span> <span class='ocrx_word' id='word_1_45' title='bbox 1159 1050 1380 1120; x_wconf 80' lang='lat' dir='ltr'><strong>intelligi</strong></span> <span class='ocrx_word' id='word_1_46' title='bbox 1406 1048 1507 1101; x_wconf 88' lang='lat' dir='ltr'><strong>hoc</strong></span> <span class='ocrx_word' id='word_1_47' title='bbox 1527 1058 1634 1098; x_wconf 90' lang='lat' dir='ltr'><strong>non</strong></span> <span class='ocrx_word' id='word_1_48' title='bbox 1662 1053 1781 1093; x_wconf 89' lang='lat' dir='ltr'><strong>esse</strong></span> <span class='ocrx_word' id='word_1_49' title='bbox 1804 1032 2063 1091; x_wconf 90' lang='lat' dir='ltr'><strong>omnium,</strong></span> 
     </span>
    </p>
   </div>
   <div class='ocr_carea' id='block_1_8' title="bbox 403 1122 2064 1229">
    <p class='ocr_par' dir='ltr' id='par_1_8' title="bbox 403 1122 2064 1229">
     <span class='ocr_line' id='line_1_8' title="bbox 403 1122 2064 1229; baseline -0.036 3"><span class='ocrx_word' id='word_1_50' title='bbox 403 1192 406 1199; x_wconf 79' lang='lat'><strong>‘</strong></span> <span class='ocrx_word' id='word_1_51' title='bbox 612 1122 845 1224; x_wconf 57' lang='lat' dir='ltr'><strong>{id—ellum</strong></span> <span class='ocrx_word' id='word_1_52' title='bbox 878 1122 1045 1214; x_wconf 49' lang='lat' dir='ltr'><strong>:Non</strong></span> <span class='ocrx_word' id='word_1_53' title='bbox 1084 1150 1217 1206; x_wconf 87' lang='lat' dir='ltr'><strong>enim</strong></span> <span class='ocrx_word' id='word_1_54' title='bbox 1260 1141 1482 1199; x_wconf 86' lang='lat' dir='ltr'><strong>omnium</strong></span> <span class='ocrx_word' id='word_1_55' title='bbox 1511 1144 1581 1191; x_wconf 86' lang='lat' dir='ltr'><strong>est</strong></span> <span class='ocrx_word' id='word_1_56' title='bbox 1612 1131 1739 1203; x_wconf 79' lang='lat' dir='ltr'><strong>ﬁdes</strong></span> <span class='ocrx_word' id='word_1_57' title='bbox 1780 1122 2064 1228; x_wconf 29' lang='lat' dir='ltr'><strong>(lliTlress.</strong></span> 
     </span>
    </p>
   </div>
   <div class='ocr_carea' id='block_1_9' title="bbox 488 1218 2067 1332">
    <p class='ocr_par' dir='ltr' id='par_1_9' title="bbox 488 1218 2067 1332">
     <span class='ocr_line' id='line_1_9' title="bbox 488 1218 2067 1332; baseline -0.035 -12"><span class='ocrx_word' id='word_1_58' title='bbox 798 1251 1041 1307; x_wconf 86' lang='lat' dir='ltr'><strong>videmus</strong></span> <span class='ocrx_word' id='word_1_59' title='bbox 1069 1240 1194 1314; x_wconf 90' lang='lat' dir='ltr'><strong>quid</strong></span> <span class='ocrx_word' id='word_1_60' title='bbox 1226 1238 1307 1293; x_wconf 87' lang='lat' dir='ltr'><strong>his</strong></span> <span class='ocrx_word' id='word_1_61' title='bbox 1336 1230 1514 1288; x_wconf 84' lang='lat' dir='ltr'><strong>verbis</strong></span> <span class='ocrx_word' id='word_1_62' title='bbox 1554 1222 1839 1297; x_wconf 86' lang='lat' dir='ltr'><strong>Apostolus</strong></span> <span class='ocrx_word' id='word_1_63' title='bbox 1864 1218 2067 1287; x_wconf 78' lang='lat' dir='ltr'><strong>jungat.</strong></span> 
     </span>
    </p>
   </div>
   <div class='ocr_carea' id='block_1_10' title="bbox 486 1319 2071 1411">
    <p class='ocr_par' dir='ltr' id='par_1_10' title="bbox 486 1319 2071 1411">
     <span class='ocr_line' id='line_1_10' title="bbox 486 1319 2071 1411; baseline -0.034 1"><span class='ocrx_word' id='word_1_64' title='bbox 486 1319 798 1411; x_wconf 47' lang='lat' dir='ltr'><strong>Cdmlenim</strong></span> <span class='ocrx_word' id='word_1_65' title='bbox 830 1341 1075 1402; x_wconf 79' lang='lat' dir='ltr'><strong>dixisset,</strong></span> <span class='ocrx_word' id='word_1_66' title='bbox 1111 1328 1364 1400; x_wconf 81' lang='lat' dir='ltr'><strong>Quamdiu</strong></span> <span class='ocrx_word' id='word_1_67' title='bbox 1391 1337 1564 1380; x_wconf 88' lang='lat' dir='ltr'><strong>sumus</strong></span> <span class='ocrx_word' id='word_1_68' title='bbox 1590 1319 1644 1372; x_wconf 90' lang='lat' dir='ltr'><strong>in</strong></span> <span class='ocrx_word' id='word_1_69' title='bbox 1670 1327 1899 1384; x_wconf 84' lang='lat' dir='ltr'><strong>corpore,</strong></span> <span class='ocrx_word' id='word_1_70' title='bbox 1934 1321 2071 1378; x_wconf 87' lang='lat' dir='ltr'><strong>pere-</strong></span> 
     </span>
    </p>
   </div>
   <div class='ocr_carea' id='block_1_11' title="bbox 489 1400 2073 1521">
    <p class='ocr_par' dir='ltr' id='par_1_11' title="bbox 489 1400 2073 1521">
     <span class='ocr_line' id='line_1_11' title="bbox 489 1400 2073 1521; baseline -0.034 -18"><span class='ocrx_word' id='word_1_71' title='bbox 489 1448 753 1521; x_wconf 79' lang='lat' dir='ltr'><strong>grinantur</strong></span> <span class='ocrx_word' id='word_1_72' title='bbox 781 1456 813 1492; x_wconf 91' lang='lat' dir='ltr'><strong>a</strong></span> <span class='ocrx_word' id='word_1_73' title='bbox 835 1433 1051 1490; x_wconf 87' lang='lat' dir='ltr'><strong>Domino</strong></span> <span class='ocrx_word' id='word_1_74' title='bbox 1081 1446 1099 1482; x_wconf 90' lang='lat'><strong><em>:</em></strong></span> <span class='ocrx_word' id='word_1_75' title='bbox 1130 1425 1233 1480; x_wconf 85' lang='lat' dir='ltr'><strong>Per</strong></span> <span class='ocrx_word' id='word_1_76' title='bbox 1259 1421 1409 1491; x_wconf 83' lang='lat' dir='ltr'><strong>ﬁdem</strong></span> <span class='ocrx_word' id='word_1_77' title='bbox 1444 1414 1575 1470; x_wconf 84' lang='lat' dir='ltr'><strong>enim</strong></span> <span class='ocrx_word' id='word_1_78' title='bbox 1616 1406 1933 1462; x_wconf 81' lang='lat' dir='ltr'><strong>ambulamus</strong></span> <span class='ocrx_word' id='word_1_79' title='bbox 1951 1442 1965 1466; x_wconf 90' lang='lat'><strong>,</strong></span> <span class='ocrx_word' id='word_1_80' title='bbox 1994 1400 2073 1452; x_wconf 88' lang='lat' dir='ltr'><strong>in-</strong></span> 
     </span>
     <span class='ocr_line' id='line_1_12' title="bbox 1169 1492 2073 1521; baseline -0.033 26"><span class='ocrx_word' id='word_1_81' title='bbox 1169 1515 1241 1521; x_wconf 77' lang='lat'><strong>‘&quot;</strong></span> <span class='ocrx_word' id='word_1_82' title='bbox 1282 1512 1313 1521; x_wconf 81' lang='lat'>“</span> <span class='ocrx_word' id='word_1_83' title='bbox 1506 1506 1534 1521; x_wconf 75' lang='grc' dir='ltr'><strong>η</strong></span> <span class='ocrx_word' id='word_1_84' title='bbox 1585 1504 1636 1521; x_wconf 72' lang='grc' dir='ltr'><strong>’σι</strong></span> <span class='ocrx_word' id='word_1_85' title='bbox 1668 1517 1678 1521; x_wconf 91' lang='grc'><strong><em>-</em></strong></span> <span class='ocrx_word' id='word_1_86' title='bbox 1716 1506 1770 1521; x_wconf 83' lang='grc' dir='ltr'><strong>--ι</strong></span> <span class='ocrx_word' id='word_1_87' title='bbox 1811 1492 2073 1521; x_wconf 63' lang='grc' dir='ltr'><strong>τηιηιιεηη,</strong></span> 
     </span>
    </p>
   </div>
   <div class='ocr_carea' id='block_1_12' title="bbox 492 1492 2074 1611">
    <p class='ocr_par' dir='ltr' id='par_1_12' title="bbox 492 1492 2074 1611">
     <span class='ocr_line' id='line_1_13' title="bbox 492 1492 2074 1611; baseline -0.035 -14"><span class='ocrx_word' id='word_1_88' title='bbox 800 1546 887 1599; x_wconf 80' lang='lat' dir='ltr'><strong>per</strong></span> <span class='ocrx_word' id='word_1_89' title='bbox 911 1522 1127 1597; x_wconf 76' lang='lat' dir='ltr'><strong>speciem</strong></span> <span class='ocrx_word' id='word_1_90' title='bbox 1160 1515 1244 1589; x_wconf 94' lang='lat' dir='ltr'><strong>(ll</strong></span> <span class='ocrx_word' id='word_1_91' title='bbox 1274 1512 1391 1567; x_wconf 85' lang='lat' dir='ltr'><strong>Cor.</strong></span> <span class='ocrx_word' id='word_1_92' title='bbox 1422 1525 1473 1573; x_wconf 88' lang='lat' dir='ltr'><strong>v,</strong></span> <span class='ocrx_word' id='word_1_93' title='bbox 1503 1506 1556 1571; x_wconf 84' lang='grc' dir='ltr'><strong>ϐ,</strong></span> <span class='ocrx_word' id='word_1_94' title='bbox 1585 1504 1641 1574; x_wconf 84' lang='grc'>7)</span> <span class='ocrx_word' id='word_1_95' title='bbox 1667 1517 1682 1566; x_wconf 85' lang='grc'><strong>;</strong></span> <span class='ocrx_word' id='word_1_96' title='bbox 1716 1506 1777 1553; x_wconf 93' lang='lat' dir='ltr'><strong>ut</strong></span> <span class='ocrx_word' id='word_1_97' title='bbox 1811 1492 2074 1595; x_wconf 81' lang='lat' dir='ltr'><strong>intellige-</strong></span> 
     </span>
    </p>
   </div>
   <div class='ocr_carea' id='block_1_13' title="bbox 491 1585 2079 1687">
    <p class='ocr_par' dir='ltr' id='par_1_13' title="bbox 491 1585 2079 1687">
     <span class='ocr_line' id='line_1_14' title="bbox 491 1585 2079 1687; baseline -0.035 0"><span class='ocrx_word' id='word_1_98' title='bbox 491 1585 676 1687; x_wconf 61' lang='lat' dir='ltr'><strong>;enids</strong></span> <span class='ocrx_word' id='word_1_99' title='bbox 704 1635 891 1680; x_wconf 87' lang='lat' dir='ltr'><strong>eorum</strong></span> <span class='ocrx_word' id='word_1_100' title='bbox 931 1628 1051 1671; x_wconf 90' lang='lat' dir='ltr'><strong>esse</strong></span> <span class='ocrx_word' id='word_1_101' title='bbox 1094 1611 1248 1664; x_wconf 88' lang='lat' dir='ltr'><strong>istam</strong></span> <span class='ocrx_word' id='word_1_102' title='bbox 1287 1594 1790 1672; x_wconf 78' lang='lat' dir='ltr'><strong>peregrinationem,</strong></span> <span class='ocrx_word' id='word_1_103' title='bbox 1828 1585 1916 1654; x_wconf 90' lang='lat' dir='ltr'><strong>qui</strong></span> <span class='ocrx_word' id='word_1_104' title='bbox 1965 1595 2079 1635; x_wconf 90' lang='lat' dir='ltr'><strong>am-</strong></span> 
     </span>
    </p>
   </div>
   <div class='ocr_carea' id='block_1_14' title="bbox 494 1680 2078 1787">
    <p class='ocr_par' dir='ltr' id='par_1_14' title="bbox 494 1680 2078 1787">
     <span class='ocr_line' id='line_1_15' title="bbox 494 1680 2078 1787; baseline -0.033 -9"><span class='ocrx_word' id='word_1_105' title='bbox 494 1680 680 1777; x_wconf 67' lang='lat' dir='ltr'><strong>bulant</strong></span> <span class='ocrx_word' id='word_1_106' title='bbox 718 1730 817 1787; x_wconf 89' lang='lat' dir='ltr'><strong>per</strong></span> <span class='ocrx_word' id='word_1_107' title='bbox 860 1709 1042 1765; x_wconf 82' lang='lat' dir='ltr'><strong>ﬁdem.</strong></span> <span class='ocrx_word' id='word_1_108' title='bbox 1090 1697 1339 1757; x_wconf 85' lang='lat' dir='ltr'><strong>lnlideles</strong></span> <span class='ocrx_word' id='word_1_109' title='bbox 1376 1701 1574 1753; x_wconf 89' lang='lat' dir='ltr'><strong>autem,</strong></span> <span class='ocrx_word' id='word_1_110' title='bbox 1619 1696 1753 1754; x_wconf 91' lang='lat' dir='ltr'><strong>quos</strong></span> <span class='ocrx_word' id='word_1_111' title='bbox 1797 1680 1932 1733; x_wconf 87' lang='lat' dir='ltr'><strong>Deus</strong></span> <span class='ocrx_word' id='word_1_112' title='bbox 1972 1689 2078 1778; x_wconf 79' lang='lat' dir='ltr'><strong>non</strong></span> 
     </span>
    </p>
   </div>
   <div class='ocr_carea' id='block_1_15' title="bbox 495 1765 2081 1884">
    <p class='ocr_par' dir='ltr' id='par_1_15' title="bbox 495 1765 2081 1884">
     <span class='ocr_line' id='line_1_16' title="bbox 495 1765 2081 1884; baseline -0.035 -13"><span class='ocrx_word' id='word_1_113' title='bbox 495 1765 764 1884; x_wconf 66' lang='lat' dir='ltr'><strong>prsescivit</strong></span> <span class='ocrx_word' id='word_1_114' title='bbox 794 1818 895 1859; x_wconf 88' lang='lat' dir='ltr'><strong>nec</strong></span> <span class='ocrx_word' id='word_1_115' title='bbox 925 1788 1323 1871; x_wconf 51' lang='lat' dir='ltr'><strong>praedestinavit</strong></span> <span class='ocrx_word' id='word_1_116' title='bbox 1350 1780 1653 1839; x_wconf 81' lang='lat' dir='ltr'><strong>conformes</strong></span> <span class='ocrx_word' id='word_1_117' title='bbox 1685 1772 1797 1828; x_wconf 84' lang='lat' dir='ltr'><strong>ﬁeri</strong></span> <span class='ocrx_word' id='word_1_118' title='bbox 1838 1765 2081 1837; x_wconf 91' lang='lat' dir='ltr'><strong>imaginis</strong></span> 
     </span>
     <span class='ocr_line' id='line_1_17' title="bbox 1167 1858 2081 1884; baseline -0.027 25"><span class='ocrx_word' id='word_1_119' title='bbox 1167 1881 1172 1884; x_wconf 52' lang='grc' dir='ltr'>λ</span> <span class='ocrx_word' id='word_1_120' title='bbox 1575 1878 1586 1884; x_wconf 87' lang='lat'><strong><em>-</em></strong></span> <span class='ocrx_word' id='word_1_121' title='bbox 1643 1863 1878 1884; x_wconf 42' lang='grc' dir='ltr'><strong>κλμ-ρει-..</strong></span> <span class='ocrx_word' id='word_1_122' title='bbox 1904 1858 2081 1884; x_wconf 48' lang='lat' dir='ltr'><strong>nam-“</strong></span> 
     </span>
    </p>
   </div>
   <div class='ocr_carea' id='block_1_16' title="bbox 495 1858 2082 1968">
    <p class='ocr_par' dir='ltr' id='par_1_16' title="bbox 495 1858 2082 1968">
     <span class='ocr_line' id='line_1_18' title="bbox 495 1858 2082 1968; baseline -0.033 -7"><span class='ocrx_word' id='word_1_123' title='bbox 495 1858 620 1961; x_wconf 59' lang='grc' dir='ltr'><strong>ἰθίΙῆ</strong></span> <span class='ocrx_word' id='word_1_124' title='bbox 646 1899 727 1955; x_wconf 91' lang='lat' dir='ltr'><strong>sui</strong></span> <span class='ocrx_word' id='word_1_125' title='bbox 755 1858 1070 1968; x_wconf 47' lang='lat' dir='ltr'><strong>(Rondvm,</strong></span> <span class='ocrx_word' id='word_1_126' title='bbox 1092 1881 1207 1954; x_wconf 68' lang='grc'>29),</span> <span class='ocrx_word' id='word_1_127' title='bbox 1236 1893 1343 1933; x_wconf 91' lang='lat' dir='ltr'><strong>non</strong></span> <span class='ocrx_word' id='word_1_128' title='bbox 1372 1878 1594 1945; x_wconf 83' lang='lat' dir='ltr'><strong>possunt</strong></span> <span class='ocrx_word' id='word_1_129' title='bbox 1619 1863 1878 1921; x_wconf 83' lang='lat' dir='ltr'><strong>veraciter</strong></span> <span class='ocrx_word' id='word_1_130' title='bbox 1902 1858 2082 1912; x_wconf 88' lang='lat' dir='ltr'><strong>dicere</strong></span> 
     </span>
    </p>
   </div>
   <div class='ocr_carea' id='block_1_17' title="bbox 499 1952 2080 2055">
    <p class='ocr_par' dir='ltr' id='par_1_17' title="bbox 499 1952 2080 2055">
     <span class='ocr_line' id='line_1_19' title="bbox 499 1952 2080 2055; baseline -0.034 -3"><span class='ocrx_word' id='word_1_131' title='bbox 499 1995 638 2052; x_wconf 90' lang='lat' dir='ltr'><strong>sein</strong></span> <span class='ocrx_word' id='word_1_132' title='bbox 671 1952 811 2045; x_wconf 72' lang='lat' dir='ltr'><strong>terra</strong></span> <span class='ocrx_word' id='word_1_133' title='bbox 841 1980 1170 2055; x_wconf 86' lang='lat' dir='ltr'><strong>peregrinos,</strong></span> <span class='ocrx_word' id='word_1_134' title='bbox 1216 1966 1427 2041; x_wconf 80' lang='lat' dir='ltr'><strong>quando</strong></span> <span class='ocrx_word' id='word_1_135' title='bbox 1470 1962 1539 2017; x_wconf 88' lang='lat' dir='ltr'><strong>ibi</strong></span> <span class='ocrx_word' id='word_1_136' title='bbox 1580 1966 1725 2021; x_wconf 93' lang='lat' dir='ltr'><strong>sunt,</strong></span> <span class='ocrx_word' id='word_1_137' title='bbox 1769 1952 1858 2007; x_wconf 92' lang='lat' dir='ltr'><strong>ubi</strong></span> <span class='ocrx_word' id='word_1_138' title='bbox 1887 1962 2080 2004; x_wconf 85' lang='lat' dir='ltr'><strong>secun-</strong></span> 
     </span>
    </p>
   </div>
   <div class='ocr_carea' id='block_1_18' title="bbox 500 2038 2082 2142">
    <p class='ocr_par' dir='ltr' id='par_1_18' title="bbox 500 2038 2082 2142">
     <span class='ocr_line' id='line_1_20' title="bbox 500 2038 2082 2142; baseline -0.034 1"><span class='ocrx_word' id='word_1_139' title='bbox 500 2087 630 2142; x_wconf 90' lang='lat' dir='ltr'><strong>dum</strong></span> <span class='ocrx_word' id='word_1_140' title='bbox 661 2038 873 2137; x_wconf 72' lang='lat' dir='ltr'><strong>carnem</strong></span> <span class='ocrx_word' id='word_1_141' title='bbox 904 2071 1013 2128; x_wconf 90' lang='lat' dir='ltr'><strong>nati</strong></span> <span class='ocrx_word' id='word_1_142' title='bbox 1054 2074 1178 2123; x_wconf 92' lang='lat' dir='ltr'><strong>sunt</strong></span> <span class='ocrx_word' id='word_1_143' title='bbox 1205 2080 1217 2115; x_wconf 93' lang='lat'><strong>:</strong></span> <span class='ocrx_word' id='word_1_144' title='bbox 1250 2075 1355 2115; x_wconf 91' lang='lat' dir='ltr'><strong>non</strong></span> <span class='ocrx_word' id='word_1_145' title='bbox 1399 2055 1541 2112; x_wconf 91' lang='lat' dir='ltr'><strong>enim</strong></span> <span class='ocrx_word' id='word_1_146' title='bbox 1572 2050 1770 2105; x_wconf 86' lang='lat' dir='ltr'><strong>habent</strong></span> <span class='ocrx_word' id='word_1_147' title='bbox 1797 2042 1920 2098; x_wconf 88' lang='lat' dir='ltr'><strong>alibi</strong></span> <span class='ocrx_word' id='word_1_148' title='bbox 1951 2038 2082 2095; x_wconf 86' lang='lat' dir='ltr'><strong>civi-</strong></span> 
     </span>
    </p>
   </div>
   <div class='ocr_carea' id='block_1_19' title="bbox 502 2128 2085 2239">
    <p class='ocr_par' dir='ltr' id='par_1_19' title="bbox 502 2128 2085 2239">
     <span class='ocr_line' id='line_1_21' title="bbox 502 2128 2085 2239; baseline -0.033 -3"><span class='ocrx_word' id='word_1_149' title='bbox 502 2188 705 2238; x_wconf 88' lang='lat' dir='ltr'><strong>tatem;</strong></span> <span class='ocrx_word' id='word_1_150' title='bbox 738 2186 801 2227; x_wconf 89' lang='lat' dir='ltr'><strong>ac</strong></span> <span class='ocrx_word' id='word_1_151' title='bbox 829 2183 924 2239; x_wconf 89' lang='lat' dir='ltr'><strong>per</strong></span> <span class='ocrx_word' id='word_1_152' title='bbox 954 2164 1055 2219; x_wconf 89' lang='lat' dir='ltr'><strong>hoc</strong></span> <span class='ocrx_word' id='word_1_153' title='bbox 1081 2174 1187 2214; x_wconf 89' lang='lat' dir='ltr'><strong>non</strong></span> <span class='ocrx_word' id='word_1_154' title='bbox 1219 2160 1342 2209; x_wconf 90' lang='lat' dir='ltr'><strong>sunt</strong></span> <span class='ocrx_word' id='word_1_155' title='bbox 1369 2152 1421 2204; x_wconf 91' lang='lat' dir='ltr'><strong>in</strong></span> <span class='ocrx_word' id='word_1_156' title='bbox 1454 2159 1591 2202; x_wconf 89' lang='lat' dir='ltr'><strong>terra</strong></span> <span class='ocrx_word' id='word_1_157' title='bbox 1622 2138 1962 2206; x_wconf 72' lang='lat' dir='ltr'><strong>alienigenae,</strong></span> <span class='ocrx_word' id='word_1_158' title='bbox 1991 2128 2085 2185; x_wconf 92' lang='lat' dir='ltr'><strong>sed</strong></span> 
     </span>
    </p>
   </div>
   <div class='ocr_carea' id='block_1_20' title="bbox 504 2221 2087 2337">
    <p class='ocr_par' dir='ltr' id='par_1_20' title="bbox 504 2221 2087 2337">
     <span class='ocr_line' id='line_1_22' title="bbox 504 2221 2087 2337; baseline -0.034 -11"><span class='ocrx_word' id='word_1_159' title='bbox 504 2221 809 2337; x_wconf 63' lang='lat' dir='ltr'><strong>terrigenae.</strong></span> <span class='ocrx_word' id='word_1_160' title='bbox 832 2221 994 2316; x_wconf 74' lang='lat' dir='ltr'><strong>rUnde</strong></span> <span class='ocrx_word' id='word_1_161' title='bbox 1027 2252 1102 2307; x_wconf 85' lang='lat' dir='ltr'><strong>ait</strong></span> <span class='ocrx_word' id='word_1_162' title='bbox 1143 2248 1243 2302; x_wconf 91' lang='lat' dir='ltr'><strong>alia</strong></span> <span class='ocrx_word' id='word_1_163' title='bbox 1270 2242 1542 2310; x_wconf 90' lang='lat' dir='ltr'><strong>Scriptura</strong></span> <span class='ocrx_word' id='word_1_164' title='bbox 1573 2234 1640 2289; x_wconf 91' lang='lat' dir='ltr'><strong>de</strong></span> <span class='ocrx_word' id='word_1_165' title='bbox 1669 2228 1897 2302; x_wconf 89' lang='lat' dir='ltr'><strong>quodam</strong></span> <span class='ocrx_word' id='word_1_166' title='bbox 1929 2242 1941 2276; x_wconf 89' lang='lat'>:</span> <span class='ocrx_word' id='word_1_167' title='bbox 1978 2221 2087 2274; x_wconf 84' lang='lat' dir='ltr'><strong>Po-</strong></span> 
     </span>
    </p>
   </div>
   <div class='ocr_carea' id='block_1_21' title="bbox 505 2315 2089 2420">
    <p class='ocr_par' dir='ltr' id='par_1_21' title="bbox 505 2315 2089 2420">
     <span class='ocr_line' id='line_1_23' title="bbox 505 2315 2089 2420; baseline -0.033 -5"><span class='ocrx_word' id='word_1_168' title='bbox 505 2361 607 2416; x_wconf 86' lang='lat' dir='ltr'><strong>suit</strong></span> <span class='ocrx_word' id='word_1_169' title='bbox 633 2315 764 2411; x_wconf 69' lang='lat' dir='ltr'><strong>:nim</strong></span> <span class='ocrx_word' id='word_1_170' title='bbox 796 2348 933 2420; x_wconf 81' lang='lat' dir='ltr'><strong>apud</strong></span> <span class='ocrx_word' id='word_1_171' title='bbox 958 2352 1169 2398; x_wconf 88' lang='lat' dir='ltr'><strong>mortem</strong></span> <span class='ocrx_word' id='word_1_172' title='bbox 1209 2338 1414 2390; x_wconf 89' lang='lat' dir='ltr'><strong>domum</strong></span> <span class='ocrx_word' id='word_1_173' title='bbox 1451 2342 1593 2383; x_wconf 86' lang='lat' dir='ltr'><strong>suam</strong></span> <span class='ocrx_word' id='word_1_174' title='bbox 1616 2365 1629 2387; x_wconf 87' lang='lat'><strong>,</strong></span> <span class='ocrx_word' id='word_1_175' title='bbox 1658 2333 1705 2377; x_wconf 90' lang='lat' dir='ltr'><strong>et</strong></span> <span class='ocrx_word' id='word_1_176' title='bbox 1739 2317 1876 2390; x_wconf 85' lang='lat' dir='ltr'><strong>apud</strong></span> <span class='ocrx_word' id='word_1_177' title='bbox 1901 2315 2089 2384; x_wconf 80' lang='lat' dir='ltr'><strong>inferos</strong></span> 
     </span>
    </p>
   </div>
   <div class='ocr_carea' id='block_1_22' title="bbox 507 2415 2088 2518">
    <p class='ocr_par' dir='ltr' id='par_1_22' title="bbox 507 2415 2088 2518">
     <span class='ocr_line' id='line_1_24' title="bbox 507 2415 2088 2518; baseline -0.032 -9"><span class='ocrx_word' id='word_1_178' title='bbox 507 2470 622 2510; x_wconf 89' lang='lat' dir='ltr'><strong>cum</strong></span> <span class='ocrx_word' id='word_1_179' title='bbox 648 2415 908 2518; x_wconf 75' lang='lat' dir='ltr'><strong>terrigenis</strong></span> <span class='ocrx_word' id='word_1_180' title='bbox 933 2454 1053 2493; x_wconf 71' lang='lat' dir='ltr'><strong>axes</strong></span> <span class='ocrx_word' id='word_1_181' title='bbox 1081 2450 1199 2491; x_wconf 89' lang='lat' dir='ltr'><strong>suos</strong></span> <span class='ocrx_word' id='word_1_182' title='bbox 1223 2428 1371 2501; x_wconf 86' lang='lat' dir='ltr'><strong>(lsai.</strong></span> <span class='ocrx_word' id='word_1_183' title='bbox 1398 2438 1585 2487; x_wconf 78' lang='lat' dir='ltr'><strong>xxvtn,</strong></span> <span class='ocrx_word' id='word_1_184' title='bbox 1612 2418 1722 2488; x_wconf 79' lang='grc'><strong>15).</strong></span> <span class='ocrx_word' id='word_1_185' title='bbox 1750 2415 1885 2470; x_wconf 91' lang='lat' dir='ltr'><strong>Sunt</strong></span> <span class='ocrx_word' id='word_1_186' title='bbox 1906 2419 2088 2464; x_wconf 86' lang='lat' dir='ltr'><strong>autem</strong></span> 
     </span>
    </p>
   </div>
   <div class='ocr_carea' id='block_1_23' title="bbox 509 2501 2091 2614">
    <p class='ocr_par' dir='ltr' id='par_1_23' title="bbox 509 2501 2091 2614">
     <span class='ocr_line' id='line_1_25' title="bbox 509 2501 2091 2614; baseline -0.032 -10"><span class='ocrx_word' id='word_1_187' title='bbox 509 2557 567 2604; x_wconf 89' lang='lat' dir='ltr'><strong>et</strong></span> <span class='ocrx_word' id='word_1_188' title='bbox 610 2543 708 2614; x_wconf 89' lang='lat' dir='ltr'><strong>ipsi</strong></span> <span class='ocrx_word' id='word_1_189' title='bbox 755 2501 1023 2610; x_wconf 69' lang='lat' dir='ltr'><strong>peregrini</strong></span> <span class='ocrx_word' id='word_1_190' title='bbox 1067 2538 1121 2583; x_wconf 89' lang='lat' dir='ltr'><strong>et</strong></span> <span class='ocrx_word' id='word_1_191' title='bbox 1159 2520 1421 2595; x_wconf 87' lang='lat' dir='ltr'><strong>inquilini,</strong></span> <span class='ocrx_word' id='word_1_192' title='bbox 1466 2531 1572 2571; x_wconf 92' lang='lat' dir='ltr'><strong>non</strong></span> <span class='ocrx_word' id='word_1_193' title='bbox 1618 2511 1743 2566; x_wconf 90' lang='lat' dir='ltr'><strong>huic</strong></span> <span class='ocrx_word' id='word_1_194' title='bbox 1789 2516 1965 2569; x_wconf 63' lang='lat' dir='ltr'><strong>terrae,</strong></span> <span class='ocrx_word' id='word_1_195' title='bbox 1999 2501 2091 2556; x_wconf 91' lang='lat' dir='ltr'><strong>sed</strong></span> 
     </span>
    </p>
   </div>
   <div class='ocr_carea' id='block_1_24' title="bbox 510 2596 2087 2711">
    <p class='ocr_par' dir='ltr' id='par_1_24' title="bbox 510 2596 2087 2711">
     <span class='ocr_line' id='line_1_26' title="bbox 510 2596 2087 2711; baseline -0.029 -16"><span class='ocrx_word' id='word_1_196' title='bbox 510 2596 707 2711; x_wconf 76' lang='lat' dir='ltr'><strong>popdlo</strong></span> <span class='ocrx_word' id='word_1_197' title='bbox 730 2596 844 2697; x_wconf 77' lang='lat' dir='ltr'><strong>Dei,</strong></span> <span class='ocrx_word' id='word_1_198' title='bbox 873 2596 913 2682; x_wconf 52' lang='grc' dir='ltr'>ιζ</span> <span class='ocrx_word' id='word_1_199' title='bbox 924 2638 1029 2697; x_wconf 91' lang='lat' dir='ltr'><strong>quo</strong></span> <span class='ocrx_word' id='word_1_200' title='bbox 1050 2626 1173 2676; x_wconf 90' lang='lat' dir='ltr'><strong>sunt</strong></span> <span class='ocrx_word' id='word_1_201' title='bbox 1194 2613 1522 2683; x_wconf 61' lang='lat' dir='ltr'><strong>alienigenae.</strong></span> <span class='ocrx_word' id='word_1_202' title='bbox 1554 2603 1706 2661; x_wconf 89' lang='lat' dir='ltr'><strong>Unde</strong></span> <span class='ocrx_word' id='word_1_203' title='bbox 1730 2596 2087 2659; x_wconf 87' lang='lat' dir='ltr'><strong>credentibus,</strong></span> 
     </span>
     <span class='ocr_line' id='line_1_27' title="bbox 1560 2686 2067 2711; baseline -0.028 14"><span class='ocrx_word' id='word_1_204' title='bbox 1560 2707 1569 2711; x_wconf 74' lang='lat'><em>‘</em></span> <span class='ocrx_word' id='word_1_205' title='bbox 1636 2696 1648 2711; x_wconf 87' lang='lat'>&#39;</span> <span class='ocrx_word' id='word_1_206' title='bbox 1727 2694 1751 2711; x_wconf 42' lang='grc' dir='ltr'><strong>¹γ</strong></span> <span class='ocrx_word' id='word_1_207' title='bbox 1780 2706 1823 2711; x_wconf 35' lang='lat' dir='ltr'><strong>AA</strong></span> <span class='ocrx_word' id='word_1_208' title='bbox 1870 2686 2067 2711; x_wconf 63' lang='grc' dir='ltr'><strong>...αα--.ΔΛ</strong></span> 
     </span>
    </p>
   </div>
   <div class='ocr_carea' id='block_1_25' title="bbox 512 2686 2092 2788">
    <p class='ocr_par' dir='ltr' id='par_1_25' title="bbox 512 2686 2092 2788">
     <span class='ocr_line' id='line_1_28' title="bbox 512 2686 2092 2788; baseline -0.03 -1"><span class='ocrx_word' id='word_1_209' title='bbox 512 2686 565 2788; x_wconf 58' lang='lat' dir='ltr'><strong>crs!</strong></span> <span class='ocrx_word' id='word_1_210' title='bbox 586 2686 843 2788; x_wconf 38' lang='lat' dir='ltr'><strong>rsanctam&#39;</strong></span> <span class='ocrx_word' id='word_1_211' title='bbox 865 2686 1155 2778; x_wconf 80' lang='lat' dir='ltr'><strong>civitatem,</strong></span> <span class='ocrx_word' id='word_1_212' title='bbox 1201 2722 1319 2779; x_wconf 71' lang='lat' dir='ltr'><strong>qute</strong></span> <span class='ocrx_word' id='word_1_213' title='bbox 1348 2718 1455 2759; x_wconf 91' lang='lat' dir='ltr'><strong>non</strong></span> <span class='ocrx_word' id='word_1_214' title='bbox 1494 2707 1577 2755; x_wconf 92' lang='lat' dir='ltr'><strong>est</strong></span> <span class='ocrx_word' id='word_1_215' title='bbox 1618 2696 1685 2751; x_wconf 90' lang='lat' dir='ltr'><strong>de</strong></span> <span class='ocrx_word' id='word_1_216' title='bbox 1726 2694 1828 2747; x_wconf 90' lang='lat' dir='ltr'><strong>hoc</strong></span> <span class='ocrx_word' id='word_1_217' title='bbox 1870 2686 2092 2752; x_wconf 89' lang='lat' dir='ltr'><strong>mundo,</strong></span> 
     </span>
    </p>
   </div>
   <div class='ocr_carea' id='block_1_26' title="bbox 516 2784 2097 2883">
    <p class='ocr_par' dir='ltr' id='par_1_26' title="bbox 516 2784 2097 2883">
     <span class='ocr_line' id='line_1_29' title="bbox 516 2784 2097 2883; baseline -0.029 -7"><span class='ocrx_word' id='word_1_218' title='bbox 516 2784 713 2877; x_wconf 82' lang='lat' dir='ltr'><strong>habere</strong></span> <span class='ocrx_word' id='word_1_219' title='bbox 743 2808 1115 2883; x_wconf 89' lang='lat' dir='ltr'><strong>incipientibus</strong></span> <span class='ocrx_word' id='word_1_220' title='bbox 1143 2798 1427 2872; x_wconf 82' lang='lat' dir='ltr'><strong>Apostolus</strong></span> <span class='ocrx_word' id='word_1_221' title='bbox 1452 2793 1583 2848; x_wconf 90' lang='lat' dir='ltr'><strong>dicit</strong></span> <span class='ocrx_word' id='word_1_222' title='bbox 1612 2807 1624 2843; x_wconf 94' lang='lat'>:</span> <span class='ocrx_word' id='word_1_223' title='bbox 1657 2785 1824 2858; x_wconf 79' lang='lat' dir='ltr'><strong>Igitur</strong></span> <span class='ocrx_word' id='word_1_224' title='bbox 1842 2784 1959 2854; x_wconf 88' lang='lat' dir='ltr'><strong>jam</strong></span> <span class='ocrx_word' id='word_1_225' title='bbox 1996 2794 2097 2833; x_wconf 87' lang='lat' dir='ltr'><strong>non</strong></span> 
     </span>
    </p>
   </div>
   <div class='ocr_carea' id='block_1_27' title="bbox 518 2882 2100 2980">
    <p class='ocr_par' dir='ltr' id='par_1_27' title="bbox 518 2882 2100 2980">
     <span class='ocr_line' id='line_1_30' title="bbox 518 2882 2100 2980; baseline -0.027 -12"><span class='ocrx_word' id='word_1_226' title='bbox 518 2914 633 2968; x_wconf 83' lang='lat' dir='ltr'><strong>estis</strong></span> <span class='ocrx_word' id='word_1_227' title='bbox 662 2905 908 2980; x_wconf 82' lang='lat' dir='ltr'><strong>peregrini</strong></span> <span class='ocrx_word' id='word_1_228' title='bbox 938 2912 982 2957; x_wconf 87' lang='lat' dir='ltr'><strong>et</strong></span> <span class='ocrx_word' id='word_1_229' title='bbox 1012 2894 1287 2968; x_wconf 87' lang='lat' dir='ltr'><strong>inquilini;</strong></span> <span class='ocrx_word' id='word_1_230' title='bbox 1318 2890 1405 2945; x_wconf 85' lang='lat' dir='ltr'><strong>sed</strong></span> <span class='ocrx_word' id='word_1_231' title='bbox 1439 2886 1553 2943; x_wconf 86' lang='lat' dir='ltr'><strong>estis</strong></span> <span class='ocrx_word' id='word_1_232' title='bbox 1584 2883 1712 2937; x_wconf 87' lang='lat' dir='ltr'><strong>cives</strong></span> <span class='ocrx_word' id='word_1_233' title='bbox 1739 2886 2026 2932; x_wconf 82' lang='lat' dir='ltr'><strong>sanctorum</strong></span> <span class='ocrx_word' id='word_1_234' title='bbox 2052 2882 2100 2927; x_wconf 82' lang='lat' dir='ltr'><strong>et</strong></span> 
     </span>
    </p>
   </div>
   <div class='ocr_carea' id='block_1_28' title="bbox 518 2966 2100 3065">
    <p class='ocr_par' dir='ltr' id='par_1_28' title="bbox 518 2966 2100 3065">
     <span class='ocr_line' id='line_1_31' title="bbox 518 2966 2100 3065; baseline -0.03 -1"><span class='ocrx_word' id='word_1_235' title='bbox 518 2966 911 3063; x_wconf 50' lang='lat' dir='ltr'><strong>domesticivDei</strong></span> <span class='ocrx_word' id='word_1_236' title='bbox 952 2966 1173 3065; x_wconf 81' lang='lat' dir='ltr'><strong>(Eplies.</strong></span> <span class='ocrx_word' id='word_1_237' title='bbox 1204 3003 1263 3053; x_wconf 86' lang='grc' dir='ltr'>ιι,</span> <span class='ocrx_word' id='word_1_238' title='bbox 1296 2982 1417 3053; x_wconf 84' lang='lat' dir='ltr'><strong>l9).</strong></span> <span class='ocrx_word' id='word_1_239' title='bbox 1466 2977 1570 3049; x_wconf 88' lang='lat' dir='ltr'><strong>Ipsi</strong></span> <span class='ocrx_word' id='word_1_240' title='bbox 1616 2988 1742 3044; x_wconf 85' lang='lat' dir='ltr'><strong>ergo</strong></span> <span class='ocrx_word' id='word_1_241' title='bbox 1788 2976 1914 3026; x_wconf 90' lang='lat' dir='ltr'><strong>sunt</strong></span> <span class='ocrx_word' id='word_1_242' title='bbox 1955 2966 2100 3022; x_wconf 86' lang='lat' dir='ltr'><strong>cives</strong></span> 
     </span>
    </p>
   </div>
   <div class='ocr_carea' id='block_1_29' title="bbox 518 3061 2102 3165">
    <p class='ocr_par' dir='ltr' id='par_1_29' title="bbox 518 3061 2102 3165">
     <span class='ocr_line' id='line_1_32' title="bbox 518 3061 2102 3165; baseline -0.03 -8"><span class='ocrx_word' id='word_1_243' title='bbox 518 3098 738 3161; x_wconf 87' lang='lat' dir='ltr'><strong>terreni,</strong></span> <span class='ocrx_word' id='word_1_244' title='bbox 787 3091 880 3165; x_wconf 90' lang='lat' dir='ltr'><strong>qui</strong></span> <span class='ocrx_word' id='word_1_245' title='bbox 922 3061 1047 3145; x_wconf 83' lang='lat' dir='ltr'><strong>sunt</strong></span> <span class='ocrx_word' id='word_1_246' title='bbox 1091 3082 1183 3138; x_wconf 90' lang='lat' dir='ltr'><strong>Dei</strong></span> <span class='ocrx_word' id='word_1_247' title='bbox 1234 3076 1427 3150; x_wconf 89' lang='lat' dir='ltr'><strong>populo</strong></span> <span class='ocrx_word' id='word_1_248' title='bbox 1477 3066 1742 3141; x_wconf 78' lang='lat' dir='ltr'><strong>peregrini</strong></span> <span class='ocrx_word' id='word_1_249' title='bbox 1784 3082 1798 3118; x_wconf 89' lang='lat'><strong>:</strong></span> <span class='ocrx_word' id='word_1_250' title='bbox 1843 3061 1933 3131; x_wconf 92' lang='lat' dir='ltr'><strong>qui</strong></span> <span class='ocrx_word' id='word_1_251' title='bbox 1974 3072 2102 3113; x_wconf 91' lang='lat' dir='ltr'><strong>vero</strong></span> 
     </span>
    </p>
   </div>
   <div class='ocr_carea' id='block_1_30' title="bbox 519 3160 2103 3251">
    <p class='ocr_par' dir='ltr' id='par_1_30' title="bbox 519 3160 2103 3251">
     <span class='ocr_line' id='line_1_33' title="bbox 519 3160 2103 3251; baseline -0.03 -2"><span class='ocrx_word' id='word_1_252' title='bbox 519 3196 669 3250; x_wconf 86' lang='lat' dir='ltr'><strong>cives</strong></span> <span class='ocrx_word' id='word_1_253' title='bbox 699 3160 821 3245; x_wconf 76' lang='lat' dir='ltr'><strong>sunt</strong></span> <span class='ocrx_word' id='word_1_254' title='bbox 870 3186 924 3237; x_wconf 92' lang='lat' dir='ltr'><strong>in</strong></span> <span class='ocrx_word' id='word_1_255' title='bbox 956 3174 1151 3251; x_wconf 89' lang='lat' dir='ltr'><strong>populo</strong></span> <span class='ocrx_word' id='word_1_256' title='bbox 1180 3171 1317 3237; x_wconf 88' lang='lat' dir='ltr'><strong>Dei,</strong></span> <span class='ocrx_word' id='word_1_257' title='bbox 1361 3165 1459 3235; x_wconf 89' lang='lat' dir='ltr'><strong>ipsi</strong></span> <span class='ocrx_word' id='word_1_258' title='bbox 1503 3169 1626 3217; x_wconf 91' lang='lat' dir='ltr'><strong>sunt</strong></span> <span class='ocrx_word' id='word_1_259' title='bbox 1673 3160 1722 3211; x_wconf 92' lang='lat' dir='ltr'><strong>iu</strong></span> <span class='ocrx_word' id='word_1_260' title='bbox 1768 3165 1909 3209; x_wconf 88' lang='lat' dir='ltr'><strong>terra</strong></span> <span class='ocrx_word' id='word_1_261' title='bbox 1943 3164 2103 3223; x_wconf 90' lang='lat' dir='ltr'><strong>pere-</strong></span> 
     </span>
    </p>
   </div>
   <div class='ocr_carea' id='block_1_31' title="bbox 519 3244 2104 3355">
    <p class='ocr_par' dir='ltr' id='par_1_31' title="bbox 519 3244 2104 3355">
     <span class='ocr_line' id='line_1_34' title="bbox 519 3244 2104 3355; baseline -0.03 -15"><span class='ocrx_word' id='word_1_262' title='bbox 519 3282 657 3355; x_wconf 82' lang='lat' dir='ltr'><strong>grini</strong></span> <span class='ocrx_word' id='word_1_263' title='bbox 683 3298 696 3346; x_wconf 92' lang='lat'><strong>;</strong></span> <span class='ocrx_word' id='word_1_264' title='bbox 728 3278 847 3348; x_wconf 89' lang='lat' dir='ltr'><strong>quia</strong></span> <span class='ocrx_word' id='word_1_265' title='bbox 876 3244 1015 3327; x_wconf 80' lang='lat' dir='ltr'><strong>totus</strong></span> <span class='ocrx_word' id='word_1_266' title='bbox 1032 3244 1186 3322; x_wconf 73' lang='lat' dir='ltr'><strong>idem</strong></span> <span class='ocrx_word' id='word_1_267' title='bbox 1216 3258 1475 3332; x_wconf 90' lang='lat' dir='ltr'><strong>populus,</strong></span> <span class='ocrx_word' id='word_1_268' title='bbox 1505 3249 1762 3323; x_wconf 81' lang='lat' dir='ltr'><strong>quamdiu</strong></span> <span class='ocrx_word' id='word_1_269' title='bbox 1789 3255 1872 3300; x_wconf 88' lang='lat' dir='ltr'><strong>est</strong></span> <span class='ocrx_word' id='word_1_270' title='bbox 1898 3244 1950 3297; x_wconf 90' lang='lat' dir='ltr'><strong>in</strong></span> <span class='ocrx_word' id='word_1_271' title='bbox 1981 3256 2104 3295; x_wconf 85' lang='lat' dir='ltr'><strong>cor-</strong></span> 
     </span>
    </p>
   </div>
   <div class='ocr_carea' id='block_1_32' title="bbox 520 3334 2107 3446">
    <p class='ocr_par' dir='ltr' id='par_1_32' title="bbox 520 3334 2107 3446">
     <span class='ocr_line' id='line_1_35' title="bbox 520 3334 2107 3446; baseline -0.029 -14"><span class='ocrx_word' id='word_1_272' title='bbox 520 3334 696 3446; x_wconf 39' lang='lat' dir='ltr'><strong>113mm,,</strong></span> <span class='ocrx_word' id='word_1_273' title='bbox 723 3334 1090 3440; x_wconf 73' lang='lat' dir='ltr'><strong>peregrinatur</strong></span> <span class='ocrx_word' id='word_1_274' title='bbox 1119 3374 1147 3412; x_wconf 92' lang='lat' dir='ltr'><strong>a</strong></span> <span class='ocrx_word' id='word_1_275' title='bbox 1180 3354 1423 3412; x_wconf 90' lang='lat' dir='ltr'><strong>Domino.</strong></span> <span class='ocrx_word' id='word_1_276' title='bbox 1475 3349 1632 3402; x_wconf 87' lang='lat' dir='ltr'><strong>Dicat</strong></span> <span class='ocrx_word' id='word_1_277' title='bbox 1678 3345 1853 3411; x_wconf 87' lang='lat' dir='ltr'><strong>itaque</strong></span> <span class='ocrx_word' id='word_1_278' title='bbox 1876 3380 1891 3403; x_wconf 91' lang='lat'><strong>,</strong></span> <span class='ocrx_word' id='word_1_279' title='bbox 1926 3334 2107 3390; x_wconf 88' lang='lat' dir='ltr'><strong>Incola</strong></span> 
     </span>
    </p>
   </div>
   <div class='ocr_carea' id='block_1_33' title="bbox 523 3433 2007 3538">
    <p class='ocr_par' dir='ltr' id='par_1_33' title="bbox 523 3433 2007 3538">
     <span class='ocr_line' id='line_1_36' title="bbox 523 3433 2007 3538; baseline -0.028 -16"><span class='ocrx_word' id='word_1_280' title='bbox 523 3486 614 3538; x_wconf 81' lang='lat' dir='ltr'><strong>ego</strong></span> <span class='ocrx_word' id='word_1_281' title='bbox 639 3480 752 3517; x_wconf 84' lang='lat' dir='ltr'><strong>sum</strong></span> <span class='ocrx_word' id='word_1_282' title='bbox 776 3462 830 3514; x_wconf 86' lang='lat' dir='ltr'><strong>in</strong></span> <span class='ocrx_word' id='word_1_283' title='bbox 860 3468 991 3511; x_wconf 87' lang='lat' dir='ltr'><strong>terra</strong></span> <span class='ocrx_word' id='word_1_284' title='bbox 1017 3472 1033 3519; x_wconf 89' lang='lat'><strong><em>;</em></strong></span> <span class='ocrx_word' id='word_1_285' title='bbox 1073 3467 1136 3504; x_wconf 87' lang='lat' dir='ltr'><strong>ne</strong></span> <span class='ocrx_word' id='word_1_286' title='bbox 1163 3443 1441 3503; x_wconf 83' lang='lat' dir='ltr'><strong>abscondas</strong></span> <span class='ocrx_word' id='word_1_287' title='bbox 1471 3457 1502 3493; x_wconf 90' lang='lat' dir='ltr'><strong>a</strong></span> <span class='ocrx_word' id='word_1_288' title='bbox 1528 3454 1606 3491; x_wconf 88' lang='lat' dir='ltr'><strong>me</strong></span> <span class='ocrx_word' id='word_1_289' title='bbox 1636 3433 1875 3489; x_wconf 81' lang='lat' dir='ltr'><strong>mandata</strong></span> <span class='ocrx_word' id='word_1_290' title='bbox 1901 3440 2007 3483; x_wconf 90' lang='lat' dir='ltr'><strong>tua.</strong></span> 
     </span>
    </p>
   </div>
   <div class='ocr_carea' id='block_1_34' title="bbox 595 3517 2110 3620">
    <p class='ocr_par' dir='ltr' id='par_1_34' title="bbox 595 3517 2110 3620">
     <span class='ocr_line' id='line_1_37' title="bbox 595 3517 2110 3620; baseline -0.028 -7"><span class='ocrx_word' id='word_1_291' title='bbox 595 3560 649 3612; x_wconf 66' lang='grc' dir='ltr'><strong>εξ.</strong></span> <span class='ocrx_word' id='word_1_292' title='bbox 693 3552 800 3610; x_wconf 89' lang='lat' dir='ltr'><strong>Sed</strong></span> <span class='ocrx_word' id='word_1_293' title='bbox 826 3549 915 3620; x_wconf 89' lang='lat' dir='ltr'><strong>qui</strong></span> <span class='ocrx_word' id='word_1_294' title='bbox 949 3517 1157 3600; x_wconf 85' lang='lat' dir='ltr'><strong>tandem</strong></span> <span class='ocrx_word' id='word_1_295' title='bbox 1188 3548 1311 3594; x_wconf 92' lang='lat' dir='ltr'><strong>sunt</strong></span> <span class='ocrx_word' id='word_1_296' title='bbox 1349 3551 1379 3588; x_wconf 91' lang='lat' dir='ltr'><strong>a</strong></span> <span class='ocrx_word' id='word_1_297' title='bbox 1419 3531 1615 3603; x_wconf 88' lang='lat' dir='ltr'><strong>quibus</strong></span> <span class='ocrx_word' id='word_1_298' title='bbox 1651 3527 1793 3580; x_wconf 89' lang='lat' dir='ltr'><strong>Deus</strong></span> <span class='ocrx_word' id='word_1_299' title='bbox 1831 3517 2110 3576; x_wconf 86' lang='lat' dir='ltr'><strong>abscondit</strong></span> 
     </span>
    </p>
   </div>
   <div class='ocr_carea' id='block_1_35' title="bbox 527 3610 2105 3708">
    <p class='ocr_par' dir='ltr' id='par_1_35' title="bbox 527 3610 2105 3708">
     <span class='ocr_line' id='line_1_38' title="bbox 527 3610 2105 3708; baseline -0.029 -1"><span class='ocrx_word' id='word_1_300' title='bbox 527 3610 776 3708; x_wconf 67' lang='lat' dir='ltr'><strong>mandata</strong></span> <span class='ocrx_word' id='word_1_301' title='bbox 805 3610 945 3698; x_wconf 77' lang='lat' dir='ltr'><strong>sua?</strong></span> <span class='ocrx_word' id='word_1_302' title='bbox 984 3635 1173 3692; x_wconf 89' lang='lat' dir='ltr'><strong>Nonne</strong></span> <span class='ocrx_word' id='word_1_303' title='bbox 1202 3630 1291 3685; x_wconf 90' lang='lat' dir='ltr'><strong>illa</strong></span> <span class='ocrx_word' id='word_1_304' title='bbox 1320 3627 1512 3695; x_wconf 88' lang='lat' dir='ltr'><strong>ubique</strong></span> <span class='ocrx_word' id='word_1_305' title='bbox 1544 3622 1683 3675; x_wconf 88' lang='lat' dir='ltr'><strong>Deus</strong></span> <span class='ocrx_word' id='word_1_306' title='bbox 1710 3616 1874 3672; x_wconf 91' lang='lat' dir='ltr'><strong>voluit</strong></span> <span class='ocrx_word' id='word_1_307' title='bbox 1920 3610 2105 3683; x_wconf 73' lang='lat' dir='ltr'><strong>prandi-</strong></span> 
     </span>
    </p>
   </div>
   <div class='ocr_carea' id='block_1_36' title="bbox 527 3704 2111 3801">
    <p class='ocr_par' dir='ltr' id='par_1_36' title="bbox 527 3704 2111 3801">
     <span class='ocr_line' id='line_1_39' title="bbox 527 3704 2111 3801; baseline -0.025 -2"><span class='ocrx_word' id='word_1_308' title='bbox 527 3741 678 3799; x_wconf 85' lang='lat' dir='ltr'><strong>cari?</strong></span> <span class='ocrx_word' id='word_1_309' title='bbox 727 3735 939 3794; x_wconf 85' lang='lat' dir='ltr'><strong>Utinam</strong></span> <span class='ocrx_word' id='word_1_310' title='bbox 986 3742 1145 3801; x_wconf 90' lang='lat' dir='ltr'><strong>quam</strong></span> <span class='ocrx_word' id='word_1_311' title='bbox 1176 3721 1357 3779; x_wconf 90' lang='lat' dir='ltr'><strong>multis</strong></span> <span class='ocrx_word' id='word_1_312' title='bbox 1401 3717 1543 3772; x_wconf 87' lang='lat' dir='ltr'><strong>clara</strong></span> <span class='ocrx_word' id='word_1_313' title='bbox 1592 3721 1737 3778; x_wconf 88' lang='lat' dir='ltr'><strong>sunt,</strong></span> <span class='ocrx_word' id='word_1_314' title='bbox 1780 3718 1887 3764; x_wconf 90' lang='lat' dir='ltr'><strong>tam</strong></span> <span class='ocrx_word' id='word_1_315' title='bbox 1930 3704 2111 3761; x_wconf 90' lang='lat' dir='ltr'><strong>multis</strong></span> 
     </span>
    </p>
   </div>
   <div class='ocr_carea' id='block_1_37' title="bbox 526 3797 2114 3891">
    <p class='ocr_par' dir='ltr' id='par_1_37' title="bbox 526 3797 2114 3891">
     <span class='ocr_line' id='line_1_40' title="bbox 526 3797 2114 3891; baseline -0.027 0"><span class='ocrx_word' id='word_1_316' title='bbox 526 3797 686 3891; x_wconf 82' lang='lat' dir='ltr'><strong>chara</strong></span> <span class='ocrx_word' id='word_1_317' title='bbox 716 3829 841 3885; x_wconf 92' lang='lat' dir='ltr'><strong>sint.</strong></span> <span class='ocrx_word' id='word_1_318' title='bbox 867 3797 1146 3891; x_wconf 36' lang='lat' dir='ltr'><strong>Nam—quid</strong></span> <span class='ocrx_word' id='word_1_319' title='bbox 1164 3825 1246 3872; x_wconf 91' lang='lat' dir='ltr'><strong>est</strong></span> <span class='ocrx_word' id='word_1_320' title='bbox 1268 3810 1489 3875; x_wconf 74' lang='lat' dir='ltr'><strong>clarius,</strong></span> <span class='ocrx_word' id='word_1_321' title='bbox 1514 3810 1692 3876; x_wconf 88' lang='lat' dir='ltr'><strong>quam,</strong></span> <span class='ocrx_word' id='word_1_322' title='bbox 1718 3801 1912 3871; x_wconf 81' lang='lat' dir='ltr'><strong>Diliges</strong></span> <span class='ocrx_word' id='word_1_323' title='bbox 1936 3797 2114 3851; x_wconf 80' lang='lat' dir='ltr'><strong>Domi-</strong></span> 
     </span>
    </p>
   </div>
   <div class='ocr_carea' id='block_1_38' title="bbox 531 3888 2116 3983">
    <p class='ocr_par' dir='ltr' id='par_1_38' title="bbox 531 3888 2116 3983">
     <span class='ocr_line' id='line_1_41' title="bbox 531 3888 2116 3983; baseline -0.026 -2"><span class='ocrx_word' id='word_1_324' title='bbox 531 3943 654 3983; x_wconf 87' lang='lat' dir='ltr'><strong>num</strong></span> <span class='ocrx_word' id='word_1_325' title='bbox 680 3922 843 3977; x_wconf 90' lang='lat' dir='ltr'><strong>Deum</strong></span> <span class='ocrx_word' id='word_1_326' title='bbox 887 3926 1027 3970; x_wconf 85' lang='lat' dir='ltr'><strong>tuum</strong></span> <span class='ocrx_word' id='word_1_327' title='bbox 1063 3927 1125 3966; x_wconf 73' lang='lat' dir='ltr'><strong>ex</strong></span> <span class='ocrx_word' id='word_1_328' title='bbox 1168 3916 1269 3961; x_wconf 86' lang='lat' dir='ltr'><strong>toto</strong></span> <span class='ocrx_word' id='word_1_329' title='bbox 1313 3901 1462 3957; x_wconf 88' lang='lat' dir='ltr'><strong>corde</strong></span> <span class='ocrx_word' id='word_1_330' title='bbox 1489 3908 1603 3963; x_wconf 88' lang='lat' dir='ltr'><strong>tuo,</strong></span> <span class='ocrx_word' id='word_1_331' title='bbox 1638 3904 1684 3949; x_wconf 91' lang='lat' dir='ltr'><strong>et</strong></span> <span class='ocrx_word' id='word_1_332' title='bbox 1713 3910 1777 3949; x_wconf 76' lang='lat' dir='ltr'><strong>ea:</strong></span> <span class='ocrx_word' id='word_1_333' title='bbox 1818 3899 1919 3945; x_wconf 88' lang='lat' dir='ltr'><strong>tota</strong></span> <span class='ocrx_word' id='word_1_334' title='bbox 1944 3888 2116 3943; x_wconf 88' lang='lat' dir='ltr'><strong>anima</strong></span> 
     </span>
    </p>
   </div>
   <div class='ocr_carea' id='block_1_39' title="bbox 530 3984 2116 4081">
    <p class='ocr_par' dir='ltr' id='par_1_39' title="bbox 530 3984 2116 4081">
     <span class='ocr_line' id='line_1_42' title="bbox 530 3984 2116 4081; baseline -0.028 -6"><span class='ocrx_word' id='word_1_335' title='bbox 530 4032 636 4081; x_wconf 87' lang='lat' dir='ltr'><strong>tua,</strong></span> <span class='ocrx_word' id='word_1_336' title='bbox 671 4025 717 4069; x_wconf 90' lang='lat' dir='ltr'><strong>et</strong></span> <span class='ocrx_word' id='word_1_337' title='bbox 744 4029 806 4068; x_wconf 76' lang='lat' dir='ltr'><strong>ea:</strong></span> <span class='ocrx_word' id='word_1_338' title='bbox 844 4020 946 4064; x_wconf 89' lang='lat' dir='ltr'><strong>tota</strong></span> <span class='ocrx_word' id='word_1_339' title='bbox 980 4011 1143 4059; x_wconf 85' lang='lat' dir='ltr'><strong>mente</strong></span> <span class='ocrx_word' id='word_1_340' title='bbox 1170 4008 1296 4061; x_wconf 84' lang='lat' dir='ltr'><strong>tua;</strong></span> <span class='ocrx_word' id='word_1_341' title='bbox 1326 4002 1380 4049; x_wconf 90' lang='lat' dir='ltr'><strong>et</strong></span> <span class='ocrx_word' id='word_1_342' title='bbox 1399 4035 1412 4057; x_wconf 90' lang='lat'><strong>,</strong></span> <span class='ocrx_word' id='word_1_343' title='bbox 1438 3990 1630 4059; x_wconf 83' lang='lat' dir='ltr'><strong>Diliges</strong></span> <span class='ocrx_word' id='word_1_344' title='bbox 1658 3984 1943 4056; x_wconf 77' lang='lat' dir='ltr'><strong>proximum</strong></span> <span class='ocrx_word' id='word_1_345' title='bbox 1974 3989 2116 4034; x_wconf 87' lang='lat' dir='ltr'><strong>tuum</strong></span> 
     </span>
    </p>
   </div>
   <div class='ocr_carea' id='block_1_40' title="bbox 533 4074 2119 4179">
    <p class='ocr_par' dir='ltr' id='par_1_40' title="bbox 533 4074 2119 4179">
     <span class='ocr_line' id='line_1_43' title="bbox 533 4074 2119 4179; baseline -0.026 -13"><span class='ocrx_word' id='word_1_346' title='bbox 533 4074 773 4179; x_wconf 82' lang='lat' dir='ltr'><strong>tanquam</strong></span> <span class='ocrx_word' id='word_1_347' title='bbox 800 4096 1061 4170; x_wconf 86' lang='lat' dir='ltr'><strong>teipsum?</strong></span> <span class='ocrx_word' id='word_1_348' title='bbox 1091 4093 1158 4147; x_wconf 90' lang='lat' dir='ltr'><strong>In</strong></span> <span class='ocrx_word' id='word_1_349' title='bbox 1183 4088 1375 4161; x_wconf 86' lang='lat' dir='ltr'><strong>quibus</strong></span> <span class='ocrx_word' id='word_1_350' title='bbox 1404 4083 1596 4138; x_wconf 88' lang='lat' dir='ltr'><strong>duobus</strong></span> <span class='ocrx_word' id='word_1_351' title='bbox 1627 4077 1881 4133; x_wconf 88' lang='lat' dir='ltr'><strong>mandatis</strong></span> <span class='ocrx_word' id='word_1_352' title='bbox 1908 4084 2012 4128; x_wconf 87' lang='lat' dir='ltr'><strong>tota</strong></span> <span class='ocrx_word' id='word_1_353' title='bbox 2038 4074 2119 4127; x_wconf 78' lang='lat' dir='ltr'><strong>lea:</strong></span> 
     </span>
    </p>
   </div>
   <div class='ocr_carea' id='block_1_41' title="bbox 539 4168 2122 4275">
    <p class='ocr_par' dir='ltr' id='par_1_41' title="bbox 539 4168 2122 4275">
     <span class='ocr_line' id='line_1_44' title="bbox 539 4168 2122 4275; baseline -0.023 -16"><span class='ocrx_word' id='word_1_354' title='bbox 539 4168 719 4275; x_wconf 76' lang='lat' dir='ltr'><strong>pendet</strong></span> <span class='ocrx_word' id='word_1_355' title='bbox 744 4206 792 4253; x_wconf 86' lang='lat' dir='ltr'><strong>et</strong></span> <span class='ocrx_word' id='word_1_356' title='bbox 818 4168 1088 4264; x_wconf 73' lang='lat' dir='ltr'><strong>Propheta:</strong></span> <span class='ocrx_word' id='word_1_357' title='bbox 1112 4182 1340 4257; x_wconf 82' lang='lat' dir='ltr'><strong>(Matth.</strong></span> <span class='ocrx_word' id='word_1_358' title='bbox 1370 4194 1512 4245; x_wconf 74' lang='grc' dir='ltr'>χχιι,</span> <span class='ocrx_word' id='word_1_359' title='bbox 1542 4177 1605 4233; x_wconf 77' lang='lat'><strong>57</strong></span> <span class='ocrx_word' id='word_1_360' title='bbox 1638 4173 1765 4243; x_wconf 73' lang='lat'><strong>40).</strong></span> <span class='ocrx_word' id='word_1_361' title='bbox 1800 4171 1867 4225; x_wconf 82' lang='lat' dir='ltr'><strong>Et</strong></span> <span class='ocrx_word' id='word_1_362' title='bbox 1892 4168 2012 4241; x_wconf 86' lang='lat' dir='ltr'><strong>quis</strong></span> <span class='ocrx_word' id='word_1_363' title='bbox 2039 4176 2122 4223; x_wconf 91' lang='lat' dir='ltr'><strong>est</strong></span> 
     </span>
    </p>
   </div>
   <div class='ocr_carea' id='block_1_42' title="bbox 541 4261 2122 4364">
    <p class='ocr_par' dir='ltr' id='par_1_42' title="bbox 541 4261 2122 4364">
     <span class='ocr_line' id='line_1_45' title="bbox 541 4261 2122 4364; baseline -0.023 -13"><span class='ocrx_word' id='word_1_364' title='bbox 541 4261 698 4364; x_wconf 78' lang='lat' dir='ltr'><strong>quem</strong></span> <span class='ocrx_word' id='word_1_365' title='bbox 730 4261 935 4345; x_wconf 79' lang='lat' dir='ltr'><strong>lateant</strong></span> <span class='ocrx_word' id='word_1_366' title='bbox 957 4285 1055 4337; x_wconf 87' lang='lat' dir='ltr'><strong>ista</strong></span> <span class='ocrx_word' id='word_1_367' title='bbox 1084 4274 1370 4334; x_wconf 83' lang='lat' dir='ltr'><strong>mandata?</strong></span> <span class='ocrx_word' id='word_1_368' title='bbox 1409 4270 1610 4340; x_wconf 88' lang='lat' dir='ltr'><strong>Nempe</strong></span> <span class='ocrx_word' id='word_1_369' title='bbox 1638 4275 1693 4323; x_wconf 91' lang='lat' dir='ltr'><strong>et</strong></span> <span class='ocrx_word' id='word_1_370' title='bbox 1716 4264 1964 4320; x_wconf 90' lang='lat' dir='ltr'><strong>omnibus</strong></span> <span class='ocrx_word' id='word_1_371' title='bbox 1993 4261 2122 4316; x_wconf 81' lang='lat' dir='ltr'><strong>lide—</strong></span> 
     </span>
    </p>
   </div>
   <div class='ocr_carea' id='block_1_43' title="bbox 542 4354 2124 4450">
    <p class='ocr_par' dir='ltr' id='par_1_43' title="bbox 542 4354 2124 4450">
     <span class='ocr_line' id='line_1_46' title="bbox 542 4354 2124 4450; baseline -0.023 -7"><span class='ocrx_word' id='word_1_372' title='bbox 542 4354 717 4450; x_wconf 77' lang='lat' dir='ltr'><strong>libus,</strong></span> <span class='ocrx_word' id='word_1_373' title='bbox 751 4391 801 4437; x_wconf 92' lang='lat' dir='ltr'><strong>et</strong></span> <span class='ocrx_word' id='word_1_374' title='bbox 847 4373 1089 4447; x_wconf 90' lang='lat' dir='ltr'><strong>plurimis</strong></span> <span class='ocrx_word' id='word_1_375' title='bbox 1136 4365 1437 4423; x_wconf 75' lang='lat' dir='ltr'><strong>infidelibus</strong></span> <span class='ocrx_word' id='word_1_376' title='bbox 1481 4369 1608 4416; x_wconf 91' lang='lat' dir='ltr'><strong>nota</strong></span> <span class='ocrx_word' id='word_1_377' title='bbox 1655 4366 1798 4413; x_wconf 89' lang='lat' dir='ltr'><strong>sunt.</strong></span> <span class='ocrx_word' id='word_1_378' title='bbox 1844 4354 1954 4410; x_wconf 88' lang='lat' dir='ltr'><strong>Cur</strong></span> <span class='ocrx_word' id='word_1_379' title='bbox 1997 4367 2124 4423; x_wconf 89' lang='lat' dir='ltr'><strong>ergo</strong></span> 
     </span>
    </p>
   </div>
   <div class='ocr_carea' id='block_1_44' title="bbox 542 4442 2126 4549">
    <p class='ocr_par' dir='ltr' id='par_1_44' title="bbox 542 4442 2126 4549">
     <span class='ocr_line' id='line_1_47' title="bbox 542 4442 2126 4549; baseline -0.023 -17"><span class='ocrx_word' id='word_1_380' title='bbox 542 4442 719 4549; x_wconf 76' lang='lat' dir='ltr'><strong>poscit</strong></span> <span class='ocrx_word' id='word_1_381' title='bbox 764 4442 933 4525; x_wconf 80' lang='lat' dir='ltr'><strong>lidclis</strong></span> <span class='ocrx_word' id='word_1_382' title='bbox 974 4480 1041 4519; x_wconf 91' lang='lat' dir='ltr'><strong>ne</strong></span> <span class='ocrx_word' id='word_1_383' title='bbox 1082 4457 1436 4515; x_wconf 88' lang='lat' dir='ltr'><strong>abscondatur</strong></span> <span class='ocrx_word' id='word_1_384' title='bbox 1473 4452 1575 4508; x_wconf 88' lang='lat' dir='ltr'><strong>sibi</strong></span> <span class='ocrx_word' id='word_1_385' title='bbox 1602 4448 1745 4521; x_wconf 89' lang='lat' dir='ltr'><strong>quod</strong></span> <span class='ocrx_word' id='word_1_386' title='bbox 1785 4461 1884 4501; x_wconf 91' lang='lat' dir='ltr'><strong>nec</strong></span> <span class='ocrx_word' id='word_1_387' title='bbox 1927 4442 2126 4500; x_wconf 90' lang='lat' dir='ltr'><strong>inlideli</strong></span> 
     </span>
    </p>
   </div>
   <div class='ocr_carea' id='block_1_45' title="bbox 546 4539 2124 4628">
    <p class='ocr_par' dir='ltr' id='par_1_45' title="bbox 546 4539 2124 4628">
     <span class='ocr_line' id='line_1_48' title="bbox 546 4539 2124 4628; baseline -0.023 -1"><span class='ocrx_word' id='word_1_388' title='bbox 546 4539 719 4628; x_wconf 73' lang='lat' dir='ltr'><strong>cernit</strong></span> <span class='ocrx_word' id='word_1_389' title='bbox 760 4555 1061 4619; x_wconf 83' lang='lat' dir='ltr'><strong>abscondi?</strong></span> <span class='ocrx_word' id='word_1_390' title='bbox 1108 4554 1190 4609; x_wconf 87' lang='lat' dir='ltr'><strong>An</strong></span> <span class='ocrx_word' id='word_1_391' title='bbox 1215 4551 1336 4622; x_wconf 83' lang='lat' dir='ltr'><strong>quia</strong></span> <span class='ocrx_word' id='word_1_392' title='bbox 1365 4549 1532 4604; x_wconf 91' lang='lat' dir='ltr'><strong>Deum</strong></span> <span class='ocrx_word' id='word_1_393' title='bbox 1574 4557 1733 4600; x_wconf 88' lang='lat' dir='ltr'><strong>nosse</strong></span> <span class='ocrx_word' id='word_1_394' title='bbox 1772 4539 1984 4595; x_wconf 80' lang='lat' dir='ltr'><strong>difﬁcile</strong></span> <span class='ocrx_word' id='word_1_395' title='bbox 2022 4546 2124 4603; x_wconf 90' lang='lat' dir='ltr'><strong>est,</strong></span> 
     </span>
    </p>
   </div>
   <div class='ocr_carea' id='block_1_46' title="bbox 548 4630 2129 4729">
    <p class='ocr_par' dir='ltr' id='par_1_46' title="bbox 548 4630 2129 4729">
     <span class='ocr_line' id='line_1_49' title="bbox 548 4630 2129 4729; baseline -0.023 -11"><span class='ocrx_word' id='word_1_396' title='bbox 548 4670 884 4729; x_wconf 89' lang='lat' dir='ltr'><strong>consequens</strong></span> <span class='ocrx_word' id='word_1_397' title='bbox 932 4658 1015 4706; x_wconf 89' lang='lat' dir='ltr'><strong>est</strong></span> <span class='ocrx_word' id='word_1_398' title='bbox 1058 4646 1240 4715; x_wconf 89' lang='lat' dir='ltr'><strong>utique</strong></span> <span class='ocrx_word' id='word_1_399' title='bbox 1285 4651 1376 4708; x_wconf 88' lang='lat' dir='ltr'><strong>ut,</strong></span> <span class='ocrx_word' id='word_1_400' title='bbox 1420 4637 1612 4709; x_wconf 82' lang='lat' dir='ltr'><strong>Diliges</strong></span> <span class='ocrx_word' id='word_1_401' title='bbox 1651 4632 1927 4688; x_wconf 90' lang='lat' dir='ltr'><strong>Dominum</strong></span> <span class='ocrx_word' id='word_1_402' title='bbox 1964 4630 2129 4684; x_wconf 83' lang='lat' dir='ltr'><strong>Deum</strong></span> 
     </span>
    </p>
   </div>
   <div class='ocr_carea' id='block_1_47' title="bbox 550 4723 2131 4817">
    <p class='ocr_par' dir='ltr' id='par_1_47' title="bbox 550 4723 2131 4817">
     <span class='ocr_line' id='line_1_50' title="bbox 550 4723 2131 4817; baseline -0.022 -7"><span class='ocrx_word' id='word_1_403' title='bbox 550 4766 713 4817; x_wconf 86' lang='lat' dir='ltr'><strong>tuum,</strong></span> <span class='ocrx_word' id='word_1_404' title='bbox 735 4723 950 4805; x_wconf 78' lang='lat' dir='ltr'><strong>difﬁcile</strong></span> <span class='ocrx_word' id='word_1_405' title='bbox 976 4738 1322 4808; x_wconf 85' lang='lat' dir='ltr'><strong>intelligatur,</strong></span> <span class='ocrx_word' id='word_1_406' title='bbox 1346 4748 1413 4789; x_wconf 90' lang='lat' dir='ltr'><strong>ne</strong></span> <span class='ocrx_word' id='word_1_407' title='bbox 1431 4728 1575 4786; x_wconf 88' lang='lat' dir='ltr'><strong>aliud</strong></span> <span class='ocrx_word' id='word_1_408' title='bbox 1601 4744 1695 4800; x_wconf 88' lang='lat' dir='ltr'><strong>pro</strong></span> <span class='ocrx_word' id='word_1_409' title='bbox 1719 4728 1823 4782; x_wconf 90' lang='lat' dir='ltr'><strong>alio</strong></span> <span class='ocrx_word' id='word_1_410' title='bbox 1851 4723 2131 4795; x_wconf 84' lang='lat' dir='ltr'><strong>diligatur?</strong></span> 
     </span>
    </p>
   </div>
   <div class='ocr_carea' id='block_1_48' title="bbox 550 4814 2133 4913">
    <p class='ocr_par' dir='ltr' id='par_1_48' title="bbox 550 4814 2133 4913">
     <span class='ocr_line' id='line_1_51' title="bbox 550 4814 2133 4913; baseline -0.02 -11"><span class='ocrx_word' id='word_1_411' title='bbox 550 4845 684 4903; x_wconf 85' lang='lat' dir='ltr'><strong>Nam</strong></span> <span class='ocrx_word' id='word_1_412' title='bbox 723 4836 947 4913; x_wconf 84' lang='lat' dir='ltr'><strong>proximi</strong></span> <span class='ocrx_word' id='word_1_413' title='bbox 995 4830 1199 4889; x_wconf 84' lang='lat' dir='ltr'><strong>facilior</strong></span> <span class='ocrx_word' id='word_1_414' title='bbox 1239 4841 1359 4883; x_wconf 90' lang='lat' dir='ltr'><strong>esse</strong></span> <span class='ocrx_word' id='word_1_415' title='bbox 1400 4822 1609 4878; x_wconf 88' lang='lat' dir='ltr'><strong>videtur</strong></span> <span class='ocrx_word' id='word_1_416' title='bbox 1652 4818 1904 4891; x_wconf 86' lang='lat' dir='ltr'><strong>cognitio.</strong></span> <span class='ocrx_word' id='word_1_417' title='bbox 1948 4814 2133 4872; x_wconf 89' lang='lat' dir='ltr'><strong>Omnis</strong></span> 
     </span>
    </p>
   </div>
   <div class='ocr_carea' id='block_1_49' title="bbox 551 4907 2135 5011">
    <p class='ocr_par' dir='ltr' id='par_1_49' title="bbox 551 4907 2135 5011">
     <span class='ocr_line' id='line_1_52' title="bbox 551 4907 2135 5011; baseline -0.022 -17"><span class='ocrx_word' id='word_1_418' title='bbox 551 4907 751 5011; x_wconf 78' lang='lat' dir='ltr'><strong>quippe</strong></span> <span class='ocrx_word' id='word_1_419' title='bbox 775 4932 952 5011; x_wconf 24' lang='lat' dir='ltr'><strong>Abomo</strong></span> <span class='ocrx_word' id='word_1_420' title='bbox 995 4934 1078 4982; x_wconf 89' lang='lat' dir='ltr'><strong>est</strong></span> <span class='ocrx_word' id='word_1_421' title='bbox 1118 4920 1265 4979; x_wconf 90' lang='lat' dir='ltr'><strong>omni</strong></span> <span class='ocrx_word' id='word_1_422' title='bbox 1306 4915 1509 4973; x_wconf 89' lang='lat' dir='ltr'><strong>homini</strong></span> <span class='ocrx_word' id='word_1_423' title='bbox 1556 4911 1852 4984; x_wconf 79' lang='lat' dir='ltr'><strong>proximus,</strong></span> <span class='ocrx_word' id='word_1_424' title='bbox 1899 4924 1998 4964; x_wconf 87' lang='lat' dir='ltr'><strong>nec</strong></span> <span class='ocrx_word' id='word_1_425' title='bbox 2028 4907 2135 4961; x_wconf 89' lang='lat' dir='ltr'><strong>ulla</strong></span> 
     </span>
    </p>
   </div>
   <div class='ocr_carea' id='block_1_50' title="bbox 552 5002 2135 5102">
    <p class='ocr_par' dir='ltr' id='par_1_50' title="bbox 552 5002 2135 5102">
     <span class='ocr_line' id='line_1_53' title="bbox 552 5002 2135 5102; baseline -0.022 -15"><span class='ocrx_word' id='word_1_426' title='bbox 552 5002 834 5102; x_wconf 67' lang='lat' dir='ltr'><strong>cogitanda</strong></span> <span class='ocrx_word' id='word_1_427' title='bbox 874 5029 957 5078; x_wconf 86' lang='lat' dir='ltr'><strong>est</strong></span> <span class='ocrx_word' id='word_1_428' title='bbox 1002 5012 1358 5088; x_wconf 89' lang='lat' dir='ltr'><strong>longinquitas</strong></span> <span class='ocrx_word' id='word_1_429' title='bbox 1402 5005 1647 5080; x_wconf 85' lang='lat' dir='ltr'><strong>generis,</strong></span> <span class='ocrx_word' id='word_1_430' title='bbox 1696 5002 1785 5075; x_wconf 90' lang='lat' dir='ltr'><strong>ubi</strong></span> <span class='ocrx_word' id='word_1_431' title='bbox 1829 5011 1911 5056; x_wconf 89' lang='lat' dir='ltr'><strong>est</strong></span> <span class='ocrx_word' id='word_1_432' title='bbox 1949 5010 2135 5055; x_wconf 88' lang='lat' dir='ltr'><strong>natura</strong></span> 
     </span>
    </p>
   </div>
   <div class='ocr_carea' id='block_1_51' title="bbox 558 5091 2139 5183">
    <p class='ocr_par' dir='ltr' id='par_1_51' title="bbox 558 5091 2139 5183">
     <span class='ocr_line' id='line_1_54' title="bbox 558 5091 2139 5183; baseline -0.023 -2"><span class='ocrx_word' id='word_1_433' title='bbox 558 5119 877 5181; x_wconf 90' lang='lat' dir='ltr'><strong>communis.</strong></span> <span class='ocrx_word' id='word_1_434' title='bbox 928 5113 1241 5183; x_wconf 84' lang='lat' dir='ltr'><strong>Quanquam</strong></span> <span class='ocrx_word' id='word_1_435' title='bbox 1285 5118 1387 5160; x_wconf 88' lang='lat' dir='ltr'><strong>nec</strong></span> <span class='ocrx_word' id='word_1_436' title='bbox 1432 5101 1733 5172; x_wconf 79' lang='lat' dir='ltr'><strong>proximum</strong></span> <span class='ocrx_word' id='word_1_437' title='bbox 1784 5102 2005 5149; x_wconf 87' lang='lat' dir='ltr'><strong>noverat</strong></span> <span class='ocrx_word' id='word_1_438' title='bbox 2048 5091 2139 5162; x_wconf 90' lang='lat' dir='ltr'><strong>qui</strong></span> 
     </span>
    </p>
   </div>
   <div class='ocr_carea' id='block_1_52' title="bbox 560 5184 2141 5273">
    <p class='ocr_par' dir='ltr' id='par_1_52' title="bbox 560 5184 2141 5273">
     <span class='ocr_line' id='line_1_55' title="bbox 560 5184 2141 5273; baseline -0.021 -2"><span class='ocrx_word' id='word_1_439' title='bbox 560 5213 787 5271; x_wconf 89' lang='lat' dir='ltr'><strong>Domino</strong></span> <span class='ocrx_word' id='word_1_440' title='bbox 822 5208 895 5263; x_wconf 89' lang='lat' dir='ltr'><strong>ait</strong></span> <span class='ocrx_word' id='word_1_441' title='bbox 923 5223 938 5260; x_wconf 85' lang='lat'><strong>:</strong></span> <span class='ocrx_word' id='word_1_442' title='bbox 976 5204 1040 5259; x_wconf 89' lang='lat' dir='ltr'><strong>Et</strong></span> <span class='ocrx_word' id='word_1_443' title='bbox 1068 5201 1178 5273; x_wconf 83' lang='lat' dir='ltr'><strong>quis</strong></span> <span class='ocrx_word' id='word_1_444' title='bbox 1206 5208 1278 5254; x_wconf 90' lang='lat' dir='ltr'><strong>est</strong></span> <span class='ocrx_word' id='word_1_445' title='bbox 1314 5194 1438 5251; x_wconf 81' lang='lat' dir='ltr'><strong>mihi</strong></span> <span class='ocrx_word' id='word_1_446' title='bbox 1468 5188 1771 5263; x_wconf 75' lang='lat' dir='ltr'><strong>proximus?</strong></span> <span class='ocrx_word' id='word_1_447' title='bbox 1813 5185 2035 5253; x_wconf 88' lang='lat' dir='ltr'><strong>Quando</strong></span> <span class='ocrx_word' id='word_1_448' title='bbox 2066 5184 2141 5239; x_wconf 91' lang='lat' dir='ltr'><strong>illi</strong></span> 
     </span>
    </p>
   </div>
   <div class='ocr_carea' id='block_1_53' title="bbox 565 5275 2142 5375">
    <p class='ocr_par' dir='ltr' id='par_1_53' title="bbox 565 5275 2142 5375">
     <span class='ocr_line' id='line_1_56' title="bbox 565 5275 2142 5375; baseline -0.021 -12"><span class='ocrx_word' id='word_1_449' title='bbox 565 5313 651 5363; x_wconf 87' lang='lat' dir='ltr'><strong>est</strong></span> <span class='ocrx_word' id='word_1_450' title='bbox 678 5301 979 5375; x_wconf 88' lang='lat' dir='ltr'><strong>propositus</strong></span> <span class='ocrx_word' id='word_1_451' title='bbox 1008 5295 1170 5349; x_wconf 91' lang='lat' dir='ltr'><strong>homo</strong></span> <span class='ocrx_word' id='word_1_452' title='bbox 1196 5288 1409 5362; x_wconf 88' lang='lat' dir='ltr'><strong>quidam</strong></span> <span class='ocrx_word' id='word_1_453' title='bbox 1430 5328 1446 5355; x_wconf 94' lang='lat'><strong>,</strong></span> <span class='ocrx_word' id='word_1_454' title='bbox 1479 5284 1566 5354; x_wconf 86' lang='lat' dir='ltr'><strong>qui</strong></span> <span class='ocrx_word' id='word_1_455' title='bbox 1597 5280 1929 5337; x_wconf 83' lang='lat' dir='ltr'><strong>descendens</strong></span> <span class='ocrx_word' id='word_1_456' title='bbox 1958 5277 2026 5332; x_wconf 89' lang='lat' dir='ltr'><strong>ab</strong></span> <span class='ocrx_word' id='word_1_457' title='bbox 2053 5275 2142 5331; x_wconf 83' lang='lat' dir='ltr'><strong>Je-</strong></span> 
     </span>
    </p>
   </div>
   <div class='ocr_carea' id='block_1_54' title="bbox 564 5369 2142 5457">
    <p class='ocr_par' dir='ltr' id='par_1_54' title="bbox 564 5369 2142 5457">
     <span class='ocr_line' id='line_1_57' title="bbox 564 5369 2142 5457; baseline -0.022 -2"><span class='ocrx_word' id='word_1_458' title='bbox 564 5369 798 5457; x_wconf 73' lang='lat' dir='ltr'><strong>rusalem</strong></span> <span class='ocrx_word' id='word_1_459' title='bbox 826 5392 878 5446; x_wconf 92' lang='lat' dir='ltr'><strong>in</strong></span> <span class='ocrx_word' id='word_1_460' title='bbox 898 5387 1110 5446; x_wconf 86' lang='lat' dir='ltr'><strong>Jericho</strong></span> <span class='ocrx_word' id='word_1_461' title='bbox 1135 5384 1320 5441; x_wconf 86' lang='lat' dir='ltr'><strong>incidit</strong></span> <span class='ocrx_word' id='word_1_462' title='bbox 1342 5382 1394 5436; x_wconf 87' lang='lat' dir='ltr'><strong>in</strong></span> <span class='ocrx_word' id='word_1_463' title='bbox 1428 5379 1664 5433; x_wconf 88' lang='lat' dir='ltr'><strong>latrones</strong></span> <span class='ocrx_word' id='word_1_464' title='bbox 1689 5392 1703 5428; x_wconf 88' lang='lat'><strong>:</strong></span> <span class='ocrx_word' id='word_1_465' title='bbox 1731 5373 1814 5427; x_wconf 90' lang='lat' dir='ltr'><strong>cui</strong></span> <span class='ocrx_word' id='word_1_466' title='bbox 1842 5369 2142 5441; x_wconf 84' lang='lat' dir='ltr'><strong>proximum</strong></span> 
     </span>
    </p>
   </div>
   <div class='ocr_carea' id='block_1_55' title="bbox 460 5458 2147 5554">
    <p class='ocr_par' dir='ltr' id='par_1_55' title="bbox 460 5458 2147 5554">
     <span class='ocr_line' id='line_1_58' title="bbox 460 5458 2147 5554; baseline -0.025 2"><span class='ocrx_word' id='word_1_467' title='bbox 460 5545 469 5554; x_wconf 95' lang='lat'><strong>.</strong></span> <span class='ocrx_word' id='word_1_468' title='bbox 565 5506 675 5553; x_wconf 86' lang='lat' dir='ltr'><strong>non</strong></span> <span class='ocrx_word' id='word_1_469' title='bbox 701 5486 886 5550; x_wconf 76' lang='lat' dir='ltr'><strong>fuisse,</strong></span> <span class='ocrx_word' id='word_1_470' title='bbox 911 5478 1011 5535; x_wconf 89' lang='lat' dir='ltr'><strong>nisi</strong></span> <span class='ocrx_word' id='word_1_471' title='bbox 1041 5478 1274 5547; x_wconf 89' lang='lat' dir='ltr'><strong>quicum</strong></span> <span class='ocrx_word' id='word_1_472' title='bbox 1300 5473 1391 5529; x_wconf 91' lang='lat' dir='ltr'><strong>illo</strong></span> <span class='ocrx_word' id='word_1_473' title='bbox 1417 5470 1540 5526; x_wconf 78' lang='lat' dir='ltr'><strong>fecit</strong></span> <span class='ocrx_word' id='word_1_474' title='bbox 1566 5462 2005 5525; x_wconf 87' lang='lat' dir='ltr'><strong>misericordiam,</strong></span> <span class='ocrx_word' id='word_1_475' title='bbox 2030 5458 2147 5529; x_wconf 91' lang='lat' dir='ltr'><strong>ipse</strong></span> 
     </span>
    </p>
   </div>
   <div class='ocr_carea' id='block_1_56' title="bbox 571 5557 2146 5663">
    <p class='ocr_par' dir='ltr' id='par_1_56' title="bbox 571 5557 2146 5663">
     <span class='ocr_line' id='line_1_59' title="bbox 571 5557 2146 5663; baseline -0.023 -16"><span class='ocrx_word' id='word_1_476' title='bbox 571 5588 664 5663; x_wconf 90' lang='lat' dir='ltr'><strong>qni</strong></span> <span class='ocrx_word' id='word_1_477' title='bbox 694 5583 1117 5649; x_wconf 87' lang='lat' dir='ltr'><strong>interrogaverat</strong></span> <span class='ocrx_word' id='word_1_478' title='bbox 1138 5570 1393 5644; x_wconf 83' lang='lat' dir='ltr'><strong>judicavit</strong></span> <span class='ocrx_word' id='word_1_479' title='bbox 1421 5566 1567 5639; x_wconf 87' lang='lat' dir='ltr'><strong>(Luc.</strong></span> <span class='ocrx_word' id='word_1_480' title='bbox 1597 5582 1651 5632; x_wconf 75' lang='grc' dir='ltr'>ιι,</span> <span class='ocrx_word' id='word_1_481' title='bbox 1676 5560 1920 5633; x_wconf 76' lang='lat'><strong>29-57);</strong></span> <span class='ocrx_word' id='word_1_482' title='bbox 1949 5557 2146 5629; x_wconf 85' lang='lat' dir='ltr'><strong>patuit-</strong></span> 
     </span>
    </p>
   </div>
   <div class='ocr_carea' id='block_1_57' title="bbox 569 5656 2150 5757">
    <p class='ocr_par' dir='ltr' id='par_1_57' title="bbox 569 5656 2150 5757">
     <span class='ocr_line' id='line_1_60' title="bbox 569 5656 2150 5757; baseline -0.022 -16"><span class='ocrx_word' id='word_1_483' title='bbox 569 5699 677 5757; x_wconf 83' lang='lat' dir='ltr'><strong>que</strong></span> <span class='ocrx_word' id='word_1_484' title='bbox 704 5681 761 5736; x_wconf 88' lang='lat' dir='ltr'><strong>in</strong></span> <span class='ocrx_word' id='word_1_485' title='bbox 801 5670 1042 5732; x_wconf 81' lang='lat' dir='ltr'><strong>facienda</strong></span> <span class='ocrx_word' id='word_1_486' title='bbox 1068 5663 1431 5723; x_wconf 87' lang='lat' dir='ltr'><strong>misericordia</strong></span> <span class='ocrx_word' id='word_1_487' title='bbox 1472 5660 1737 5717; x_wconf 84' lang='lat' dir='ltr'><strong>neminem</strong></span> <span class='ocrx_word' id='word_1_488' title='bbox 1775 5656 2005 5712; x_wconf 87' lang='lat' dir='ltr'><strong>alienum</strong></span> <span class='ocrx_word' id='word_1_489' title='bbox 2031 5665 2150 5707; x_wconf 87' lang='lat' dir='ltr'><strong>esse</strong></span> 
     </span>
    </p>
   </div>
   <div class='ocr_carea' id='block_1_58' title="bbox 575 5744 2152 5844">
    <p class='ocr_par' dir='ltr' id='par_1_58' title="bbox 575 5744 2152 5844">
     <span class='ocr_line' id='line_1_61' title="bbox 575 5744 2152 5844; baseline -0.02 -12"><span class='ocrx_word' id='word_1_490' title='bbox 575 5744 935 5844; x_wconf 84' lang='lat' dir='ltr'><strong>deputandum</strong></span> <span class='ocrx_word' id='word_1_491' title='bbox 979 5763 1047 5818; x_wconf 88' lang='lat' dir='ltr'><strong>ah</strong></span> <span class='ocrx_word' id='word_1_492' title='bbox 1088 5775 1155 5835; x_wconf 87' lang='lat' dir='ltr'><strong>eo</strong></span> <span class='ocrx_word' id='word_1_493' title='bbox 1193 5758 1284 5829; x_wconf 92' lang='lat' dir='ltr'><strong>qui</strong></span> <span class='ocrx_word' id='word_1_494' title='bbox 1312 5756 1481 5826; x_wconf 86' lang='lat' dir='ltr'><strong>diligit</strong></span> <span class='ocrx_word' id='word_1_495' title='bbox 1517 5753 1837 5825; x_wconf 86' lang='lat' dir='ltr'><strong>proximum.</strong></span> <span class='ocrx_word' id='word_1_496' title='bbox 1866 5747 1972 5805; x_wconf 87' lang='lat' dir='ltr'><strong>Sed</strong></span> <span class='ocrx_word' id='word_1_497' title='bbox 1999 5744 2152 5802; x_wconf 89' lang='lat' dir='ltr'><strong>multi</strong></span> 
     </span>
    </p>
   </div>
   <div class='ocr_carea' id='block_1_59' title="bbox 576 5847 2153 5934">
    <p class='ocr_par' dir='ltr' id='par_1_59' title="bbox 576 5847 2153 5934">
     <span class='ocr_line' id='line_1_62' title="bbox 576 5847 2153 5934; baseline -0.018 -12"><span class='ocrx_word' id='word_1_498' title='bbox 576 5880 679 5923; x_wconf 88' lang='lat' dir='ltr'><strong>nec</strong></span> <span class='ocrx_word' id='word_1_499' title='bbox 707 5863 911 5934; x_wconf 88' lang='lat' dir='ltr'><strong>seipsos</strong></span> <span class='ocrx_word' id='word_1_500' title='bbox 939 5861 1240 5921; x_wconf 87' lang='lat' dir='ltr'><strong>noverunt;</strong></span> <span class='ocrx_word' id='word_1_501' title='bbox 1268 5849 1389 5920; x_wconf 90' lang='lat' dir='ltr'><strong>quia</strong></span> <span class='ocrx_word' id='word_1_502' title='bbox 1419 5858 1473 5903; x_wconf 92' lang='lat' dir='ltr'><strong>et</strong></span> <span class='ocrx_word' id='word_1_503' title='bbox 1502 5847 1735 5915; x_wconf 86' lang='lat' dir='ltr'><strong>seipsum</strong></span> <span class='ocrx_word' id='word_1_504' title='bbox 1766 5858 1946 5909; x_wconf 89' lang='lat' dir='ltr'><strong>nosse,</strong></span> <span class='ocrx_word' id='word_1_505' title='bbox 1969 5854 2153 5911; x_wconf 84' lang='lat' dir='ltr'><strong>quem-</strong></span> 
     </span>
    </p>
   </div>
   <div class='ocr_carea' id='block_1_60' title="bbox 574 5933 2146 6013">
    <p class='ocr_par' dir='ltr' id='par_1_60' title="bbox 574 5933 2146 6013">
     <span class='ocr_line' id='line_1_63' title="bbox 574 5933 2146 6013; baseline -0.017 0"><span class='ocrx_word' id='word_1_506' title='bbox 574 5953 858 6013; x_wconf 74' lang='lat' dir='ltr'><strong>admodum</strong></span> <span class='ocrx_word' id='word_1_507' title='bbox 889 5952 1048 6007; x_wconf 87' lang='lat' dir='ltr'><strong>homo</strong></span> <span class='ocrx_word' id='word_1_508' title='bbox 1076 5946 1176 6002; x_wconf 80' lang='lat' dir='ltr'><strong>sibi</strong></span> <span class='ocrx_word' id='word_1_509' title='bbox 1206 5942 1361 5999; x_wconf 80' lang='lat' dir='ltr'><strong>debet</strong></span> <span class='ocrx_word' id='word_1_510' title='bbox 1394 5943 1744 6001; x_wconf 75' lang='lat' dir='ltr'><strong>innotescere,</strong></span> <span class='ocrx_word' id='word_1_511' title='bbox 1779 5952 1882 5990; x_wconf 82' lang='lat' dir='ltr'><strong>non</strong></span> <span class='ocrx_word' id='word_1_512' title='bbox 1911 5933 2146 5988; x_wconf 90' lang='lat' dir='ltr'><strong>omnium</strong></span> 
     </span>
    </p>
   </div>
   <div class='ocr_carea' id='block_1_61' title="bbox 1711 442 2515 516">
    <p class='ocr_par' dir='ltr' id='par_1_61' title="bbox 1711 442 2515 516">
     <span class='ocr_line' id='line_1_64' title="bbox 1711 442 2515 516; baseline -0.02 -2"><span class='ocrx_word' id='word_1_513' title='bbox 1711 460 1765 516; x_wconf 90' lang='lat' dir='ltr'><strong>S.</strong></span> <span class='ocrx_word' id='word_1_514' title='bbox 1813 451 2173 511; x_wconf 65' lang='lat' dir='ltr'><strong>AUGUSTINI</strong></span> <span class='ocrx_word' id='word_1_515' title='bbox 2215 442 2515 503; x_wconf 70' lang='lat' dir='ltr'><strong>EPISUOI‘I</strong></span> 
     </span>
    </p>
   </div>
   <div class='ocr_carea' id='block_1_62' title="bbox 3618 418 3779 474">
    <p class='ocr_par' dir='ltr' id='par_1_62' title="bbox 3618 418 3779 474">
     <span class='ocr_line' id='line_1_65' title="bbox 3618 418 3779 474; baseline -0.025 0"><span class='ocrx_word' id='word_1_516' title='bbox 3618 418 3779 474; x_wconf 69' lang='lat'><strong>1520</strong></span> 
     </span>
    </p>
   </div>
   <div class='ocr_carea' id='block_1_63' title="bbox 2170 538 3782 621">
    <p class='ocr_par' dir='ltr' id='par_1_63' title="bbox 2170 538 3782 621">
     <span class='ocr_line' id='line_1_66' title="bbox 2170 538 3782 621; baseline -0.019 -5"><span class='ocrx_word' id='word_1_517' title='bbox 2170 563 2443 617; x_wconf 89' lang='lat' dir='ltr'><strong>hominum</strong></span> <span class='ocrx_word' id='word_1_518' title='bbox 2473 565 2573 611; x_wconf 86' lang='lat' dir='ltr'><strong>est.</strong></span> <span class='ocrx_word' id='word_1_519' title='bbox 2619 550 2897 621; x_wconf 82' lang='lat' dir='ltr'><strong>Quomodo</strong></span> <span class='ocrx_word' id='word_1_520' title='bbox 2928 561 3054 618; x_wconf 86' lang='lat' dir='ltr'><strong>ergo</strong></span> <span class='ocrx_word' id='word_1_521' title='bbox 3097 544 3265 615; x_wconf 84' lang='lat' dir='ltr'><strong>diligit</strong></span> <span class='ocrx_word' id='word_1_522' title='bbox 3294 538 3598 611; x_wconf 69' lang='lat' dir='ltr'><strong>proximum</strong></span> <span class='ocrx_word' id='word_1_523' title='bbox 3633 543 3782 588; x_wconf 83' lang='lat' dir='ltr'><strong>tan-</strong></span> 
     </span>
    </p>
   </div>
   <div class='ocr_carea' id='block_1_64' title="bbox 2164 626 3780 721">
    <p class='ocr_par' dir='ltr' id='par_1_64' title="bbox 2164 626 3780 721">
     <span class='ocr_line' id='line_1_67' title="bbox 2164 626 3780 721; baseline -0.019 -15"><span class='ocrx_word' id='word_1_524' title='bbox 2164 667 2320 721; x_wconf 86' lang='lat' dir='ltr'><strong>quam</strong></span> <span class='ocrx_word' id='word_1_525' title='bbox 2362 648 2614 717; x_wconf 90' lang='lat' dir='ltr'><strong>seipsum,</strong></span> <span class='ocrx_word' id='word_1_526' title='bbox 2666 643 2758 714; x_wconf 90' lang='lat' dir='ltr'><strong>qui</strong></span> <span class='ocrx_word' id='word_1_527' title='bbox 2806 640 2976 696; x_wconf 89' lang='lat' dir='ltr'><strong>nescit</strong></span> <span class='ocrx_word' id='word_1_528' title='bbox 3021 646 3074 692; x_wconf 91' lang='lat' dir='ltr'><strong>et</strong></span> <span class='ocrx_word' id='word_1_529' title='bbox 3119 631 3396 705; x_wconf 82' lang='lat' dir='ltr'><strong>seipsum?</strong></span> <span class='ocrx_word' id='word_1_530' title='bbox 3444 628 3562 684; x_wconf 85' lang='lat' dir='ltr'><strong>Non</strong></span> <span class='ocrx_word' id='word_1_531' title='bbox 3608 626 3780 681; x_wconf 85' lang='lat' dir='ltr'><strong>enim</strong></span> 
     </span>
    </p>
   </div>
   <div class='ocr_carea' id='block_1_65' title="bbox 2166 720 3787 804">
    <p class='ocr_par' dir='ltr' id='par_1_65' title="bbox 2166 720 3787 804">
     <span class='ocr_line' id='line_1_68' title="bbox 2166 720 3787 804; baseline -0.019 -4"><span class='ocrx_word' id='word_1_532' title='bbox 2166 720 2363 801; x_wconf 66' lang='lat' dir='ltr'><strong>frustra</strong></span> <span class='ocrx_word' id='word_1_533' title='bbox 2392 741 2480 795; x_wconf 92' lang='lat' dir='ltr'><strong>ille</strong></span> <span class='ocrx_word' id='word_1_534' title='bbox 2524 737 2665 791; x_wconf 85' lang='lat' dir='ltr'><strong>ﬁlius</strong></span> <span class='ocrx_word' id='word_1_535' title='bbox 2700 735 2911 804; x_wconf 90' lang='lat' dir='ltr'><strong>junior,</strong></span> <span class='ocrx_word' id='word_1_536' title='bbox 2938 731 3028 801; x_wconf 90' lang='lat' dir='ltr'><strong>qui</strong></span> <span class='ocrx_word' id='word_1_537' title='bbox 3071 726 3338 798; x_wconf 81' lang='lat' dir='ltr'><strong>profectus</strong></span> <span class='ocrx_word' id='word_1_538' title='bbox 3390 723 3443 778; x_wconf 90' lang='lat' dir='ltr'><strong>in</strong></span> <span class='ocrx_word' id='word_1_539' title='bbox 3479 720 3787 789; x_wconf 86' lang='lat' dir='ltr'><strong>regionem</strong></span> 
     </span>
    </p>
   </div>
   <div class='ocr_carea' id='block_1_66' title="bbox 2169 811 3794 906">
    <p class='ocr_par' dir='ltr' id='par_1_66' title="bbox 2169 811 3794 906">
     <span class='ocr_line' id='line_1_69' title="bbox 2169 811 3794 906; baseline -0.018 -14"><span class='ocrx_word' id='word_1_540' title='bbox 2169 836 2510 906; x_wconf 87' lang='lat' dir='ltr'><strong>longinquam</strong></span> <span class='ocrx_word' id='word_1_541' title='bbox 2534 871 2547 894; x_wconf 94' lang='lat'><strong>,</strong></span> <span class='ocrx_word' id='word_1_542' title='bbox 2580 829 2669 884; x_wconf 88' lang='lat' dir='ltr'><strong>ubi</strong></span> <span class='ocrx_word' id='word_1_543' title='bbox 2696 823 2974 894; x_wconf 87' lang='lat' dir='ltr'><strong>dissipavit</strong></span> <span class='ocrx_word' id='word_1_544' title='bbox 3001 819 3349 876; x_wconf 85' lang='lat' dir='ltr'><strong>substantiam</strong></span> <span class='ocrx_word' id='word_1_545' title='bbox 3386 829 3537 869; x_wconf 90' lang='lat' dir='ltr'><strong>suam</strong></span> <span class='ocrx_word' id='word_1_546' title='bbox 3570 811 3794 864; x_wconf 85' lang='lat' dir='ltr'><strong>vivens</strong></span> 
     </span>
    </p>
   </div>
   <div class='ocr_carea' id='block_1_67' title="bbox 2170 907 3789 999">
    <p class='ocr_par' dir='ltr' id='par_1_67' title="bbox 2170 907 3789 999">
     <span class='ocr_line' id='line_1_70' title="bbox 2170 907 3789 999; baseline -0.019 -17"><span class='ocrx_word' id='word_1_547' title='bbox 2170 926 2409 999; x_wconf 83' lang='lat' dir='ltr'><strong>prodige,</strong></span> <span class='ocrx_word' id='word_1_548' title='bbox 2444 932 2503 976; x_wconf 90' lang='lat' dir='ltr'><strong>ut</strong></span> <span class='ocrx_word' id='word_1_549' title='bbox 2531 921 2766 983; x_wconf 87' lang='lat' dir='ltr'><strong>diceret,</strong></span> <span class='ocrx_word' id='word_1_550' title='bbox 2797 916 3044 986; x_wconf 83' lang='lat' dir='ltr'><strong>Surgam,</strong></span> <span class='ocrx_word' id='word_1_551' title='bbox 3073 920 3119 965; x_wconf 90' lang='lat' dir='ltr'><strong>et</strong></span> <span class='ocrx_word' id='word_1_552' title='bbox 3147 909 3226 963; x_wconf 88' lang='lat' dir='ltr'><strong>ibo</strong></span> <span class='ocrx_word' id='word_1_553' title='bbox 3249 907 3316 961; x_wconf 92' lang='lat' dir='ltr'><strong>ad</strong></span> <span class='ocrx_word' id='word_1_554' title='bbox 3344 916 3537 976; x_wconf 85' lang='lat' dir='ltr'><strong>patrem</strong></span> <span class='ocrx_word' id='word_1_555' title='bbox 3570 916 3789 967; x_wconf 66' lang='lat' dir='ltr'><strong>meum.</strong></span> 
     </span>
    </p>
   </div>
   <div class='ocr_carea' id='block_1_68' title="bbox 2173 990 3794 1088">
    <p class='ocr_par' dir='ltr' id='par_1_68' title="bbox 2173 990 3794 1088">
     <span class='ocr_line' id='line_1_71' title="bbox 2173 990 3794 1088; baseline -0.018 -16"><span class='ocrx_word' id='word_1_556' title='bbox 2173 990 2595 1088; x_wconf 45' lang='lat' dir='ltr'><strong>prius‘reversus</strong></span> <span class='ocrx_word' id='word_1_557' title='bbox 2623 1008 2782 1064; x_wconf 89' lang='lat' dir='ltr'><strong>estin</strong></span> <span class='ocrx_word' id='word_1_558' title='bbox 2825 1004 3170 1072; x_wconf 87' lang='lat' dir='ltr'><strong>semetipsum</strong></span> <span class='ocrx_word' id='word_1_559' title='bbox 3199 996 3370 1071; x_wconf 85' lang='lat' dir='ltr'><strong>(Luc.</strong></span> <span class='ocrx_word' id='word_1_560' title='bbox 3399 1012 3487 1059; x_wconf 81' lang='lat' dir='ltr'><strong>xv,</strong></span> <span class='ocrx_word' id='word_1_561' title='bbox 3520 990 3715 1049; x_wconf 67' lang='lat'><strong>13-18</strong></span> <span class='ocrx_word' id='word_1_562' title='bbox 3742 990 3794 1059; x_wconf 92' lang='lat'><strong>),</strong></span> 
     </span>
    </p>
   </div>
   <div class='ocr_carea' id='block_1_69' title="bbox 2176 1087 3805 1177">
    <p class='ocr_par' dir='ltr' id='par_1_69' title="bbox 2176 1087 3805 1177">
     <span class='ocr_line' id='line_1_72' title="bbox 2176 1087 3805 1177; baseline -0.018 -12"><span class='ocrx_word' id='word_1_563' title='bbox 2176 1087 2280 1164; x_wconf 84' lang='lat' dir='ltr'><strong>nisi</strong></span> <span class='ocrx_word' id='word_1_564' title='bbox 2308 1107 2432 1177; x_wconf 89' lang='lat' dir='ltr'><strong>quia</strong></span> <span class='ocrx_word' id='word_1_565' title='bbox 2474 1114 2579 1159; x_wconf 90' lang='lat' dir='ltr'><strong>tam</strong></span> <span class='ocrx_word' id='word_1_566' title='bbox 2613 1101 2768 1171; x_wconf 88' lang='lat' dir='ltr'><strong>longe</strong></span> <span class='ocrx_word' id='word_1_567' title='bbox 2806 1096 3175 1167; x_wconf 86' lang='lat' dir='ltr'><strong>peregrinatus</strong></span> <span class='ocrx_word' id='word_1_568' title='bbox 3199 1099 3314 1154; x_wconf 88' lang='lat' dir='ltr'><strong>est,</strong></span> <span class='ocrx_word' id='word_1_569' title='bbox 3355 1096 3414 1143; x_wconf 93' lang='lat' dir='ltr'><strong>ut</strong></span> <span class='ocrx_word' id='word_1_570' title='bbox 3437 1087 3805 1155; x_wconf 83' lang='lat' dir='ltr'><strong>relinqueret</strong></span> 
     </span>
    </p>
   </div>
   <div class='ocr_carea' id='block_1_70' title="bbox 2178 1175 3807 1265">
    <p class='ocr_par' dir='ltr' id='par_1_70' title="bbox 2178 1175 3807 1265">
     <span class='ocr_line' id='line_1_73' title="bbox 2178 1175 3807 1265; baseline -0.019 -7"><span class='ocrx_word' id='word_1_571' title='bbox 2178 1202 2337 1258; x_wconf 87' lang='lat' dir='ltr'><strong>etiam</strong></span> <span class='ocrx_word' id='word_1_572' title='bbox 2370 1195 2737 1265; x_wconf 88' lang='lat' dir='ltr'><strong>semetipsum.</strong></span> <span class='ocrx_word' id='word_1_573' title='bbox 2783 1190 2893 1245; x_wconf 88' lang='lat' dir='ltr'><strong>Nec</strong></span> <span class='ocrx_word' id='word_1_574' title='bbox 2921 1197 3097 1243; x_wconf 90' lang='lat' dir='ltr'><strong>tamen</strong></span> <span class='ocrx_word' id='word_1_575' title='bbox 3126 1189 3482 1240; x_wconf 89' lang='lat' dir='ltr'><strong>reverteretur</strong></span> <span class='ocrx_word' id='word_1_576' title='bbox 3512 1177 3583 1232; x_wconf 86' lang='lat' dir='ltr'><strong>ad</strong></span> <span class='ocrx_word' id='word_1_577' title='bbox 3612 1191 3713 1241; x_wconf 86' lang='lat' dir='ltr'><strong>se,</strong></span> <span class='ocrx_word' id='word_1_578' title='bbox 3749 1175 3807 1228; x_wconf 88' lang='lat' dir='ltr'><strong>si</strong></span> 
     </span>
    </p>
   </div>
   <div class='ocr_carea' id='block_1_71' title="bbox 2179 1267 3810 1350">
    <p class='ocr_par' dir='ltr' id='par_1_71' title="bbox 2179 1267 3810 1350">
     <span class='ocr_line' id='line_1_74' title="bbox 2179 1267 3810 1350; baseline -0.02 0"><span class='ocrx_word' id='word_1_579' title='bbox 2179 1294 2325 1350; x_wconf 91' lang='lat' dir='ltr'><strong>omni</strong></span> <span class='ocrx_word' id='word_1_580' title='bbox 2355 1291 2517 1346; x_wconf 89' lang='lat' dir='ltr'><strong>modo</strong></span> <span class='ocrx_word' id='word_1_581' title='bbox 2544 1286 2779 1344; x_wconf 87' lang='lat' dir='ltr'><strong>nesciret</strong></span> <span class='ocrx_word' id='word_1_582' title='bbox 2808 1297 2865 1337; x_wconf 89' lang='lat' dir='ltr'><strong>se</strong></span> <span class='ocrx_word' id='word_1_583' title='bbox 2890 1298 2904 1348; x_wconf 93' lang='lat'><strong>;</strong></span> <span class='ocrx_word' id='word_1_584' title='bbox 2937 1296 3037 1336; x_wconf 91' lang='lat' dir='ltr'><strong>nec</strong></span> <span class='ocrx_word' id='word_1_585' title='bbox 3062 1278 3295 1338; x_wconf 88' lang='lat' dir='ltr'><strong>diceret,</strong></span> <span class='ocrx_word' id='word_1_586' title='bbox 3328 1274 3549 1344; x_wconf 87' lang='lat' dir='ltr'><strong>Surgam</strong></span> <span class='ocrx_word' id='word_1_587' title='bbox 3571 1312 3584 1335; x_wconf 90' lang='lat'><strong>,</strong></span> <span class='ocrx_word' id='word_1_588' title='bbox 3614 1278 3671 1323; x_wconf 79' lang='lat' dir='ltr'><strong>et</strong></span> <span class='ocrx_word' id='word_1_589' title='bbox 3709 1267 3810 1319; x_wconf 86' lang='lat' dir='ltr'><strong>ibo</strong></span> 
     </span>
    </p>
   </div>
   <div class='ocr_carea' id='block_1_72' title="bbox 2180 1360 3808 1454">
    <p class='ocr_par' dir='ltr' id='par_1_72' title="bbox 2180 1360 3808 1454">
     <span class='ocr_line' id='line_1_75' title="bbox 2180 1360 3808 1454; baseline -0.016 -16"><span class='ocrx_word' id='word_1_590' title='bbox 2180 1385 2248 1438; x_wconf 87' lang='lat' dir='ltr'><strong>ad</strong></span> <span class='ocrx_word' id='word_1_591' title='bbox 2277 1392 2471 1454; x_wconf 84' lang='lat' dir='ltr'><strong>patrem</strong></span> <span class='ocrx_word' id='word_1_592' title='bbox 2500 1394 2699 1441; x_wconf 85' lang='lat' dir='ltr'><strong>meum,</strong></span> <span class='ocrx_word' id='word_1_593' title='bbox 2741 1374 2785 1429; x_wconf 90' lang='lat' dir='ltr'><strong>si</strong></span> <span class='ocrx_word' id='word_1_594' title='bbox 2830 1371 3044 1443; x_wconf 88' lang='lat' dir='ltr'><strong>penitus</strong></span> <span class='ocrx_word' id='word_1_595' title='bbox 3088 1368 3355 1439; x_wconf 87' lang='lat' dir='ltr'><strong>ignoraret</strong></span> <span class='ocrx_word' id='word_1_596' title='bbox 3384 1365 3572 1419; x_wconf 88' lang='lat' dir='ltr'><strong>Deum.</strong></span> <span class='ocrx_word' id='word_1_597' title='bbox 3620 1360 3808 1428; x_wconf 84' lang='lat' dir='ltr'><strong>Quo—</strong></span> 
     </span>
    </p>
   </div>
   <div class='ocr_carea' id='block_1_73' title="bbox 2181 1452 3816 1542">
    <p class='ocr_par' dir='ltr' id='par_1_73' title="bbox 2181 1452 3816 1542">
     <span class='ocr_line' id='line_1_76' title="bbox 2181 1452 3816 1542; baseline -0.015 -10"><span class='ocrx_word' id='word_1_598' title='bbox 2181 1477 2323 1532; x_wconf 87' lang='lat' dir='ltr'><strong>circa</strong></span> <span class='ocrx_word' id='word_1_599' title='bbox 2350 1482 2406 1530; x_wconf 92' lang='lat' dir='ltr'><strong>et</strong></span> <span class='ocrx_word' id='word_1_600' title='bbox 2431 1473 2770 1542; x_wconf 89' lang='lat' dir='ltr'><strong>aliquatenus</strong></span> <span class='ocrx_word' id='word_1_601' title='bbox 2801 1466 2900 1520; x_wconf 89' lang='lat' dir='ltr'><strong>ista</strong></span> <span class='ocrx_word' id='word_1_602' title='bbox 2931 1463 3190 1523; x_wconf 85' lang='lat' dir='ltr'><strong>sciuntur,</strong></span> <span class='ocrx_word' id='word_1_603' title='bbox 3219 1466 3272 1513; x_wconf 89' lang='lat' dir='ltr'><strong>et</strong></span> <span class='ocrx_word' id='word_1_604' title='bbox 3300 1469 3355 1512; x_wconf 90' lang='lat' dir='ltr'><strong>ut</strong></span> <span class='ocrx_word' id='word_1_605' title='bbox 3380 1457 3547 1526; x_wconf 82' lang='lat' dir='ltr'><strong>magis</strong></span> <span class='ocrx_word' id='word_1_606' title='bbox 3577 1452 3816 1523; x_wconf 80' lang='lat' dir='ltr'><strong>magis-</strong></span> 
     </span>
    </p>
   </div>
   <div class='ocr_carea' id='block_1_74' title="bbox 2183 1545 3820 1639">
    <p class='ocr_par' dir='ltr' id='par_1_74' title="bbox 2183 1545 3820 1639">
     <span class='ocr_line' id='line_1_77' title="bbox 2183 1545 3820 1639; baseline -0.018 -14"><span class='ocrx_word' id='word_1_607' title='bbox 2183 1584 2289 1639; x_wconf 90' lang='lat' dir='ltr'><strong>que</strong></span> <span class='ocrx_word' id='word_1_608' title='bbox 2314 1567 2569 1630; x_wconf 89' lang='lat' dir='ltr'><strong>sciantur,</strong></span> <span class='ocrx_word' id='word_1_609' title='bbox 2601 1577 2709 1617; x_wconf 90' lang='lat' dir='ltr'><strong>nou</strong></span> <span class='ocrx_word' id='word_1_610' title='bbox 2749 1556 3014 1613; x_wconf 90' lang='lat' dir='ltr'><strong>immerito</strong></span> <span class='ocrx_word' id='word_1_611' title='bbox 3044 1551 3259 1609; x_wconf 89' lang='lat' dir='ltr'><strong>scienda</strong></span> <span class='ocrx_word' id='word_1_612' title='bbox 3291 1556 3600 1619; x_wconf 88' lang='lat' dir='ltr'><strong>poscuntur.</strong></span> <span class='ocrx_word' id='word_1_613' title='bbox 3637 1545 3820 1612; x_wconf 84' lang='lat' dir='ltr'><strong>Qua-</strong></span> 
     </span>
    </p>
   </div>
   <div class='ocr_carea' id='block_1_75' title="bbox 2186 1640 3821 1733">
    <p class='ocr_par' dir='ltr' id='par_1_75' title="bbox 2186 1640 3821 1733">
     <span class='ocr_line' id='line_1_78' title="bbox 2186 1640 3821 1733; baseline -0.016 -17"><span class='ocrx_word' id='word_1_614' title='bbox 2186 1668 2405 1733; x_wconf 89' lang='lat' dir='ltr'><strong>propter</strong></span> <span class='ocrx_word' id='word_1_615' title='bbox 2426 1667 2483 1713; x_wconf 88' lang='lat' dir='ltr'><strong>ut</strong></span> <span class='ocrx_word' id='word_1_616' title='bbox 2507 1656 2740 1712; x_wconf 89' lang='lat' dir='ltr'><strong>sciamus</strong></span> <span class='ocrx_word' id='word_1_617' title='bbox 2764 1651 2984 1720; x_wconf 88' lang='lat' dir='ltr'><strong>diligere</strong></span> <span class='ocrx_word' id='word_1_618' title='bbox 3004 1648 3194 1712; x_wconf 92' lang='lat' dir='ltr'><strong>Deum,</strong></span> <span class='ocrx_word' id='word_1_619' title='bbox 3221 1642 3471 1699; x_wconf 87' lang='lat' dir='ltr'><strong>sciendus</strong></span> <span class='ocrx_word' id='word_1_620' title='bbox 3495 1650 3582 1695; x_wconf 89' lang='lat' dir='ltr'><strong>cst</strong></span> <span class='ocrx_word' id='word_1_621' title='bbox 3606 1640 3821 1703; x_wconf 80' lang='lat' dir='ltr'><strong>Deus;</strong></span> 
     </span>
    </p>
   </div>
   <div class='ocr_carea' id='block_1_76' title="bbox 2186 1733 3819 1813">
    <p class='ocr_par' dir='ltr' id='par_1_76' title="bbox 2186 1733 3819 1813">
     <span class='ocr_line' id='line_1_79' title="bbox 2186 1733 3819 1813; baseline -0.015 -5"><span class='ocrx_word' id='word_1_622' title='bbox 2186 1762 2242 1808; x_wconf 88' lang='lat' dir='ltr'><strong>et</strong></span> <span class='ocrx_word' id='word_1_623' title='bbox 2262 1761 2320 1806; x_wconf 93' lang='lat' dir='ltr'><strong>ut</strong></span> <span class='ocrx_word' id='word_1_624' title='bbox 2341 1751 2476 1805; x_wconf 91' lang='lat' dir='ltr'><strong>sciat</strong></span> <span class='ocrx_word' id='word_1_625' title='bbox 2494 1747 2656 1803; x_wconf 88' lang='lat' dir='ltr'><strong>homo</strong></span> <span class='ocrx_word' id='word_1_626' title='bbox 2676 1744 2895 1813; x_wconf 90' lang='lat' dir='ltr'><strong>diligere</strong></span> <span class='ocrx_word' id='word_1_627' title='bbox 2918 1739 3215 1810; x_wconf 78' lang='lat' dir='ltr'><strong>proximum</strong></span> <span class='ocrx_word' id='word_1_628' title='bbox 3244 1746 3488 1805; x_wconf 85' lang='lat' dir='ltr'><strong>tanquam</strong></span> <span class='ocrx_word' id='word_1_629' title='bbox 3512 1733 3819 1801; x_wconf 86' lang='lat' dir='ltr'><strong>seipsum,</strong></span> 
     </span>
    </p>
   </div>
   <div class='ocr_carea' id='block_1_77' title="bbox 2188 1823 3827 1917">
    <p class='ocr_par' dir='ltr' id='par_1_77' title="bbox 2188 1823 3827 1917">
     <span class='ocr_line' id='line_1_80' title="bbox 2188 1823 3827 1917; baseline -0.016 -16"><span class='ocrx_word' id='word_1_630' title='bbox 2188 1846 2335 1917; x_wconf 90' lang='lat' dir='ltr'><strong>prius</strong></span> <span class='ocrx_word' id='word_1_631' title='bbox 2362 1843 2525 1899; x_wconf 88' lang='lat' dir='ltr'><strong>debet</strong></span> <span class='ocrx_word' id='word_1_632' title='bbox 2553 1838 2824 1911; x_wconf 87' lang='lat' dir='ltr'><strong>diligendo</strong></span> <span class='ocrx_word' id='word_1_633' title='bbox 2866 1836 3031 1891; x_wconf 93' lang='lat' dir='ltr'><strong>Deum</strong></span> <span class='ocrx_word' id='word_1_634' title='bbox 3073 1833 3292 1903; x_wconf 87' lang='lat' dir='ltr'><strong>diligere</strong></span> <span class='ocrx_word' id='word_1_635' title='bbox 3330 1831 3563 1898; x_wconf 84' lang='lat' dir='ltr'><strong>seipsum</strong></span> <span class='ocrx_word' id='word_1_636' title='bbox 3596 1842 3610 1877; x_wconf 86' lang='grc'>;</span> <span class='ocrx_word' id='word_1_637' title='bbox 3648 1823 3827 1894; x_wconf 80' lang='lat' dir='ltr'><strong>quod</strong></span> 
     </span>
    </p>
   </div>
   <div class='ocr_carea' id='block_1_78' title="bbox 2189 1914 3830 2005">
    <p class='ocr_par' dir='ltr' id='par_1_78' title="bbox 2189 1914 3830 2005">
     <span class='ocr_line' id='line_1_81' title="bbox 2189 1914 3830 2005; baseline -0.015 -14"><span class='ocrx_word' id='word_1_638' title='bbox 2189 1935 2332 1991; x_wconf 90' lang='lat' dir='ltr'><strong>unde</strong></span> <span class='ocrx_word' id='word_1_639' title='bbox 2364 1932 2579 2005; x_wconf 90' lang='lat' dir='ltr'><strong>poterit,</strong></span> <span class='ocrx_word' id='word_1_640' title='bbox 2624 1933 2668 1984; x_wconf 90' lang='lat' dir='ltr'><strong>si</strong></span> <span class='ocrx_word' id='word_1_641' title='bbox 2716 1928 2885 1983; x_wconf 89' lang='lat' dir='ltr'><strong>nescit</strong></span> <span class='ocrx_word' id='word_1_642' title='bbox 2914 1927 3101 1989; x_wconf 89' lang='lat' dir='ltr'><strong>Deum,</strong></span> <span class='ocrx_word' id='word_1_643' title='bbox 3143 1923 3185 1976; x_wconf 90' lang='lat' dir='ltr'><strong>si</strong></span> <span class='ocrx_word' id='word_1_644' title='bbox 3226 1920 3392 1975; x_wconf 88' lang='lat' dir='ltr'><strong>nescit</strong></span> <span class='ocrx_word' id='word_1_645' title='bbox 3418 1930 3471 1973; x_wconf 89' lang='lat' dir='ltr'><strong>et</strong></span> <span class='ocrx_word' id='word_1_646' title='bbox 3500 1917 3778 1985; x_wconf 75' lang='lat' dir='ltr'><strong>seipsum</strong></span> <span class='ocrx_word' id='word_1_647' title='bbox 3804 1914 3830 1966; x_wconf 64' lang='grc' dir='ltr'><em>ἲ</em></span> 
     </span>
    </p>
   </div>
   <div class='ocr_carea' id='block_1_79' title="bbox 2191 2011 3835 2095">
    <p class='ocr_par' dir='ltr' id='par_1_79' title="bbox 2191 2011 3835 2095">
     <span class='ocr_line' id='line_1_82' title="bbox 2191 2011 3835 2095; baseline -0.015 -12"><span class='ocrx_word' id='word_1_648' title='bbox 2191 2028 2358 2083; x_wconf 80' lang='lat' dir='ltr'><strong>Recte</strong></span> <span class='ocrx_word' id='word_1_649' title='bbox 2388 2028 2566 2095; x_wconf 84' lang='lat' dir='ltr'><strong>itaque</strong></span> <span class='ocrx_word' id='word_1_650' title='bbox 2594 2022 2787 2077; x_wconf 87' lang='lat' dir='ltr'><strong>dicitur</strong></span> <span class='ocrx_word' id='word_1_651' title='bbox 2813 2020 2943 2084; x_wconf 88' lang='lat' dir='ltr'><strong>Deo,</strong></span> <span class='ocrx_word' id='word_1_652' title='bbox 2974 2016 3153 2070; x_wconf 80' lang='lat' dir='ltr'><strong>lncola</strong></span> <span class='ocrx_word' id='word_1_653' title='bbox 3178 2030 3268 2085; x_wconf 86' lang='lat' dir='ltr'><strong>ego</strong></span> <span class='ocrx_word' id='word_1_654' title='bbox 3294 2028 3406 2067; x_wconf 87' lang='lat' dir='ltr'><strong>sum</strong></span> <span class='ocrx_word' id='word_1_655' title='bbox 3434 2011 3486 2064; x_wconf 81' lang='lat' dir='ltr'><strong>in</strong></span> <span class='ocrx_word' id='word_1_656' title='bbox 3512 2021 3666 2063; x_wconf 79' lang='lat' dir='ltr'><strong>terra</strong></span> <span class='ocrx_word' id='word_1_657' title='bbox 3697 2028 3719 2073; x_wconf 86' lang='lat'><strong><em>;</em></strong></span> <span class='ocrx_word' id='word_1_658' title='bbox 3762 2025 3835 2060; x_wconf 87' lang='lat' dir='ltr'><strong>ne</strong></span> 
     </span>
    </p>
   </div>
   <div class='ocr_carea' id='block_1_80' title="bbox 2192 2100 3834 2176">
    <p class='ocr_par' dir='ltr' id='par_1_80' title="bbox 2192 2100 3834 2176">
     <span class='ocr_line' id='line_1_83' title="bbox 2192 2100 3834 2176; baseline -0.015 0"><span class='ocrx_word' id='word_1_659' title='bbox 2192 2120 2476 2176; x_wconf 87' lang='lat' dir='ltr'><strong>abscondas</strong></span> <span class='ocrx_word' id='word_1_660' title='bbox 2503 2134 2536 2170; x_wconf 90' lang='lat' dir='ltr'><strong>a</strong></span> <span class='ocrx_word' id='word_1_661' title='bbox 2563 2132 2641 2169; x_wconf 89' lang='lat' dir='ltr'><strong>me</strong></span> <span class='ocrx_word' id='word_1_662' title='bbox 2666 2112 2905 2168; x_wconf 88' lang='lat' dir='ltr'><strong>mandata</strong></span> <span class='ocrx_word' id='word_1_663' title='bbox 2933 2120 3037 2164; x_wconf 86' lang='lat' dir='ltr'><strong>tua.</strong></span> <span class='ocrx_word' id='word_1_664' title='bbox 3078 2107 3265 2161; x_wconf 85' lang='lat' dir='ltr'><strong>Merito</strong></span> <span class='ocrx_word' id='word_1_665' title='bbox 3292 2118 3518 2173; x_wconf 87' lang='lat' dir='ltr'><strong>namque</strong></span> <span class='ocrx_word' id='word_1_666' title='bbox 3549 2100 3797 2154; x_wconf 76' lang='lat' dir='ltr'><strong>abSCUll</strong></span> <span class='ocrx_word' id='word_1_667' title='bbox 3819 2132 3834 2141; x_wconf 83' lang='lat'><strong>-</strong></span> 
     </span>
    </p>
   </div>
   <div class='ocr_carea' id='block_1_81' title="bbox 2193 2192 3836 2279">
    <p class='ocr_par' dir='ltr' id='par_1_81' title="bbox 2193 2192 3836 2279">
     <span class='ocr_line' id='line_1_84' title="bbox 2193 2192 3836 2279; baseline -0.016 -8"><span class='ocrx_word' id='word_1_668' title='bbox 2193 2216 2392 2271; x_wconf 89' lang='lat' dir='ltr'><strong>duntur</strong></span> <span class='ocrx_word' id='word_1_669' title='bbox 2420 2212 2498 2267; x_wconf 87' lang='lat' dir='ltr'><strong>eis</strong></span> <span class='ocrx_word' id='word_1_670' title='bbox 2539 2210 2632 2279; x_wconf 90' lang='lat' dir='ltr'><strong>qui</strong></span> <span class='ocrx_word' id='word_1_671' title='bbox 2663 2221 2771 2261; x_wconf 89' lang='lat' dir='ltr'><strong>non</strong></span> <span class='ocrx_word' id='word_1_672' title='bbox 2802 2211 2928 2259; x_wconf 90' lang='lat' dir='ltr'><strong>sunt</strong></span> <span class='ocrx_word' id='word_1_673' title='bbox 2970 2200 3158 2255; x_wconf 64' lang='lat' dir='ltr'><strong>incola:</strong></span> <span class='ocrx_word' id='word_1_674' title='bbox 3188 2200 3240 2252; x_wconf 91' lang='lat' dir='ltr'><strong>in</strong></span> <span class='ocrx_word' id='word_1_675' title='bbox 3284 2207 3422 2251; x_wconf 89' lang='lat' dir='ltr'><strong>terra</strong></span> <span class='ocrx_word' id='word_1_676' title='bbox 3452 2213 3464 2247; x_wconf 88' lang='lat'><strong>:</strong></span> <span class='ocrx_word' id='word_1_677' title='bbox 3496 2193 3621 2248; x_wconf 62' lang='lat' dir='ltr'><strong>haec</strong></span> <span class='ocrx_word' id='word_1_678' title='bbox 3654 2192 3836 2247; x_wconf 82' lang='lat' dir='ltr'><strong>enim</strong></span> 
     </span>
    </p>
   </div>
   <div class='ocr_carea' id='block_1_82' title="bbox 2197 2288 3840 2363">
    <p class='ocr_par' dir='ltr' id='par_1_82' title="bbox 2197 2288 3840 2363">
     <span class='ocr_line' id='line_1_85' title="bbox 2197 2288 3840 2363; baseline -0.015 -1"><span class='ocrx_word' id='word_1_679' title='bbox 2197 2307 2447 2363; x_wconf 81' lang='lat' dir='ltr'><strong>mandata</strong></span> <span class='ocrx_word' id='word_1_680' title='bbox 2495 2302 2596 2357; x_wconf 89' lang='lat' dir='ltr'><strong>etsi</strong></span> <span class='ocrx_word' id='word_1_681' title='bbox 2646 2299 2888 2363; x_wconf 89' lang='lat' dir='ltr'><strong>audiunt,</strong></span> <span class='ocrx_word' id='word_1_682' title='bbox 2940 2310 3045 2350; x_wconf 94' lang='lat' dir='ltr'><strong>non</strong></span> <span class='ocrx_word' id='word_1_683' title='bbox 3094 2292 3345 2361; x_wconf 89' lang='lat' dir='ltr'><strong>sapiunt;</strong></span> <span class='ocrx_word' id='word_1_684' title='bbox 3400 2288 3521 2359; x_wconf 86' lang='lat' dir='ltr'><strong>quia</strong></span> <span class='ocrx_word' id='word_1_685' title='bbox 3578 2296 3840 2340; x_wconf 74' lang='lat' dir='ltr'><strong>terrena</strong></span> 
     </span>
    </p>
   </div>
   <div class='ocr_carea' id='block_1_83' title="bbox 2198 2376 3839 2470">
    <p class='ocr_par' dir='ltr' id='par_1_83' title="bbox 2198 2376 3839 2470">
     <span class='ocr_line' id='line_1_86' title="bbox 2198 2376 3839 2470; baseline -0.015 -16"><span class='ocrx_word' id='word_1_686' title='bbox 2198 2399 2429 2470; x_wconf 89' lang='lat' dir='ltr'><strong>sapiunt.</strong></span> <span class='ocrx_word' id='word_1_687' title='bbox 2489 2395 2724 2462; x_wconf 85' lang='lat' dir='ltr'><strong>Quorum</strong></span> <span class='ocrx_word' id='word_1_688' title='bbox 2782 2400 2961 2444; x_wconf 88' lang='lat' dir='ltr'><strong>autem</strong></span> <span class='ocrx_word' id='word_1_689' title='bbox 3014 2381 3352 2441; x_wconf 75' lang='lat' dir='ltr'><strong>conversatio</strong></span> <span class='ocrx_word' id='word_1_690' title='bbox 3408 2380 3460 2434; x_wconf 92' lang='lat' dir='ltr'><strong>in</strong></span> <span class='ocrx_word' id='word_1_691' title='bbox 3508 2376 3684 2434; x_wconf 64' lang='lat' dir='ltr'><strong>caelis</strong></span> <span class='ocrx_word' id='word_1_692' title='bbox 3733 2387 3839 2431; x_wconf 65' lang='lat' dir='ltr'><strong>est</strong></span> 
     </span>
    </p>
   </div>
   <div class='ocr_carea' id='block_1_84' title="bbox 2201 2473 3840 2564">
    <p class='ocr_par' dir='ltr' id='par_1_84' title="bbox 2201 2473 3840 2564">
     <span class='ocr_line' id='line_1_87' title="bbox 2201 2473 3840 2564; baseline -0.015 -19"><span class='ocrx_word' id='word_1_693' title='bbox 2201 2489 2474 2564; x_wconf 83' lang='lat' dir='ltr'><strong>(Philipp.</strong></span> <span class='ocrx_word' id='word_1_694' title='bbox 2502 2501 2592 2550; x_wconf 85' lang='grc' dir='ltr'>ιιι,</span> <span class='ocrx_word' id='word_1_695' title='bbox 2621 2483 2708 2548; x_wconf 77' lang='lat' dir='ltr'><strong>l9,</strong></span> <span class='ocrx_word' id='word_1_696' title='bbox 2735 2481 2806 2537; x_wconf 70' lang='lat'><strong>20</strong></span> <span class='ocrx_word' id='word_1_697' title='bbox 2826 2481 2865 2551; x_wconf 84' lang='lat'><strong>),</strong></span> <span class='ocrx_word' id='word_1_698' title='bbox 2898 2480 2949 2534; x_wconf 87' lang='lat' dir='ltr'><strong>in</strong></span> <span class='ocrx_word' id='word_1_699' title='bbox 2989 2484 3243 2547; x_wconf 87' lang='lat' dir='ltr'><strong>quantum</strong></span> <span class='ocrx_word' id='word_1_700' title='bbox 3270 2473 3356 2527; x_wconf 88' lang='lat' dir='ltr'><strong>hic</strong></span> <span class='ocrx_word' id='word_1_701' title='bbox 3380 2476 3840 2531; x_wconf 85' lang='lat' dir='ltr'><strong>conversantur,</strong></span> 
     </span>
    </p>
   </div>
   <div class='ocr_carea' id='block_1_85' title="bbox 2201 2562 3844 2656">
    <p class='ocr_par' dir='ltr' id='par_1_85' title="bbox 2201 2562 3844 2656">
     <span class='ocr_line' id='line_1_88' title="bbox 2201 2562 3844 2656; baseline -0.015 -17"><span class='ocrx_word' id='word_1_702' title='bbox 2201 2562 2440 2656; x_wconf 81' lang='lat' dir='ltr'><strong>profecto</strong></span> <span class='ocrx_word' id='word_1_703' title='bbox 2468 2578 2895 2651; x_wconf 89' lang='lat' dir='ltr'><strong>peregrinantur.</strong></span> <span class='ocrx_word' id='word_1_704' title='bbox 2938 2572 3129 2627; x_wconf 89' lang='lat' dir='ltr'><strong>Pelant</strong></span> <span class='ocrx_word' id='word_1_705' title='bbox 3153 2570 3332 2639; x_wconf 87' lang='lat' dir='ltr'><strong>itaque</strong></span> <span class='ocrx_word' id='word_1_706' title='bbox 3363 2580 3429 2621; x_wconf 89' lang='lat' dir='ltr'><strong>ne</strong></span> <span class='ocrx_word' id='word_1_707' title='bbox 3455 2562 3844 2618; x_wconf 82' lang='lat' dir='ltr'><strong>abscondan-</strong></span> 
     </span>
    </p>
   </div>
   <div class='ocr_carea' id='block_1_86' title="bbox 2205 2654 3846 2735">
    <p class='ocr_par' dir='ltr' id='par_1_86' title="bbox 2205 2654 3846 2735">
     <span class='ocr_line' id='line_1_89' title="bbox 2205 2654 3846 2735; baseline -0.017 -3"><span class='ocrx_word' id='word_1_708' title='bbox 2205 2654 2289 2732; x_wconf 82' lang='lat' dir='ltr'><strong>tur</strong></span> <span class='ocrx_word' id='word_1_709' title='bbox 2315 2676 2380 2730; x_wconf 89' lang='lat' dir='ltr'><strong>ab</strong></span> <span class='ocrx_word' id='word_1_710' title='bbox 2400 2675 2478 2729; x_wconf 89' lang='lat' dir='ltr'><strong>eis</strong></span> <span class='ocrx_word' id='word_1_711' title='bbox 2507 2670 2753 2726; x_wconf 88' lang='lat' dir='ltr'><strong>mandata</strong></span> <span class='ocrx_word' id='word_1_712' title='bbox 2785 2666 2897 2731; x_wconf 90' lang='lat' dir='ltr'><strong>Dei,</strong></span> <span class='ocrx_word' id='word_1_713' title='bbox 2923 2681 3015 2735; x_wconf 89' lang='lat' dir='ltr'><strong>per</strong></span> <span class='ocrx_word' id='word_1_714' title='bbox 3048 2678 3167 2733; x_wconf 63' lang='lat' dir='ltr'><strong>quae</strong></span> <span class='ocrx_word' id='word_1_715' title='bbox 3186 2661 3254 2715; x_wconf 93' lang='lat' dir='ltr'><strong>ab</strong></span> <span class='ocrx_word' id='word_1_716' title='bbox 3277 2660 3377 2713; x_wconf 88' lang='lat' dir='ltr'><strong>hoc</strong></span> <span class='ocrx_word' id='word_1_717' title='bbox 3398 2655 3638 2712; x_wconf 89' lang='lat' dir='ltr'><strong>incolatu</strong></span> <span class='ocrx_word' id='word_1_718' title='bbox 3678 2654 3846 2708; x_wconf 82' lang='lat' dir='ltr'><strong>libe-</strong></span> 
     </span>
    </p>
   </div>
   <div class='ocr_carea' id='block_1_87' title="bbox 2204 2752 3845 2836">
    <p class='ocr_par' dir='ltr' id='par_1_87' title="bbox 2204 2752 3845 2836">
     <span class='ocr_line' id='line_1_90' title="bbox 2204 2752 3845 2836; baseline -0.018 -11"><span class='ocrx_word' id='word_1_719' title='bbox 2204 2778 2411 2833; x_wconf 88' lang='lat' dir='ltr'><strong>rentur,</strong></span> <span class='ocrx_word' id='word_1_720' title='bbox 2443 2763 2711 2836; x_wconf 89' lang='lat' dir='ltr'><strong>diligendo</strong></span> <span class='ocrx_word' id='word_1_721' title='bbox 2741 2762 2923 2823; x_wconf 88' lang='lat' dir='ltr'><strong>Deum,</strong></span> <span class='ocrx_word' id='word_1_722' title='bbox 2953 2770 3073 2811; x_wconf 90' lang='lat' dir='ltr'><strong>cum</strong></span> <span class='ocrx_word' id='word_1_723' title='bbox 3099 2769 3205 2824; x_wconf 91' lang='lat' dir='ltr'><strong>quo</strong></span> <span class='ocrx_word' id='word_1_724' title='bbox 3228 2752 3281 2806; x_wconf 93' lang='lat' dir='ltr'><strong>in</strong></span> <span class='ocrx_word' id='word_1_725' title='bbox 3310 2758 3571 2804; x_wconf 77' lang='lat' dir='ltr'><strong>:eternurn</strong></span> <span class='ocrx_word' id='word_1_726' title='bbox 3599 2754 3797 2800; x_wconf 85' lang='lat' dir='ltr'><strong>erunt</strong></span> <span class='ocrx_word' id='word_1_727' title='bbox 3826 2760 3845 2807; x_wconf 87' lang='lat'><strong>;</strong></span> 
     </span>
    </p>
   </div>
   <div class='ocr_carea' id='block_1_88' title="bbox 2206 2838 3844 2933">
    <p class='ocr_par' dir='ltr' id='par_1_88' title="bbox 2206 2838 3844 2933">
     <span class='ocr_line' id='line_1_91' title="bbox 2206 2838 3844 2933; baseline -0.018 -13"><span class='ocrx_word' id='word_1_728' title='bbox 2206 2874 2259 2921; x_wconf 93' lang='lat' dir='ltr'><strong>et</strong></span> <span class='ocrx_word' id='word_1_729' title='bbox 2286 2860 2554 2933; x_wconf 90' lang='lat' dir='ltr'><strong>diligendo</strong></span> <span class='ocrx_word' id='word_1_730' title='bbox 2585 2857 2910 2928; x_wconf 73' lang='lat' dir='ltr'><strong>proximum,</strong></span> <span class='ocrx_word' id='word_1_731' title='bbox 2934 2859 2989 2904; x_wconf 92' lang='lat' dir='ltr'><strong>ut</strong></span> <span class='ocrx_word' id='word_1_732' title='bbox 3011 2848 3118 2903; x_wconf 90' lang='lat' dir='ltr'><strong>illic</strong></span> <span class='ocrx_word' id='word_1_733' title='bbox 3150 2848 3219 2900; x_wconf 91' lang='lat' dir='ltr'><strong>sit</strong></span> <span class='ocrx_word' id='word_1_734' title='bbox 3241 2846 3257 2876; x_wconf 75' lang='grc' dir='ltr'>ί</span> <span class='ocrx_word' id='word_1_735' title='bbox 3290 2843 3379 2899; x_wconf 94' lang='lat' dir='ltr'><strong>ubi</strong></span> <span class='ocrx_word' id='word_1_736' title='bbox 3408 2852 3461 2897; x_wconf 90' lang='lat' dir='ltr'><strong>et</strong></span> <span class='ocrx_word' id='word_1_737' title='bbox 3486 2838 3591 2910; x_wconf 88' lang='lat' dir='ltr'><strong>ipsi</strong></span> <span class='ocrx_word' id='word_1_738' title='bbox 3621 2847 3844 2894; x_wconf 83' lang='lat' dir='ltr'><strong>erunt.</strong></span> 
     </span>
    </p>
   </div>
   <div class='ocr_carea' id='block_1_89' title="bbox 2280 2933 3849 3028">
    <p class='ocr_par' dir='ltr' id='par_1_89' title="bbox 2280 2933 3849 3028">
     <span class='ocr_line' id='line_1_92' title="bbox 2280 2933 3849 3028; baseline -0.015 -17"><span class='ocrx_word' id='word_1_739' title='bbox 2280 2957 2332 3012; x_wconf 82' lang='grc'><strong>5.</strong></span> <span class='ocrx_word' id='word_1_740' title='bbox 2376 2954 2545 3028; x_wconf 85' lang='lat' dir='ltr'><strong>[vers.</strong></span> <span class='ocrx_word' id='word_1_741' title='bbox 2586 2947 2717 3021; x_wconf 73' lang='lat'><strong>20.]</strong></span> <span class='ocrx_word' id='word_1_742' title='bbox 2757 2945 2894 3013; x_wconf 83' lang='lat' dir='ltr'><strong>Quid</strong></span> <span class='ocrx_word' id='word_1_743' title='bbox 2934 2950 3110 2997; x_wconf 92' lang='lat' dir='ltr'><strong>autem</strong></span> <span class='ocrx_word' id='word_1_744' title='bbox 3142 2937 3407 3009; x_wconf 85' lang='lat' dir='ltr'><strong>diligendo</strong></span> <span class='ocrx_word' id='word_1_745' title='bbox 3451 2933 3754 3003; x_wconf 84' lang='lat' dir='ltr'><strong>diligitur,</strong></span> <span class='ocrx_word' id='word_1_746' title='bbox 3792 2933 3849 2987; x_wconf 87' lang='lat' dir='ltr'><strong>si</strong></span> 
     </span>
    </p>
   </div>
   <div class='ocr_carea' id='block_1_90' title="bbox 2210 3025 3853 3119">
    <p class='ocr_par' dir='ltr' id='par_1_90' title="bbox 2210 3025 3853 3119">
     <span class='ocr_line' id='line_1_93' title="bbox 2210 3025 3853 3119; baseline -0.015 -14"><span class='ocrx_word' id='word_1_747' title='bbox 2210 3050 2323 3119; x_wconf 87' lang='lat' dir='ltr'><strong>ipsa</strong></span> <span class='ocrx_word' id='word_1_748' title='bbox 2360 3025 2575 3101; x_wconf 83' lang='lat' dir='ltr'><strong>dilectio</strong></span> <span class='ocrx_word' id='word_1_749' title='bbox 2614 3056 2721 3097; x_wconf 89' lang='lat' dir='ltr'><strong>non</strong></span> <span class='ocrx_word' id='word_1_750' title='bbox 2750 3034 3026 3108; x_wconf 80' lang='lat' dir='ltr'><strong>diligitur?</strong></span> <span class='ocrx_word' id='word_1_751' title='bbox 3071 3031 3225 3089; x_wconf 87' lang='lat' dir='ltr'><strong>Unde</strong></span> <span class='ocrx_word' id='word_1_752' title='bbox 3264 3035 3666 3097; x_wconf 86' lang='lat' dir='ltr'><strong>consequenter</strong></span> <span class='ocrx_word' id='word_1_753' title='bbox 3722 3025 3853 3080; x_wconf 87' lang='lat' dir='ltr'><strong>iste</strong></span> 
     </span>
    </p>
   </div>
   <div class='ocr_carea' id='block_1_91' title="bbox 2211 3116 3852 3199">
    <p class='ocr_par' dir='ltr' id='par_1_91' title="bbox 2211 3116 3852 3199">
     <span class='ocr_line' id='line_1_94' title="bbox 2211 3116 3852 3199; baseline -0.015 -4"><span class='ocrx_word' id='word_1_754' title='bbox 2211 3139 2384 3195; x_wconf 89' lang='lat' dir='ltr'><strong>incola</strong></span> <span class='ocrx_word' id='word_1_755' title='bbox 2412 3137 2464 3191; x_wconf 92' lang='lat' dir='ltr'><strong>in</strong></span> <span class='ocrx_word' id='word_1_756' title='bbox 2496 3144 2656 3199; x_wconf 88' lang='lat' dir='ltr'><strong>terra,</strong></span> <span class='ocrx_word' id='word_1_757' title='bbox 2701 3146 2823 3186; x_wconf 90' lang='lat' dir='ltr'><strong>cum</strong></span> <span class='ocrx_word' id='word_1_758' title='bbox 2853 3127 2948 3182; x_wconf 90' lang='lat' dir='ltr'><strong>Dei</strong></span> <span class='ocrx_word' id='word_1_759' title='bbox 2986 3124 3231 3180; x_wconf 87' lang='lat' dir='ltr'><strong>mandata</strong></span> <span class='ocrx_word' id='word_1_760' title='bbox 3263 3136 3332 3177; x_wconf 91' lang='lat' dir='ltr'><strong>ne</strong></span> <span class='ocrx_word' id='word_1_761' title='bbox 3369 3119 3468 3174; x_wconf 89' lang='lat' dir='ltr'><strong>sibi</strong></span> <span class='ocrx_word' id='word_1_762' title='bbox 3497 3116 3852 3172; x_wconf 85' lang='lat' dir='ltr'><strong>absconde-</strong></span> 
     </span>
    </p>
   </div>
   <div class='ocr_carea' id='block_1_92' title="bbox 2212 3208 3853 3292">
    <p class='ocr_par' dir='ltr' id='par_1_92' title="bbox 2212 3208 3853 3292">
     <span class='ocr_line' id='line_1_95' title="bbox 2212 3208 3853 3292; baseline -0.016 -3"><span class='ocrx_word' id='word_1_763' title='bbox 2212 3241 2400 3289; x_wconf 88' lang='lat' dir='ltr'><strong>reutur</strong></span> <span class='ocrx_word' id='word_1_764' title='bbox 2426 3235 2666 3290; x_wconf 88' lang='lat' dir='ltr'><strong>orasset,</strong></span> <span class='ocrx_word' id='word_1_765' title='bbox 2700 3226 2751 3278; x_wconf 91' lang='lat' dir='ltr'><strong>in</strong></span> <span class='ocrx_word' id='word_1_766' title='bbox 2788 3221 2977 3292; x_wconf 90' lang='lat' dir='ltr'><strong>quibus</strong></span> <span class='ocrx_word' id='word_1_767' title='bbox 3003 3217 3216 3273; x_wconf 91' lang='lat' dir='ltr'><strong>dilectio</strong></span> <span class='ocrx_word' id='word_1_768' title='bbox 3246 3211 3548 3284; x_wconf 78' lang='lat' dir='ltr'><strong>praecipitur</strong></span> <span class='ocrx_word' id='word_1_769' title='bbox 3576 3208 3671 3265; x_wconf 86' lang='lat' dir='ltr'><strong>vel</strong></span> <span class='ocrx_word' id='word_1_770' title='bbox 3705 3209 3853 3264; x_wconf 80' lang='lat' dir='ltr'><strong>sola</strong></span> 
     </span>
    </p>
   </div>
   <div class='ocr_carea' id='block_1_93' title="bbox 2214 3302 3853 3385">
    <p class='ocr_par' dir='ltr' id='par_1_93' title="bbox 2214 3302 3853 3385">
     <span class='ocr_line' id='line_1_96' title="bbox 2214 3302 3853 3385; baseline -0.013 -6"><span class='ocrx_word' id='word_1_771' title='bbox 2214 3326 2296 3381; x_wconf 87' lang='lat' dir='ltr'><strong>vel</strong></span> <span class='ocrx_word' id='word_1_772' title='bbox 2328 3321 2596 3383; x_wconf 78' lang='lat' dir='ltr'><strong>maxime;</strong></span> <span class='ocrx_word' id='word_1_773' title='bbox 2623 3324 2678 3373; x_wconf 92' lang='lat' dir='ltr'><strong>et</strong></span> <span class='ocrx_word' id='word_1_774' title='bbox 2702 3314 2866 3385; x_wconf 88' lang='lat' dir='ltr'><strong>ipsius</strong></span> <span class='ocrx_word' id='word_1_775' title='bbox 2891 3310 3193 3367; x_wconf 87' lang='lat' dir='ltr'><strong>dilectionis</strong></span> <span class='ocrx_word' id='word_1_776' title='bbox 3216 3305 3554 3361; x_wconf 90' lang='lat' dir='ltr'><strong>dilectionem</strong></span> <span class='ocrx_word' id='word_1_777' title='bbox 3582 3317 3644 3357; x_wconf 88' lang='lat' dir='ltr'><strong>se</strong></span> <span class='ocrx_word' id='word_1_778' title='bbox 3673 3302 3853 3358; x_wconf 83' lang='lat' dir='ltr'><strong>velle</strong></span> 
     </span>
    </p>
   </div>
   <div class='ocr_carea' id='block_1_94' title="bbox 2216 3394 3856 3482">
    <p class='ocr_par' dir='ltr' id='par_1_94' title="bbox 2216 3394 3856 3482">
     <span class='ocr_line' id='line_1_97' title="bbox 2216 3394 3856 3482; baseline -0.015 -11"><span class='ocrx_word' id='word_1_779' title='bbox 2216 3416 2414 3471; x_wconf 85' lang='lat' dir='ltr'><strong>habere</strong></span> <span class='ocrx_word' id='word_1_780' title='bbox 2464 3410 2796 3482; x_wconf 90' lang='lat' dir='ltr'><strong>proclamat,</strong></span> <span class='ocrx_word' id='word_1_781' title='bbox 2845 3404 3029 3459; x_wconf 90' lang='lat' dir='ltr'><strong>dicens</strong></span> <span class='ocrx_word' id='word_1_782' title='bbox 3074 3418 3087 3454; x_wconf 88' lang='lat'><strong>:</strong></span> <span class='ocrx_word' id='word_1_783' title='bbox 3132 3396 3428 3468; x_wconf 83' lang='lat' dir='ltr'><strong>Concupivit</strong></span> <span class='ocrx_word' id='word_1_784' title='bbox 3472 3394 3651 3448; x_wconf 84' lang='lat' dir='ltr'><strong>anima</strong></span> <span class='ocrx_word' id='word_1_785' title='bbox 3712 3410 3856 3448; x_wconf 84' lang='lat' dir='ltr'><strong>mea</strong></span> 
     </span>
    </p>
   </div>
   <div class='ocr_carea' id='block_1_95' title="bbox 2219 3485 3855 3576">
    <p class='ocr_par' dir='ltr' id='par_1_95' title="bbox 2219 3485 3855 3576">
     <span class='ocr_line' id='line_1_98' title="bbox 2219 3485 3855 3576; baseline -0.015 -12"><span class='ocrx_word' id='word_1_786' title='bbox 2219 3508 2503 3563; x_wconf 84' lang='lat' dir='ltr'><strong>desiderare</strong></span> <span class='ocrx_word' id='word_1_787' title='bbox 2524 3499 2919 3576; x_wconf 85' lang='lat' dir='ltr'><strong>justiﬁcationes</strong></span> <span class='ocrx_word' id='word_1_788' title='bbox 2942 3507 3055 3567; x_wconf 55' lang='lat' dir='ltr'><strong>tuas</strong></span> <span class='ocrx_word' id='word_1_789' title='bbox 3083 3494 3138 3547; x_wconf 86' lang='lat' dir='ltr'><strong>in</strong></span> <span class='ocrx_word' id='word_1_790' title='bbox 3158 3492 3293 3547; x_wconf 87' lang='lat' dir='ltr'><strong>omni</strong></span> <span class='ocrx_word' id='word_1_791' title='bbox 3323 3500 3563 3559; x_wconf 82' lang='lat' dir='ltr'><strong>tempore.</strong></span> <span class='ocrx_word' id='word_1_792' title='bbox 3600 3485 3855 3541; x_wconf 81' lang='lat' dir='ltr'><strong>Lauda-</strong></span> 
     </span>
    </p>
   </div>
   <div class='ocr_carea' id='block_1_96' title="bbox 2218 3578 3854 3661">
    <p class='ocr_par' dir='ltr' id='par_1_96' title="bbox 2218 3578 3854 3661">
     <span class='ocr_line' id='line_1_99' title="bbox 2218 3578 3854 3661; baseline -0.014 -4"><span class='ocrx_word' id='word_1_793' title='bbox 2218 3601 2340 3657; x_wconf 86' lang='lat' dir='ltr'><strong>bilis</strong></span> <span class='ocrx_word' id='word_1_794' title='bbox 2370 3606 2453 3654; x_wconf 89' lang='lat' dir='ltr'><strong>est</strong></span> <span class='ocrx_word' id='word_1_795' title='bbox 2482 3596 2580 3650; x_wconf 87' lang='lat' dir='ltr'><strong>ista</strong></span> <span class='ocrx_word' id='word_1_796' title='bbox 2607 3589 3059 3661; x_wconf 90' lang='lat' dir='ltr'><strong>concupiscentia,</strong></span> <span class='ocrx_word' id='word_1_797' title='bbox 3083 3601 3190 3640; x_wconf 91' lang='lat' dir='ltr'><strong>non</strong></span> <span class='ocrx_word' id='word_1_798' title='bbox 3220 3579 3555 3638; x_wconf 89' lang='lat' dir='ltr'><strong>damnabilis.</strong></span> <span class='ocrx_word' id='word_1_799' title='bbox 3593 3578 3732 3634; x_wconf 85' lang='lat' dir='ltr'><strong>Non</strong></span> <span class='ocrx_word' id='word_1_800' title='bbox 3766 3578 3854 3635; x_wconf 84' lang='lat' dir='ltr'><strong>de</strong></span> 
     </span>
    </p>
   </div>
   <div class='ocr_carea' id='block_1_97' title="bbox 2220 3671 3851 3752">
    <p class='ocr_par' dir='ltr' id='par_1_97' title="bbox 2220 3671 3851 3752">
     <span class='ocr_line' id='line_1_100' title="bbox 2220 3671 3851 3752; baseline -0.015 -4"><span class='ocrx_word' id='word_1_801' title='bbox 2220 3693 2320 3748; x_wconf 86' lang='lat' dir='ltr'><strong>bac</strong></span> <span class='ocrx_word' id='word_1_802' title='bbox 2345 3691 2546 3746; x_wconf 89' lang='lat' dir='ltr'><strong>dictum</strong></span> <span class='ocrx_word' id='word_1_803' title='bbox 2571 3695 2675 3752; x_wconf 90' lang='lat' dir='ltr'><strong>est,</strong></span> <span class='ocrx_word' id='word_1_804' title='bbox 2705 3682 2830 3738; x_wconf 86' lang='lat' dir='ltr'><strong>Non</strong></span> <span class='ocrx_word' id='word_1_805' title='bbox 2855 3680 3177 3749; x_wconf 81' lang='lat' dir='ltr'><strong>concupisces</strong></span> <span class='ocrx_word' id='word_1_806' title='bbox 3203 3675 3398 3748; x_wconf 71' lang='lat' dir='ltr'><strong>(Exod.</strong></span> <span class='ocrx_word' id='word_1_807' title='bbox 3426 3689 3521 3738; x_wconf 79' lang='lat' dir='ltr'><strong>xx,</strong></span> <span class='ocrx_word' id='word_1_808' title='bbox 3550 3672 3646 3742; x_wconf 79' lang='grc'>17)</span> <span class='ocrx_word' id='word_1_809' title='bbox 3671 3689 3691 3735; x_wconf 85' lang='grc'>;</span> <span class='ocrx_word' id='word_1_810' title='bbox 3733 3671 3851 3729; x_wconf 74' lang='lat' dir='ltr'><strong>sed</strong></span> 
     </span>
    </p>
   </div>
   <div class='ocr_carea' id='block_1_98' title="bbox 2221 3761 3847 3851">
    <p class='ocr_par' dir='ltr' id='par_1_98' title="bbox 2221 3761 3847 3851">
     <span class='ocr_line' id='line_1_101' title="bbox 2221 3761 3847 3851; baseline -0.014 -12"><span class='ocrx_word' id='word_1_811' title='bbox 2221 3784 2289 3839; x_wconf 90' lang='lat' dir='ltr'><strong>de</strong></span> <span class='ocrx_word' id='word_1_812' title='bbox 2316 3782 2406 3836; x_wconf 91' lang='lat' dir='ltr'><strong>illa</strong></span> <span class='ocrx_word' id='word_1_813' title='bbox 2426 3797 2527 3851; x_wconf 90' lang='lat' dir='ltr'><strong>qua</strong></span> <span class='ocrx_word' id='word_1_814' title='bbox 2557 3793 2684 3834; x_wconf 92' lang='lat' dir='ltr'><strong>caro</strong></span> <span class='ocrx_word' id='word_1_815' title='bbox 2707 3772 3034 3845; x_wconf 86' lang='lat' dir='ltr'><strong>concupiscit</strong></span> <span class='ocrx_word' id='word_1_816' title='bbox 3054 3771 3313 3825; x_wconf 90' lang='lat' dir='ltr'><strong>adversus</strong></span> <span class='ocrx_word' id='word_1_817' title='bbox 3339 3766 3584 3837; x_wconf 88' lang='lat' dir='ltr'><strong>spiritum</strong></span> <span class='ocrx_word' id='word_1_818' title='bbox 3611 3761 3847 3835; x_wconf 80' lang='lat' dir='ltr'><strong>(Galat.</strong></span> 
     </span>
    </p>
   </div>
   <div class='ocr_carea' id='block_1_99' title="bbox 2222 3858 3850 3945">
    <p class='ocr_par' dir='ltr' id='par_1_99' title="bbox 2222 3858 3850 3945">
     <span class='ocr_line' id='line_1_102' title="bbox 2222 3858 3850 3945; baseline -0.012 -14"><span class='ocrx_word' id='word_1_819' title='bbox 2222 3893 2278 3945; x_wconf 92' lang='lat' dir='ltr'><strong>v,</strong></span> <span class='ocrx_word' id='word_1_820' title='bbox 2304 3876 2367 3930; x_wconf 82' lang='lat' dir='ltr'><strong>l7</strong></span> <span class='ocrx_word' id='word_1_821' title='bbox 2387 3876 2425 3944; x_wconf 93' lang='lat'><strong>).</strong></span> <span class='ocrx_word' id='word_1_822' title='bbox 2460 3873 2534 3928; x_wconf 88' lang='lat' dir='ltr'><strong>De</strong></span> <span class='ocrx_word' id='word_1_823' title='bbox 2574 3871 2675 3925; x_wconf 89' lang='lat' dir='ltr'><strong>hac</strong></span> <span class='ocrx_word' id='word_1_824' title='bbox 2702 3878 2879 3924; x_wconf 89' lang='lat' dir='ltr'><strong>autem</strong></span> <span class='ocrx_word' id='word_1_825' title='bbox 2924 3866 3061 3921; x_wconf 88' lang='lat' dir='ltr'><strong>bona</strong></span> <span class='ocrx_word' id='word_1_826' title='bbox 3089 3858 3517 3931; x_wconf 87' lang='lat' dir='ltr'><strong>concupiscentia</strong></span> <span class='ocrx_word' id='word_1_827' title='bbox 3545 3872 3652 3927; x_wconf 90' lang='lat' dir='ltr'><strong>qua</strong></span> <span class='ocrx_word' id='word_1_828' title='bbox 3683 3871 3850 3912; x_wconf 87' lang='lat' dir='ltr'><strong>con-</strong></span> 
     </span>
    </p>
   </div>
   <div class='ocr_carea' id='block_1_100' title="bbox 2223 3950 3851 4037">
    <p class='ocr_par' dir='ltr' id='par_1_100' title="bbox 2223 3950 3851 4037">
     <span class='ocr_line' id='line_1_103' title="bbox 2223 3950 3851 4037; baseline -0.011 -14"><span class='ocrx_word' id='word_1_829' title='bbox 2223 3966 2449 4037; x_wconf 90' lang='lat' dir='ltr'><strong>cupiscit</strong></span> <span class='ocrx_word' id='word_1_830' title='bbox 2476 3963 2693 4034; x_wconf 91' lang='lat' dir='ltr'><strong>spiritus</strong></span> <span class='ocrx_word' id='word_1_831' title='bbox 2724 3960 2982 4015; x_wconf 88' lang='lat' dir='ltr'><strong>adversus</strong></span> <span class='ocrx_word' id='word_1_832' title='bbox 3019 3970 3234 4011; x_wconf 90' lang='lat' dir='ltr'><strong>carnem</strong></span> <span class='ocrx_word' id='word_1_833' title='bbox 3258 3995 3273 4019; x_wconf 91' lang='lat'><strong>,</strong></span> <span class='ocrx_word' id='word_1_834' title='bbox 3316 3967 3496 4022; x_wconf 70' lang='lat' dir='ltr'><strong>quazre</strong></span> <span class='ocrx_word' id='word_1_835' title='bbox 3542 3950 3633 4005; x_wconf 89' lang='lat' dir='ltr'><strong>ubi</strong></span> <span class='ocrx_word' id='word_1_836' title='bbox 3682 3952 3851 4006; x_wconf 84' lang='lat' dir='ltr'><strong>scri-</strong></span> 
     </span>
    </p>
   </div>
   <div class='ocr_carea' id='block_1_101' title="bbox 2227 4042 3852 4134">
    <p class='ocr_par' dir='ltr' id='par_1_101' title="bbox 2227 4042 3852 4134">
     <span class='ocr_line' id='line_1_104' title="bbox 2227 4042 3852 4134; baseline -0.012 -17"><span class='ocrx_word' id='word_1_837' title='bbox 2227 4072 2375 4134; x_wconf 91' lang='lat' dir='ltr'><strong>ptum</strong></span> <span class='ocrx_word' id='word_1_838' title='bbox 2407 4059 2513 4123; x_wconf 88' lang='lat' dir='ltr'><strong>sit;</strong></span> <span class='ocrx_word' id='word_1_839' title='bbox 2546 4067 2601 4113; x_wconf 91' lang='lat' dir='ltr'><strong>ct</strong></span> <span class='ocrx_word' id='word_1_840' title='bbox 2632 4054 2893 4119; x_wconf 88' lang='lat' dir='ltr'><strong>invenies,</strong></span> <span class='ocrx_word' id='word_1_841' title='bbox 2913 4046 3326 4119; x_wconf 80' lang='lat' dir='ltr'><strong>Concupiscentia</strong></span> <span class='ocrx_word' id='word_1_842' title='bbox 3356 4046 3523 4114; x_wconf 76' lang='lat' dir='ltr'><strong>itaque</strong></span> <span class='ocrx_word' id='word_1_843' title='bbox 3549 4042 3852 4111; x_wconf 62' lang='lat' dir='ltr'><strong>sapientia</strong></span> 
     </span>
    </p>
   </div>
   <div class='ocr_carea' id='block_1_102' title="bbox 2228 4133 3849 4219">
    <p class='ocr_par' dir='ltr' id='par_1_102' title="bbox 2228 4133 3849 4219">
     <span class='ocr_line' id='line_1_105' title="bbox 2228 4133 3849 4219; baseline -0.013 -11"><span class='ocrx_word' id='word_1_844' title='bbox 2228 4133 2427 4208; x_wconf 79' lang='lat' dir='ltr'><strong>deducit</strong></span> <span class='ocrx_word' id='word_1_845' title='bbox 2456 4149 2523 4203; x_wconf 92' lang='lat' dir='ltr'><strong>ad</strong></span> <span class='ocrx_word' id='word_1_846' title='bbox 2552 4162 2761 4219; x_wconf 71' lang='lat' dir='ltr'><strong>regnum</strong></span> <span class='ocrx_word' id='word_1_847' title='bbox 2788 4144 2941 4216; x_wconf 86' lang='lat' dir='ltr'><strong>(Sap.</strong></span> <span class='ocrx_word' id='word_1_848' title='bbox 2969 4158 3041 4207; x_wconf 77' lang='lat' dir='ltr'><strong>vr,</strong></span> <span class='ocrx_word' id='word_1_849' title='bbox 3068 4140 3133 4195; x_wconf 72' lang='grc'><strong>21</strong></span> <span class='ocrx_word' id='word_1_850' title='bbox 3160 4140 3179 4209; x_wconf 92' lang='grc'><strong>)</strong></span> <span class='ocrx_word' id='word_1_851' title='bbox 3208 4156 3221 4192; x_wconf 86' lang='lat'><strong>:</strong></span> <span class='ocrx_word' id='word_1_852' title='bbox 3254 4145 3309 4192; x_wconf 88' lang='lat' dir='ltr'><strong>et</strong></span> <span class='ocrx_word' id='word_1_853' title='bbox 3332 4135 3499 4192; x_wconf 87' lang='lat' dir='ltr'><strong>multa</strong></span> <span class='ocrx_word' id='word_1_854' title='bbox 3524 4133 3629 4189; x_wconf 90' lang='lat' dir='ltr'><strong>alia</strong></span> <span class='ocrx_word' id='word_1_855' title='bbox 3658 4150 3849 4204; x_wconf 83' lang='lat' dir='ltr'><strong>repe-</strong></span> 
     </span>
    </p>
   </div>
   <div class='ocr_carea' id='block_1_103' title="bbox 2231 4224 3853 4305">
    <p class='ocr_par' dir='ltr' id='par_1_103' title="bbox 2231 4224 3853 4305">
     <span class='ocr_line' id='line_1_106' title="bbox 2231 4224 3853 4305; baseline -0.013 -3"><span class='ocrx_word' id='word_1_856' title='bbox 2231 4247 2442 4302; x_wconf 89' lang='lat' dir='ltr'><strong>riuntur</strong></span> <span class='ocrx_word' id='word_1_857' title='bbox 2492 4242 2648 4295; x_wconf 73' lang='lat' dir='ltr'><strong>bona:</strong></span> <span class='ocrx_word' id='word_1_858' title='bbox 2697 4233 3146 4305; x_wconf 73' lang='lat' dir='ltr'><strong>concupiscentia:</strong></span> <span class='ocrx_word' id='word_1_859' title='bbox 3192 4228 3512 4285; x_wconf 88' lang='lat' dir='ltr'><strong>testimonia.</strong></span> <span class='ocrx_word' id='word_1_860' title='bbox 3558 4224 3668 4280; x_wconf 88' lang='lat' dir='ltr'><strong>Sed</strong></span> <span class='ocrx_word' id='word_1_861' title='bbox 3726 4226 3853 4281; x_wconf 88' lang='lat' dir='ltr'><strong>hoc</strong></span> 
     </span>
    </p>
   </div>
   <div class='ocr_carea' id='block_1_104' title="bbox 2232 4316 3846 4401">
    <p class='ocr_par' dir='ltr' id='par_1_104' title="bbox 2232 4316 3846 4401">
     <span class='ocr_line' id='line_1_107' title="bbox 2232 4316 3846 4401; baseline -0.014 -6"><span class='ocrx_word' id='word_1_862' title='bbox 2232 4354 2362 4394; x_wconf 86' lang='lat' dir='ltr'><strong>sane</strong></span> <span class='ocrx_word' id='word_1_863' title='bbox 2392 4338 2643 4397; x_wconf 89' lang='lat' dir='ltr'><strong>interest,</strong></span> <span class='ocrx_word' id='word_1_864' title='bbox 2675 4329 2818 4401; x_wconf 89' lang='lat' dir='ltr'><strong>quod</strong></span> <span class='ocrx_word' id='word_1_865' title='bbox 2861 4343 2967 4383; x_wconf 88' lang='lat' dir='ltr'><strong>non</strong></span> <span class='ocrx_word' id='word_1_866' title='bbox 3001 4333 3204 4380; x_wconf 90' lang='lat' dir='ltr'><strong>tacetur</strong></span> <span class='ocrx_word' id='word_1_867' title='bbox 3231 4320 3357 4392; x_wconf 91' lang='lat' dir='ltr'><strong>quid</strong></span> <span class='ocrx_word' id='word_1_868' title='bbox 3386 4316 3846 4387; x_wconf 84' lang='lat' dir='ltr'><strong>concupiscatur,</strong></span> 
     </span>
    </p>
   </div>
   <div class='ocr_carea' id='block_1_105' title="bbox 2234 4410 3848 4501">
    <p class='ocr_par' dir='ltr' id='par_1_105' title="bbox 2234 4410 3848 4501">
     <span class='ocr_line' id='line_1_108' title="bbox 2234 4410 3848 4501; baseline -0.012 -17"><span class='ocrx_word' id='word_1_869' title='bbox 2234 4428 2448 4501; x_wconf 86' lang='lat' dir='ltr'><strong>quando</strong></span> <span class='ocrx_word' id='word_1_870' title='bbox 2495 4426 2635 4481; x_wconf 89' lang='lat' dir='ltr'><strong>bona</strong></span> <span class='ocrx_word' id='word_1_871' title='bbox 2681 4423 3134 4477; x_wconf 88' lang='lat' dir='ltr'><strong>commemoratur</strong></span> <span class='ocrx_word' id='word_1_872' title='bbox 3178 4410 3653 4483; x_wconf 90' lang='lat' dir='ltr'><strong>concupiscentia:</strong></span> <span class='ocrx_word' id='word_1_873' title='bbox 3700 4425 3848 4465; x_wconf 87' lang='lat' dir='ltr'><strong>cum</strong></span> 
     </span>
    </p>
   </div>
   <div class='ocr_carea' id='block_1_106' title="bbox 2236 4502 3851 4582">
    <p class='ocr_par' dir='ltr' id='par_1_106' title="bbox 2236 4502 3851 4582">
     <span class='ocr_line' id='line_1_109' title="bbox 2236 4502 3851 4582; baseline -0.012 -6"><span class='ocrx_word' id='word_1_874' title='bbox 2236 4530 2413 4575; x_wconf 86' lang='lat' dir='ltr'><strong>autem</strong></span> <span class='ocrx_word' id='word_1_875' title='bbox 2438 4533 2548 4573; x_wconf 92' lang='lat' dir='ltr'><strong>non</strong></span> <span class='ocrx_word' id='word_1_876' title='bbox 2571 4514 2786 4571; x_wconf 86' lang='lat' dir='ltr'><strong>additur</strong></span> <span class='ocrx_word' id='word_1_877' title='bbox 2808 4510 2935 4582; x_wconf 90' lang='lat' dir='ltr'><strong>quid</strong></span> <span class='ocrx_word' id='word_1_878' title='bbox 2959 4508 3386 4577; x_wconf 89' lang='lat' dir='ltr'><strong>concupiscatur,</strong></span> <span class='ocrx_word' id='word_1_879' title='bbox 3413 4503 3506 4559; x_wconf 90' lang='lat' dir='ltr'><strong>sed</strong></span> <span class='ocrx_word' id='word_1_880' title='bbox 3528 4502 3639 4557; x_wconf 79' lang='lat' dir='ltr'><strong>Sola</strong></span> <span class='ocrx_word' id='word_1_881' title='bbox 3667 4504 3851 4570; x_wconf 86' lang='lat' dir='ltr'><strong>poni-</strong></span> 
     </span>
    </p>
   </div>
   <div class='ocr_carea' id='block_1_107' title="bbox 2239 4594 3843 4679">
    <p class='ocr_par' dir='ltr' id='par_1_107' title="bbox 2239 4594 3843 4679">
     <span class='ocr_line' id='line_1_110' title="bbox 2239 4594 3843 4679; baseline -0.012 -11"><span class='ocrx_word' id='word_1_882' title='bbox 2239 4621 2345 4679; x_wconf 90' lang='lat' dir='ltr'><strong>tur,</strong></span> <span class='ocrx_word' id='word_1_883' title='bbox 2374 4608 2585 4665; x_wconf 89' lang='lat' dir='ltr'><strong>nonnisi</strong></span> <span class='ocrx_word' id='word_1_884' title='bbox 2608 4606 2745 4662; x_wconf 92' lang='lat' dir='ltr'><strong>mala</strong></span> <span class='ocrx_word' id='word_1_885' title='bbox 2771 4603 3099 4673; x_wconf 87' lang='lat' dir='ltr'><strong>intelligitur.</strong></span> <span class='ocrx_word' id='word_1_886' title='bbox 3126 4599 3274 4656; x_wconf 89' lang='lat' dir='ltr'><strong>Sicut</strong></span> <span class='ocrx_word' id='word_1_887' title='bbox 3299 4598 3354 4652; x_wconf 92' lang='lat' dir='ltr'><strong>in</strong></span> <span class='ocrx_word' id='word_1_888' title='bbox 3380 4596 3479 4651; x_wconf 86' lang='lat' dir='ltr'><strong>hoc</strong></span> <span class='ocrx_word' id='word_1_889' title='bbox 3502 4594 3644 4665; x_wconf 91' lang='lat' dir='ltr'><strong>quod</strong></span> <span class='ocrx_word' id='word_1_890' title='bbox 3672 4608 3843 4649; x_wconf 84' lang='lat' dir='ltr'><strong>com-</strong></span> 
     </span>
    </p>
   </div>
   <div class='ocr_carea' id='block_1_108' title="bbox 2238 4686 3852 4768">
    <p class='ocr_par' dir='ltr' id='par_1_108' title="bbox 2238 4686 3852 4768">
     <span class='ocr_line' id='line_1_111' title="bbox 2238 4686 3852 4768; baseline -0.012 -8"><span class='ocrx_word' id='word_1_891' title='bbox 2238 4701 2556 4768; x_wconf 86' lang='lat' dir='ltr'><strong>memoravi,</strong></span> <span class='ocrx_word' id='word_1_892' title='bbox 2588 4695 3004 4768; x_wconf 87' lang='lat' dir='ltr'><strong>Concupiscentia</strong></span> <span class='ocrx_word' id='word_1_893' title='bbox 3029 4694 3195 4763; x_wconf 87' lang='lat' dir='ltr'><strong>itaque</strong></span> <span class='ocrx_word' id='word_1_894' title='bbox 3220 4689 3479 4761; x_wconf 81' lang='lat' dir='ltr'><strong>sapientice</strong></span> <span class='ocrx_word' id='word_1_895' title='bbox 3516 4686 3727 4741; x_wconf 83' lang='lat' dir='ltr'><strong>deducit</strong></span> <span class='ocrx_word' id='word_1_896' title='bbox 3770 4687 3852 4741; x_wconf 81' lang='lat' dir='ltr'><strong>ad</strong></span> 
     </span>
    </p>
   </div>
   <div class='ocr_carea' id='block_1_109' title="bbox 2240 4778 3854 4870">
    <p class='ocr_par' dir='ltr' id='par_1_109' title="bbox 2240 4778 3854 4870">
     <span class='ocr_line' id='line_1_112' title="bbox 2240 4778 3854 4870; baseline -0.012 -18"><span class='ocrx_word' id='word_1_897' title='bbox 2240 4812 2450 4870; x_wconf 84' lang='lat' dir='ltr'><strong>regnum</strong></span> <span class='ocrx_word' id='word_1_898' title='bbox 2474 4810 2491 4858; x_wconf 88' lang='lat'><strong><em>;</em></strong></span> <span class='ocrx_word' id='word_1_899' title='bbox 2531 4792 2577 4848; x_wconf 92' lang='lat' dir='ltr'><strong>si</strong></span> <span class='ocrx_word' id='word_1_900' title='bbox 2607 4806 2713 4847; x_wconf 94' lang='lat' dir='ltr'><strong>non</strong></span> <span class='ocrx_word' id='word_1_901' title='bbox 2744 4788 2963 4844; x_wconf 90' lang='lat' dir='ltr'><strong>adderet</strong></span> <span class='ocrx_word' id='word_1_902' title='bbox 2990 4784 3295 4855; x_wconf 57' lang='lat' dir='ltr'><strong>sapientiai,</strong></span> <span class='ocrx_word' id='word_1_903' title='bbox 3324 4780 3469 4837; x_wconf 93' lang='lat' dir='ltr'><strong>nullo</strong></span> <span class='ocrx_word' id='word_1_904' title='bbox 3496 4778 3658 4834; x_wconf 90' lang='lat' dir='ltr'><strong>modo</strong></span> <span class='ocrx_word' id='word_1_905' title='bbox 3681 4778 3854 4834; x_wconf 84' lang='lat' dir='ltr'><strong>dice-</strong></span> 
     </span>
    </p>
   </div>
   <div class='ocr_carea' id='block_1_110' title="bbox 2242 4874 3859 4958">
    <p class='ocr_par' dir='ltr' id='par_1_110' title="bbox 2242 4874 3859 4958">
     <span class='ocr_line' id='line_1_113' title="bbox 2242 4874 3859 4958; baseline -0.012 -11"><span class='ocrx_word' id='word_1_906' title='bbox 2242 4902 2356 4958; x_wconf 89' lang='lat' dir='ltr'><strong>ret,</strong></span> <span class='ocrx_word' id='word_1_907' title='bbox 2401 4882 2845 4956; x_wconf 87' lang='lat' dir='ltr'><strong>Concupiscentia</strong></span> <span class='ocrx_word' id='word_1_908' title='bbox 2889 4880 3129 4952; x_wconf 89' lang='lat' dir='ltr'><strong>perducit</strong></span> <span class='ocrx_word' id='word_1_909' title='bbox 3180 4876 3247 4932; x_wconf 90' lang='lat' dir='ltr'><strong>ad</strong></span> <span class='ocrx_word' id='word_1_910' title='bbox 3292 4890 3534 4947; x_wconf 88' lang='lat' dir='ltr'><strong>regnum.</strong></span> <span class='ocrx_word' id='word_1_911' title='bbox 3582 4874 3655 4927; x_wconf 86' lang='lat' dir='ltr'><strong>At</strong></span> <span class='ocrx_word' id='word_1_912' title='bbox 3704 4889 3859 4931; x_wconf 82' lang='lat' dir='ltr'><strong>vero</strong></span> 
     </span>
    </p>
   </div>
   <div class='ocr_carea' id='block_1_111' title="bbox 2244 4967 3854 5055">
    <p class='ocr_par' dir='ltr' id='par_1_111' title="bbox 2244 4967 3854 5055">
     <span class='ocr_line' id='line_1_114' title="bbox 2244 4967 3854 5055; baseline -0.012 -14"><span class='ocrx_word' id='word_1_913' title='bbox 2244 4982 2530 5055; x_wconf 83' lang='lat' dir='ltr'><strong>Apostolus</strong></span> <span class='ocrx_word' id='word_1_914' title='bbox 2570 4977 2711 5051; x_wconf 91' lang='lat' dir='ltr'><strong>quod</strong></span> <span class='ocrx_word' id='word_1_915' title='bbox 2758 4976 2969 5048; x_wconf 88' lang='lat' dir='ltr'><strong>posuit,</strong></span> <span class='ocrx_word' id='word_1_916' title='bbox 3012 4970 3480 5043; x_wconf 85' lang='lat' dir='ltr'><strong>Concupiscentiam</strong></span> <span class='ocrx_word' id='word_1_917' title='bbox 3522 4967 3854 5038; x_wconf 83' lang='lat' dir='ltr'><strong>nesciebam,</strong></span> 
     </span>
    </p>
   </div>
   <div class='ocr_carea' id='block_1_112' title="bbox 2247 5060 3862 5137">
    <p class='ocr_par' dir='ltr' id='par_1_112' title="bbox 2247 5060 3862 5137">
     <span class='ocr_line' id='line_1_115' title="bbox 2247 5060 3862 5137; baseline -0.009 -4"><span class='ocrx_word' id='word_1_918' title='bbox 2247 5078 2344 5133; x_wconf 87' lang='lat' dir='ltr'><strong>nisi</strong></span> <span class='ocrx_word' id='word_1_919' title='bbox 2378 5075 2486 5130; x_wconf 69' lang='lat' dir='ltr'><strong>Lex</strong></span> <span class='ocrx_word' id='word_1_920' title='bbox 2514 5074 2720 5137; x_wconf 86' lang='lat' dir='ltr'><strong>diceret,</strong></span> <span class='ocrx_word' id='word_1_921' title='bbox 2763 5069 2883 5124; x_wconf 86' lang='lat' dir='ltr'><strong>Non</strong></span> <span class='ocrx_word' id='word_1_922' title='bbox 2908 5067 3225 5137; x_wconf 83' lang='lat' dir='ltr'><strong>concupisces</strong></span> <span class='ocrx_word' id='word_1_923' title='bbox 3252 5062 3425 5136; x_wconf 87' lang='lat' dir='ltr'><strong>(Rom.</strong></span> <span class='ocrx_word' id='word_1_924' title='bbox 3458 5077 3551 5126; x_wconf 84' lang='lat' dir='ltr'><strong>vn,</strong></span> <span class='ocrx_word' id='word_1_925' title='bbox 3579 5060 3633 5131; x_wconf 89' lang='grc'>7)</span> <span class='ocrx_word' id='word_1_926' title='bbox 3658 5075 3676 5126; x_wconf 88' lang='grc'><strong>;</strong></span> <span class='ocrx_word' id='word_1_927' title='bbox 3731 5077 3862 5118; x_wconf 86' lang='lat' dir='ltr'><strong>non</strong></span> 
     </span>
    </p>
   </div>
   <div class='ocr_carea' id='block_1_113' title="bbox 2248 5151 3861 5241">
    <p class='ocr_par' dir='ltr' id='par_1_113' title="bbox 2248 5151 3861 5241">
     <span class='ocr_line' id='line_1_116' title="bbox 2248 5151 3861 5241; baseline -0.011 -16"><span class='ocrx_word' id='word_1_928' title='bbox 2248 5170 2429 5241; x_wconf 90' lang='lat' dir='ltr'><strong>utique</strong></span> <span class='ocrx_word' id='word_1_929' title='bbox 2458 5165 2659 5221; x_wconf 89' lang='lat' dir='ltr'><strong>addidit</strong></span> <span class='ocrx_word' id='word_1_930' title='bbox 2700 5162 2851 5233; x_wconf 90' lang='lat' dir='ltr'><strong>cujus</strong></span> <span class='ocrx_word' id='word_1_931' title='bbox 2897 5160 2974 5215; x_wconf 90' lang='lat' dir='ltr'><strong>rei</strong></span> <span class='ocrx_word' id='word_1_932' title='bbox 3018 5154 3501 5226; x_wconf 79' lang='lat' dir='ltr'><strong>concupiscentiam</strong></span> <span class='ocrx_word' id='word_1_933' title='bbox 3525 5193 3541 5218; x_wconf 94' lang='lat'><strong>,</strong></span> <span class='ocrx_word' id='word_1_934' title='bbox 3576 5151 3660 5205; x_wconf 88' lang='lat' dir='ltr'><strong>vel</strong></span> <span class='ocrx_word' id='word_1_935' title='bbox 3706 5152 3861 5222; x_wconf 89' lang='lat' dir='ltr'><strong>quid</strong></span> 
     </span>
    </p>
   </div>
   <div class='ocr_carea' id='block_1_114' title="bbox 2251 5243 3861 5329">
    <p class='ocr_par' dir='ltr' id='par_1_114' title="bbox 2251 5243 3861 5329">
     <span class='ocr_line' id='line_1_117' title="bbox 2251 5243 3861 5329; baseline -0.013 -12"><span class='ocrx_word' id='word_1_936' title='bbox 2251 5277 2357 5317; x_wconf 92' lang='lat' dir='ltr'><strong>non</strong></span> <span class='ocrx_word' id='word_1_937' title='bbox 2384 5258 2732 5329; x_wconf 88' lang='lat' dir='ltr'><strong>concupisces</strong></span> <span class='ocrx_word' id='word_1_938' title='bbox 2758 5272 2772 5311; x_wconf 90' lang='lat'><strong>:</strong></span> <span class='ocrx_word' id='word_1_939' title='bbox 2799 5261 3002 5309; x_wconf 89' lang='lat' dir='ltr'><strong>certum</strong></span> <span class='ocrx_word' id='word_1_940' title='bbox 3031 5256 3114 5306; x_wconf 90' lang='lat' dir='ltr'><strong>est</strong></span> <span class='ocrx_word' id='word_1_941' title='bbox 3134 5248 3277 5303; x_wconf 91' lang='lat' dir='ltr'><strong>enim</strong></span> <span class='ocrx_word' id='word_1_942' title='bbox 3304 5262 3408 5301; x_wconf 92' lang='lat' dir='ltr'><strong>non</strong></span> <span class='ocrx_word' id='word_1_943' title='bbox 3438 5243 3681 5313; x_wconf 87' lang='lat' dir='ltr'><strong>intelligi,</strong></span> <span class='ocrx_word' id='word_1_944' title='bbox 3713 5258 3861 5300; x_wconf 86' lang='lat' dir='ltr'><strong>cum</strong></span> 
     </span>
    </p>
   </div>
   <div class='ocr_carea' id='block_1_115' title="bbox 2253 5335 3861 5417">
    <p class='ocr_par' dir='ltr' id='par_1_115' title="bbox 2253 5335 3861 5417">
     <span class='ocr_line' id='line_1_118' title="bbox 2253 5335 3861 5417; baseline -0.011 -6"><span class='ocrx_word' id='word_1_945' title='bbox 2253 5355 2323 5411; x_wconf 88' lang='lat' dir='ltr'><strong>ita</strong></span> <span class='ocrx_word' id='word_1_946' title='bbox 2352 5352 2580 5417; x_wconf 90' lang='lat' dir='ltr'><strong>dicitur,</strong></span> <span class='ocrx_word' id='word_1_947' title='bbox 2625 5347 2728 5403; x_wconf 90' lang='lat' dir='ltr'><strong>nisi</strong></span> <span class='ocrx_word' id='word_1_948' title='bbox 2760 5345 2953 5400; x_wconf 87' lang='lat' dir='ltr'><strong>malam</strong></span> <span class='ocrx_word' id='word_1_949' title='bbox 2994 5339 3497 5411; x_wconf 85' lang='lat' dir='ltr'><strong>concupiscentiam.</strong></span> <span class='ocrx_word' id='word_1_950' title='bbox 3528 5335 3667 5405; x_wconf 87' lang='lat' dir='ltr'><strong>Quid</strong></span> <span class='ocrx_word' id='word_1_951' title='bbox 3709 5352 3861 5408; x_wconf 84' lang='lat' dir='ltr'><strong>ergo</strong></span> 
     </span>
    </p>
   </div>
   <div class='ocr_carea' id='block_1_116' title="bbox 2255 5427 3864 5517">
    <p class='ocr_par' dir='ltr' id='par_1_116' title="bbox 2255 5427 3864 5517">
     <span class='ocr_line' id='line_1_119' title="bbox 2255 5427 3864 5517; baseline -0.016 -15"><span class='ocrx_word' id='word_1_952' title='bbox 2255 5445 2414 5517; x_wconf 86' lang='lat' dir='ltr'><strong>hujus</strong></span> <span class='ocrx_word' id='word_1_953' title='bbox 2438 5443 2614 5498; x_wconf 92' lang='lat' dir='ltr'><strong>anima</strong></span> <span class='ocrx_word' id='word_1_954' title='bbox 2639 5436 2982 5508; x_wconf 82' lang='lat' dir='ltr'><strong>concupivit?</strong></span> <span class='ocrx_word' id='word_1_955' title='bbox 3012 5432 3330 5496; x_wconf 84' lang='lat' dir='ltr'><strong>Desiderare,</strong></span> <span class='ocrx_word' id='word_1_956' title='bbox 3359 5429 3558 5501; x_wconf 92' lang='lat' dir='ltr'><strong>inquit,</strong></span> <span class='ocrx_word' id='word_1_957' title='bbox 3577 5427 3864 5498; x_wconf 77' lang='lat' dir='ltr'><strong>justiﬁca-</strong></span> 
     </span>
    </p>
   </div>
   <div class='ocr_carea' id='block_1_117' title="bbox 2256 5518 3863 5601">
    <p class='ocr_par' dir='ltr' id='par_1_117' title="bbox 2256 5518 3863 5601">
     <span class='ocr_line' id='line_1_120' title="bbox 2256 5518 3863 5601; baseline -0.011 -6"><span class='ocrx_word' id='word_1_958' title='bbox 2256 5540 2412 5594; x_wconf 81' lang='lat' dir='ltr'><strong>tiones</strong></span> <span class='ocrx_word' id='word_1_959' title='bbox 2443 5547 2553 5591; x_wconf 89' lang='lat' dir='ltr'><strong>tuas</strong></span> <span class='ocrx_word' id='word_1_960' title='bbox 2581 5535 2633 5588; x_wconf 86' lang='lat' dir='ltr'><strong>in</strong></span> <span class='ocrx_word' id='word_1_961' title='bbox 2661 5532 2799 5588; x_wconf 85' lang='lat' dir='ltr'><strong>omni</strong></span> <span class='ocrx_word' id='word_1_962' title='bbox 2829 5540 3065 5601; x_wconf 87' lang='lat' dir='ltr'><strong>tempore.</strong></span> <span class='ocrx_word' id='word_1_963' title='bbox 3108 5518 3283 5581; x_wconf 86' lang='lat' dir='ltr'><strong>Credo</strong></span> <span class='ocrx_word' id='word_1_964' title='bbox 3312 5522 3546 5580; x_wconf 87' lang='lat' dir='ltr'><strong>nondum</strong></span> <span class='ocrx_word' id='word_1_965' title='bbox 3572 5537 3667 5577; x_wconf 83' lang='lat' dir='ltr'><strong>eas</strong></span> <span class='ocrx_word' id='word_1_966' title='bbox 3691 5521 3863 5579; x_wconf 82' lang='lat' dir='ltr'><strong>desi-</strong></span> 
     </span>
    </p>
   </div>
   <div class='ocr_carea' id='block_1_118' title="bbox 2258 5615 3868 5701">
    <p class='ocr_par' dir='ltr' id='par_1_118' title="bbox 2258 5615 3868 5701">
     <span class='ocr_line' id='line_1_121' title="bbox 2258 5615 3868 5701; baseline -0.009 -12"><span class='ocrx_word' id='word_1_967' title='bbox 2258 5632 2496 5699; x_wconf 88' lang='lat' dir='ltr'><strong>derabat,</strong></span> <span class='ocrx_word' id='word_1_968' title='bbox 2519 5627 2731 5701; x_wconf 89' lang='lat' dir='ltr'><strong>quando</strong></span> <span class='ocrx_word' id='word_1_969' title='bbox 2748 5622 3050 5694; x_wconf 86' lang='lat' dir='ltr'><strong>concupivit</strong></span> <span class='ocrx_word' id='word_1_970' title='bbox 3073 5619 3400 5677; x_wconf 87' lang='lat' dir='ltr'><strong>desiderare.</strong></span> <span class='ocrx_word' id='word_1_971' title='bbox 3423 5615 3868 5674; x_wconf 83' lang='lat' dir='ltr'><strong>Justilicationes</strong></span> 
     </span>
    </p>
   </div>
   <div class='ocr_carea' id='block_1_119' title="bbox 2258 5707 3868 5789">
    <p class='ocr_par' dir='ltr' id='par_1_119' title="bbox 2258 5707 3868 5789">
     <span class='ocr_line' id='line_1_122' title="bbox 2258 5707 3868 5789; baseline -0.015 -5"><span class='ocrx_word' id='word_1_972' title='bbox 2258 5736 2435 5783; x_wconf 87' lang='lat' dir='ltr'><strong>autem</strong></span> <span class='ocrx_word' id='word_1_973' title='bbox 2475 5723 2611 5780; x_wconf 78' lang='lat' dir='ltr'><strong>facta</strong></span> <span class='ocrx_word' id='word_1_974' title='bbox 2651 5728 2774 5776; x_wconf 92' lang='lat' dir='ltr'><strong>sunt</strong></span> <span class='ocrx_word' id='word_1_975' title='bbox 2797 5718 2942 5789; x_wconf 91' lang='lat' dir='ltr'><strong>justa</strong></span> <span class='ocrx_word' id='word_1_976' title='bbox 2962 5758 2977 5785; x_wconf 93' lang='lat'><strong>,</strong></span> <span class='ocrx_word' id='word_1_977' title='bbox 3008 5714 3061 5771; x_wconf 89' lang='lat' dir='ltr'><strong>id</strong></span> <span class='ocrx_word' id='word_1_978' title='bbox 3090 5724 3200 5778; x_wconf 89' lang='lat' dir='ltr'><strong>est,</strong></span> <span class='ocrx_word' id='word_1_979' title='bbox 3248 5726 3408 5782; x_wconf 86' lang='lat' dir='ltr'><strong>opera</strong></span> <span class='ocrx_word' id='word_1_980' title='bbox 3433 5707 3673 5780; x_wconf 80' lang='lat' dir='ltr'><strong>justitiee.</strong></span> <span class='ocrx_word' id='word_1_981' title='bbox 3705 5708 3868 5767; x_wconf 87' lang='lat' dir='ltr'><strong>Cum</strong></span> 
     </span>
    </p>
   </div>
   <div class='ocr_carea' id='block_1_120' title="bbox 2262 5778 3881 5892">
    <p class='ocr_par' dir='ltr' id='par_1_120' title="bbox 2262 5778 3881 5892">
     <span class='ocr_line' id='line_1_123' title="bbox 2262 5778 3881 5892; baseline -0.011 -16"><span class='ocrx_word' id='word_1_982' title='bbox 2262 5823 2440 5892; x_wconf 89' lang='lat' dir='ltr'><strong>itaque</strong></span> <span class='ocrx_word' id='word_1_983' title='bbox 2467 5815 2700 5873; x_wconf 88' lang='lat' dir='ltr'><strong>nondum</strong></span> <span class='ocrx_word' id='word_1_984' title='bbox 2747 5812 2939 5869; x_wconf 85' lang='lat' dir='ltr'><strong>habeat</strong></span> <span class='ocrx_word' id='word_1_985' title='bbox 2983 5820 3035 5865; x_wconf 89' lang='lat' dir='ltr'><strong>et</strong></span> <span class='ocrx_word' id='word_1_986' title='bbox 3079 5807 3167 5878; x_wconf 88' lang='lat' dir='ltr'><strong>qui</strong></span> <span class='ocrx_word' id='word_1_987' title='bbox 3206 5778 3313 5875; x_wconf 84' lang='lat' dir='ltr'><strong>jam</strong></span> <span class='ocrx_word' id='word_1_988' title='bbox 3354 5778 3639 5865; x_wconf 79' lang='lat' dir='ltr'><strong>desiderat,</strong></span> <span class='ocrx_word' id='word_1_989' title='bbox 3686 5778 3881 5871; x_wconf 41' lang='lat' dir='ltr'><strong>quam.</strong></span> 
     </span>
    </p>
   </div>
   <div class='ocr_carea' id='block_1_121' title="bbox 2331 5932 2635 5998">
    <p class='ocr_par' dir='ltr' id='par_1_121' title="bbox 2331 5932 2635 5998">
     <span class='ocr_line' id='line_1_124' title="bbox 2331 5932 2635 5998; baseline -0.023 -11"><span class='ocrx_word' id='word_1_990' title='bbox 2331 5940 2344 5970; x_wconf 75' lang='grc' dir='ltr'><strong>ι</strong></span> <span class='ocrx_word' id='word_1_991' title='bbox 2372 5944 2501 5998; x_wconf 71' lang='lat' dir='ltr'><strong>Mss,</strong></span> <span class='ocrx_word' id='word_1_992' title='bbox 2527 5932 2635 5985; x_wconf 87' lang='lat' dir='ltr'><strong>sint.</strong></span> 
     </span>
    </p>
   </div>
  </div>
