4188 6468
426 352 561 410 1591

427 470 584 540 longe
609 468 679 522 ab
704 467 790 523 his
813 474 929 521 erat
953 464 1041 534 qui
1070 462 1244 517 adhuc
1288 474 1378 514 eas
1414 455 1717 512 desiderare
1758 451 2014 520 concupi-

426 561 662 617 scebat?
706 570 759 614 et
789 572 946 629 quam
993 554 1202 626 longius
1234 553 1301 608 ab
1329 552 1407 607 eis
1436 558 1559 605 sunt
1599 548 1688 619 qui
1717 560 1889 617 neque
1919 544 2021 600 hoc

428 655 610 711 adhuc
635 647 1063 721 concupiscunt?

494 749 552 802 4.
596 744 787 800 Mirum
816 751 899 798 est
923 752 1101 796 autem
1130 736 1399 809 quomodo
1435 732 1845 804 concupiscatur
1870 728 2022 786 desio

426 842 664 907 derium,
713 852 813 892 nec
858 837 927 890 sit
971 835 1025 889 in
1064 831 1220 887 nobis
1264 831 1418 899 cujus
1445 823 1873 896 concupiscentia
1908 822 2023 892 jam

394 986 400 1001 η,
425 937 493 991 sit
531 936 587 989 in
617 933 792 988 nobis.
825 930 1006 1001 Neque
1048 928 1192 983 enim
1239 923 1521 995 pulchrum
1565 918 1781 990 aliquod
1825 931 2023 987 corpus

389 1007 398 1025 ’
424 1040 530 1094 est,
561 1026 700 1082 sicut
722 1037 909 1079 aurum
931 1063 947 1088 ,
972 1021 1057 1075 vel
1084 1033 1210 1075 caro
1244 1017 1418 1086 aliqua
1446 1013 1707 1084 speciosa,
1735 1024 1891 1080 quam
1921 1023 2020 1078 po-

427 1131 531 1175 test
557 1118 722 1174 honio
744 1116 1147 1184 concupiscere,
1173 1125 1271 1166 nec
1292 1109 1509 1171 habere,
1533 1106 1655 1175 quia
1676 1108 1824 1160 extra
1847 1100 2021 1175 posita

424 1228 533 1267 non
566 1220 654 1266 est
679 1210 732 1264 in
764 1207 998 1261 homine.
1028 1204 1158 1271 Quis
1188 1202 1389 1257 nesciat
1418 1200 1469 1254 in
1500 1196 1715 1253 homine
1743 1209 1863 1251 esse
1888 1208 2022 1249 con-

424 1301 835 1373 cupiscentiam,
866 1299 919 1352 in
948 1296 1165 1351 homine
1202 1308 1322 1349 esse
1346 1289 1670 1347 desiderium
1690 1290 1715 1341 ’ἐ
1751 1286 1862 1341 Cur
1892 1299 2023 1355 ergo

424 1393 826 1465 concupiscitur
873 1400 928 1445 ut
976 1389 1271 1453 habeatur,
1303 1385 1453 1457 quasi
1496 1382 1790 1438 forinsecus
1820 1378 2024 1434 infera-

427 1489 561 1545 tur?
607 1490 713 1541 Aut
740 1482 1006 1555 quomodo
1054 1479 1243 1536 haberi
1275 1478 1393 1549 ejus
1437 1473 1867 1545 concupiscentia
1907 1471 2028 1527 sine

429 1583 547 1653 ipso
576 1586 774 1650 potest,
820 1590 941 1631 cum
986 1589 1092 1628 nou
1132 1573 1203 1627 sit
1245 1580 1302 1627 et
1342 1571 1513 1639 ipsum
1542 1566 1669 1637 quid
1694 1564 1833 1620 aliud
1863 1579 2025 1635 quam

434 1667 920 1740 concupiscentia?
982 1664 1113 1719 Nam
1166 1673 1220 1717 et
1268 1660 1578 1716 desiderare
1628 1657 1815 1727 procul
1864 1655 2027 1711 dubio

437 1762 817 1833 concupiscere
855 1766 957 1814 est.
987 1755 1118 1825 Quis
1158 1763 1243 1810 est
1272 1754 1373 1808 iste
1402 1750 1659 1805 mirabilis
1688 1757 1845 1818 atque
1872 1747 2029 1801 inexo

433 1855 700 1927 plicabilis
729 1849 998 1923 languor?
1043 1849 1110 1903 Et
1151 1856 1329 1902 tamen
1371 1853 1473 1900 est.
1523 1842 1656 1898 Nam
1701 1852 1755 1897 et
1796 1851 2027 1911 aegrotus

430 1948 522 2018 qui
550 1946 763 2001 fastidio
793 1943 1019 2007 laborat,
1048 1950 1102 1997 et
1123 1940 1235 1994 vult
1265 1937 1494 1993 evadere
1520 1937 1621 1991 hoc
1650 1935 1867 1998 malum,
1897 1949 2030 1988 con-

430 2038 665 2109 cupiscit
694 2037 879 2106 utique
922 2032 1235 2088 desiderare
1279 2029 1477 2091 cibum,
1530 2026 1654 2081 dum
1700 2023 2029 2093 concupiscit

434 2146 544 2186 non
576 2128 776 2185 habere
804 2125 1071 2181 fastidium
1104 2141 1117 2176 :
1149 2120 1244 2178 sed
1275 2122 1378 2175 hoc
1404 2117 1669 2173 fastidium
1696 2116 1913 2171 morbus
1944 2122 2029 2169 est

434 2224 701 2292 corporis.
753 2216 1193 2288 Concupiscentia
1222 2229 1347 2268 vero
1391 2226 1493 2282 qua
1524 2207 1852 2277 concupiscit
1881 2205 2027 2260 desi-

437 2316 633 2370 derare
660 2312 859 2377 cibum,
890 2310 993 2364 hoc
1034 2316 1118 2364 est
1155 2321 1339 2362 carere
1371 2301 1599 2367 fastidio,
1630 2301 1681 2354 in
1713 2301 1892 2352 animo
1921 2307 2025 2363 cst,

437 2424 549 2464 non
579 2408 630 2462 in
662 2420 888 2475 corpore
918 2422 931 2458 :
961 2412 1012 2458 et
1046 2402 1206 2455 habet
1248 2414 1367 2453 eam
1415 2412 1520 2450 non
1561 2392 1787 2465 gutturis
1814 2403 1867 2446 et
1909 2390 2028 2446 fau-

437 2503 579 2558 cium
635 2497 958 2561 delectatio,
1013 2509 1133 2564 qua:
1186 2489 1396 2546 fastidio
1458 2485 1880 2555 restringitur';
1934 2481 2030 2537 sed

437 2589 821 2661 recuperanda:
870 2588 1009 2642 ratio
1060 2584 1339 2648 sanitatis,
1386 2595 1491 2652 qua
1542 2576 1847 2649 pellendum
1892 2588 2031 2629 escae

438 2684 713 2740 fastidium
740 2680 1068 2752 providetur.
1095 2676 1163 2732 Et
1190 2677 1311 2732 ideo
1342 2689 1446 2729 non
1470 2673 1665 2726 mirum
1693 2679 1773 2725 est
1799 2669 1843 2724 si
1869 2682 2033 2738 appe-

438 2781 503 2835 tit
530 2779 741 2833 animus
772 2784 829 2829 ut
858 2780 1075 2843 appetat
1101 2784 1298 2840 corpus
1318 2810 1330 2830 ,
1359 2764 1572 2837 quando
1597 2762 1798 2834 appetit
1821 2761 2030 2814 animus

439 2887 543 2929 nec
570 2870 770 2943 appetit
800 2880 1011 2937 corpus.
1047 2864 1179 2920 Cum
1207 2870 1387 2917 autem
1426 2866 1705 2926 utrumque
1733 2854 1895 2909 animi
1925 2860 2028 2928 est,

437 2976 494 3021 et
516 2973 801 3031 utrumque
827 2954 1254 3027 concupiscentia
1282 2960 1380 3016 est,
1412 2965 1508 3005 cur
1533 2950 1552 2979 '
1586 2946 1908 3016 concupisco
1934 2943 2030 2997 de-

438 3054 697 3111 siderium
737 3049 1179 3123 justiﬁcationum
1214 3044 1351 3100 Dei?
1390 3040 1668 3110 Quomodo
1696 3038 1751 3092 in
1794 3050 1900 3091 uno
1934 3049 2031 3089 eo-

438 3149 671 3218 demque
697 3146 877 3199 animo
912 3156 1032 3196 meo
1063 3139 1233 3193 habeo
1261 3132 1745 3205 concupiscentiam
1775 3126 2030 3185 desiderii

438 3239 632 3310 hujus,
675 3245 730 3292 et
773 3236 945 3306 ipsum
975 3250 1082 3288 non
1120 3231 1296 3286 habeo
1339 3223 1711 3282 desiderium?
1759 3231 1850 3277 aut
1891 3234 2030 3291 quo-

440 3330 607 3387 modo
639 3330 739 3384 ista
762 3327 869 3382 duo
895 3333 1038 3390 sunt,
1064 3332 1119 3379 et
1145 3338 1250 3377 non
1279 3318 1488 3375 unum?
1512 3314 1711 3386 thuid
1738 3313 1877 3369 enim
1903 3327 2031 3367 con-

438 3423 660 3492 cupisco
689 3418 991 3475 desiderare
1016 3413 1445 3486 iustiﬁcationes,
1475 3424 1537 3463 ac
1565 3423 1670 3462 non
1704 3420 1845 3475 ipsas
1868 3403 2029 3474 justi-

441 3514 720 3570 ﬁcationes
748 3511 920 3581 potius
943 3523 1102 3577 quam
1123 3520 1306 3562 earum
1330 3500 1653 3557 desiderium
1676 3494 2031 3565 concupisco?

440 3614 537 3661 aut
586 3619 693 3676 quo
740 3610 898 3673 pacto
949 3614 1167 3672 possum
1215 3593 1656 3666 justiﬁeationum
1707 3587 2031 3645 desiderium

441 3694 847 3764 concupiscere,
896 3702 950 3746 et
999 3692 1142 3760 ipsas
1181 3685 1588 3757 jttstiﬁcationes
1629 3698 1734 3736 non
1780 3678 2035 3747 concupi-

439 3803 638 3854 scere;
694 3802 814 3842 cum
862 3784 984 3838 ideo
1030 3796 1215 3837 earum
1262 3778 1584 3834 desiderium
1632 3774 2025 3843 concupiscam,

441 3881 567 3951 quia
599 3881 743 3949 ipsas
773 3876 971 3931 habere
1001 3872 1202 3943 cupio?
1229 3870 1382 3939 Quod
1419 3870 1463 3923 si
1507 3870 1577 3922 ita
1604 3876 1684 3923 est
1708 3910 1722 3933 ,
1756 3867 1859 3935 iam
1890 3865 2032 3933 ipsas

447 3974 630 4043 utique
673 3968 1010 4038 concupisco.
1056 3963 1193 4034 Quid
1244 3964 1402 4035 igitur
1446 3975 1579 4031 opus
1627 3967 1710 4013 est
1750 3966 1808 4011 ut
1846 3970 2032 4011 earum

448 4061 768 4119 desiderium
819 4058 1215 4127 concupiscam,
1262 4070 1381 4110 cum
1424 4053 1534 4122 jam
1582 4051 1633 4106 id
1684 4050 1905 4104 habeam
1932 4089 1946 4112 ,
1979 4056 2035 4102 et

449 4154 644 4209 habere
673 4168 759 4207 me
788 4149 1055 4207 sentiam?
1100 4148 1214 4203 Non
1241 4148 1382 4202 enim
1414 4159 1625 4216 possem
1653 4142 2033 4210 concupiscere

444 4246 766 4302 desiderium
816 4243 1076 4314 justitize,
1131 4241 1233 4295 nisi
1278 4236 1705 4309 concupiscendo
1750 4235 2029 4306 justitiam.

448 4342 529 4395 An
577 4339 677 4393 hoc
723 4347 804 4392 est
846 4335 987 4407 quod
1031 4335 1275 4405 superius
1304 4332 1433 4398 dixi,
1484 4329 1623 4401 quod
1654 4327 1917 4398 diligenda
1964 4327 2034 4381 sit

446 4431 607 4486 etiam
636 4432 748 4500 ipsa
777 4428 988 4483 dilectio
1018 4442 1119 4497 qua
1149 4426 1389 4495 diligitur
1426 4422 1567 4494 quod
1606 4422 1747 4492 diligi
1781 4428 2029 4490 oportet;

446 4524 584 4577 sicut
626 4522 748 4576 odio
793 4519 1034 4574 habenda
1079 4526 1159 4572 est
1209 4516 1426 4571 dilectio
1468 4530 1569 4585 qua
1610 4514 1843 4583 diligitur
1890 4510 2032 4581 quod

448 4614 595 4685 diligi
625 4630 727 4669 non
760 4612 1013 4683 Oportet?
1059 4609 1195 4666 Odio
1239 4609 1434 4680 quippe
1479 4606 1735 4661 habemus
1776 4604 2031 4673 concupi-

449 4709 705 4762 scentiam
735 4716 970 4761 nostram
999 4719 1100 4776 qua
1127 4718 1254 4758 caro
1285 4701 1611 4772 concupiscit
1640 4700 1894 4755 adversus
1920 4699 2031 4767 spi-

449 4802 609 4854 ritum
654 4817 667 4853 :
709 4807 762 4854 et
805 4798 932 4868 quid
978 4807 1060 4852 est
1102 4797 1201 4852 ista
1249 4794 1699 4865 concupiscentia,
1748 4792 1849 4846 nisi
1895 4791 2031 4846 mala

450 4892 708 4949 dilectio?
748 4891 816 4946 Et
843 4891 1111 4962 diligimus
1137 4887 1624 4959 concupiscentiam
1664 4894 1899 4940 nostram
1928 4899 2033 4954 qua

449 4987 666 5057 spiritus
709 4984 1036 5054 concupiscit
1082 4983 1339 5038 adversus
1384 4994 1640 5035 carnem:
1686 4988 1738 5032 et
1778 4975 1903 5047 quid
1951 4985 2035 5030 est

450 5078 547 5133 ista
588 5074 1049 5147 concupiscentia,
1077 5074 1180 5128 nisi
1217 5072 1356 5128 bona
1394 5070 1656 5125 dilectio?
1696 5067 1825 5124 Cum
1852 5077 2030 5121 autem

450 5169 661 5234 dicitur,
691 5166 963 5238 Diligenda
992 5174 1105 5231 est,
1132 5164 1256 5235 quid
1282 5163 1424 5218 aliud
1449 5162 1643 5218 dicitur
1676 5175 1831 5231 quam
1854 5203 1867 5227 ,
1898 5174 2030 5213 con-

451 5258 768 5332 cupiscenda
808 5260 937 5314 est?
982 5257 1241 5325 Quocirca
1289 5255 1539 5326 quoniam
1585 5261 1732 5308 recte
1777 5252 2033 5321 concupi-

451 5365 672 5412 scuntur
706 5353 1117 5426 iustiﬁcationes
1146 5352 1262 5417 Dei,
1294 5360 1439 5405 recte
1468 5348 1861 5419 concupiscitur
1901 5361 2032 5401 eon-

450 5447 776 5519 cupiscentia
799 5443 1251 5515 justiﬁcationum
1280 5442 1395 5497 Dei.
1428 5441 1540 5495 Hoc
1569 5440 1709 5495 enim
1741 5438 1845 5492 alio
1874 5437 2033 5493 modo

453 5539 532 5595 sic
553 5546 732 5611 potest
756 5537 859 5593 dici
889 5555 902 5591 :
932 5537 978 5593 si
1006 5544 1155 5592 recte
1176 5535 1468 5606 diliguntur
1484 5532 1894 5604 justiﬁeationes
1917 5530 2030 5597 Dei,

514 5718 536 5812 ξ
559 5713 747 5828 aliquot
764 5721 895 5776 uss,
918 5712 1246 5785 restinguitur.
1928 5773 1938 5785 ι

558 5785 588 5827 ε
660 5814 705 5828 ..
746 5790 832 5828 cur
872 5790 965 5828 non
1001 5789 1296 5828 roncumsco.
1340 5775 1515 5828 abest.
1546 5784 1666 5828 non.
1691 5783 1721 5822 a
1751 5772 1938 5823 melior:

448 5848 483 5889 Ἠ
514 5781 536 5812 ³
558 5772 705 5839 Edd.,
746 5790 832 5828 cur
872 5772 965 5829 non
1001 5772 1296 5840 roricupisco.
1340 5775 1515 5835 abest,
1546 5784 1666 5834 non,
1691 5783 1721 5822 a
1751 5772 2038 5824 melioribus

1497 335 1892 394 ENAKIiATIU
1925 334 1986 387 IN
2030 332 2349 391 PSALMUM
2376 336 2603 395 CXVIII.

3576 350 3713 404 132‘}.

2135 464 2285 509 recte
2320 457 2555 529 diligitur
2581 460 2794 516 dilectio
2821 463 3257 532 justiﬁcationum
3296 465 3405 519 Dei.
3458 465 3533 519 An
3572 464 3710 519 aliud

2133 558 2215 604 est
2242 551 2639 620 concupiscere,
2686 554 2828 608 aliud
2875 553 3226 611 desiderare?
3263 554 3381 611 Non
3428 556 3568 627 quod
3606 572 3713 611 non

2132 640 2201 694 sit
2230 642 2661 711 concupiscentia
2706 644 3050 713 desiderium,
3103 647 3197 702 sed
3242 647 3365 718 quia
3409 661 3516 702 non
3543 647 3715 702 omnis

2131 737 2561 807 concupiscentia
2592 738 2911 793 desiderium
2938 750 3037 795 est.
3083 739 3549 812 Concupiscuntur
3573 742 3716 796 enim

2131 838 2185 885 et
2214 845 2334 899 quae
2360 829 2640 894 habentur,
2672 840 2724 886 et
2750 846 2868 901 qlia:
2895 846 3000 886 non
3032 832 3292 887 habentur
3322 850 3336 888 :
3367 847 3488 887 nam
3513 846 3714 887 concu-

2131 922 2406 992 piscendo,
2457 921 2651 977 fruitur
2696 922 2853 978 homo
2894 923 3055 978 rebus
3098 939 3228 994 quas
3260 924 3453 989 habet;
3500 924 3716 980 deside-

2131 1014 2301 1069 rando
2329 1022 2529 1082 autem,
2571 1014 2806 1069 absentia
2849 1015 3194 1085 concupiscit.
3230 1016 3559 1071 Desiderium
3587 1032 3717 1087 ergo

2132 1107 2259 1178 quid
2285 1116 2386 1169 est,
2422 1108 2522 1161 nisi
2554 1124 2732 1162 rerum
2762 1106 3062 1162 absentium
3093 1108 3520 1178 concupiscentia
3545 1109 3568 1163 ?
3608 1106 3719 1164 Sed

2132 1199 2226 1255 Dei
2266 1199 2676 1269 justiﬁcationes
2712 1202 2958 1255 absentes
3002 1213 3122 1255 esse
3165 1199 3429 1270 quomodo
3473 1209 3715 1269 possunt,

2133 1294 2233 1348 nisi
2280 1293 2493 1363 quando
2540 1293 2893 1348 nesciuntur?
2937 1295 3014 1349 An
3057 1304 3112 1349 et
3139 1292 3356 1365 quando
3395 1294 3635 1348 sciuntur
3663 1303 3721 1349 et

2134 1400 2237 1441 non
2274 1384 2435 1448 ﬁunt,
2467 1383 2715 1440 absentes
2751 1384 3007 1439 habenda:
3038 1386 3202 1441 sunt?
3252 1384 3384 1439 Nam
3427 1384 3553 1455 quid
3596 1395 3724 1441 sunt

2129 1477 2537 1548 iustiﬁcationes
2557 1517 2573 1541 ,
2602 1478 2703 1531 nisi
2731 1492 2891 1545 opera
2918 1476 3081 1545 jusla,
3125 1490 3231 1531 non
3255 1476 3417 1531 verba
3443 1478 3466 1530 ?
3511 1478 3589 1531 Ac
3626 1490 3726 1546 per

2134 1567 2235 1622 hoc
2280 1577 2505 1638 possunt
2549 1566 2853 1622 inﬁrmitate
2897 1568 3088 1622 animae
3137 1581 3242 1622 non
3286 1566 3620 1633 desiderari;
3666 1576 3724 1623 et

2136 1663 2343 1717 ratione
2388 1664 2603 1727 mentis,
2653 1661 2742 1715 ubi
2771 1660 2980 1716 videtur
3017 1677 3174 1732 quam
3220 1662 3328 1717 sint
3371 1661 3528 1717 utiles
3560 1671 3723 1733 atque

2137 1755 2401 1821 salubres,
2435 1762 2609 1823 potest
2637 1768 2821 1808 earum
2849 1752 3174 1808 desiderium
3200 1754 3525 1823 concupisci.
3565 1752 3727 1824 Saepe

2134 1848 2277 1903 enim
2308 1848 2450 1921 quid’
2475 1846 2736 1917 agendum
2769 1848 2837 1900 sit
2861 1846 3101 1902 videmus
3124 1889 3138 1912 ,
3181 1863 3278 1902 nec
3304 1848 3547 1917 agimus;
3597 1850 3723 1919 quia

2136 1956 2244 1995 non
2266 1940 2497 1995 delectat
2522 1949 2579 1995 ut
2604 1955 2843 2010 agamus,
2873 1949 2925 1993 et
2950 1940 3193 2009 cupimus
3220 1950 3277 1995 ut
3303 1940 3551 1995 delectet.
3580 1940 3725 1996 Prae-

2136 2035 2282 2089 volat
2310 2033 2610 2088 intellectus
2637 2050 2651 2099 ;
2680 2042 2733 2087 et
2760 2032 2906 2087 tarde
2933 2033 3191 2101 sequitur,
3219 2040 3273 2086 et
3299 2031 3585 2102 aliquando
3615 2048 3725 2088 non

2136 2126 2375 2195 sequitur
2412 2123 2677 2178 humanus
2706 2133 2863 2193 atque
2893 2124 3134 2179 inﬁrmus
3174 2123 3415 2181 aﬁ'ectus.
3449 2123 3571 2179 Ideo
3596 2139 3728 2196 ergo

2136 2217 2444 2273 desiderare
2486 2216 2896 2286 concupiscebat
2939 2231 3057 2285 quae
3095 2216 3235 2270 bona
3278 2230 3398 2271 esse
3447 2216 3725 2284 cernebat,

2135 2312 2362 2382 cupiens
2390 2326 2574 2365 eorum
2622 2309 2819 2364 habere
2860 2308 3269 2364 delectationem
3297 2323 3525 2379 quorum
3553 2310 3726 2379 potuit

2137 2403 2320 2459 videre
2356 2403 2638 2456 rationem.

2207 2496 2260 2551 5.
2292 2494 2410 2549 Non
2435 2504 2611 2549 autem
2639 2495 2736 2561 ait,
2758 2493 3117 2562 concupiscit;
3146 2494 3260 2560 sed,
3292 2471 3584 2564 Concupivi?
3612 2495 3727 2549 ani-

2137 2607 2221 2643 ma
2247 2606 2357 2644 mea
2380 2590 2664 2643 desiderare
2678 2588 3068 2659 justiﬁcationes
3089 2597 3220 2642 tuas.
3252 2586 3504 2643 Fortasse
3530 2588 3727 2658 quippe

2138 2682 2260 2736 talis
2306 2690 2422 2736 erat
2449 2682 2549 2736 iste
2574 2681 2744 2735 incola
2773 2680 2825 2735 in
2850 2689 2988 2735 terra
3014 2722 3026 2743 ,
3055 2680 3143 2749 qui
3169 2679 3275 2749 jam
3314 2689 3633 2748 pervenerat
3657 2679 3725 2733 ad

2138 2774 2189 2829 id
2218 2775 2357 2844 quod
2379 2773 2772 2842 concupiverat,
2793 2772 3006 2840 jamque
3032 2769 3367 2825 desiderabat
3394 2786 3483 2825 cas
3504 2785 3728 2841 quarum

2136 2883 2195 2924 se
2239 2867 2557 2923 desiderium
2605 2866 2891 2936 aliquando
2948 2864 3261 2933 concupisse
3321 2874 3725 2917 commemorat.

2138 2959 2193 3015 Si
2240 2969 2413 3014 autem
2458 2959 2566 3027 jam
2606 2956 2979 3022 desiderabat,
3009 2969 3104 3009 cur
3148 2968 3251 3009 non
3311 2953 3571 3008 habebat?
3608 2952 3728 3008 Non

2135 3055 2279 3109 enim
2328 3051 2523 3123 aliquid
2572 3048 2793 3119 impedit
2831 3050 3110 3119 quominus
3153 3048 3449 3102 habeantur
3471 3046 3728 3117 justiﬁca-

2139 3148 2311 3201 tiones
2332 3146 2446 3209 Dei,
2471 3145 2568 3199 nisi
2591 3144 2713 3214 quia
2737 3158 2841 3198 non
2864 3141 3249 3207 desiderantur,
3274 3140 3399 3195 dum
3428 3156 3532 3195 non
3562 3141 3614 3195 in
3636 3155 3729 3194 eas

2137 3238 2368 3293 charitas
2411 3236 2617 3303 fervet,
2650 3251 2872 3306 quarum
2913 3234 3142 3288 charitas
3186 3233 3346 3288 lucet.
3375 3234 3457 3286 An
3501 3232 3731 3288 habebat

2136 3349 2245 3399 eas,
2276 3342 2431 3402 atque
2458 3330 2724 3386 faciebat?
2746 3329 2877 3384 Nam
2906 3330 3061 3399 paulo
3087 3328 3351 3398 postdlcit
3380 3347 3392 3382 :
3423 3328 3610 3383 Servus
3634 3345 3731 3382 au-

2139 3438 2235 3481 tem
2260 3436 2375 3479 tuus
2395 3423 2715 3478 exercebatur
2738 3423 2789 3474 in
2800 3420 3244 3492 justiﬁcalionibus
3270 3420 3386 3473 tuis.
3409 3418 3513 3474 Sed
3537 3418 3731 3488 quibus

2136 3520 2286 3591 quasi
2315 3518 2565 3589 gradibus
2595 3516 2659 3570 ad
2681 3529 2773 3569 eas
2802 3514 3160 3584 perveniatur,
3190 3511 3441 3567 ostendit.
3472 3512 3624 3567 Prius
3646 3522 3731 3568 est

2136 3615 2278 3669 enim
2310 3622 2368 3666 ut
2390 3611 2634 3666 videatur
2657 3624 2813 3680 quam
2840 3608 2947 3662 sint
2972 3608 3127 3661 utiles
3156 3614 3211 3662 et
3231 3606 3488 3670 honestae;
3511 3605 3728 3672 deinde,

2137 3714 2198 3761 ut
2240 3720 2421 3759 earum
2467 3701 2789 3757 desiderium
2841 3700 3277 3768 concupiscatur;
3318 3706 3588 3768 postremo
3614 3738 3630 3763 ,
3672 3708 3732 3752 ut

2138 3797 2451 3869 proﬁciente
2499 3795 2697 3848 lumine
2739 3802 2897 3861 atque
2942 3792 3167 3845 sanitate
3192 3789 3419 3844 delectet
3463 3803 3644 3841 earum
3676 3797 3733 3843 et

2138 3891 2378 3959 operatio
2412 3930 2425 3951 ,
2477 3901 2699 3957 quarum
2765 3884 2875 3937 sola
2934 3884 3066 3936 ratio
3119 3881 3433 3935 delectabat.
3493 3879 3599 3933 Sed
3664 3895 3731 3936 ea

2138 3997 2257 4050 quae
2304 3988 2598 4049 sequuntur
2630 4019 2644 4043 ,
2696 3975 2946 4046 quoniam
2995 3975 3106 4042 jam
3160 3974 3260 4027 iste
3309 3971 3545 4041 prolixus
3601 3983 3726 4040 est,

2137 4072 2244 4125 alio
2285 4084 2531 4124 sermone
2551 4110 2565 4135 ,
2595 4067 2877 4136 adjuvante
2909 4065 3134 4118 Domino
3154 4105 3169 4129 ,
3196 4062 3527 4118 commodius
3552 4063 3726 4120 disse-

2138 4173 2342 4219 rentur.

2792 4264 2965 4305 SERIO
3002 4264 3076 4303 IX.

2211 4352 2263 4404 1.
2306 4348 2473 4421 [rem
2518 4344 2877 4417 21.]Psa1mi
2927 4342 3085 4412 hujus
3123 4356 3241 4412 qua:
3282 4341 3551 4397 tractanda
3596 4345 3728 4400 sub-

2138 4452 2466 4513 sequuntur,
2510 4439 2799 4493 admonent
2829 4450 2926 4491 nos
2968 4450 3181 4490 causam
3236 4443 3433 4489 nostra:
3497 4436 3731 4491 miseria:

2138 4535 2426 4590 recordari.
2461 4533 2670 4587 Etenim
2702 4546 2821 4585 cum
2844 4528 3084 4593 dixisset,
3116 4528 3398 4596 concupivit
3426 4528 3595 4581 anima
3618 4545 3731 4583 mea

2138 4628 2425 4681 desiderare
2449 4622 2838 4697 justiﬁcalioncs
2889 4632 3000 4675 tua:
3034 4621 3087 4673 in
3134 4620 3270 4674 omni
3317 4629 3575 4689 tempore;
3614 4621 3731 4676 sive

2139 4721 2341 4776 scilicet
2370 4719 2422 4773 in
2446 4718 2603 4772 rebus
2624 4716 2913 4786 prosperis,
2937 4715 3048 4768 sive
3075 4714 3126 4767 in
3153 4712 3389 4767 adversis
3411 4751 3426 4776 ,
3454 4711 3574 4782 quia
3596 4721 3649 4767 et
3675 4714 3729 4769 in

2140 4811 2409 4867 laboribus
2439 4819 2494 4864 et
2520 4810 2795 4863 doloribus
2820 4808 2979 4862 debet
3004 4805 3268 4860 delectare
3292 4804 3514 4873 justitia,
3534 4818 3633 4859 nec
3654 4805 3729 4861 ita

2138 4916 2221 4963 est
2250 4915 2489 4975 tempore
2519 4902 2779 4975 diligenda
2813 4900 3125 4970 tranquillo,
3158 4906 3214 4951 ut
3239 4896 3541 4951 turbulento
3585 4908 3725 4953 tem-

2140 5014 2269 5069 pore
2286 4998 2579 5059 deseratur,
2606 4995 2697 5051 sed
2720 4991 3081 5063 amplectenda
3102 4990 3248 5044 estin
3277 4988 3420 5043 omni
3443 4997 3685 5058 tempore
3708 5009 3725 5045 :

2138 5090 2390 5144 continuo
2438 5087 2697 5157 subjecit,
2728 5082 3006 5153 lncrepasti
3046 5079 3322 5149 superbos;
3350 5078 3603 5133 maledicti
3640 5083 3728 5151 qui

2140 5185 2392 5237 declinant
2435 5198 2465 5234 a
2495 5176 2745 5232 mandatis
2784 5176 2901 5229 tuis.
2933 5172 3154 5242 Superbi
3202 5173 3343 5227 enim
3386 5172 3655 5230 declinant
3694 5191 3730 5232 a

2141 5276 2402 5330 mandatis
2441 5273 2552 5328 Dei.
2579 5269 2733 5325 Aliud
2773 5277 2855 5323 est
2882 5267 3075 5336 quippe
3118 5265 3363 5321 mandata
3397 5267 3491 5323 Dei
3526 5284 3621 5340 per
3646 5270 3729 5325 in-

2142 5371 2440 5425 ﬁrmitatem
2474 5368 2557 5421 vel
2584 5364 2929 5435 ignorantiam
2958 5378 3062 5417 non
3086 5363 3306 5433 implere
3338 5381 3353 5420 :
3383 5364 3526 5419 aliud
3553 5368 3619 5420 ab
3648 5368 3729 5420 eis

2140 5471 2234 5526 per
2260 5455 2559 5524 superbiam
2591 5450 2890 5512 declinare;
2924 5449 3058 5502 sicut
3078 5448 3315 5503 fecerunt
3340 5449 3428 5520 qui
3459 5465 3556 5503 nos
3584 5464 3728 5505 mor-

2141 5550 2316 5603 taliter
2358 5549 2410 5601 in
2446 5547 2559 5599 haec
2598 5544 2733 5598 mala
2760 5550 3074 5613 genuerunt.
3108 5541 3400 5597 Delectavit
3423 5542 3564 5596 enim
3590 5556 3685 5595 eos
3709 5583 3725 5608 ,

2143 5640 2300 5693 Ενὶιὶε
2330 5640 2455 5691 sicut
2484 5637 2554 5690 dii
2575 5654 2594 5701 ;
2620 5652 2683 5691 ac
2721 5636 2797 5690 sic
2822 5650 2851 5689 a
2878 5632 3125 5687 mandato
3154 5633 3274 5697 Dei,
3303 5631 3442 5703 quod
3470 5631 3570 5686 sibi
3601 5648 3724 5690 eum

2142 5728 2423 5785 mandasse
2443 5726 2701 5792 sciebant,
2720 5734 2773 5779 et
2794 5724 2932 5794 quod
2962 5722 3227 5788 facillime,
3254 5721 3397 5776 nulla
3420 5721 3727 5781 inﬁrmitate

2142 5832 2424 5880 revocante
2442 5864 2456 5887 ,
2489 5820 2809 5894 impediente
2832 5862 2846 5886 ,
2876 5817 3149 5882 tardante,
3182 5815 3403 5885 implere
3432 5825 3678 5887 poterant
3708 5858 3726 5885 ,
