4188 6446
529 399 668 458 1525

525 533 624 588 per
651 516 788 570 hanc
815 511 1114 583 superbiam
1137 507 1490 563 declinarunt.
1507 503 1575 558 Et
1595 515 1718 556 ecce
1742 508 1846 556 tota
1871 499 1968 552 ista
1991 497 2123 550 dura

525 621 583 668 et
609 610 788 666 infelix
815 619 1052 662 aerumna
1079 602 1382 658 mortalium
1401 641 1418 667 ,
1448 596 1675 668 quodam
1701 593 1862 649 modo
1893 591 2122 648 hteredi-

525 703 664 759 taria
705 709 787 756 est
828 696 1118 767 increpatio
1147 694 1519 764 superborum.
1551 687 1774 757 Quando
1817 686 1960 742 enim
1989 683 2126 740 dixit

525 796 689 860 Deus,
710 791 893 856 Adam,
909 789 995 844 ubi
1011 805 1065 844 es
1082 785 1233 858 (Gen.
1258 802 1335 850 tu,
1359 786 1414 851 5,
1432 783 1487 856 9)
1500 783 1524 838 ?
1537 799 1640 837 non
1657 781 1745 836 ubi
1767 779 2124 850 essetignora-

521 885 636 952 bat,
655 883 749 939 sed
775 882 1061 952 superbum
1085 877 1408 948 increpabat;
1431 883 1485 931 et
1510 874 1597 929 ubi
1621 881 1747 928 tunc
1769 882 1930 936 esset,
1952 870 2002 926 id
2019 878 2117 948 est,

525 974 591 1028 ad
610 989 765 1043 quam
791 971 1059 1028 miseriam
1085 969 1434 1042 pervenisset,
1451 981 1556 1021 non
1586 965 1724 1020 seire
1740 964 2001 1034 cupiebat,
2027 959 2122 1018 sed

524 1065 903 1136 interrogando
917 1064 1201 1133 increpans
1223 1059 1564 1115 admonebat.
1590 1055 1720 1112 Vide
1736 1066 1912 1113 autem
1938 1071 2122 1127 quem-

525 1157 845 1224 admodum,
867 1171 988 1212 eum
1017 1155 1259 1220 dixisset,
1281 1150 1565 1223 Increpastt'
1592 1149 1853 1220 superbos,
1895 1164 1999 1204 non
2025 1149 2115 1216 ait,

527 1250 793 1306 Maledicti
819 1250 911 1321 qui
954 1249 1358 1305 declinaverunt
1384 1261 1415 1301 a
1445 1245 1707 1302 mandatis
1735 1245 1876 1311 tuis;
1906 1253 1964 1300 ut
1989 1243 2122 1300 illud

526 1351 732 1398 tantum
757 1341 1054 1412 primorum
1071 1340 1348 1396 hominum
1369 1346 1646 1409 peccatum
1672 1338 1876 1392 veniret
1897 1338 1947 1390 in
1972 1352 2122 1392 men-

525 1443 638 1490 tem
672 1453 687 1490 :
713 1433 810 1491 sed
840 1433 932 1499 ait,
963 1432 1222 1487 Maledicti
1247 1431 1335 1503 qui
1361 1430 1634 1485 declinant.
1666 1427 1954 1511 Oportebat
1978 1427 2120 1483 enitn

531 1535 588 1581 ut
616 1540 800 1582 omnes
827 1525 919 1581 illo
946 1531 1274 1580 terrerentur
1287 1521 1536 1594 exemplo
1561 1536 1589 1574 a
1609 1521 1801 1576 divinis
1827 1534 1933 1574 non
1959 1519 2123 1575 decli-

530 1634 658 1674 nare
679 1617 958 1685 mandatis,
979 1626 1033 1672 et
1056 1615 1327 1688 diligendo
1342 1613 1600 1685 justitiam
1622 1613 1675 1668 in
1692 1612 1835 1692 omni
1859 1615 2118 1682 tempore,

529 1710 583 1764 in
615 1708 772 1778 hujus
795 1708 978 1764 mundi
997 1709 1156 1763 etiam
1177 1707 1361 1763 labore
1386 1705 1631 1776 recipere
1653 1704 1797 1776 quod
1818 1704 1870 1759 iu
1889 1703 2119 1776 paradisi

529 1801 806 1858 amisimus
834 1801 1122 1872 voluptate.

599 1895 653 1949 2.
685 1892 834 1966 [υετσ.
855 1892 971 1966 22.]
1001 1893 1106 1950 Sed
1134 1893 1383 1964 quoniam
1412 1891 1628 1962 superbi
1655 1905 1753 1946 nec
1780 1891 1832 1944 in
1857 1898 2000 1944 tanta
2020 1889 2119 1945 de-

531 1997 736 2056 ponunt
781 1985 1142 2056 increpatione
1180 1984 1444 2039 cervicem
1466 2025 1483 2050 ,
1516 1991 1570 2038 et
1611 1996 1738 2068 cum
1785 1980 1892 2036 sint
1925 1975 2119 2050 dejecti

530 2077 726 2133 laboris
789 2077 1080 2147 mortisque
1136 2075 1396 2146 supplicio
1426 2115 1441 2140 ,
1482 2071 1810 2130 extolluntur
1856 2068 2118 2140 superbiae

531 2170 718 2242 typho,
744 2169 1011 2225 imitantes
1037 2168 1319 2224 elationem
1350 2166 1672 2234 cadentium,
1702 2163 1982 2220 irridentes
2012 2166 2111 2218 hu-

527 2262 807 2316 militatem
854 2261 1216 2330 surgentium;
1251 2274 1348 2330 pro
1393 2261 1472 2314 eis
1509 2266 1628 2314 orat
1653 2272 1849 2328 corpus
1875 2255 2071 2311 Christi
2095 2298 2112 2323 ,

527 2369 650 2414 cum
680 2353 810 2409 dicit
837 2373 851 2410 :
877 2355 1036 2426 Aufer
1058 2370 1090 2406 a
1111 2369 1188 2407 me
1213 2352 1536 2422 opprobrium
1556 2359 1600 2405 et
1622 2359 1978 2420 contemptum,
2001 2363 2118 2419 quo-

526 2447 667 2502 niam
700 2447 982 2501 testimonia
1009 2455 1094 2500 tua
1118 2445 1380 2517 exquisivi.
1409 2443 1734 2499 Testimonia
1771 2456 1944 2513 grazce
1970 2456 2115 2494 mar-

527 2538 661 2611 tyria
691 2546 1081 2608 nuncupantur,
1105 2552 1212 2611 quo
1239 2537 1401 2593 verbo
1423 2536 1534 2608 jam
1563 2536 1758 2590 utimur
1788 2550 1883 2616 pro
1915 2535 2111 2590 latino:

525 2619 668 2686 unde
706 2629 826 2685 illos
863 2630 952 2700 qui
1001 2637 1216 2700 propter
1264 2629 1622 2685 testimonium
1653 2626 1851 2684 Christi
1890 2626 2116 2682 diversis

525 2722 866 2798 passionibus
893 2721 1152 2777 bu-miliati
1191 2731 1348 2786 sunt,
1379 2731 1434 2776 et
1464 2735 1630 2792 usque
1667 2711 1733 2774 ad
1763 2727 1989 2774 mortem
2018 2733 2114 2789 pro

526 2816 750 2872 veritate
766 2823 1056 2880 certarunt,
1074 2829 1178 2870 non
1205 2822 1390 2882 testes,
1418 2813 1561 2884 quod
1587 2812 1749 2868 latine
1775 2812 1956 2884 utique
1987 2827 2112 2882 pos-

526 2922 727 2975 semus,
755 2907 850 2963 sed
875 2923 1049 2979 grzece
1073 2917 1333 2980 martyres
1358 2907 1703 2978 appellamus.
1727 2906 1986 2973 Quoniam
2012 2905 2115 2962 boe

527 3014 654 3069 ergo
673 2997 994 3059 lamiliarius
1017 2997 1211 3052 auditis
1234 3006 1288 3052 et
1311 2997 1538 3064 dulcius,
1562 2997 1639 3052 sic
1657 2997 1978 3065 accipiamus
2001 2995 2115 3051 haec

526 3090 688 3144 verba
721 3100 967 3161 tanquam
994 3088 1192 3143 dictum
1219 3089 1316 3154 sit,
1346 3087 1507 3160 Aufer
1535 3104 1567 3141 a
1604 3103 1682 3141 me
1715 3084 2037 3157 approbrium
2067 3097 2114 3141 et

525 3191 884 3252 contemptum,
911 3182 1150 3252 quoniam
1187 3181 1440 3252 martyria
1485 3190 1574 3234 tua
1619 3180 1881 3251 exquisivi.
1913 3177 2113 3237 Cbrisli

525 3289 721 3345 corpus
743 3276 843 3329 ista
867 3289 991 3329 cum
1016 3274 1177 3340 dicit,
1207 3272 1460 3344 numquid
1487 3273 1557 3329 ab
1586 3273 1763 3343 impiis
1791 3283 1844 3328 et
1868 3265 2114 3343 superbis

525 3368 711 3424 audire
753 3367 1099 3438 opprobrium
1127 3376 1287 3436 atque
1311 3376 1672 3437 contemptum
1705 3367 1864 3422 ullam
1893 3368 2113 3439 deputat

525 3474 739 3529 penam
756 3493 772 3525 -,
800 3473 922 3514 cum
949 3460 1125 3530 potius
1149 3459 1272 3514 inde
1300 3459 1575 3530 perveniat
1597 3458 1664 3514 ad
1687 3455 1983 3538 coronam?
2006 3461 2113 3515 Cur

525 3566 655 3622 ergo
691 3550 841 3621 quasi
887 3565 1048 3622 grave
1085 3551 1282 3621 aliquid
1325 3560 1380 3606 et
1420 3547 1752 3605 intolerabile
1794 3566 1824 3605 a
1853 3565 1912 3604 se
1940 3551 2114 3621 poscit

524 3643 744 3710 auferri,
772 3643 873 3698 nisi
898 3643 1043 3714 quia,
1071 3651 1130 3698 ut
1153 3642 1283 3707 dixi,
1307 3649 1428 3697 orat
1451 3656 1548 3712 pro
1574 3641 1702 3712 ipsis
1722 3631 1950 3698 inimicis
1977 3642 2108 3710 Suis,

523 3738 715 3808 quibus
734 3751 854 3794 esse
873 3737 1126 3808 perspicit
1147 3737 1383 3799 noxium,
1402 3735 1635 3804 objicere
1655 3745 1895 3791 sanctum
1919 3751 2112 3791 nomen

524 3830 726 3886 Christi
752 3841 998 3902 tanquam
1025 3830 1368 3902 opprobrium
1394 3828 1728 3894 Christianis,
1748 3837 1803 3884 et
1827 3828 1941 3899 ejus
1968 3844 1996 3883 a
2021 3829 2114 3884 Ju-

525 3926 656 3981 dasis
685 3926 891 3981 irrisam
918 3939 1132 3981 crucem
1163 3933 1436 3994 totamque
1467 3923 1779 3978 humilitatis
1805 3923 2112 3979 christiana:

523 4019 877 4084 medicinam,
907 4003 1011 4090 qua
1058 4017 1171 4073 sola
1214 4025 1394 4072 tumor
1439 4015 1530 4071 ille
1568 4025 1785 4071 sanatur
1812 4015 1919 4086 quo
1945 4013 2114 4070 inﬂati

525 4113 814 4168 cecidimus
857 4121 912 4167 et
951 4111 1190 4180 jacentcs
1237 4110 1463 4179 amplius
1511 4107 1896 4176 inlumuimus,
1925 4107 2111 4163 eadem
2147 4113 2152 4119 '

524 4203 773 4272 superbia
803 4215 1148 4272 permanente
1177 4212 1230 4258 et
1256 4210 1530 4257 crescente
1554 4199 1937 4257 contemnere?
1962 4191 2115 4256 Dicat

525 4297 703 4364 itaque
746 4309 937 4364 corpus
966 4294 1199 4359 Christi;
1223 4294 1334 4363 jam
1361 4293 1501 4349 enim
1540 4294 1761 4364 diligere
1797 4294 1981 4348 didicit
2007 4295 2107 4348 iiii-

526 4385 694 4440 micos
737 4399 894 4448 suos;
918 4383 1056 4438 dicat
1095 4383 1328 4438 Domino
1355 4384 1464 4438 Deo
1488 4399 1586 4439 suo
1610 4425 1624 4449 ,
1659 4384 1816 4456 Aufer
1845 4401 1877 4437 a
1913 4401 1991 4437 me
2014 4401 2110 4455 op-

525 4477 785 4549 probrium
810 4484 857 4528 et
884 4485 1257 4556 contemptum,
1285 4477 1404 4546 quia
1433 4477 1684 4548 martyria
1713 4486 1799 4530 tua
1826 4476 2066 4547 exquisivi
2093 4495 2111 4532 :

527 4569 582 4624 id
607 4578 688 4622 est
708 4609 725 4634 ,
749 4565 1089 4637 opprobrium
1119 4566 1259 4637 quod
1297 4566 1417 4621 ideo
1447 4566 1605 4622 audio
1628 4611 1643 4635 ,
1672 4577 1726 4624 et
1751 4577 2111 4638 contemptum

527 4677 632 4731 quo
659 4659 777 4716 ideo
797 4667 1131 4723 contemnor,
1163 4660 1284 4728 quia
1307 4660 1558 4730 martyria
1591 4667 1677 4714 tua
1707 4661 1984 4732 exquisivi,
2013 4677 2110 4717 au-

528 4754 606 4808 fer
623 4767 652 4806 a
681 4767 784 4806 me.
815 4749 1015 4805 inimici
1037 4751 1178 4808 enim
1210 4751 1335 4816 mei,
1359 4765 1493 4821 quos
1513 4766 1543 4806 a
1564 4767 1650 4807 me
1677 4754 1918 4824 praecipis
1939 4753 2108 4827 diligi,

526 4846 616 4915 qui
649 4844 815 4914 magis
843 4843 1112 4912 magisque
1134 4844 1433 4897 moriuntur
1453 4852 1505 4897 et
1535 4855 1756 4914 pereunt
1780 4888 1794 4913 ,
1817 4860 1935 4900 cum
1967 4861 2112 4901 mar-

529 4936 664 5008 tyria
695 4945 780 4990 tua
808 4944 1153 4991 contemnunt
1178 4945 1234 4992 et
1265 4935 1614 4990 criminantur
1642 4937 1692 4991 in
1725 4953 1809 4993 me
1829 4981 1841 5005 ,
1874 4939 2113 5009 proiecto

527 5029 847 5084 reviviscent
869 5036 923 5082 et
949 5028 1302 5094 invenientur,
1331 5028 1374 5083 si
1405 5030 1655 5100 martyria
1686 5041 1770 5084 tua
1799 5042 2115 5090 venerentur

526 5120 582 5173 in
615 5135 716 5173 me.
747 5117 820 5173 Ita
849 5118 1044 5174 factum
1076 5129 1176 5187 est;
1209 5121 1309 5174 hoc
1329 5119 1586 5175 videmus.
1617 5119 1754 5178 Ecce
1803 5126 2111 5196 martyrium

526 5210 747 5277 Christi,
774 5221 826 5266 et
847 5213 986 5281 apud
1012 5214 1254 5270 homines
1283 5223 1337 5270 et
1364 5215 1417 5269 in
1443 5214 1543 5271 hoc
1571 5217 1788 5283 mundo,
1810 5233 1914 5274 non
1942 5215 2112 5276 solum

527 5317 633 5357 non
649 5311 728 5355 est
740 5304 1201 5372 opprobrium,sed
1214 5322 1459 5378 magnum
1478 5318 1560 5364 est
1575 5321 1944 5366 ornamentum
1963 5331 1974 5366 :
1989 5329 2115 5370 ecce

526 5413 633 5453 non
647 5395 818 5451 solum
837 5397 888 5450 in
907 5409 1191 5467 conspectu
1210 5401 1437 5470 Domini,
1454 5418 1636 5459 verum
1653 5391 1812 5460 etiam
1831 5405 1881 5460 in
1893 5421 2116 5478 conspe-

526 5499 616 5547 ctu
647 5487 920 5543 hominum
955 5487 1065 5558 jam
1096 5491 1326 5558 pretiosa
1360 5502 1442 5548 est
1467 5510 1609 5551 mors
1660 5506 1961 5554 sanctorum
2001 5500 2116 5569 ejus

527 5580 702 5651 (Psal.
730 5595 852 5646 cxv,
877 5579 1001 5651 l5);
1033 5594 1159 5636 ecce
1199 5596 1303 5636 non
1344 5584 1514 5638 solum
1541 5602 1647 5642 non
1684 5598 2113 5657 contemnuntur,

526 5691 711 5730 verum
737 5676 897 5730 etiam
925 5674 1132 5746 magnis
1159 5673 1448 5732 honoribus
1472 5680 1825 5747 prmioruntur
1857 5692 2118 5756 martyres

529 5766 664 5836 ejus.
685 5766 823 5823 Ecce
841 5767 977 5824 ﬁlius
994 5767 1272 5840 illejunior
1291 5768 1378 5838 qui
1395 5782 1490 5838 pro
1507 5771 1680 5839 porcis
1700 5787 1831 5842 quos
1850 5775 2115 5842 pascebat,

529 5860 585 5916 id
614 5868 726 5928 est,
759 5876 854 5930 pro
881 5861 1163 5920 immundis
1207 5861 1536 5918 dmmonibus
1561 5877 1690 5934 quos
1718 5865 1960 5936 colebat,
1997 5885 2114 5939 par-

1768 383 1822 438 s.
1867 373 2234 438 AUGUSTINI
2277 365 2582 436 EPISCOPI

3675 377 3818 447 tm

2238 493 2450 551 ticulam
2477 512 2626 552 suam
2655 498 2704 553 in
2737 499 3064 569 paucissimis
3093 498 3406 557 Christianis
3430 502 3825 574 prte‘ceden'rem

2235 585 2669 660 persequebatur;
2722 594 2829 662 jam
2881 591 3023 650 nune
3062 594 3116 650 in
3157 595 3264 651 tam
3296 595 3469 654 multis
3511 597 3571 655 et
3618 577 3850 671 magnis'

2235 683 2444 754 populis
2503 686 2736 756 gentium
2787 696 3088 767 martyres,
3139 689 3331 760 quibus
3391 689 3670 763 ingerebat
3736 708 3830 767 op-

2235 774 2506 844 probrium
2540 818 2554 842 ,
2605 761 3006 848 religiosissime
3062 779 3396 850 praedicans,
3463 779 3517 839 et
3576 781 3831 843 momnis

2231 863 2476 922 laudibus
2498 885 2630 939 quos
2658 871 3031 927 contemnebat
3057 856 3319 940 exultans,
3352 873 3597 933 mortuus
3631 889 3750 936 erat
3779 891 3831 939 et

2232 945 2443 1025 revixit,
2469 955 2698 1030 perierat
2719 959 2769 1018 et
2794 949 3039 1019 inventus
3068 978 3147 1021 est
3170 949 3319 1036 (lue.
3351 971 3442 1037 xv,
3471 970 3688 1044 ω-Ξι).
3716 969 3830 1030 Hoc

2233 1060 2339 1107 tarn
2385 1055 2574 1124 magno
2627 1055 2776 1111 lucro
2823 1059 3205 1127 correctionis,
3237 1057 3612 1118 cenversi'o'iiis
3656 1061 3714 1121 ei
3750 1069 3831 1123 re-

2231 1133 2550 1215 demptionis
2589 1150 2921 1206 inimicorum
2967 1150 3184 1209 Suarum
3224 1153 3419 1226 Corpus
3461 1143 3670 1214 Christi
3724 1160 3830 1216 Deo

2230 1235 2383 1302 dixit,
2413 1237 2569 1310 Aufer
2597 1257 2627 1324 a
2650 1257 2726 1294 me
2754 1227 3078 1312 approbrimn
3107 1237 3153 1300 ei
3181 1243 3518 1326 contem-piunt
3553 1255 3572 1303 ἐ
3600 1245 3658 1304 e1
3679 1247 3830 1320 "(innisi

2230 1341 2561 1401 qutereretur
2599 1319 2667 1389 de
2708 1351 2810 1406 qua
2850 1334 2910 1393 re
2949 1335 3328 1408 opprobrium,
3360 1320 3426 1396 de
3455 1341 3559 1412 qua
3599 1339 3665 1398 re
3704 1359 3832 1400 con-

2231 1431 2536 1495 templum;
2586 1427 2895 1501 subjungit,
2950 1431 3202 1499 Quoniam
3255 1419 3509 1508 martyria
3582 1430 3675 1491 tua
3740 1445 3830 1492 ex-

2229 1518 2427 1588 quisivi.

2301 1599 2353 1664 3.
2383 1608 2531 1684 [vers.
2559 1599 2629 1669 23
2649 1656 2661 1679 ,
2693 1597 2809 1688 94.]
2837 1599 2938 1672 Ubi
2981 1617 3064 1673 est
3105 1635 3245 1674 nunc
3271 1617 3402 1676 illud
3430 1606 3833 1692 opprobrium?

2230 1700 2319 1757 ubi
2364 1703 2455 1758 ille
2502 1708 2872 1778 contemptus?
2897 1708 3157 1766 Abierunt
3183 1722 3342 1783 atque
3375 1713 3747 1781 transierunt;
3780 1725 3832 1771 et

2228 1793 2351 1865 quia
2392 1794 2592 1852 inventi
2635 1809 2758 1853 sunt
2800 1801 2890 1870 qui
2938 1801 3240 1871 perierant,
3270 1797 3358 1859 illa
3390 1797 3693 1875 perierunt.
3727 1791 3830 1862 Sed

2229 1877 2440 1956 quando
2463 1889 2698 1946 Ecclesia
2721 1883 2842 1947 talia
2870 1884 3204 1964 precabatur,
3233 1890 3319 1952 illa
3348 1889 3678 1967 patiebatur.
3719 1881 3822 1956 Ete-

2228 1967 2332 2030 nim
2359 1979 2592 2034 sederunt
2616 1982 2865 2053 principes
2885 2026 2897 2049 ,
2922 1985 3125 2055 inquit,
3155 1985 3200 2040 et
3229 1986 3494 2043 adversum
3523 2007 3611 2044 me
3654 1991 3830 2061 loque-

2229 2071 2426 2127 bantur.
2451 2073 2575 2129 inde
2597 2079 2895 2146 persecutio
2913 2081 3087 2149 gravis
3108 2069 3241 2147 erat,
3260 2084 3379 2154 quia
3401 2100 3518 2139 eam
3545 2077 3827 2154 sedentes,

2228 2162 2330 2220 hoc
2353 2175 2436 2221 est
2453 2167 2744 2237 judiciariis
2761 2171 2975 2228 sedibus
2998 2174 3315 2244 eminentes,
3340 2175 3616 2248 principes
3643 2159 3829 2235 decer-

2226 2260 2444 2315 nebant.
2475 2262 2634 2317 Beier
2668 2263 2770 2321 hoc
2807 2267 2871 2321 ad
2914 2268 3084 2337 ipsum
3115 2278 3311 2339 caput;
3342 2267 3586 2326 invenies
3619 2255 3830 2327 sedisse

2225 2351 2492 2422 principes
2524 2354 2828 2412 Judzeorum
2852 2400 2865 2422 ,
2897 2361 3179 2415 consilium
3219 2372 3520 2432 quaerentes
3548 2363 3833 2436 quomodo

2226 2443 2491 2500 Christum
2535 2447 2819 2516 perderent
2843 2449 3073 2524 (Matth.
3111 2469 3234 2509 xxvr
3255 2497 3270 2519 ,
3299 2455 3376 2526 5).
3411 2443 3571 2512 Refer
3612 2461 3735 2512 IIOC
3770 2441 3832 2514 ad

2224 2552 2417 2608 corpus
2457 2541 2606 2611 ejus,
2635 2543 2686 2598 id
2726 2557 2805 2599 est
2846 2529 3176 2612 Ecclesiam;
3208 2546 3449 2606 invenies
3477 2568 3628 2622 reges
3681 2549 3832 2607 terra:

2224 2633 2553 2702 excogitasse
2569 2643 2727 2705 atque
2737 2636 2959 2703 jussisse
2971 2628 3237 2709 quomodo
3253 2641 3537 2698 Christiani
3552 2649 3829 2716 nusquam

2224 2735 2424 2780 essent.
2456 2725 2653 2782 Etenim
2679 2731 2910 2784 sederunt
2942 2733 3192 2802 principes
3216 2775 3229 2798 ,
3261 2745 3309 2788 et
3337 2721 3603 2792 adversum
3629 2756 3729 2793 me
3758 2739 3829 2794 lu-

2223 2817 2497 2886 quebantur
2522 2835 2541 2872 :
2564 2837 2734 2874 servus
2757 2832 2922 2876 autem
2949 2823 3061 2878 tuus
3085 2825 3408 2881 exercebatur
3425 2813 3478 2883 in
3507 2831 3606 2885 tuis
3620 2822 3826 2902 justifi-

2223 2910 2520 2965 catianibns.
2553 2911 2733 2979 Qualis
2778 2901 3088 2972 exercitatio
3131 2919 3245 2974 haec
3287 2919 3484 2990 fuerit,
3512 2922 3602 2994 qui
3665 2901 3826 2984 nosse

2223 3001 2518 3067 desideras,
2549 3006 2693 3074 quod
2719 3005 2960 3076 adjunxit
2987 3009 3222 3082 intelligo
3251 3031 3264 3068 :
3298 3013 3436 3069 Nam
3459 3026 3505 3071 et
3529 3013 3825 3074 testimonia

2221 3099 2310 3145 tua
2333 3094 2593 3148 meditatio
2617 3112 2728 3150 mea
2751 3107 2843 3176 est,
2870 3109 2916 3153 et
2942 3103 3205 3157 consilium
3235 3121 3400 3160 meum
3418 3095 3823 3178 justi/italicae:

2223 3193 2340 3240 tum.
2380 3185 2574 3241 Recole
2621 3189 2760 3258 quod
2802 3193 3045 3262 superius
3079 3197 3457 3274 commendavi
3507 3183 3819 3259 testimonia

2221 3291 2341 3333 esse
2391 3283 2665 3352 martyria.
2713 3282 2920 3360 Recole
2967 3287 3020 3340 in
3070 3273 3539 3358 justilicationibus
3600 3287 3818 3353 Domini

2221 3370 2420 3426 nullam
2470 3387 2591 3428 esse
2627 3373 2981 3432 difﬁciliorem
3017 3389 3070 3434 et
3115 3382 3493 3440 mirabiliorem
3515 3427 3529 3451 ,
3561 3403 3734 3458 quam
3767 3400 3820 3445 ut

2150 3532 2154 3537 _
2219 3479 2349 3520 suos
2389 3469 2612 3537 quisque
2655 3468 2840 3540 diligat
2881 3471 3143 3528 inimicos.
3180 3475 3270 3531 Sic
3296 3493 3423 3548 ergo
3460 3483 3819 3537 exercebatur

2220 3572 2415 3626 corpus
2441 3557 2656 3625 Christi,
2678 3572 2735 3617 ut
2758 3572 2809 3618 et
2835 3567 3086 3638 martyria
3114 3568 3230 3639 ejus
3257 3569 3620 3641 meditaretur,
3650 3587 3714 3631 et
3738 3578 3817 3633 di-

2222 3648 2410 3718 ligeret
2429 3666 2520 3706 eos
2540 3667 2570 3706 a
2591 3653 2782 3724 quibus
2805 3657 3249 3727 opprobrautibus
3275 3657 3327 3718 et
3346 3655 3818 3727 contemnentibus

2221 3752 2439 3812 prepter
2465 3745 2577 3813 ipsa
2618 3750 2868 3819 martyrio
2914 3754 3310 3820 persecutiones
3339 3741 3660 3826 patiebatur.
3693 3764 3814 3819 Non

2219 3833 2363 3888 enim
2393 3849 2491 3903 pro
2518 3850 2593 3909 se,
2625 3838 2759 3893 sicut
2779 3839 2888 3910 jam
2909 3845 3419 3924 commendavimus,
3444 3835 3536 3906 sed
3559 3869 3656 3922 pro
3679 3855 3816 3926 ipsis

2218 3927 2397 3996 potius
2425 3926 2611 3982 orabat
2636 3928 2818 3985 dicens
2840 3973 2856 3999 ,
2884 3927 3043 4006 Aufer
3069 3951 3102 3989 a
3139 3953 3216 3991 me
3241 3941 3565 4010 approbn'um
3594 3954 3643 3998 et
3684 3963 3812 4001 con-

2219 4028 2482 4090 temptum.
2535 4021 2787 4076 Sederttnt
2833 4039 2960 4097 ergo
3005 4015 3290 4098 principes,
3332 4043 3382 4086 et
3425 4036 3695 4091 adversum
3741 4057 3814 4095 me

2221 4113 2552 4181 loquebantur
2577 4131 2596 4168 :
2621 4131 2789 4169 servus
2813 4126 2979 4172 autem
3009 4127 3122 4174 tuus
3147 4124 3466 4179 exercebatur
3485 4128 3537 4181 in
3548 4130 3812 4201 justi/ica-

2223 4204 2438 4260 tionibus
2478 4209 2597 4260 tuis.
2623 4206 2866 4274 Quonam
2893 4210 3095 4266 modo?
3123 4212 3261 4268 Nam
3304 4227 3353 4270 et
3392 4220 3674 4276 testimonia
3725 4235 3810 4279 tua

2221 4297 2477 4351 meditatio
2498 4314 2608 4352 mea
2630 4308 2724 4366 est,
2743 4311 2789 4354 et
2809 4302 3074 4356 consilium
3092 4320 3258 4359 meum
3272 4301 3661 4377 justificationes
3684 4325 3805 4370 tum.

2220 4387 2510 4442 Consilium
2554 4397 2738 4444 contra
2783 4392 3061 4446 consilium
3115 4412 3128 4448 :
3181 4395 3460 4453 consilium
3505 4401 3807 4459 sedentium

2222 4481 2518 4551 principum
2563 4481 2659 4535 luit
2685 4479 2930 4538 inventos
2957 4495 3217 4557 martyres
3244 4489 3490 4559 perdere;
3522 4496 3804 4552 consilium

2222 4572 2532 4642 patientium
2561 4583 2852 4646 martyrum
2881 4575 2979 4631 fuit
3008 4577 3253 4636 inimicos
3283 4584 3517 4652 perditos
3541 4585 3802 4645 invenire.

2221 4663 2538 4720 Reddebant
2567 4666 2642 4721 illi
2669 4667 2805 4721 mala
2836 4684 2932 4738 pro
2974 4667 3162 4738 bonis;
3192 4674 3306 4742 isti,
3336 4676 3474 4732 bona
3501 4694 3597 4748 pro
3628 4683 3800 4738 malis.

2222 4758 2358 4826 Quid
2402 4774 2530 4830 ergo
2573 4761 2762 4816 mirum
2799 4763 2842 4817 si
2887 4763 2960 4817 illi
3000 4765 3290 4823 occidendo
3329 4769 3638 4830 defecerunt
3668 4817 3684 4843 ,
3719 4776 3801 4831 isti

2223 4851 2502 4908 moriendo
2527 4853 2808 4909 vicerunt?
2833 4853 2970 4921 Quid
2996 4895 3009 4923 ,
3040 4857 3252 4929 inquam
3275 4902 3288 4923 ,
3313 4862 3505 4917 mirum
3531 4845 3576 4919 si
3605 4878 3801 4939 marty-

2223 4961 2310 5001 res
2355 4946 2694 5003 saevientibus
2744 4943 3000 5004 Gentibus
3040 4953 3383 5021 temporalem
3432 4967 3658 5014 mortem
3713 4977 3800 5030 pa-

2225 5038 2541 5094 tientissime
2575 5039 2946 5109 pertulerunt,
2971 5049 3026 5097 et
3060 5041 3259 5099 Gentes
3297 5049 3619 5120 martyribus
3648 5069 3801 5107 oran-

2225 5133 2364 5187 tibus
2405 5131 2471 5186 ad
2502 5141 2758 5187 aeternam
2796 5132 2958 5188 vitam
3002 5137 3282 5204 pervenire
3324 5151 3648 5209 potuerunt;
3677 5143 3797 5199 dum

2224 5240 2419 5297 corpus
2447 5225 2643 5281 Christi
2683 5225 2760 5280 sic
2787 5235 3096 5295 exercetur,
3129 5237 3187 5283 ut
3214 5238 3269 5284 et
3297 5238 3546 5311 martyria
3578 5236 3798 5292 medite-

2227 5328 2348 5386 tur,
2376 5329 2429 5374 et
2470 5319 2622 5376 malis
2674 5328 2966 5392 martyrum
3016 5323 3448 5393 persecutoribus
3497 5325 3634 5384 bona
3688 5345 3800 5402 pre-

2225 5422 2376 5470 cetur
2394 5414 2417 5468 7

2819 5641 3230 5709 mw
