4188 6450
389 380 530 444 1525

1057 488 1231 551 Scinio
1258 496 1315 550 it.
1472 568 1477 575 '
1692 570 1695 575 Α
1964 566 1969 567 γ

462 596 514 649 l.
547 591 697 667 [vera
725 588 844 663 25.]
874 587 1126 659 Sequitur
1151 586 1203 642 in
1235 586 1337 640 iSto
1366 570 1568 655 psalmo
1595 570 1815 652 majore,
1842 574 1984 650 quod

391 686 761 749 considerare,
810 693 866 739 et
908 683 1046 737 sicut
1088 678 1349 735 Dominus
1375 676 1603 741 dederit,
1658 682 1984 745 pertractare

391 779 653 836 debemus
672 818 688 844 ,
718 775 945 831 Adhmit
968 773 1251 845 pavimento
1293 771 1465 826 aninta
1501 776 1612 824 mea
1635 784 1656 834 ;
1683 768 1880 838 vivi/ica
1907 782 1988 821 me

392 869 675 927 secundum
694 868 897 923 verbum
935 874 1097 920 tuum.
1142 863 1280 932 Quid
1305 873 1409 931 est,
1451 860 1678 917 Ali/uexit
1705 860 1985 933 pavimento

326 965 341 989 ’
390 963 570 1017 anima
596 961 744 1016 mea?
768 958 900 1015 Nam
927 973 1050 1014 cum
1094 955 1332 1028 adiungit
1360 963 1416 1011 et
1456 953 1606 1021 dicit,
1649 950 1862 1022 Viviﬁca
1908 967 1988 1006 me

391 1061 675 1113 secundum
718 1053 923 1108 verbum
964 1060 1146 1116 tuum;
1186 1063 1351 1120 quare
1376 1062 1437 1104 se
1481 1045 1733 1101 viviﬁcari
1778 1050 1984 1115 poscat,

392 1152 581 1220 utique
606 1148 823 1203 causam
852 1144 1124 1215 prmmisit,
1153 1141 1384 1198 dicendo
1407 1180 1422 1209 ,
1452 1139 1679 1195 Adhaesit
1703 1138 1987 1210 pavimento

391 1245 571 1298 anima
612 1256 746 1295 mea.
794 1239 934 1309 Ergo
979 1236 1100 1308 quia
1129 1243 1410 1307 propterea
1440 1248 1501 1289 se
1543 1230 1795 1286 viviﬁcari
1834 1230 1983 1300 petit,

391 1339 520 1412 quia
547 1335 853 1408 pavimento
897 1331 1122 1387 adhmsit
1163 1328 1341 1385 anima
1365 1326 1519 1399 eius;
1551 1325 1746 1381 mirum
1791 1324 1836 1379 si
1860 1323 1989 1379 boni

392 1433 595 1505 aliquid
627 1428 754 1486 hinc
780 1427 893 1484 vult
935 1422 1175 1496 intelligi.
1222 1422 1298 1478 lta
1341 1422 1537 1493 quippe
1582 1434 1643 1475 se
1690 1417 1852 1473 habet
1879 1424 1989 1473 tota

393 1528 496 1584 ista
540 1524 825 1592 sententia,
861 1520 1108 1593 tanquam
1134 1519 1338 1574 diceret
1363 1533 1378 1571 :
1404 1516 1639 1570 Mortuus
1667 1527 1825 1579 sum;
1853 1510 1988 1567 vivi-

394 1622 495 1675 iica
517 1630 625 1674 me.
647 1610 785 1685 Quid
807 1621 888 1671 est
911 1626 1039 1686 ergo
1059 1608 1464 1685 pavimentum?
1482 1602 1539 1663 Si
1562 1617 1809 1676 tanquam
1827 1616 1989 1659 unam

400 1708 684 1784 quamdam
726 1708 944 1763 domum
985 1717 1229 1776 magnam
1260 1701 1566 1757 universum
1599 1696 1855 1753 mundum
1893 1709 1989 1751 ve-

401 1805 555 1859 limus
584 1800 849 1873 accipere,
883 1797 1127 1854 videmus
1152 1794 1296 1850 velut
1323 1793 1440 1863 ejus
1467 1800 1733 1847 cameram
1752 1787 1986 1844 omium:

398 1906 540 1951 terra
592 1892 697 1949 erit
744 1891 901 1963 igitur
943 1889 1321 1961 pavimentum.
1370 1883 1498 1941 Vult
1544 1882 1721 1955 itaque
1765 1880 1990 1937 terrenis

395 1986 535 2051 erui,
576 1993 631 2039 et
669 1998 789 2038 cum
833 1980 1090 2053 Apostolo
1114 1979 1317 2047 dicere,
1348 1976 1672 2033 Conversatio
1714 1983 1891 2029 nostra
1933 1973 1989 2027 in

396 2081 540 2134 cretis
568 2074 937 2151 cst(Phitipp.
990 2089 1069 2142 tn,
1096 2072 1170 2128 20
1194 2072 1235 2145 ).
1281 2069 1511 2126 Proinde
1537 2068 1763 2124 terrenis
1812 2065 1993 2121 adhae-

394 2182 523 2227 rere
569 2181 715 2225 mors
752 2167 944 2221 animae
972 2175 1091 2231 est;
1141 2164 1229 2219 cui
1259 2163 1401 2217 malo
1444 2160 1711 2217 contraria
1754 2157 1992 2229 poscitur

396 2264 529 2328 vita,
562 2272 684 2316 cum
718 2259 932 2326 dicitur,
974 2254 1190 2325 Viviﬁca
1213 2270 1313 2309 met

470 2356 529 2412 2.
557 2354 664 2410 Sed
690 2351 974 2407 videndum
1003 2359 1085 2406 est
1125 2354 1301 2404 utrum
1351 2353 1647 2417 congruant
1684 2344 1807 2399 huic
1832 2342 1988 2399 verba

399 2451 524 2513 ista,
557 2444 648 2518 'qui
672 2446 917 2517 Superius
944 2444 1067 2500 talia
1094 2443 1319 2507 dixerat,
1359 2439 1554 2512 quibus
1581 2439 1749 2510 magis
1780 2438 1890 2493 Deo
1916 2437 1989 2493 vi.

398 2543 593 2600 deatur
634 2540 924 2597 adhaesisse
965 2548 1124 2609 quam
1173 2537 1496 2607 pavimento,
1546 2542 1604 2588 ut
1650 2529 1990 2589 conversatio

399 2637 521 2707 ejus
549 2648 653 2689 non
699 2632 750 2687 in
797 2631 1041 2695 terrenis,
1088 2628 1183 2685 sed
1236 2629 1289 2683 in
1333 2624 1639 2683 cmlestlbus
1684 2624 1989 2680 haberetur.

400 2726 683 2797 Quomodo
709 2725 851 2780 enim
881 2730 1055 2794 potest
1083 2720 1305 2792 intelligi
1336 2719 1563 2775 terrenis
1591 2714 1878 2772 adhtesisse
1903 2716 1992 2787 qui

400 2820 533 2875 dicit
564 2835 576 2872 :
613 2816 801 2874 Servus
826 2825 993 2869 autem
1022 2823 1135 2867 tuus
1164 2811 1484 2867 exercebatur
1524 2810 1576 2863 in
1610 2807 1708 2863 tuis
1734 2808 1991 2881 justiﬁca-

403 2910 667 2976 tionibus;
694 2923 812 2962 nam
847 2916 894 2961 et
934 2902 1215 2961 testimonia
1258 2913 1345 2957 tua
1370 2902 1628 2957 meditatio
1656 2916 1768 2955 mea
1815 2909 1907 2966 est,
1949 2909 1995 2955 et

402 3004 673 3059 consilium
712 3014 878 3054 meum
906 2999 1295 3070 justi/Rationes
1341 2996 1481 3051 tum?
1515 2995 1639 3050 Haec
1686 3002 1809 3049 sunt
1850 2994 1993 3050 enim

403 3094 569 3151 verba
643 3092 759 3162 ejus
824 3089 1233 3155 antecedentia,
1289 3101 1516 3159 quorum
1568 3082 1994 3141 antecedentium

404 3188 507 3243 'sta
556 3195 682 3241 sunt
728 3182 1145 3253 consequentia,
1210 3179 1438 3234 Adhtesit
1486 3178 1770 3249 pavimento
1823 3179 1997 3232 anima

402 3294 541 3335 mea.
568 3278 652 3334 An
701 3290 767 3333 ex
797 3274 901 3331 hoc
942 3272 1235 3344 intelligere
1285 3271 1578 3335 debemus,
1609 3269 1997 3341 quantumlibet

401 3374 632 3445 quisque
672 3369 913 3440 proﬁciat
942 3369 994 3423 in
1031 3364 1499 3438 justiﬁeatidnibus
1529 3363 1758 3426 Domini,
1800 3362 1997 3419 habere

401 3482 528 3523 eum
556 3463 795 3519 mortalis
838 3461 1014 3517 carnis
1052 3458 1301 3514 aliectum
1345 3456 1484 3512 circa
1535 3455 1635 3511 ista
1662 3463 1894 3522 terrena,
1942 3455 1996 3510 in

401 3558 599 3629 quibus
640 3556 745 3609 vita
778 3554 1006 3609 humana
1043 3549 1269 3606 teutatio
1310 3554 1395 3604 est
1440 3562 1601 3618 super
1630 3555 1825 3601 terram
1855 3543 1996 3617 (Job

401 3667 499 3716 vn,
529 3650 627 3717 l);
670 3656 724 3702 et
768 3645 834 3700 ab
863 3644 963 3700 hac
1005 3651 1177 3698 morte
1213 3640 1262 3696 si
1306 3647 1712 3711 perseveranter
1760 3638 1993 3710 proiicit,

400 3740 642 3813 quotidie
654 3739 987 3801 reviviscere,
1008 3735 1305 3791 viviﬁcante
1334 3733 1445 3799 illo,
1468 3733 1619 3804 cujus
1636 3733 1803 3805 gratia
1835 3732 1996 3792 homo

401 3845 592 3892 noster
618 3833 839 3889 interior
869 3838 1154 3886 renovatur
1182 3828 1251 3884 de
1272 3827 1360 3883 die
1386 3827 1438 3881 in
1467 3827 1610 3882 diem
1639 3825 1746 3901 ((Ii
1774 3826 1891 3882 Cor.
1920 3838 1992 3894 tv,

400 3928 550 4001 i6)?
578 3927 709 3983 Nam
748 3934 803 3980 et
826 3922 952 3979 illud
986 3922 1269 3993 Apostolus
1295 3936 1417 3976 cum
1447 3919 1676 3985 diccbat,
1736 3919 1996 3988 Quamdiu

401 4028 582 4077 sumus
606 4020 663 4073 in
690 4032 918 4087 corpore,
944 4015 1323 4085 peregrinantur
1348 4029 1383 4066 α
1410 4010 1631 4066 Domino
1654 4010 1774 4078 (Id.
1796 4026 1849 4079 v,
1879 4010 1952 4081 6)
1976 4044 1993 4080 ,

402 4125 463 4170 et
488 4109 901 4180 concupiscebat
939 4106 1178 4174 dissolvi,
1203 4113 1259 4161 et
1282 4118 1404 4160 esse
1428 4112 1553 4159 cum
1586 4101 1798 4158 Christo
1825 4100 1845 4176 (
1869 4101 1998 4157 Phi-

405 4209 538 4277 lipp.
570 4220 607 4271 ι,
636 4203 708 4259 25
733 4201 752 4272 )
778 4218 794 4268 ;
825 4200 1125 4256 adhreserat
1145 4198 1449 4270 pavimento
1469 4196 1647 4251 anima
1673 4194 1807 4266 ejus.
1840 4194 1996 4252 Unde

404 4309 463 4354 et
488 4304 682 4367 eorpus
712 4294 906 4365 ipsum,
932 4292 1055 4363 quia
1083 4305 1147 4347 ex
1177 4301 1319 4345 terra
1346 4297 1450 4357 est,
1493 4302 1600 4343 non
1638 4286 1869 4343 absurde
1907 4287 1994 4343 in-

408 4388 662 4459 telligitur
688 4386 1047 4457 pavimentum
1072 4400 1088 4448 ;
1120 4381 1261 4453 quod
1290 4381 1462 4436 adhuc
1488 4380 1609 4451 quia
1646 4379 1994 4450 corruptibile

406 4488 574 4538 estet
601 4484 852 4550 aggravet
875 4476 1105 4530 animam
1133 4473 1301 4545 (Sap.
1337 4488 1409 4537 ut,
1459 4472 1524 4525 15
1546 4471 1601 4541 ),
1634 4480 1779 4526 recte
1809 4471 1859 4525 in
1904 4471 1995 4527 illo

406 4568 822 4641 congemiscitur
834 4576 888 4623 et
901 4566 1093 4621 dicitur
1119 4563 1247 4627 Deo,
1277 4561 1500 4616 Adluesit
1524 4561 1805 4631 pavimento
1825 4562 1996 4617 anima

406 4681 549 4725 mea,
570 4662 766 4731 oiviﬁca
795 4676 875 4714 me
908 4656 1185 4713 secundant
1212 4655 1411 4709 verbum
1456 4663 1613 4707 tamn.
1641 4652 1823 4724 Neque
1850 4655 1993 4709 enim

407 4770 520 4812 non
547 4769 666 4809 cum
691 4750 1002 4822 corporibus
1028 4746 1225 4802 nostris
1248 4760 1462 4814 semper
1482 4760 1602 4800 cum
1636 4745 1861 4800 Domino
1888 4746 1995 4801 eri-

408 4862 533 4903 mus
562 4846 581 4919 (
605 4846 619 4900 l
641 4844 820 4899 Thess.
853 4857 907 4898 tv
927 4883 942 4909 ,
978 4839 1149 4895 12-16
1176 4840 1197 4910 )
1221 4856 1236 4905 ;
1265 4837 1360 4893 sed
1385 4846 1508 4892 tunc
1553 4838 1675 4908 quia
1705 4854 1810 4892 non
1836 4847 1997 4894 erunt

406 4939 773 5012 corruptibilis
818 4951 921 4993 nec
958 4936 1163 4990 animas
1203 4932 1577 5003 aggravabunt,
1622 4934 1666 4987 si
1714 4932 1995 5003 diligenter

406 5032 810 5089 consideremus
836 5070 852 5098 ,
906 5042 1010 5084 non
1061 5028 1141 5082 eis
1170 5040 1287 5091 nos,
1335 5024 1429 5080 sed
1458 5026 1571 5095 ipsa
1618 5025 1770 5079 nobis
1818 5025 1993 5095 potius

408 5127 777 5193 adhaerebunt,
823 5128 923 5179 n'os
965 5130 1143 5177 autem
1190 5121 1319 5175 Deo.
1349 5117 1501 5175 Unde
1554 5118 1772 5174 alterius
1803 5120 1991 5188 psalmi

409 5224 571 5279 verba
601 5222 689 5278 illa
724 5224 868 5288 sunt,
904 5218 1032 5273 Mihi
1074 5224 1241 5271 autem
1266 5215 1525 5269 adhtercre
1560 5212 1665 5267 Deo
1713 5213 1896 5268 bonum
1921 5223 1994 5269 est

409 5313 601 5385 (Psal.
650 5328 819 5380 Lxxu,
877 5311 949 5367 28
978 5312 1041 5382 ):
1094 5319 1151 5364 ut
1202 5309 1381 5363 vivant
1425 5310 1650 5376 corpora
1700 5321 1766 5361 ex
1817 5306 1990 5375 nobis,

406 5406 729 5464 adhaerendo
780 5405 967 5471 nobis;
998 5402 1096 5460 nos
1116 5412 1293 5459 autem
1325 5402 1565 5456 vivamus
1592 5415 1661 5455 ex
1692 5400 1820 5465 Deo,
1865 5400 1991 5471 quia

407 5501 563 5558 nobis
591 5501 849 5555 adhwrere
874 5499 981 5553 Deo
1024 5501 1209 5553 bonum
1248 5504 1340 5550 est.
1373 5492 1623 5549 Adhecsio
1670 5494 1862 5563 quippe
1891 5494 1989 5547 ista

408 5594 474 5649 tle
504 5610 605 5665 qua
631 5593 829 5648 dictum
846 5601 946 5656 est,
976 5590 1200 5645 Adhaesit
1224 5588 1505 5658 paintenlo
1526 5586 1698 5640 anima
1724 5601 1855 5652 mea,
1885 5600 1991 5640 non

408 5685 833 5756 cunjunctiouem
864 5682 1041 5739 carnis
1088 5686 1143 5736 et
1184 5680 1395 5744 animm,
1446 5678 1688 5749 quamvis
1738 5684 1793 5734 et
1824 5679 1989 5749 ipsam

422 5778 621 5845 luidam
674 5777 1067 5842 intellexerint;
1115 5773 1209 5830 scd
1267 5772 1535 5828 carnalem
1586 5772 1754 5843 magis
1800 5772 1991 5826 animae

433 5870 680 5940 ficetum,
729 5888 832 5944 quo
880 5886 1007 5928 caro
1062 5866 1391 5939 concupiscit
1437 5862 1695 5920 adversus
1744 5864 1984 5934 spiritum

1493 364 1889 433 ENARRATIH
1929 372 1994 429 IN
2034 370 2350 430 PSALMUM
2388 372 2619 429 CXVIII.

3541 382 3681 440 1520

2090 485 2287 561 (Calai.
2315 492 2367 555 v,
2398 480 2539 559 l7),
2571 482 2866 558 Significarc
2911 488 3041 547 mihi
3071 484 3298 549 videtur.
3325 492 3479 564 Quod
3509 496 3552 551 si
3584 513 3680 552 re-

2086 586 2171 636 cte
2197 580 2472 651 accipitur,
2522 575 2766 653 p’ro‘feCto
2812 583 2901 654 qui
2933 583 3082 653 dicit,
3124 585 3352 641 Adhaztit
3398 586 3682 665 pavimento

2088 668 2259 729 anima
2286 676 2416 739 mea,
2448 664 2642 751 vivi/ica
2671 670 2749 731 me
2770 674 3042 732 secundum
3068 676 3268 734 verbum
3293 676 3454 747 tuum,
3497 694 3601 736 non
3629 679 3682 737 id

2089 764 2228 834 orat,
2256 766 2314 820 ut
2340 754 2408 822 de
2449 760 2675 837 corpore
2724 766 2910 823 mortis
2936 766 3116 841 hujus,
3165 778 3337 826 morte
3365 770 3533 841 ipsius
3557 787 3682 828 cor-

2089 858 2236 931 poris
2263 850 2656 914 interveniente
2683 852 2955 927 solvatur;
2987 861 3127 932 quod
3172 861 3285 918 dies
3312 862 3531 919 ultimus
3557 863 3683 919 vitae

2092 940 2251 1022 hujus
2272 994 2286 1018 ,
2337 950 2426 1023 qui
2468 961 2686 1023 pr0pter
2714 955 2829 1024 ejus
2855 946 3171 1013 brevitatem
3199 972 3305 1013 non
3356 966 3534 1029 potest
3562 974 3685 1017 esse

2092 1044 2397 1111 diuturnus,
2448 1046 2764 1117 quandoque
2797 1038 3034 1103 facturus
3064 1057 3146 1103 est
3173 1065 3188 1104 :
3219 1049 3314 1105 sed
3346 1059 3401 1107 ut
3427 1050 3684 1125 concupi-

2092 1128 2294 1194 5centia
2335 1148 2436 1209 qua
2464 1140 2858 1210 concupiscitur
2902 1140 3157 1197 adversus
3202 1142 3443 1213 Spiritum
3468 1186 3483 1211 ,
3516 1142 3685 1216 magis

2092 1231 2365 1302 magisque
2396 1232 2669 1287 minuatur
2701 1276 2714 1299 ,
2742 1236 2796 1288 et
2820 1234 3250 1306 concupiscentia
3289 1252 3391 1307 qua
3428 1236 3683 1308 concupiv

2092 1321 2259 1375 scitur
2290 1320 2545 1378 adversus
2590 1338 2828 1391 carnem,
2861 1324 3030 1397 magis
3070 1341 3132 1381 ac
3170 1326 3340 1398 magis
3391 1338 3684 1398 augeatur;

2092 1412 2265 1469 donec
2293 1415 2391 1469 ista
2420 1424 2761 1471 consumatur
2801 1417 2856 1471 in
2887 1416 3059 1483 nobis,
3089 1424 3144 1473 et
3169 1418 3258 1474 illa
3285 1429 3689 1476 consummetur

2094 1522 2190 1578 per
2213 1504 2466 1576 Spiritum
2497 1514 2734 1563 sanctum
2766 1508 2853 1580 qui
2875 1507 3027 1564 datus
3048 1516 3130 1565 est
3158 1510 3331 1565 nobis.

2164 1599 2221 1657 5.
2233 1597 2381 1673 [vers.
2393 1598 2509 1675 26.]
2524 1599 2663 1658 Bene
2674 1608 2848 1657 autem
2863 1618 2967 1658 non
2978 1603 3071 1671 ait,
3088 1598 3296 1676 Viviﬁca
3307 1622 3385 1661 me
3396 1602 3687 1665 Secundum

2093 1692 2341 1748 meritum
2387 1708 2598 1759 meum;
2651 1692 2743 1750 sed
2782 1686 2889 1763 aii,
2935 1696 3209 1751 secundum
3255 1696 3458 1752 verbum
3497 1704 3689 1756 tuum:

2094 1784 2235 1856 quod
2254 1784 2380 1856 quid
2403 1791 2485 1840 eSt
2509 1782 2673 1854 aliud,
2700 1785 2819 1851 nisi,
2848 1784 3137 1841 secundum
3160 1790 3478 1859 promissum
3502 1790 3689 1845 tuum?

2093 1864 2263 1933 Filius
2311 1876 2681 1948 premissionis
2729 1878 2844 1933 vult
2887 1894 3028 1947 csse,
3072 1896 3177 1934 non
3222 1878 3362 1937 illius
3402 1878 3689 1949 elationis;

2094 1978 2152 2026 ut
2177 1971 2465 2027 secundum
2488 1956 2709 2043 gratiam
2733 1971 2881 2027 firma
2904 1972 2972 2027 sit
2993 1970 3275 2043 promissio
3297 1977 3441 2031 omni
3466 1978 3684 2036 semini.

2094 2062 2208 2119 Hoc
2248 2072 2329 2119 est
2372 2062 2515 2119 enim
2562 2063 2780 2119 verbum
2811 2065 3181 2141 promissionis
3216 2086 3227 2121 :
3260 2063 3324 2121 In
3354 2065 3507 2123 Isaac
3536 2086 3691 2125 voca-

2094 2154 2226 2211 bitur
2255 2154 2344 2210 tibi
2384 2172 2549 2210 semen
2590 2170 2609 2211 :
2636 2152 2729 2210 hoc
2759 2164 2832 2211 est
2857 2198 2871 2223 ,
2903 2150 3023 2211 Non
3049 2159 3135 2229 qui
3158 2154 3256 2228 ﬁlii
3299 2161 3485 2227 carnis,
3514 2158 3565 2215 bi
3594 2159 3691 2231 ﬁlii

2095 2244 2213 2314 Dei,
2255 2248 2342 2303 sed
2381 2246 2479 2323 [iiii
2505 2244 2849 2321 promissionis
2875 2249 3180 2320 deputantur
3202 2252 3254 2307 in
3279 2253 3466 2308 semine
3490 2254 3507 2325 (
3538 2250 3687 2311 Rom.

2094 2356 2169 2407 ix,
2202 2340 2254 2407 7,
2279 2334 2311 2397 8
2335 2344 2374 2412 ).
2398 2340 2528 2396 Nam
2556 2336 2679 2413 quid
2707 2352 2821 2398 erat
2841 2344 2952 2414 ipse
2980 2359 3072 2414 per
3092 2344 3347 2417 seipsum,
3376 2344 3426 2400 in
3458 2362 3523 2402 eo
3549 2348 3691 2417 quod

2095 2436 2353 2504 sequitur,
2384 2430 2666 2489 confitetur
2696 2453 2709 2490 :
2740 2432 2861 2490 νίας
2900 2452 3033 2490 meas
3054 2437 3327 2503 enuntiavi,
3360 2446 3407 2492 et
3441 2436 3691 2495 exaudisti

2097 2542 2196 2580 me.
2230 2518 2483 2581 Nonnulli
2514 2524 2725 2599 quidem
2756 2527 2967 2583 codices
3003 2527 3201 2584 habent
3225 2570 3239 2593 ,
3267 2531 3374 2585 vias
3415 2539 3562 2596 tuas;
3594 2532 3692 2588 sed

2104 2610 2307 2687 plures,
2340 2626 2394 2672 et
2421 2619 2652 2673 maxime
2678 2618 2886 2688 graecis,
2920 2620 3026 2674 vias
3051 2635 3206 2687 meas,
3234 2616 3338 2675 hoc
3363 2627 3464 2687 est,
3499 2624 3688 2679 malas.

2094 2704 2228 2764 Nam
2258 2710 2359 2768 hoc
2403 2712 2532 2767 mihi
2572 2710 2782 2767 videtur
2811 2711 2990 2769 dicere
3016 2756 3031 2782 ,
3084 2712 3304 2771 Pcccata
3332 2733 3449 2772 mea
3479 2715 3689 2772 coales-

2098 2806 2190 2856 Sus
2217 2816 2356 2870 sum,
2404 2810 2457 2858 et
2480 2800 2741 2859 cxaudisti
2772 2821 2879 2873 me,
2908 2804 3009 2860 hoc
3040 2815 3122 2861 est
3145 2848 3160 2874 ,
3187 2816 3245 2861 ut
3272 2804 3571 2864 dimitteres
3602 2825 3688 2864 ea.

2101 2882 2238 2948 Doce
2258 2911 2336 2949 me
2346 2895 2739 2966 justiﬁcationes
2760 2906 2891 2952 tuas.
2920 2892 3208 2954 Confessus
3232 2910 3349 2954 Sum
3380 2896 3492 2956 vias
3520 2908 3692 2969 meas,

2099 2989 2288 3047 delesti
2318 3009 2442 3059 cas;
2483 2992 2615 3051 doce
2656 3012 2743 3052 me
2787 2996 2923 3052 tuas.
2964 2996 3054 3054 Sic
3080 2994 3216 3054 doce
3245 3015 3353 3067 me,
3403 3010 3461 3056 ut
3504 3017 3692 3073 agam;

2100 3102 2206 3141 non
2240 3094 2294 3140 ut
2320 3086 2686 3142 tantummodo
2720 3086 2885 3145 sciam
2912 3088 3038 3160 quid
3084 3106 3243 3161 agere
3271 3090 3514 3154 debeam.
3544 3090 3692 3152 Sicut

2099 3179 2240 3234 enim
2268 3179 2466 3234 dictum
2494 3190 2576 3235 est
2601 3181 2669 3237 de
2700 3180 2925 3238 Domino
2953 3184 3093 3256 quod
3120 3202 3223 3241 non
3263 3198 3468 3242 noverat
3509 3206 3691 3261 pecca-

2100 3282 2203 3325 tum
2230 3272 2247 3345 (
2270 3271 2311 3325 II
2337 3272 2455 3328 Cor.
2487 3290 2542 3338 v,
2575 3272 2637 3329 2i
2668 3272 2708 3346 ),
2743 3287 2799 3332 et
2842 3277 3178 3351 intelligitur,
3211 3297 3316 3336 non
3349 3281 3581 3351 fecerat;
3615 3285 3691 3340 sic

2102 3372 2155 3416 et
2190 3362 2452 3431 justitiam
2501 3366 2593 3423 ille
2632 3384 2758 3423 vere
2806 3369 3064 3426 dicendus
3089 3382 3171 3428 est
3214 3389 3395 3439 nosse,
3428 3377 3516 3447 qui
3544 3374 3690 3434 facit.

2100 3452 2434 3512 Prolicientis
2481 3456 2597 3514 haec
2645 3461 2814 3516 oratio
2843 3471 2943 3517 est.
2986 3463 3117 3519 Nam
3150 3467 3332 3537 utique
3379 3469 3423 3523 si
3473 3470 3692 3525 omnino

2100 3562 2206 3602 non
2236 3548 2450 3617 faceret,
2480 3549 2827 3621 profectoilla
2852 3556 3126 3625 superiora
3154 3572 3260 3613 non
3288 3556 3487 3615 diceret
3521 3579 3533 3615 :
3569 3561 3691 3617 Scr-

2100 3654 2192 3694 vus
2221 3650 2387 3695 autem
2413 3651 2527 3696 tuus
2547 3643 2870 3699 exercebatur
2888 3647 2939 3701 in
2968 3648 3065 3702 tuis
3085 3644 3551 3720 justi/icationibus.
3576 3652 3691 3709 Non

2101 3749 2229 3805 ergo
2250 3734 2303 3791 in
2325 3734 2515 3806 quibus
2530 3736 2899 3807 exercebatur,
2926 3739 3021 3794 has
3040 3743 3192 3795 vulta
3217 3743 3440 3797 Domino
3453 3740 3689 3811 discere;

2101 3822 2194 3880 sed
2222 3824 2289 3880 ab
2316 3825 2430 3880 istis
2456 3826 2519 3881 ad
2542 3825 2674 3884 alias
2696 3828 3044 3899 proﬁciendo,
3076 3832 3225 3887 velut
3252 3834 3561 3900 crescendo,
3590 3834 3690 3891 de-

2101 3917 2300 3973 Siderat
2322 3920 2622 3989 pervenire.

2172 4010 2225 4063 4.
2252 4007 2400 4082 [υενε.
2422 4006 2514 4079 27,
2536 4008 2652 4085 28.]
2672 4002 2908 4084 Denique
2926 4014 3166 4085 adjungit
3186 4024 3239 4071 et
3257 4012 3400 4083 dicit,
3436 4015 3581 4071 Viam
3596 4020 3690 4088 ju-

2101 4100 2461 4169 stiﬁcationum
2505 4112 2708 4157 tuarum
2735 4098 2937 4160 insinua
2962 4104 3120 4171 mihi;
3154 4100 3256 4175 vel,
3289 4104 3426 4162 sicut
3450 4110 3690 4167 nonnulli

2101 4193 2314 4249 codices
2335 4193 2552 4262 habent,
2577 4188 2769 4251 instrue
2793 4214 2871 4252 me
2902 4214 2919 4251 :
2943 4193 3082 4268 quod
3105 4196 3416 4269 expressius
3429 4194 3495 4257 de
3515 4218 3692 4273 graeco

2101 4282 2314 4353 dicitur,
2346 4288 2427 4358 {ac
2459 4303 2536 4341 me
2556 4286 2835 4359 intelligere
2864 4280 2964 4362 (a).
2998 4282 3066 4342 Et
3095 4290 3359 4345 exercebar
3400 4292 3452 4346 in
3482 4293 3692 4350 mirabi‘

2101 4376 2231 4435 tibus
2258 4372 2375 4432 tuis.
2406 4377 2550 4448 Ipsas
2572 4372 2981 4449 justiﬁcationes
3011 4380 3302 4452 ampliores
3325 4425 3339 4451 ,
3369 4398 3500 4455 quas
3526 4388 3692 4455 proli-

2101 4469 2292 4529 ciendo
2321 4474 2468 4544 cupit
2493 4472 2920 4544 apprehendere,
2946 4476 3208 4532 mirabilia
3231 4476 3328 4533 Dei
3358 4488 3529 4533 vocat.
3557 4479 3691 4537 Sunt

2102 4580 2232 4636 ergo
2260 4565 2504 4636 quaedam
2538 4565 2631 4619 Dei
2659 4565 3068 4635 justificationes
3089 4568 3159 4624 ita
3184 4568 3473 4639 mirabiles,
3504 4580 3561 4625 ut
3590 4574 3691 4627 hu-

2101 4671 2257 4711 mana
2296 4654 2581 4711 inﬁrmitas
2607 4656 2673 4713 ab
2700 4658 2777 4712 eis
2805 4659 2896 4729 qui
2925 4660 3129 4730 experti
3166 4675 3271 4715 non
3300 4670 3457 4729 sunt,
3492 4678 3594 4717 non
3624 4664 3691 4719 ad

2100 4762 2191 4803 eas
2216 4763 2372 4818 posse
2402 4748 2679 4817 pervenire
2704 4748 2970 4804 credatur.
3024 4748 3173 4805 Unde
3201 4748 3446 4807 laborans
3486 4753 3606 4821 iste,
3635 4763 3691 4809 et

2099 4854 2281 4894 earum
2311 4837 2622 4895 difﬁcultate
2663 4840 2891 4911 quodam
2918 4840 3075 4897 modo
3104 4843 3363 4914 fatigatus,
3392 4843 3633 4917 adjungit
3668 4866 3680 4900 :

2100 4925 2403 4988 Dormitavil
2420 4934 2589 4987 anima
2611 4951 2721 4988 mea
2739 4951 2846 5004 prce
2869 4935 3054 5001 twdio;
3080 4935 3327 5005 conﬁrma
3345 4953 3423 4990 me
3448 4937 3500 4991 in
3526 4938 3687 4994 verbis

2100 5025 2219 5080 tuis.
2250 5018 2387 5092 Quid
2413 5034 2514 5094 est,
2543 5014 2850 5094 dormitavit,
2884 5026 3066 5083 nisiab
3086 5042 3180 5098 spe
3210 5025 3448 5100 refriguit
3467 5045 3569 5101 qua
3596 5047 3688 5087 eas

2101 5134 2161 5175 se
2182 5118 2631 5189 apprehensnram
2650 5135 2768 5174 esse
2793 5118 3130 5175 crediderat?
3153 5120 3279 5187 Sed,
3313 5125 3557 5191 conﬁrma
3586 5142 3689 5192 mp,

2098 5211 2290 5284 inquit,
2320 5213 2373 5267 in
2406 5213 2566 5268 verbis
2595 5214 2715 5279 luis,
2756 5228 2822 5268 ne
2864 5212 2931 5269 ab
2976 5212 3053 5269 eis
3078 5230 3287 5286 quoque
3318 5210 3380 5271 ad
3417 5233 3532 5289 qua:
3567 5236 3693 5291 pcr-

2098 5302 2311 5360 venisse
2358 5321 2445 5361 me
2487 5305 2596 5377 jam
2631 5306 2827 5373 sentio,
2862 5304 3102 5362 decidam
3146 5307 3485 5367 dormitando
3516 5330 3530 5369 :
3560 5329 3688 5370 con-

2099 5395 2251 5451 ﬁrma
2281 5397 2455 5467 itaque
2482 5412 2566 5451 me
2592 5397 2642 5451 in
2670 5394 2749 5453 eis
2770 5397 2944 5453 verbis
2966 5398 3068 5453 tuis
3090 5415 3207 5473 quae
3230 5400 3340 5473 jam
3373 5412 3547 5469 teneo,
3569 5420 3688 5475 quae

2093 5488 2205 5559 jam
2249 5482 2383 5543 l‘acio
2406 5531 2419 5554 ,
2459 5498 2517 5543 ut
2554 5504 2618 5545 ex
2654 5489 2731 5545 eis
2760 5484 2826 5544 ad
2853 5488 2956 5545 alia
2982 5491 3179 5561 possim
3210 5493 3535 5565 proiiciendo
3562 5509 3685 5565 per-

2100 5578 2338 5634 tendere.

2170 5670 2220 5725 5.
2252 5666 2419 5741 [verm
2466 5670 2597 5745 29.]
2628 5671 2697 5728 Et
2726 5673 2855 5745 quid
2903 5676 3120 5747 impedit
3144 5673 3199 5731 in
3243 5677 3325 5731 via
3349 5675 3686 5746 iustiﬁcatio-

2098 5778 2224 5818 num
2254 5763 2346 5818 Dei
2384 5764 2462 5820 sic
2505 5764 2782 5823 ambulare
2804 5810 2822 5838 ,
2863 5777 2921 5826 ut
2948 5771 3108 5826 homo
3126 5768 3277 5825 facile
3308 5768 3473 5842 possit
3500 5761 3565 5826 ad
3596 5770 3685 5833 illa

2161 5875 2233 5941 (α)
2258 5882 2424 5941 01⁵3⁵οη
2446 5878 2684 5932 sunetiwu
2701 5892 2793 5933 me.
