4188 6442
570 323 706 378 1527

563 440 722 493 etiam
755 438 1017 494 mirabilia
1047 434 1366 508 pervenire?
1394 432 1530 503 Quid
1559 441 1805 503 putamus
1831 473 1846 500 ,
1879 431 1978 487 nisi
2007 433 2146 502 quod

560 545 590 583 a
621 545 681 586 se
707 531 942 586 amoveri
975 530 1026 584 in
1057 526 1502 597 consequentibus
1532 533 1684 596 rogat
1723 523 1911 579 dicens
1944 542 1955 576 :
2002 522 2151 579 Viam

557 621 838 692 iniquitatis
864 637 1037 675 amove
1056 637 1087 673 a
1111 636 1188 672 me
1209 618 1234 671 ἱ)
1259 619 1323 673 Ει
1352 617 1476 688 quia
1497 617 1579 672 lea:
1608 615 1870 672 factorum
1895 615 2149 670 subintro-

557 715 648 782 vit,
678 724 732 769 ut
760 714 1036 768 abundaret
1064 713 1297 766 delictum
1325 710 1520 784 (Rom.
1554 725 1608 776 v,
1636 709 1708 765 20
1727 709 1782 782 );
1815 709 2074 779 sequitur,
2098 717 2152 763 et

557 804 704 871 dicit,
735 804 801 858 Et
836 806 851 836 ί
884 805 991 876 tege
1020 815 1106 858 tua
1145 804 1378 858 miserere
1417 802 1535 858 mei.
1580 801 1694 868 Qua
1721 801 1860 872 lege,
1889 799 1990 854 nisi
2033 798 2152 869 lege

553 897 725 953 ﬁdei?
755 897 890 952 Audi
936 897 1249 968 Apostolum
1300 913 1313 949 :
1356 893 1452 950 Ubi
1497 903 1568 948 est
1611 910 1727 965 ergo
1759 891 1994 963 gloriatio
2025 891 2151 945 tua?

491 981 495 1040 ἶ
552 993 780 1049 Exclusa
807 1005 897 1047 est.
933 992 1035 1047 Per
1055 1009 1204 1063 quam
1226 992 1384 1063 legem
1406 990 1432 1043 ?
1461 988 1750 1061 factorum?
1773 987 1927 1053 Non;
1954 985 2043 1040 sed
2061 1002 2151 1056 per

552 1086 713 1156 legem
737 1086 857 1154 ﬁdei
887 1083 997 1157 (Id.
1028 1101 1105 1148 ιιι,
1138 1084 1203 1138 27
1227 1083 1268 1151 ).
1302 1082 1427 1136 llam
1450 1091 1531 1136 est
1553 1081 1634 1135 lex
1665 1079 1815 1147 ﬁdei,
1846 1093 1950 1149 qua
1975 1077 2150 1134 credi-

553 1193 676 1232 mus
703 1187 757 1233 et
786 1193 998 1232 oramus
1041 1191 1137 1247 per
1176 1174 1399 1245 gratiam
1440 1173 1591 1227 nobis
1641 1170 1846 1236 donari,
1890 1178 1948 1224 ut
1988 1168 2149 1223 facia-

553 1285 676 1324 mus
701 1269 841 1340 quod
871 1283 962 1337 per
984 1267 1340 1336 nosmetipsos
1362 1265 1584 1336 implere
1605 1278 1710 1318 non
1740 1276 2022 1332 possumus
2047 1277 2149 1327 ;nc

552 1364 863 1432 ignorantes
895 1362 987 1416 Dei
1012 1361 1294 1430 justitiam,
1327 1367 1381 1414 et
1421 1367 1657 1412 nostram
1689 1356 1928 1410 volentes
1948 1357 2150 1410 consti-

553 1462 725 1518 tuere.
773 1452 994 1522 justitite
1026 1451 1119 1506 Dei
1148 1466 1256 1506 non
1297 1451 1464 1505 simus
1492 1447 1713 1520 subjecti
1737 1445 1844 1519 (Id.
1893 1463 1946 1513 ι,
1976 1447 2058 1517 3).
2091 1446 2146 1500 ln

554 1548 670 1617 lege
720 1548 896 1616 itaque
943 1545 1204 1601 factorum
1256 1554 1337 1600 est
1386 1543 1480 1598 Dei
1525 1541 1762 1612 jubentis
1805 1539 2046 1611 justitia;
2095 1539 2147 1594 in

551 1642 670 1713 lege
700 1651 874 1696 autem
906 1639 1052 1704 ﬁdei,
1081 1637 1448 1695 subvenientis
1473 1634 1860 1691 misericordia.

625 1734 679 1790 6.
710 1730 858 1806 [vers.
891 1730 1105 1804 30-32.]
1144 1732 1274 1787 Cum
1321 1739 1499 1786 autem
1539 1729 1782 1795 dixisset,
1812 1726 1878 1780 Et
1908 1729 2017 1798 lege
2061 1737 2148 1780 tua

549 1828 787 1882 miserere
813 1827 948 1889 mei;
990 1825 1059 1880 de
1089 1823 1362 1880 beneﬁciis
1387 1823 1503 1893 ejus
1547 1836 1666 1891 quae
1689 1821 1800 1891 jam
1826 1827 2148 1875 consecutus

549 1931 651 1987 est,
686 1918 1099 1992 quodammodo,
1132 1918 1179 1973 si
1198 1918 1300 1974 dici
1329 1914 1863 1988 potest,-pr-.rscribit,
1896 1920 1955 1968 ut
1981 1913 2148 1982 impe-

548 2021 660 2068 tret
698 2021 889 2067 caetera
929 2027 1045 2082 qua:
1071 2010 1308 2065 nondum
1351 2017 1433 2064 est
1464 2016 1806 2064 consecutus.
1836 2006 1925 2060 Ait
1952 2005 2094 2060 enim
2128 2022 2142 2060 :

559 2104 708 2159 Viam
730 2105 952 2158 veritatis
966 2103 1093 2174 elegi
1109 2119 1126 2165 ;
1144 2101 1343 2174 judicia
1375 2111 1460 2155 tua
1486 2117 1587 2155 non
1599 2116 1713 2154 sum
1731 2099 1933 2153 oblitus.
1958 2098 2147 2152 Adhae-

549 2199 593 2252 si
636 2199 930 2252 testimoniis
956 2197 1092 2260 tuis;
1122 2195 1354 2263 Domine,
1383 2197 1489 2250 noli
1518 2211 1596 2248 me
1623 2194 1954 2265 confundere.
1995 2191 2142 2246 Viam

547 2289 769 2344 ueritatis
795 2289 940 2360 elegi,
981 2288 1070 2343 ubi
1098 2303 1369 2342 currerem
1398 2304 1410 2338 :
1437 2286 1637 2358 judicia
1658 2297 1746 2338 tua
1771 2301 1871 2338 non
1891 2301 2004 2338 sum
2020 2285 2146 2338 obli-

549 2393 654 2452 tus,
686 2392 743 2438 ut
791 2397 1085 2438 currerem.
1130 2381 1334 2436 Adhazsi
1369 2379 1664 2434 testimoniis
1701 2379 1821 2446 tuis,
1865 2392 1984 2432 cum
2017 2393 2145 2433 cur-

546 2490 725 2530 rerem
756 2492 768 2528 :
801 2472 1040 2536 Domine,
1073 2472 1179 2526 noli
1206 2489 1283 2525 me
1308 2469 1649 2542 confundere;
1676 2483 1784 2540 quo
1812 2483 1974 2523 curro
2019 2483 2143 2538 per-

548 2565 762 2621 tendam
789 2607 803 2632 ,
837 2580 943 2635 quo
985 2563 1144 2620 tendo
1171 2562 1497 2633 perveniam.
1544 2560 1661 2616 Non
1703 2561 1846 2615 enim
1891 2560 2139 2625 volentis,

551 2674 725 2730 neque
749 2658 1034 2725 currentis,
1064 2657 1158 2713 sed
1198 2656 1501 2712 miserentis
1527 2667 1611 2710 eSt
1641 2655 1734 2710 Dei
1761 2652 1872 2723 (1d.
1903 2669 1977 2720 Ix,
2010 2653 2141 2724 16).

548 2753 789 2823 Denique
804 2753 1081 2822 sequitur:
1126 2750 1270 2804 Viam
1298 2750 1653 2803 mandatorum
1687 2758 1886 2802 tuorum
1920 2750 2138 2813 cucurri,

549 2863 666 2900 cum
694 2846 920 2900 dilatasti
944 2862 1030 2899 cor
1052 2861 1237 2898 meum.
1263 2843 1378 2897 Non
1403 2856 1699 2906 currerem,
1733 2841 1834 2895 nisi
1864 2840 2143 2895 dilatasses

548 2953 644 2995 cor
666 2952 866 2993 meum.
898 2937 1125 2993 Prorsus
1151 2938 1253 2991 isto
1283 2951 1443 2990 versu
1470 2935 1757 3005 exponitur
1785 2933 2137 3004 quemadmo-

548 3031 676 3088 dum
702 3031 900 3086 dictum
932 3031 1002 3084 sit
1029 3069 1044 3094 ,
1096 3027 1238 3082 Viam
1268 3028 1488 3082 veritatis
1515 3025 1662 3098 elegi,
1689 3027 1891 3097 judicia
1917 3037 2004 3079 tua
2040 3043 2144 3081 non

551 3140 665 3179 sum
689 3123 893 3186 oblitus,
916 3119 1110 3175 adhaesi
1147 3119 1440 3174 testimoniis
1463 3118 1581 3172 tuis.
1609 3115 1810 3172 Cursus
1834 3126 1916 3173 est
1944 3118 2143 3188 quippe

547 3218 650 3272 iste
679 3215 777 3270 viae
807 3212 1174 3268 mandatorum
1199 3211 1291 3266 Dei
1319 3213 1361 3263 '.
1396 3209 1602 3280 thuia
1627 3209 1800 3279 potius
1822 3209 1942 3279 ejus
1970 3210 2141 3264 bene-

551 3307 671 3363 ﬁcia
709 3321 866 3376 quam
898 3319 991 3359 sua
1021 3305 1211 3359 merita
1254 3303 1478 3357 Domino
1520 3301 1748 3371 allegat;
1783 3310 2032 3370 tanquam
2063 3299 2144 3355 di-

547 3407 766 3454 ceretur
809 3399 877 3462 ei,
925 3396 1203 3462 Quomodo
1253 3396 1408 3450 istam
1459 3394 1600 3448 viam
1659 3393 1938 3449 cucurristi
1966 3399 2006 3460 8,
2039 3393 2139 3448 eli-

552 3489 750 3560 gendo,
782 3498 835 3544 et
858 3487 951 3542 Dei
977 3488 1172 3558 judicia
1198 3502 1304 3541 non
1354 3485 1752 3550 obliviscendo,
1784 3495 1837 3540 et
1861 3487 1976 3555 ejus
2001 3487 2140 3540 testi-

550 3581 745 3636 moniis
769 3579 1114 3648 adluerendo,
1146 3595 1211 3633 an
1238 3595 1332 3650 per
1355 3580 1579 3649 teipsum
1597 3580 1695 3633 ista
1719 3580 1974 3650 potuisti?
2002 3579 2135 3647 Non,

554 3676 649 3729 ait.
679 3674 814 3742 Quid
841 3672 1008 3744 ergo?
1034 3672 1181 3727 Viam
1205 3673 1558 3726 mandatorum
1581 3684 1803 3737 tuorum,
1823 3672 2011 3740 inquit,
2045 3689 2137 3724 cu-

545 3768 682 3821 curri
708 3783 821 3820 cum
845 3766 1070 3819 ditatasti
1092 3780 1176 3818 cor
1199 3780 1384 3818 meum.
1414 3763 1528 3818 Non
1564 3778 1691 3834 ergo
1718 3778 1813 3833 per
1842 3763 2136 3833 pr0prium,

548 3870 602 3916 et
628 3861 777 3932 quasi
809 3859 1002 3914 nullius
1031 3868 1133 3914 tua:
1161 3859 1277 3929 Opis
1320 3857 1555 3928 indigum
1581 3856 1863 3912 arbitrium
1918 3872 2094 3911 meum
2119 3874 2134 3923 ;

546 3952 638 4008 sed
654 3969 766 4006 cum
783 3951 1007 4006 dilatasti
1029 3967 1116 4005 cor
1135 3967 1319 4004 meum.
1333 3948 1522 4006 Cordis
1546 3948 1803 4013 dilatatio,
1825 3947 2042 4018 justitia:
2057 3957 2140 4004 est

546 4044 849 4099 delectatio.
896 4043 1022 4097 Haec
1061 4058 1253 4097 munus
1282 4051 1365 4098 est
1391 4042 1506 4109 Dei,
1550 4049 1610 4095 ut
1634 4041 1684 4095 in
1714 4039 1993 4111 praeceptis
2021 4040 2136 4108 ejus

547 4146 652 4189 non
689 4136 879 4190 timore
909 4148 1083 4202 paenae
1110 4145 1473 4204 angustemur,
1503 4133 1597 4187 sed
1620 4133 1930 4199 dilectione,
1961 4141 2014 4187 et
2041 4131 2137 4186 de-

547 4225 831 4280 lectatione
857 4225 1075 4294 justiti-.2
1111 4225 1415 4280 dilatemnr.
1467 4224 1614 4279 lianc
1657 4225 1798 4279 enim
1830 4223 1981 4278 nobis
2014 4239 2136 4292 pro-

545 4316 705 4371 mittit
733 4316 1060 4371 latitudinem
1103 4317 1218 4386 ejus
1243 4317 1425 4372 dicens
1458 4334 1472 4370 :
1508 4315 1756 4369 Habitabo
1782 4316 1832 4369 in
1855 4315 1946 4382 eis,
1978 4324 2023 4369 et
2047 4315 2136 4370 de-

545 4408 809 4463 ambulatio
833 4407 895 4478 (ll
926 4407 1039 4462 Cor.
1072 4425 1120 4462 γι
1142 4451 1156 4474 ,
1186 4407 1312 4479 16).
1356 4408 1524 4474 Quam
1554 4409 1694 4462 enim
1746 4407 1907 4460 latum
1937 4415 2016 4461 cst
2043 4406 2133 4461 ubi

545 4492 852 4556 deambulat
879 4500 1056 4556 Deus!
1093 4501 1144 4554 in
1183 4499 1286 4554 hac
1312 4499 1590 4554 latitudine
1616 4498 1926 4553 diffunditur
1955 4498 2132 4553 chari-

471 4597 474 4602 '
545 4601 627 4649 tas
658 4593 709 4648 in
739 4591 988 4648 cordibus
1019 4593 1214 4648 nostris
1245 4608 1338 4662 per
1359 4592 1612 4660 Spiritum
1641 4602 1881 4646 sanctum
1910 4592 1998 4662 qui
2030 4591 2130 4647 du-

543 4699 629 4744 tus
655 4699 737 4745 est
759 4687 911 4743 nobis
942 4688 959 4760 (
986 4687 1134 4742 Rom.
1160 4704 1212 4751 v,
1243 4687 1333 4758 5).
1360 4685 1510 4742 Unde
1531 4687 1690 4740 etiam
1713 4686 1910 4740 dictum
1929 4697 2029 4751 est,
2063 4685 2130 4740 Et

539 4783 592 4836 in
620 4780 798 4853 plateis
819 4780 916 4834 tuis
937 4778 1222 4834 discurrant
1248 4794 1394 4850 aqua:
1415 4789 1514 4833 tua:
1539 4777 1721 4850 (Prov.
1753 4794 1807 4843 v,
1843 4777 1930 4850 16)
1966 4796 1978 4831 :
2013 4780 2127 4849 pla-

540 4884 625 4932 tea
652 4876 845 4947 quippe
870 4873 938 4930 de
957 4873 1118 4928 verbo
1141 4887 1315 4943 graeco
1335 4888 1362 4926 a
1383 4871 1655 4927 latitudine
1679 4886 1867 4927 nomen
1891 4873 2125 4942 accepit;

537 4967 789 5037 quoniam
811 4980 982 5036 graece
1003 4972 1158 5019 πλατὺ
1175 4963 1366 5019 dicitur
1390 4963 1573 5016 latum.
1607 4961 1702 5017 Hm
1731 4972 1854 5018 sunt
1883 4978 2034 5034 aqum
2061 4962 2128 5018 de

538 5059 732 5128 quibus
756 5059 1011 5112 Dominus
1036 5057 1247 5119 clamat,
1285 5056 1383 5122 Qui
1430 5055 1534 5109 sitit
1576 5056 1740 5109 veniat
1769 5055 1836 5108 ad
1880 5071 1978 5109 me.
2027 5054 2127 5122 Qui

537 5149 695 5203 credit
713 5151 767 5204 in
793 5167 889 5216 me,
917 5152 1128 5220 flumina
1156 5165 1298 5220 aqua:
1334 5150 1458 5203 viva:
1478 5150 1638 5220 ﬂuent
1680 5150 1742 5203 de
1770 5157 1936 5203 ventre
1972 5150 2081 5221 ejus
2107 5165 2125 5204 :

539 5250 593 5296 et
622 5257 892 5310 exponens
925 5243 1256 5312 Evangelista
1283 5242 1408 5313 quid
1435 5243 1649 5308 dixerit,
1675 5239 1790 5296 Hoc
1831 5250 2017 5308 autem,
2044 5243 2124 5296 in-

535 5333 669 5403 quit,
702 5332 893 5387 dicebat
923 5334 985 5386 de
1009 5333 1208 5404 Spiritu
1228 5351 1373 5404 quem
1399 5335 1653 5405 accepturi
1675 5343 1817 5388 erant
1847 5335 1933 5405 qui
1961 5334 2123 5388 credi-

535 5427 637 5482 turi
675 5435 817 5480 erant
840 5427 894 5480 in
926 5441 1037 5480 eum
1069 5426 1244 5498 (Joan.
1272 5443 1363 5493 vn,
1393 5427 1564 5485 37-39
1590 5427 1629 5498 ).
1661 5427 1820 5483 Multa
1866 5427 1972 5483 dici
2003 5443 2120 5498 pos-

506 5633 511 5671 ί
594 5605 614 5671 ξ
639 5603 715 5671 _Sic
738 5607 840 5650 Am.
865 5607 921 5652 et.
938 5605 1047 5650 uss.
1068 5597 1360 5671 juxta-LXX.
1388 5607 1442 5671 ._At
1464 5605 1538 5649 Er.
1567 5609 1618 5651 et
1641 5607 1772 5671 nam,
1789 5608 1835 5671 et
1856 5614 1886 5652 a
1911 5600 2032 5666 lege.

501 5653 510 5721 i
593 5666 615 5696 ί
638 5669 770 5714 ιωιά
795 5672 975 5714 Cursus
997 5653 1172 5726 quippe
1211 5662 1319 5712 ista:
1357 5660 1447 5711 vita
1481 5671 1595 5713 simt-
1625 5653 2075 5715 mamlatorum'Dei
2101 5677 2119 5714 :

531 5727 935 5777 dissentientibus
956 5723 1202 5775 Edd.‘aliis
1225 5731 1277 5773 et
1298 5730 1406 5774 Mss.

597 5790 618 5819 ³
641 5789 720 5898 ιιιὶἶι
742 5789 891 5898 eqitio
915 5796 1020 5837 ιον.
1063 5786 1208 5847 addit,
1248 5785 1373 5837 riam
1405 5786 1617 5838 veritatis
1659 5801 1676 5838 :
1713 5789 1838 5852 quod
1879 5800 1904 5836 a
1940 5790 2118 5838 nostris

597 5864 636 5898 ε.
664 5861 693 5898 a
711 5862 783 5898 )es
810 5888 820 5898 .

531 5859 636 5901 Mss.
664 5858 820 5901 abest.

1803 319 1860 372 S.
1902 314 2265 372 AUGUSTIN!
2307 313 2606 372 EPISCOPI

3710 327 3841 386 {598

2257 438 2376 486 sent
2399 430 2466 486 de
2492 433 2591 488 ista
2617 433 2794 490 cordis
2823 434 3117 504 latitudine,
3147 437 3241 494 sed
3274 437 3428 509 hujus
3447 445 3714 500 sermonis
3737 445 3840 514 jam

2258 522 2635 580 contradicitur
2661 524 2995 599 longitudini.

2909 656 3084 700 εειιιίο
3120 659 3172 700 XI
3181 682 3196 699 ο

2331 754 2382 807 1.
2427 751 2594 826 [vers.
2622 753 2754 828 55.]
2794 755 2852 811 ln
2918 757 3127 828 psalmo
3188 759 3294 816 isto
3344 773 3535 832 magno
3610 763 3848 834 sequitur

2257 843 2400 915 quod
2434 845 2589 901 nobis
2610 889 2626 911 ,
2667 845 2958 918 adiuvante
2989 849 3219 906 Domino
3241 893 3258 920 ,
3285 852 3738 910 considerandum
3771 867 3849 912 at-

2256 951 2360 1007 que
2403 938 2733 994 tractandum
2776 949 2860 996 est
2899 959 2914 996 :
2968 940 3154 1013 Legem
3203 959 3332 1013 pone
3377 944 3539 1012 mihi,
3591 943 3846 1018 Domine,

2255 1028 2390 1082 viam
2410 1030 2836 1100 justiﬁcationum
2865 1042 3065 1088 tuarum
3088 1075 3104 1102 ,
3133 1043 3181 1088 et
3209 1035 3468 1107 exquiram
3486 1053 3606 1092 eam
3634 1054 3846 1110 semper.

2256 1121 2545 1190 Apostolus
2563 1123 2692 1179 dicit
2713 1165 2730 1192 ,
2752 1123 2902 1179 Justo
2924 1125 3006 1179 lea:
3025 1143 3126 1180 non
3147 1136 3219 1182 est
3239 1128 3404 1198 posita
3425 1168 3442 1190 ,
3461 1128 3537 1199 inj
3543 1131 3673 1183 ustis
3693 1142 3849 1188 autem

2255 1222 2302 1268 et
2322 1231 2422 1268 non
2445 1214 2658 1271 subditis
2680 1258 2695 1283 ,
2727 1226 2784 1272 et
2816 1228 3009 1274 caetera
3033 1261 3048 1284 ,
3095 1236 3214 1291 quae
3254 1221 3327 1276 ibi
3363 1222 3699 1278 concludens
3743 1226 3848 1297 ait,

2255 1303 2370 1359 Etsi
2393 1307 2514 1372 quid
2539 1306 2680 1361 aliud
2700 1324 2839 1364 sanae
2868 1309 3112 1366 doctrina:
3138 1313 3437 1368 adversatur
3459 1357 3474 1380 ,
3513 1331 3635 1385 qua:
3669 1326 3746 1371 est
3773 1335 3850 1372 se-

2255 1399 2475 1453 cundum
2495 1398 2830 1472 Evangelium
2858 1403 3036 1475 gloria:
3079 1404 3210 1459 beati
3246 1403 3345 1460 Dei
3366 1447 3381 1471 ,
3429 1406 3570 1478 quod
3613 1407 3853 1464 creditum

2254 1499 2326 1544 est
2355 1491 2478 1545 mihi
2525 1492 2580 1563 (1
2605 1491 2740 1547 Tim.
2773 1510 2829 1561 ι,
2859 1493 3062 1566 9-11).
3105 1495 3373 1567 Numquid
3407 1512 3539 1570 ergo
3578 1499 3704 1554 talis
3745 1511 3855 1559 erat

2255 1583 2355 1637 iste
2393 1583 2482 1654 qui
2525 1584 2686 1651 dicit,
2714 1584 2900 1657 Legem
2933 1603 3064 1658 pone
3101 1590 3258 1656 mihi,
3307 1589 3526 1645 Domine
3550 1632 3567 1657 ,
3612 1592 3856 1662 qualibus

2253 1675 2439 1730 beatus
2482 1675 2677 1732 Paulus
2716 1678 2848 1734 dicit
2887 1681 3116 1752 positam
3157 1682 3371 1753 legem?
3396 1684 3578 1739 Absit.
3611 1684 3672 1741 Si
3715 1687 3853 1743 enim

2254 1767 2373 1822 talis
2395 1777 2576 1833 esset,
2607 1785 2712 1826 non
2740 1773 2984 1842 superius
3009 1773 3236 1830 dixisset
3261 1816 3276 1839 ,
3315 1774 3464 1830 Viam
3487 1777 3853 1834 mandatorum

2255 1869 2455 1914 tuorum
2478 1864 2679 1916 cucurri
2699 1904 2715 1928 ,
2743 1881 2855 1917 cum
2881 1864 3107 1920 dilatasti
3135 1881 3224 1920 cor
3250 1883 3432 1921 meum.
3455 1867 3603 1936 Quid
3629 1880 3716 1926 est
3734 1885 3854 1942 ergo

2253 1951 2396 2021 quod
2426 1963 2543 2007 orat
2569 1963 2625 2008 ut
2653 1954 2754 2008 sibi
2779 1954 2862 2009 lex
2893 1970 2923 2009 a
2952 1955 3180 2012 Domino
3203 1968 3432 2028 ponatur
3452 2001 3468 2026 ,
3492 1961 3540 2014 si
3566 1975 3682 2016 non
3706 1963 3852 2032 poni-

2255 2052 2340 2099 tur
2359 2045 2548 2115 justo?
2575 2049 2655 2102 An
2681 2063 2747 2103 eo
2777 2047 2937 2103 modo
2963 2063 3067 2104 non
3106 2051 3321 2122 ponitur
3350 2052 3496 2123 justo
3521 2096 3538 2119 ,
3589 2057 3852 2126 quomodo

2253 2135 2420 2205 posita
2459 2147 2542 2192 est
2606 2137 2805 2210 populo
2860 2143 3202 2211 contumaci,
3263 2143 3320 2198 in
3377 2145 3578 2202 tabulis
3637 2148 3853 2219 lapideis

2254 2225 2467 2291 (Exod.
2497 2245 2654 2298 χιιι,
2682 2231 2814 2302 18),
2860 2246 2966 2288 non
3013 2233 3066 2287 in
3106 2235 3299 2290 tabulis
3336 2238 3512 2294 cordis
3553 2242 3854 2300 carnalibus

2253 2320 2485 2392 (llCor.
2539 2340 2638 2394 ιιι,
2681 2326 2716 2382 5
2741 2325 2784 2397 );
2827 2325 3121 2382 secundum
3165 2336 3547 2386 testamentum
3595 2343 3762 2389 vetus
3798 2351 3857 2392 ex

2253 2423 2435 2470 monte
2463 2415 2588 2471 Sina
2615 2459 2630 2482 ,
2659 2418 2800 2488 quod
2840 2421 2891 2473 in
2933 2420 3243 2477 servitutem
3283 2433 3505 2493 generat
3530 2424 3552 2498 (
3573 2423 3764 2481 Gulat.
3791 2443 3857 2496 tv,

2250 2503 2381 2575 24),
2415 2522 2518 2561 non
2545 2509 2836 2564 secundum
2863 2511 2879 2542 ¹
2931 2520 3306 2569 testamentum
3349 2530 3544 2572 novum
3566 2559 3582 2584 ,
3650 2520 3720 2575 de
3759 2536 3874 2591 quo-

2251 2599 2505 2670 scriptum
2535 2611 2618 2656 est
2643 2617 2739 2672 per
2763 2601 3054 2658 Jeremiam
3085 2605 3402 2676 prophetam
3427 2650 3442 2674 ,
3475 2606 3616 2664 Ecce
3654 2612 3760 2667 dies
3783 2629 3854 2668 re.

2251 2693 2396 2748 niunt
2421 2736 2435 2759 ,
2464 2694 2585 2749 dicit
2609 2693 2861 2751 Dominus
2881 2739 2896 2763 ,
2923 2708 2967 2752 et
2991 2701 3348 2755 consummabo
3390 2701 3562 2756 domui
3600 2703 3782 2762 Israel
3807 2719 3848 2760 et

2251 2785 2424 2840 domui
2451 2785 2592 2840 Juda
2618 2795 2965 2843 testamentum
2991 2807 3175 2845 novum
3199 2834 3215 2858 ,
3248 2808 3348 2847 non
3383 2796 3678 2851 secundum
3713 2808 3849 2853 testa-

2249 2890 2473 2934 mentum
2500 2881 2634 2949 quod
2661 2882 2887 2953 disposui
2915 2884 3140 2954 patribus
3186 2902 3360 2940 eorum
3394 2887 3446 2941 in
3489 2889 3570 2942 die
3609 2907 3727 2961 qua
3765 2909 3848 2963 ap-

2250 2971 2491 3040 prehendi
2537 2989 2741 3027 manum
2792 2989 3000 3040 eorum,
3055 2987 3108 3030 ut
3160 2979 3422 3033 educerem
3465 2996 3550 3035 eos
3596 2983 3676 3037 tle
3730 2994 3848 3041 terra

2251 3060 2472 3133 Egypti
2496 3080 2514 3117 :
2561 3067 2799 3135 quoniam
2839 3067 2940 3137 ipsi
2987 3084 3087 3122 non
3137 3082 3522 3138 permanserunt
3571 3075 3630 3128 in
3685 3075 3848 3131 Testa-

2249 3167 2415 3212 mento
2444 3174 2594 3225 meo;
2637 3170 2683 3214 et
2729 3176 2820 3231 ego
2863 3163 3058 3232 neglexi
3085 3179 3168 3217 eos
3190 3205 3205 3230 ,
3239 3164 3360 3218 dicit
3387 3164 3670 3222 Dominus.
3715 3168 3842 3236 Quo.

2248 3249 2386 3304 niam
2414 3251 2506 3305 hoc
2535 3261 2605 3307 est
2651 3261 2998 3308 testamentum
3043 3256 3180 3326 quod
3196 3241 3198 3244 l
3223 3259 3524 3313 constituam
3549 3260 3734 3316 domui
3758 3262 3838 3318 Is-

2246 3345 2356 3398 rael
2378 3361 2396 3398 :
2429 3343 2553 3400 Post
2585 3347 2688 3402 dies
2711 3346 2848 3411 illos,
2871 3348 2994 3402 dicit
3016 3348 3290 3418 Dominus,
3318 3353 3446 3407 dabo
3475 3355 3608 3426 leges
3641 3375 3781 3414 meas
3796 3360 3844 3414 in

2248 3436 2496 3492 mentibus
2552 3455 2725 3493 eorum
2750 3482 2764 3504 ,
2815 3451 2862 3494 et
2906 3441 2958 3495 in
2999 3442 3234 3498 cordibus
3276 3461 3449 3499 eorum
3485 3449 3714 3506 scribam
3759 3469 3839 3508 eas

2250 3527 2486 3600 (Jerem.
2520 3547 2643 3586 xxxi
2669 3576 2685 3600 ,
2716 3534 2882 3589 51-53
2906 3534 2966 3606 )?
3005 3535 3141 3593 Ecce
3175 3539 3443 3608 quomodo
3473 3543 3586 3596 vult
3625 3544 3735 3599 iste
3772 3546 3840 3602 le-

2245 3635 2366 3691 gem
2396 3622 2494 3678 sibi
2523 3626 2646 3693 poni
2686 3641 2714 3680 a
2759 3627 3021 3694 Domino;
3065 3644 3170 3684 non
3213 3632 3350 3686 sicut
3386 3631 3596 3702 injustis
3637 3647 3700 3692 et
3742 3654 3839 3696 non

2249 3713 2477 3769 subditis
2500 3758 2515 3782 ,
2543 3717 2608 3772 ad
2639 3727 2789 3774 vetus
2826 3729 3200 3777 testamentum
3239 3724 3627 3793 pertinentibus
3674 3731 3838 3801 posita

2247 3815 2366 3872 est,
2401 3807 2454 3862 in
2483 3807 2673 3864 tabulis
2699 3809 2921 3880 lapideis
2948 3829 2961 3878 ;
2985 3812 3078 3867 sed
3103 3814 3239 3869 sicut
3259 3817 3455 3872 sanctis
3481 3817 3603 3874 ﬁliis
3631 3821 3833 3891 liberte,

2246 3899 2349 3956 hoc
2377 3911 2460 3958 est
2487 3918 2732 3974 supernae
2759 3905 3056 3962 Jerusalem
3078 3949 3092 3974 ,
3127 3908 3244 3964 ﬁliis
3275 3913 3645 3980 promissionis
3672 3959 3689 3984 ,
3725 3917 3837 3972 ﬁliis

2245 3992 2570 4052 hereditatis
2619 4008 2871 4066 mternzn,
2923 4009 3108 4056 sancto
3147 4001 3348 4072 Spiritu
3385 4015 3632 4076 tanquam
3677 4009 3835 4080 digito

2245 4087 2338 4144 Dei
2367 4093 2421 4144 in
2448 4100 2627 4146 mente
2664 4092 2859 4161 datur,
2909 4103 2964 4148 et
3006 4095 3058 4148 in
3103 4095 3353 4152 cordibus
3390 4099 3685 4156 scribitur:
3735 4119 3832 4160 non

2242 4198 2400 4252 quam
2431 4186 2687 4241 memoria
2720 4196 2931 4243 teneant
2953 4231 2967 4252 ,
2999 4199 3051 4242 et
3081 4190 3184 4244 vita
3217 4190 3517 4262 negligant;
3549 4195 3642 4250 sed
3677 4212 3829 4268 quam

2243 4277 2414 4332 sciant
2455 4278 2834 4350 intelligendo,
2876 4281 3070 4336 faciant
3106 4281 3407 4352 diligendo,
3458 4284 3510 4339 in
3556 4286 3829 4345 latitudine

2241 4371 2474 4437 amoris,
2520 4387 2626 4426 non
2674 4373 2724 4427 in
2771 4373 2975 4428 timoris
3005 4375 3280 4445 angustiis.
3333 4375 3464 4430 Nam
3511 4381 3602 4448 qui
3643 4381 3826 4437 timore

2243 4476 2414 4530 paenae
2437 4505 2450 4528 ,
2485 4477 2589 4518 non
2617 4479 2801 4520 amore
2821 4465 3037 4534 justitim
3065 4481 3198 4535 opus
3223 4467 3352 4536 legis
3382 4468 3507 4523 facit
3529 4512 3542 4534 ,
3590 4471 3824 4539 proiecto

2241 4555 2433 4610 invitus
2458 4556 2602 4610 l'acit.
2623 4557 2774 4625 Quod
2797 4566 2974 4612 autent
3002 4558 3198 4613 invitus
3227 4559 3380 4624 facit,
3411 4560 3456 4615 si
3479 4572 3658 4630 posset
3679 4565 3784 4618 ﬁeri
3803 4606 3816 4627 ,

2240 4646 2419 4702 mallet
2448 4649 2627 4719 utique
2656 4663 2758 4704 non
2797 4650 2971 4718 juberi
3007 4668 3019 4703 :
3069 4665 3132 4705 ac
3177 4665 3269 4720 per
3308 4650 3408 4706 hoc
3461 4652 3622 4723 legis,
3668 4671 3817 4724 quam

2239 4737 2401 4794 vellet
2427 4755 2533 4794 non
2563 4755 2723 4807 esse,
2755 4756 2860 4797 non
2899 4750 2981 4796 est
3017 4742 3220 4796 amicus
3245 4784 3259 4806 ,
3303 4741 3396 4798 sed
3434 4744 3610 4815 potius
3647 4745 3816 4802 inimi-

2237 4845 2367 4897 cus;
2398 4847 2496 4886 nec
2519 4833 2804 4887 mundatnr
2827 4847 2988 4904 opere
3010 4874 3026 4900 ,
3055 4835 3145 4903 qui
3176 4833 3476 4889 immundus
3509 4845 3588 4890 est
3631 4837 3811 4891 volun-

2237 4930 2344 4977 tate
2367 4924 2409 4977 ’.
2444 4923 2587 4978 Talis
2618 4939 2722 4978 non
2751 4932 2927 4994 potest
2954 4924 3134 4979 dicere
3161 4923 3302 4994 quod
3331 4925 3432 4979 iste
3477 4924 3610 4980 dixit
3639 4926 3689 4981 in
3726 4941 3810 4981 su-

2234 5015 2534 5085 perioribus
2556 5016 2800 5072 versibus
2822 5058 2837 5082 ,
2871 5016 3017 5070 Viam
3043 5017 3398 5071 mandatorum
3419 5026 3615 5071 tuorum
3637 5034 3808 5072 cucur-

2233 5109 2279 5162 ri
2302 5151 2318 5176 ,
2345 5125 2459 5163 cum
2485 5109 2711 5165 dilatasti
2735 5127 2822 5164 cor
2851 5126 3015 5164 meum
3038 5127 3058 5174 ;
3078 5110 3199 5181 quia
3225 5111 3312 5166 illa
3333 5110 3568 5166 dilatatio
3589 5113 3806 5168 charita-

2235 5211 2340 5258 tem
2380 5202 2682 5274 signiﬁcat,
2729 5219 2847 5274 quae
2884 5201 3175 5259 secundum
3211 5204 3527 5274 Apostolum
3567 5205 3692 5275 legis
3729 5214 3803 5261 est

2232 5295 2504 5367 plenitudo
2537 5295 2556 5366 (
2584 5296 2733 5350 Rom.
2765 5312 2857 5351 xm
2881 5338 2895 5362 ,
2928 5295 3058 5366 10).

2304 5388 2359 5442 2.
2400 5387 2508 5444 Cur
2551 5404 2680 5460 ergo
2717 5389 2819 5444 iste
2863 5388 3034 5444 adhuc
3070 5388 3240 5458 poscit
3294 5388 3394 5445 sibi
3437 5389 3604 5459 legem
3647 5389 3796 5460 poni;

2231 5495 2348 5550 qum
2375 5482 2557 5551 utique
2581 5481 2626 5536 si
2649 5495 2755 5536 non
2785 5481 2832 5536 ei
2864 5480 3036 5552 posita
3071 5478 3290 5546 fuisset,
3337 5494 3444 5536 non
3478 5480 3612 5536 viam
3656 5494 3795 5534 man-

2292 5663 2311 5694 ι
2333 5667 2407 5711 Er.
2438 5669 2489 5713 et
2511 5668 2641 5722 Lov.,
2667 5661 2752 5714 sed
2775 5662 3053 5713 secundant.
3079 5657 3246 5710 Melius
3281 5665 3380 5707 Am.
3401 5665 3453 5709 et
3473 5665 3597 5718 Mss,
3619 5668 3705 5710 non
3723 5667 3788 5704 se-

2564 5796 2612 5837 et
2650 5797 2749 5836 uss.
2797 5796 2846 5837 At
2878 5793 2950 5835 Er.
2990 5792 3040 5834 et
3083 5792 3222 5845 Imm,
3260 5783 3534 5849 cogitatione
3567 5789 3611 5834 et
3642 5781 3786 5831 mlun-

2298 5861 2340 5896 c.

2298 5861 2340 5896 (ε.
