4188 6432
398 372 533 428 1529

392 488 640 545 datorum
685 487 780 543 Dei
816 487 868 542 in
913 483 1089 542 cordis
1138 481 1415 537 latitudine
1460 477 1825 536 cucurrisset?
1868 475 1976 529 Sed

391 582 511 651 quia
557 580 844 651 proficiens
889 576 1158 647 loquitur,
1200 584 1253 629 et
1298 564 1391 627 Dei
1433 571 1628 628 donum
1670 569 1818 623 novit
1858 580 1978 621 esse

388 676 531 742 quod
563 671 808 743 prolicit;
835 669 961 741 quid
988 667 1131 723 aliud
1158 668 1319 737 petit,
1360 679 1481 721 cum
1516 663 1617 719 sibi
1657 662 1826 733 legem
1854 660 1979 731 poni

383 767 563 833 petit,
595 766 698 820 nisi
725 772 784 820 ut
811 766 863 817 in
887 777 953 819 ea
983 762 1148 833 magis
1180 760 1453 830 magisque
1493 756 1749 827 proﬁciat.
1777 754 1978 822 Quem-

339 859 682 914 .a‘dmodum
737 858 784 912 si
828 854 1080 928 poculum
1136 853 1349 924 plenum
1400 858 1614 916 teneas,
1680 855 1732 903 et
1781 844 1980 901 sitienti

351 935 513 1007 'dare
561 950 828 1021 incipias;
868 956 924 1003 et
960 946 1137 1001 haurit
1170 942 1435 1009 bibendo,
1476 950 1531 997 et
1568 940 1739 1011 poscit
1772 935 1982 993 deside-

362 1045 578 1101 rando.
608 1044 817 1115 Quibus
841 1051 1017 1097 autem
1060 1038 1268 1110 injustis
1306 1045 1360 1093 et
1396 1050 1505 1091 non
1536 1033 1762 1090 subditis
1802 1031 1889 1086 lex
1927 1030 1981 1086 in

349 1132 617 1209 lapideis
664 1135 855 1192 tabulis
900 1134 1113 1205 ponitur
1136 1174 1150 1197 ,
1187 1126 1637 1202 praevaricationis
1670 1139 1791 1179 reos
1815 1165 1831 1190 ,
1873 1137 1981 1178 non

278 1296 283 1307 ἱ
342 1229 766 1293 promissionis
794 1224 957 1282 efﬁcit
985 1224 1142 1279 ﬁlios.
1168 1222 1271 1278 Sed
1300 1228 1355 1276 et
1379 1219 1468 1275 ille
1508 1218 1595 1288 qui
1634 1216 1749 1287 ejus
1793 1215 1982 1270 memi-

282 1324 293 1343 ‘
352 1323 434 1378 uit
458 1364 477 1389 ,
519 1337 636 1378 nec
662 1336 778 1377 eam
810 1318 1014 1388 diligit,
1043 1331 1109 1372 eo
1133 1314 1291 1371 modo
1320 1328 1441 1370 reus
1466 1322 1586 1377 est;
1619 1311 1741 1382 quia
1780 1325 1982 1365 memo-

348 1415 427 1468 ria
462 1412 608 1483 ejus
639 1412 776 1482 lapis
803 1410 880 1464 illi
909 1417 992 1464 est
1015 1405 1408 1479 quodammodo
1438 1405 1667 1474 scriptus
1689 1444 1706 1471 ,
1735 1417 1842 1458 non
1875 1417 1982 1472 quo

342 1507 721 1570 adornetur,
750 1502 845 1558 sed
868 1517 974 1572 quo
1008 1506 1317 1571 prematur;
1364 1495 1573 1568 pondus
1611 1494 1791 1550 oneris
1816 1536 1829 1559 ,
1873 1508 1981 1548 non

339 1599 568 1655 titulus
599 1597 845 1653 honoris.
878 1595 1027 1650 Hanc
1046 1602 1223 1648 autem
1249 1592 1417 1661 legem
1446 1590 1545 1644 iste
1566 1590 1702 1642 viam
1725 1587 1982 1657 justiﬁca-

338 1694 589 1749 tionum
639 1690 732 1745 Dei
769 1678 1038 1753 vocavit;
1064 1700 1165 1740 nec
1208 1684 1312 1739 alia
1355 1683 1439 1736 via
1484 1688 1566 1736 est
1613 1679 1981 1734 mandatorum

334 1784 477 1854 ejus
509 1824 532 1849 ,
564 1796 738 1854 quam
769 1795 828 1835 se
852 1777 1167 1834 .cucurrisse
1195 1775 1304 1845 jam
1334 1773 1585 1839 dixerat,
1634 1786 1753 1825 cum
1795 1770 1981 1825 dilata-

328 1886 466 1929 tum
510 1881 613 1929 est
644 1888 738 1928 cor
761 1872 897 1941 ejus.
933 1870 1072 1939 Ergo
1099 1876 1154 1923 et
1178 1865 1450 1931 cucurrit,
1481 1872 1534 1918 et
1561 1862 1768 1929 currit,
1808 1860 1981 1917 donec

325 1967 665 2036 perveniat
688 1964 754 2018 ad
779 1964 1006 2034 palmam
1047 1974 1291 2030 supernae
1325 1957 1618 2013 vocationis
1660 1955 1776 2011 Dei.
1817 1954 1979 2011 Deni-

284 2080 289 2091 ι
322 2075 460 2129 que
496 2073 644 2113 cum
674 2055 899 2110 dixisset
920 2094 935 2118 ,
967 2050 1150 2123 Legem
1187 2067 1315 2120 pone
1354 2048 1513 2115 mihi,
1562 2046 1807 2111 Domine,
1848 2047 1981 2100 viam

322 2148 813 2218 iustiﬁcationum
866 2156 1101 2207 tuarum;
1153 2140 1395 2202 addidit,
1452 2147 1500 2193 et
1556 2137 1816 2206 exquiram
1869 2154 1981 2192 eam

323 2257 601 2310 semper.
634 2236 771 2305 Quid
797 2237 940 2292 enim
968 2233 1198 2303 exquirit
1226 2231 1369 2302 quod
1396 2229 1554 2284 habet
1577 2270 1592 2296 ,
1632 2229 1730 2283 nisi
1769 2229 1891 2299 quia
1927 2237 1982 2285 et

326 2336 541 2389 habet
569 2333 783 2404 agendo
804 2374 818 2397 ,
852 2339 910 2387 ct
933 2329 1164 2399 exquirit
1190 2323 1559 2397 proﬁciendo?

412 2429 493 2493 3.
548 2426 663 2481 Sed
689 2424 815 2496 quid
845 2432 966 2489 est,
1006 2418 1244 2490 semper?
1284 2416 1474 2475 Utrum
1514 2414 1826 2486 exquirendi
1872 2429 1979 2470 non

326 2520 462 2577 erit
504 2519 644 2573 ﬁnis
668 2535 684 2586 ;
711 2517 848 2571 sicut
877 2515 1076 2570 dictum
1102 2519 1185 2566 est
1206 2553 1223 2578 ,
1261 2509 1474 2580 Semper
1514 2506 1627 2561 laus
1654 2507 1763 2576 ejus
1798 2507 1852 2560 in
1896 2522 1983 2561 ore

331 2628 473 2667 meo
520 2610 542 2680 (
573 2607 726 2663 Psal.
760 2622 935 2662 χχχιιι
960 2648 975 2673 ,
1001 2604 1037 2658 2
1060 2604 1101 2675 );
1128 2602 1251 2673 quia
1278 2600 1525 2655 laudandi
1558 2613 1660 2652 non
1688 2598 1789 2652 erit
1817 2596 1937 2651 finis
1960 2614 1975 2651 ε

334 2718 561 2775 neque
581 2702 730 2759 enim
762 2700 927 2754 Deum
959 2712 1062 2752 non
1091 2692 1419 2749 laudabimus
1448 2733 1462 2757 ,
1492 2705 1612 2744 cum
1638 2688 1705 2744 ad
1742 2688 1857 2758 ejus
1890 2704 1977 2743 re-

337 2813 546 2870 gnum
579 2793 980 2867 pervenerimus
1015 2798 1272 2844 aeternum
1301 2827 1316 2850 ,
1357 2798 1478 2839 cum
1521 2783 1757 2853 legamus
1780 2823 1793 2847 ,
1833 2779 1978 2835 Beati

341 2895 448 2963 qui
485 2889 730 2944 habitant
759 2888 811 2940 in
841 2885 990 2939 domo
1021 2892 1106 2936 tua
1131 2925 1145 2945 ,
1169 2880 1225 2933 in
1251 2877 1435 2935 stecula
1463 2875 1764 2930 steculorum
1799 2874 1979 2927 lauda-

345 2988 500 3040 bunt
530 2994 581 3037 te
617 2980 637 3053 (
670 2979 809 3035 Psal.
841 2992 1041 3033 Lxxxm
1065 3016 1080 3041 ,
1109 2975 1141 3029 5
1168 2973 1222 3043 )?
1245 2975 1326 3026 An
1350 3014 1365 3038 ,
1388 2986 1611 3039 semper,
1641 2968 1839 3022 dictum
1863 2976 1975 3033 est,

349 3076 649 3150 quamdiu
679 3073 764 3129 hic
808 3071 1005 3125 vivitur
1031 3111 1045 3133 ,
1091 3066 1214 3137 quia
1255 3064 1454 3119 tamdiu
1500 3061 1810 3132 proﬁcitur;
1861 3067 1981 3130 post

352 3171 527 3226 hanc
556 3175 737 3222 autem
769 3165 927 3219 vitam
956 3162 1044 3232 qui
1070 3159 1205 3214 bene
1238 3158 1321 3212 hic
1346 3155 1656 3226 proﬁciebat
1680 3196 1693 3219 ,
1726 3153 1793 3207 ibi
1822 3152 1978 3222 perﬁ-

356 3260 573 3320 citur?
601 3259 748 3315 Sicut
772 3257 839 3312 de
863 3252 1177 3326 quibusdam
1204 3250 1415 3306 feminis
1453 3247 1651 3301 dictum
1683 3254 1763 3301 est
1788 3287 1803 3313 ,
1844 3262 1975 3300 sem-

361 3375 467 3430 per
498 3355 752 3408 discentes
776 3368 795 3404 :
824 3348 918 3405 sed
946 3347 1050 3402 illa:
1076 3345 1214 3400 male
1239 3386 1254 3409 ,
1294 3342 1415 3412 quia
1448 3349 1660 3394 scentus
1695 3336 1938 3407 adjunxit
1959 3378 1976 3403 ,

366 3427 445 3506 Et
479 3448 555 3501 ad
582 3445 801 3499 ueritatis
820 3441 1076 3497 scientiam
1098 3451 1356 3504 nunquam
1378 3432 1710 3503 peruenientes
1736 3428 1752 3501 (
1776 3427 1817 3481 II
1845 3427 1975 3481 Tim.

369 3562 435 3600 ιιι
462 3584 481 3609 ,
519 3543 550 3595 7
577 3541 618 3610 ).
653 3538 752 3607 Qui
780 3551 908 3592 vero
936 3536 990 3588 in
1018 3530 1206 3586 melius
1235 3542 1446 3598 semper
1471 3524 1557 3579 hic
1587 3522 1833 3593 proﬁcit,
1873 3536 1981 3592 quo

372 3630 725 3708 proficiendo
751 3629 935 3684 nititur
958 3668 973 3692 ,
1003 3622 1286 3694 pervenit,
1321 3620 1407 3673 ubi
1428 3618 1536 3688 jam
1567 3632 1669 3670 non
1700 3614 1975 3685 proﬁciat,

374 3706 516 3799 quia
543 3720 812 3794 perfectus
840 3718 953 3771 sine
979 3716 1083 3769 ﬁne
1108 3712 1372 3769 consistit.
1402 3709 1507 3764 Nec
1554 3707 1621 3762 de
1655 3706 1763 3761 illis
1803 3714 1978 3759 tamen

378 3822 459 3874 ita
494 3816 695 3871 dictum
720 3820 803 3867 est
825 3851 839 3874 ,
873 3824 1063 3878 semper
1088 3806 1330 3859 discentes
1354 3842 1369 3868 ,
1398 3811 1457 3855 ut
1484 3808 1536 3855 et
1588 3807 1707 3868 post
1753 3805 1978 3851 mortem

382 3915 606 3972 discere
630 3914 974 3979 perseverent
997 3916 1131 3956 vana
1157 3908 1211 3953 et
1237 3896 1559 3951 infructuosa
1585 3911 1598 3958 ;
1629 3907 1747 3946 cum
1792 3890 1981 3944 talibus

386 4005 655 4063 doctrinis
680 3997 1034 4057 successerint
1059 4008 1163 4048 non
1191 3990 1360 4046 studia
1388 4030 1402 4054 ,
1430 3987 1523 4040 sed
1550 3983 1804 4054 supplicia
1833 3997 1979 4037 sem-

391 4101 625 4171 piterna.
656 4094 753 4155 Hic
776 4106 903 4161 ergo
929 4087 1223 4158 exquiritur
1251 4082 1346 4136 1)ρί
1374 4081 1458 4135 lex
1479 4118 1498 4147 ,
1539 4075 1787 4147 quamdiu
1832 4075 1881 4128 in
1918 4088 1980 4129 ea

396 4165 675 4264 proﬁcitur
698 4229 711 4252 ,
743 4195 799 4240 et
822 4181 1039 4238 sciendo
1063 4187 1118 4233 et
1144 4172 1444 4245 diligendo;
1493 4170 1562 4224 ibi
1599 4175 1776 4221 autem
1816 4165 1983 4235 pleni-

397 4258 527 4341 tudo
556 4282 672 4351 ejus
697 4286 877 4333 manet
899 4274 965 4329 ad
996 4270 1276 4327 fruendum
1306 4309 1320 4332 ,
1350 4280 1453 4320 non
1485 4267 1724 4318 remanet
1747 4258 1812 4312 ad
1835 4273 1982 4329 qua:-

400 4377 649 4436 rendum.
680 4374 769 4442 Sic
793 4371 949 4425 etiam
976 4366 1099 4421 illud
1129 4364 1329 4419 dictum
1373 4367 1487 4424 est,
1540 4357 1759 4423 Quwrite
1803 4353 1985 4424 faciem

399 4473 507 4541 ejus
533 4483 729 4538 semper
753 4464 771 4535 (
794 4461 938 4517 Psal.
964 4475 1067 4523 CIV,
1098 4459 1132 4511 4
1152 4456 1190 4527 ).
1225 4452 1324 4509 Ubi
1353 4466 1574 4519 semper,
1603 4447 1700 4500 nisi
1727 4445 1848 4500 hic?
1868 4443 1983 4498 Non

400 4536 545 4625 enim
572 4536 725 4617 etibi
755 4567 1055 4628 quaeremus
1084 4550 1173 4604 Dei
1205 4546 1389 4601 faciem
1417 4584 1431 4607 ,
1460 4542 1549 4596 ubi
1580 4538 1877 4593 videbimus
1902 4536 1983 4589 fa-

401 4662 483 4713 cie
508 4654 576 4710 ad
605 4653 792 4708 faciem
823 4650 881 4721 (Ι
912 4645 1027 4702 Cor.
1056 4658 1147 4697 xm
1178 4683 1190 4705 ,
1222 4639 1288 4693 12
1318 4640 1354 4707 ).
1386 4638 1489 4690 Aut
1528 4635 1570 4689 si
1607 4642 1750 4687 recte
1794 4630 1987 4684 dicitur

404 4747 607 4818 exquiri
631 4741 772 4814 quod
798 4740 915 4795 sine
952 4734 1165 4791 fastidio
1204 4730 1436 4799 diligitur
1463 4769 1475 4789 ,
1516 4736 1567 4779 et
1614 4723 1664 4777 id
1704 4722 1875 4791 agitur
1920 4734 1986 4774 ne

406 4814 677 4897 amittatur
700 4853 715 4903 ;
743 4847 953 4904 semper
981 4828 1199 4884 omnino
1223 4826 1337 4877 sine
1367 4820 1471 4874 ﬁne
1491 4831 1790 4889 quaeremus
1817 4814 1984 4883 legem

409 4934 499 4991 Dei
525 4974 541 4998 ,
570 4932 671 4984 hoc
696 4936 781 4983 est
806 4924 1082 4979 veritatem
1115 4917 1207 4971 Dei
1240 4934 1252 4969 :
1281 4915 1331 4968 in
1359 4913 1459 4966 hoc
1490 4910 1683 4979 quippe
1713 4908 1828 4977 ipso
1853 4904 1986 4959 dici-

407 5035 487 5078 tur
526 5022 733 5093 psalmo
757 5060 772 5084 ,
820 5012 884 5071 Et
922 5018 1003 5069 lex
1041 5022 1127 5065 tua
1170 5008 1367 5063 veritas.
1408 5001 1672 5070 Quaeritur
1717 5011 1854 5052 nunc
1878 5038 1892 5061 ,
1934 5004 1990 5050 ut

408 5086 647 5171 teneatur
672 5131 686 5177 ;
720 5120 849 5165 tunc
870 5105 1134 5162 tenebitur
1161 5142 1175 5167 ,
1204 5116 1271 5154 ne
1299 5095 1695 5163 derelinqualur
1724 5108 1735 5144 :
1765 5089 1898 5144 sicut
1922 5086 1990 5142 de

406 5209 609 5280 Spiritu
638 5205 729 5260 Dei
757 5203 957 5257 dictum
985 5207 1067 5252 est
1096 5195 1236 5265 quod
1266 5190 1441 5244 omnia
1485 5192 1751 5240 scrutetur
1776 5224 1788 5246 ,
1829 5182 1989 5236 etiam

406 5274 712 5359 altitudines
742 5296 834 5351 Dei
862 5292 988 5363 (1d.
1019 5306 1053 5345 ιι
1080 5330 1095 5356 ,
1126 5287 1191 5341 10
1213 5284 1253 5357 );
1283 5298 1388 5338 non
1423 5279 1603 5349 utique
1640 5286 1699 5330 ut
1724 5274 1862 5346 quod
1898 5288 1992 5327 ne-

406 5397 505 5451 scit
531 5390 808 5454 inveniat,
838 5385 932 5442 sed
958 5384 1079 5456 quia
1108 5379 1241 5435 nihil
1282 5376 1547 5445 relinquat
1591 5369 1809 5428 omnino
1851 5365 1990 5437 quod

404 5488 627 5545 nrsciat.

473 5583 530 5637 4.
573 5577 742 5652 [νει-ε.
768 5571 902 5646 54.]
938 5568 1121 5627 Gratia
1164 5566 1341 5635 itaque
1390 5560 1481 5615 Dei
1532 5557 1685 5613 nobis
1729 5554 1995 5652 prmeipue

403 5646 851 5733 commendatur,
924 5660 1136 5734 quando
1203 5655 1302 5711 sibi
1349 5653 1519 5723 legem
1577 5649 1700 5719 poni
1754 5646 1924 5718 poscit
1962 5659 1994 5699 a

407 5762 676 5827 Domino,
726 5757 815 5829 qui
854 5751 1037 5825 utique
1081 5750 1190 5821 jam
1220 5748 1389 5818 legem
1429 5740 1717 5799 secundum
1761 5739 1993 5792 litteram

403 5860 651 5915 noverat.
699 5848 805 5908 Sed
858 5847 981 5919 quia
1035 5843 1209 5899 littera
1255 5836 1483 5902 occidit,
1546 5834 1763 5905 spiritus
1814 5837 1992 5884 autem

1462 362 1854 419 ENARliATIO
1892 359 1954 416 IN
1995 358 2315 417 PSALMUM
2351 364 2581 420 CXVIII.

3530 373 3669 430 1550

2084 476 2312 532 vivificat
2359 478 2440 548 (Il
2486 478 2601 534 Cor.
2650 490 2742 546 nt,
2783 480 2898 552 6);
2967 491 3083 538 orat
3124 491 3183 538 ut
3228 499 3321 554 per
3371 484 3665 556 Spiritum‘

2086 567 2241 624 faciat
2265 572 2405 640 quod
2440 587 2534 657 per
2582 574 2811 629 litteram
2852 574 3090 642 sciebat;
3143 592 3209 632 ne
3253 592 3349 648 per
3390 579 3667 636 scientiam

2084 662 2319 717 mandati
2358 679 2464 719 non
2502 666 2768 722 observati
2808 670 2966 723 etiam
2995 671 3444 740 praevaricationis
3486 673 3537 730 ei
3564 674 3671 730 cri~

2086 770 2210 810 men
2240 757 2477 812 accedat.
2510 757 2820 829 Quanquam
2845 761 3003 816 etiam
3032 770 3091 817 ut
3114 764 3312 820 sciatur
3333 764 3416 820 lex
3446 780 3671 837 quomo-

2086 847 2157 904 do
2182 849 2397 903 scienda
2425 860 2546 917 est,
2577 851 2629 906 id
2658 862 2779 921 est,
2807 862 2865 908 ut
2892 855 3215 927 intelligatur
3242 858 3367 929 quid
3392 858 3493 915 sibi
3518 860 3667 929 velit,

2086 955 2251 1010 quare
2277 940 2347 995 sit
2370 940 2448 995 eis
2491 943 2663 1012 posita
2712 944 2803 1014 qui
2850 958 2967 999 eam
3015 960 3122 1001 non
3171 958 3322 1003 erant
3366 952 3668 1019 servaturi,

2086 1034 2213 1105 quid
2241 1034 2437 1091 habeat
2462 1036 2703 1093 utilitatis
2723 1037 2881 1093 etiam
2905 1037 3009 1094 hoc
3033 1039 3203 1109 ipsum
3232 1041 3373 1111 quod
3398 1043 3479 1097 lea:
3497 1044 3669 1100 subin-

2087 1127 2235 1181 travit
2258 1168 2274 1192 ,
2304 1137 2359 1181 ut
2394 1127 2669 1184 abundaret
2708 1128 2947 1183 delictum
2992 1130 3189 1203 (Rom.
3229 1148 3284 1200 v,
3327 1131 3461 1205 20),
3511 1150 3671 1193 nemo

2085 1219 2493 1289 comprehendit
2516 1263 2531 1288 ,
2564 1221 2665 1276 nisi
2691 1236 2721 1277 a
2754 1221 2982 1277 Domino
3011 1224 3276 1292 acceperit
3304 1224 3626 1282 intellectum
3654 1246 3667 1282 :

2086 1312 2226 1368 unde
2254 1314 2355 1368 iste
2380 1313 2617 1384 adjungit
2644 1322 2699 1369 et
2735 1314 2900 1382 dicit,
2954 1312 3033 1368 Da
3076 1315 3202 1369 mihi
3243 1316 3582 1384 intellectum,
3624 1329 3674 1374 et

2085 1404 2344 1459 scrutabor
2372 1404 2529 1476 legem
2559 1414 2696 1459 tuam
2718 1447 2734 1473 ,
2765 1414 2812 1459 et
2838 1405 3119 1459 custodiam
3143 1407 3287 1461 illam
3315 1408 3368 1462 in
3396 1418 3497 1463 toto
3523 1410 3673 1464 corde

2086 1513 2213 1550 meo.
2244 1494 2374 1550 Cum
2400 1496 2539 1551 enim
2565 1496 2787 1568 quisque
2814 1498 2985 1568 legem
3015 1507 3281 1553 scrutatus
3303 1499 3461 1555 fuerit
3483 1543 3497 1568 ,
3526 1511 3579 1556 et
3606 1502 3672 1558 ad

2085 1586 2200 1657 ejus
2228 1588 2333 1642 alta
2362 1589 2699 1658 pervenerit,
2736 1589 2787 1642 in
2813 1589 3006 1659 quibus
3031 1598 3139 1644 tota
3169 1592 3363 1660 pendet
3388 1610 3401 1658 ;
3436 1593 3675 1663 profecto

2085 1679 2247 1734 debet
2272 1681 2437 1735 Deum
2470 1680 2688 1751 diligere
2715 1696 2780 1735 ex
2810 1689 2920 1735 toto
2945 1682 3107 1736 corde
3132 1725 3146 1749 ,
3191 1697 3255 1738 ex
3301 1691 3408 1738 tota
3453 1684 3630 1740 anima
3655 1727 3671 1752 ,

2086 1785 2153 1825 ex
2183 1778 2290 1824 tota
2319 1780 2496 1825 mente
2520 1789 2532 1835 ;
2567 1782 2621 1825 et
2646 1771 2943 1840 proximum
2970 1788 3122 1826 suum
3145 1781 3392 1843 tanquam
3414 1776 3673 1844 seipsum.

2085 1861 2142 1916 In
2193 1862 2275 1917 his
2320 1862 2459 1916 enim
2503 1861 2710 1917 duobus
2753 1865 3034 1932 praeceptis
3081 1872 3187 1918 tota
3239 1863 3346 1920 Lex
3391 1864 3585 1934 pendet
3621 1875 3675 1922 et

2084 1954 2363 2024 Prophetse
2390 1955 2407 2025 (
2436 1954 2621 2009 Matth.
2654 1970 2765 2009 xxu
2792 1997 2805 2020 ,
2837 1954 3005 2010 57-40
3029 1956 3067 2027 ).
3097 1955 3209 2012 Hoc
3232 1955 3440 2011 videtur
3472 1957 3673 2027 promi-

2084 2048 2219 2102 sisse
2238 2088 2255 2115 ,
2277 2062 2396 2103 cum
2420 2045 2552 2101 dixit
2576 2088 2591 2112 ,
2618 2046 2683 2100 Et
2706 2048 2984 2101 custodiam
3007 2048 3147 2101 illam
3174 2048 3229 2101 in
3256 2057 3357 2102 toto
3374 2049 3522 2102 corde
3541 2066 3672 2104 meo.

2155 2139 2208 2194 5.
2252 2137 2579 2211 [vers.'55.]
2617 2138 2721 2194 Sed
2751 2138 2873 2208 quia
2905 2150 2958 2193 et
3001 2138 3102 2193 hoc
3141 2139 3317 2193 minus
3353 2141 3493 2195 valet
3540 2141 3672 2196 viri-

2084 2230 2184 2285 bus
2232 2232 2497 2301 prOpriis,
2548 2230 2646 2284 nisi
2688 2230 2968 2301 adjuvetur
3015 2231 3081 2285 ab
3116 2232 3209 2285 illo
3258 2232 3346 2302 qui
3382 2231 3568 2300 jubet,
3616 2241 3675 2289 ut

2084 2321 2243 2377 faciat
2266 2322 2405 2393 quod
2430 2322 2619 2393 jubet,
2650 2320 2827 2376 Deduc
2854 2340 2931 2376 me
2953 2365 2968 2390 ,
2998 2324 3170 2393 inquit
3196 2364 3209 2388 ,
3240 2324 3293 2377 in
3321 2325 3495 2378 semita
3525 2341 3672 2379 man-

2084 2412 2317 2466 datorum
2349 2422 2548 2467 tuorum
2571 2454 2588 2479 ,
2635 2414 2753 2484 quia
2792 2415 2956 2484 ipsam
2990 2416 3147 2469 volui.
3195 2414 3389 2471 Parum
3425 2426 3506 2471 est
3541 2416 3675 2472 mihi

2083 2505 2326 2560 voluntas
2357 2520 2473 2560 mea
2498 2546 2512 2571 ,
2550 2505 2651 2559 nisi
2682 2505 2732 2559 in
2760 2520 2825 2560 eo
2850 2506 2991 2576 quod
3018 2506 3153 2560 volui
3180 2548 3194 2571 ,
3236 2521 3323 2561 me
3362 2507 3475 2577 ipse
3504 2506 3673 2561 dedu—

2083 2613 2191 2655 cas.
2222 2598 2290 2653 Et
2317 2607 2461 2653 certe
2487 2600 2598 2668 ipsa
2621 2608 2702 2654 est
2731 2599 2918 2653 semita
2947 2616 2960 2663 ;
3008 2598 3109 2654 hoc
3150 2608 3233 2654 est
3272 2600 3355 2655 via
3392 2598 3673 2655 mandato-

2083 2705 2199 2745 rum
2230 2690 2323 2744 Dei
2352 2731 2366 2756 ,
2393 2704 2551 2760 quam
2574 2706 2631 2744 sc
2656 2732 2671 2758 ,
2703 2690 2921 2745 dilatato
2962 2690 3029 2746 ab
3071 2691 3163 2746 illo
3210 2691 3371 2747 corde
3412 2707 3511 2749 suo
3534 2734 3551 2761 ,
3581 2708 3674 2749 cu-

2082 2784 2314 2840 currisse
2332 2784 2440 2855 jam
2469 2784 2692 2865 dixerat.
2721 2783 2888 2853 Quam
2913 2795 3193 2855 prepterea
3231 2787 3389 2842 etiam
3427 2788 3671 2843 semitam

2086 2887 2241 2933 vocat
2266 2918 2279 2943 ,
2313 2878 2434 2948 quia
2461 2885 2681 2947 angusta
2709 2886 2791 2932 est
2819 2878 2901 2932 via
2926 2893 3045 2948 qua:
3072 2878 3214 2933 ducit
3241 2878 3306 2933 ad
3332 2879 3493 2933 vitam
3535 2880 3556 2952 (
3584 2880 3670 2934 Id.

2084 2986 2190 3036 vn,
2226 2970 2292 3024 14
2317 2969 2358 3040 );
2386 2978 2440 3025 et
2466 2984 2587 3024 cum
2615 2969 2683 3023 sit
2710 2979 2928 3041 angusta
2956 3011 2970 3035 ,
3000 2969 3100 3024 nisi
3130 2969 3349 3025 dilatato
3376 2971 3537 3027 corde
3566 2988 3673 3031 non

2084 3069 2338 3125 curritur.

2154 3160 2207 3216 6.
2250 3160 2413 3235 [vers.
2443 3160 2530 3215 36.
2554 3158 2576 3233 ]
2617 3158 2724 3215 Sed
2748 3159 2999 3230 quoniam
3028 3156 3202 3213 adhuc
3228 3159 3438 3229 proﬁcit
3462 3202 3476 3228 ,
3500 3160 3675 3216 adhuc

2083 3255 2285 3320 currit;
2315 3264 2368 3307 et
2399 3254 2518 3308 ideo
2546 3251 2784 3306 divinum
2827 3251 3079 3305 auxilium
3122 3266 3227 3321 quo
3264 3251 3555 3307 deducatur
3593 3253 3673 3308 in-

2083 3345 2281 3415 quirit,
2327 3345 2447 3415 quia
2491 3359 2661 3415 neque
2700 3342 2923 3397 volentis
2948 3384 2963 3408 ,
3014 3358 3191 3413 neque
3229 3343 3530 3411 currentis,
3575 3341 3672 3398 sed

2084 3437 2387 3492 miserentis
2411 3445 2491 3492 est
2521 3436 2613 3492 Dei
2640 3436 2657 3505 (
2684 3434 2835 3489 Rom.
2861 3451 2914 3489 ix
2939 3475 2953 3501 ,
3001 3433 3067 3490 l6
3092 3433 3151 3506 ):
3197 3434 3426 3505 denique
3463 3435 3586 3506 quia
3621 3444 3676 3491 et

2085 3531 2255 3600 ipsum
2280 3529 2415 3584 velle
2437 3529 2576 3583 Deus
2597 3536 2846 3597 operatur
2874 3527 2924 3581 in
2950 3526 3104 3582 nobis
3119 3527 3140 3558 '
3163 3523 3423 3597 (Philipp.
3451 3541 3487 3581 ιι
3513 3568 3526 3591 ,
3554 3526 3671 3599 l3),

2084 3632 2413 3694 praeparatur
2443 3622 2581 3676 enim
2612 3620 2861 3676 voluntas
2886 3636 2912 3673 a
2944 3619 3167 3675 Domino
3192 3636 3206 3681 ;
3247 3619 3485 3690 sequitur
3511 3628 3565 3674 et
3588 3619 3674 3674 di-

2084 3718 2156 3771 cit
2183 3760 2196 3783 ,
2230 3715 2432 3770 Inclina
2468 3731 2555 3769 cor
2595 3731 2759 3769 meum
2796 3715 2848 3767 in
2900 3714 3182 3767 testimonia
3221 3724 3342 3778 tua,
3391 3720 3438 3766 et
3478 3728 3578 3766 non
3620 3713 3675 3766 in

2085 3811 2368 3863 avaritiam.
2399 3808 2536 3876 Quid
2558 3817 2641 3862 est
2667 3806 2973 3861 inclinatum
3002 3820 3099 3860 cor
3118 3805 3183 3860 ad
3209 3804 3407 3875 aliquid
3436 3804 3635 3860 habere
3656 3847 3671 3870 ,

2085 3902 2187 3955 nisi
2214 3901 2316 3956 hoc
2348 3899 2526 3955 velle?
2553 3899 2621 3952 Et
2648 3898 2813 3952 voluit
2837 3913 2963 3967 ergo
2988 3939 3003 3963 ,
3038 3906 3091 3951 et
3124 3905 3242 3950 orat
3289 3906 3347 3950 ut
3394 3896 3536 3951 velit.
3564 3896 3671 3951 Vo-

2085 3993 2182 4047 luit
2207 4034 2220 4056 ,
2248 4008 2366 4047 cum
2395 3992 2523 4045 dicit
2546 4030 2560 4054 ,
2593 3988 2768 4042 Deduc
2801 4004 2878 4041 me
2904 3988 2955 4041 in
2981 3988 3157 4041 semita
3183 3986 3535 4039 mandatorum
3556 3997 3669 4040 tuo-

2084 4100 2234 4148 rum,
2264 4084 2381 4155 quia
2418 4083 2583 4151 ipsam
2628 4078 2806 4132 volui:
2854 4087 2972 4132 orat
3014 4084 3191 4131 autem
3237 4086 3296 4131 ut
3337 4075 3501 4144 velit,
3547 4090 3670 4132 cum

2086 4175 2251 4240 dicit,
2276 4173 2478 4227 Inclina
2502 4189 2589 4226 cor
2616 4186 2778 4224 meum
2804 4170 2858 4224 in
2888 4169 3168 4223 testimonia
3215 4178 3299 4223 tua
3322 4211 3335 4235 ,
3382 4178 3426 4221 et
3474 4186 3575 4222 non
3620 4171 3675 4224 in

2088 4267 2370 4322 avaritiam.
2399 4264 2511 4319 Hoc
2538 4265 2719 4333 itaque
2742 4270 2898 4329 orat,
2930 4271 2989 4316 ut
3021 4260 3073 4314 in
3105 4262 3216 4331 ipsa
3242 4261 3513 4315 voluntate
3547 4275 3674 4331 pro-

2090 4362 2254 4416 ﬁciat.
2283 4359 2413 4426 Qua:
2440 4366 2565 4411 sunt
2589 4365 2766 4410 autem
2812 4355 2905 4409 Dei
2946 4353 3250 4409 testimonia
3277 4395 3292 4420 ,
3338 4353 3438 4408 nisi
3483 4352 3677 4423 quibus

2090 4454 2189 4510 sibi
2222 4455 2331 4523 ipse
2358 4450 2675 4506 attestatur?
2713 4447 3059 4503 Testimoniis
3082 4447 3225 4501 enim
3256 4445 3450 4517 aliquid
3480 4445 3675 4516 proba-

2090 4561 2215 4615 tur;
2247 4563 2308 4602 ac
2350 4562 2443 4616 per
2481 4544 2582 4598 hoc
2621 4541 3024 4613 justiﬁcationes
3056 4540 3154 4595 Dei
3198 4548 3251 4594 et
3290 4539 3539 4594 mandata
3584 4539 3677 4593 Dei

2092 4639 2411 4697 testimoniis
2445 4637 2536 4693 Dei
2568 4634 2900 4707 probantur;
2925 4643 2977 4689 et
3002 4631 3257 4703 quidquid
3284 4632 3435 4686 nobis
3461 4644 3678 4700 persua-

2091 4737 2219 4792 dere
2244 4733 2360 4788 vult
2384 4732 2524 4787 Deus
2548 4772 2563 4797 ,
2591 4729 2703 4785 suis
2749 4728 3065 4784 testimoniis
3096 4724 3378 4796 persuadet
3409 4742 3421 4776 ε
3467 4723 3518 4775 in
3560 4736 3678 4791 quae

2092 4828 2194 4883 iste
2222 4824 2352 4895 petit
2378 4822 2617 4878 inclinari
2659 4835 2751 4875 cor
2796 4834 2949 4874 suum
2977 4860 2991 4883 ,
3037 4826 3089 4872 et
3135 4830 3240 4870 non
3286 4815 3337 4868 in
3378 4813 3677 4868 avaritiam.

2092 4915 2436 4974 Testimoniis
2495 4913 2691 4984 quippe
2746 4911 2856 4965 suis
2908 4910 3014 4979 agit
3058 4906 3332 4961 nobiscum
3398 4904 3576 4969 Deus,
3623 4911 3679 4958 ut

2094 5026 2216 5067 eum
2238 5008 2400 5081 gratis
2426 5007 2668 5062 colamus
2692 5022 2707 5070 ;
2736 5002 2875 5074 quod
2900 4997 3120 5070 impedit
3149 4996 3369 5052 avaritia
3392 4994 3544 5050 radix
3565 5008 3681 5048 om-

2096 5104 2244 5158 nium
2294 5100 2579 5156 malorum.
2629 5095 2741 5150 Tali
2781 5093 2946 5147 verbo
2986 5104 3159 5160 graeco
3203 5087 3289 5141 hic
3332 5084 3604 5157 appellat,
3652 5100 3682 5143 a

2096 5212 2202 5267 quo
2234 5194 2401 5266 possit
2430 5188 2649 5260 intelligi
2677 5184 2941 5258 generalis
2966 5182 3189 5237 avaritia
3212 5223 3227 5246 ,
3253 5195 3356 5252 qua
3376 5181 3495 5251 plus
3516 5195 3682 5251 appe-

2099 5288 2159 5342 tit
2187 5286 2411 5358 quisque
2436 5297 2592 5353 quam
2624 5286 2705 5335 sat
2731 5284 2812 5331 est
2838 5294 2851 5330 :
2885 5284 3019 5329 πλέον
3045 5273 3189 5328 enim
3218 5273 3381 5328 latine
3408 5273 3527 5344 plus
3557 5282 3639 5329 est
3664 5291 3679 5333 ς

2098 5390 2191 5447 ἕξις
2219 5379 2427 5434 habitus
2454 5385 2571 5440 est,
2603 5372 2671 5427 ab
2695 5386 2759 5426 eo
2783 5368 2927 5440 quod
2956 5375 3039 5423 est
3058 5367 3279 5424 habere.
3312 5367 3456 5438 Ergo
3497 5382 3527 5421 a
3570 5367 3685 5437 plus

2100 5472 2346 5529 habendo
2372 5468 2634 5541 appellata
2660 5473 2743 5521 est
2764 5473 3006 5529 πλεονεξία
3029 5506 3043 5530 ,
3067 5478 3225 5533 quam
3250 5462 3399 5517 latini
3423 5460 3684 5529 interpre-

2098 5577 2179 5623 tes
2210 5567 2262 5621 in
2294 5565 2394 5618 hoc
2418 5563 2538 5616 loco
2568 5556 2807 5615 nonnulli
2837 5554 3173 5626 interpretati
3215 5561 3340 5608 sunt
3373 5550 3686 5606 emolmnen-

2164 5704 2180 5735 ¹
2209 5700 2339 5758 Fdd-a
2366 5710 2453 5764 ρετ
2476 5696 2703 5759 Spiritum
2720 5696 2960 5764 ἕαηεωῖη
2988 5690 3154 5764 Abest,
3173 5689 3588 5764 ‘Mﬁfﬂsﬁ

2138 5768 2183 5840 ν’
2208 5744 2613 5813 ἔῆέῖιιῖίὲίξιέοεέ
2643 5764 2693 5806 At
2717 5762 2789 5804 Er.
2820 5761 2870 5804 et
2894 5763 3025 5812 Lov.,
3050 5744 3274 5813 operatur
3296 5746 3347 5798 in
3370 5744 3587 5797 omnibus
3607 5746 3688 5798 bo~

2100 5842 2190 5879 τηε.
