4188 6450
544 404 674 469 1531

546 537 650 580 tum
676 568 688 591 ,
717 522 927 596 quidam
959 533 1083 578 vero
1112 516 1419 582 utilitatem;
1446 512 1553 596 sed
1592 513 1784 570 melius
1820 510 1908 582 qui
1951 509 2121 564 avari-

545 620 686 674 tiam.
718 594 850 672 liicit
879 608 1055 669 autem
1078 606 1363 682 Apostolus
1390 626 1402 662 :
1434 594 1606 661 Radix
1626 604 1755 660 enim
1777 602 1998 657 omnium
2024 616 2128 654 nta-

545 710 707 768 lorum
744 708 955 764 avaritia
999 706 1070 761 est
1117 688 1337 779 (lTim'.
1367 717 1458 769 v1,
1488 688 1615 771 i0).
1660 688 1765 755 Sed
1810 696 1861 752 in
1908 698 2083 766 grtcc'o
2107 734 2122 762 ,

545 802 684 863 unde
713 798 762 859 in
789 798 1025 857 nosH-ain
1047 792 1281 870 linguam
1310 792 1470 850 verba
1509 793 1622 864 ipsa
1665 780 1919 846 translata
1962 780 2086 842 sunt
2109 828 2124 855 ,

543 910 647 954 non
676 886 866 966 legitur
892 876 1032 967 apud
1059 886 1373 963 Ap‘oSlolum
1403 876 1642 953 πλιονιεὶὰ
1665 927 1679 952 ,
1726 874 1866 969 quod
1905 880 1958 969 in
2007 874 2129 969 loco

544 978 645 1046 isto
674 958 863 1059 psalmi
895 958 1051 1056 inijus
1073 1003 1088 1051 ;
1110 958 1209 1039 sed
1233 978 1515 1055 φιλάρνυρῖα
1536 1021 1552 1046 ,
1580 972 1686 1049 quo
1718 962 1883 1032 verbo
1920 958 2128 1045 sig’niii-

544 1091 696 1137 catur
720 1078 870 1135 amor
895 1072 1157 1151 pecuniae.
1199 1070 1395 1130 Verum
1429 1068 1715 1151 Apn'Sto'iu's
1755 1062 2128 1151 intelligendus

545 1182 627 1231 eSt
666 1172 769 1229 ieto'
814 1138 1029 1225 nomine
1069 1160 1236 1239 genus
1276 1138 1601 1238 Sigtnilicassé
1636 1178 1732 1233 per
1769 1154 2001 1239 speciem
2026 1199 2042 1225 ,
2077 1138 2131 1213 id

546 1260 630 1321 est
653 1307 666 1330 ,
698 1258 795 1335 per
819 1254 1055 1318 amorem
1080 1238 1316 1331 pecuniae.
1341 1254 1693 1312 universalem
1718 1238 2131 1324 generalemque‘

546 1354 860 1423 avaritiam,
906 1370 1025 1426 qua:
1069 1368 1198 1409 vere
1244 1346 1395 1407 radix
1440 1358 1523 1406 est
1564 1344 1823 1403 nullorum
1860 1344 2124 1402 omnium.

547 1452 678 1509 Nam
721 1450 819 1521 ipsi
863 1424 1021 1522 primi
1062 1442 1308 1503 homines
1356 1461 1451 1517 per
1488 1440 1791 1515 Serpentem
1830 1436 2039 1509 decepti
2078 1424 2133 1494 et

548 1544 741 1615 dejecti
768 1560 873 1615 non
900 1536 1161 1607 fuissent,
1192 1538 1291 1595 nisi
1330 1537 1448 1610 plus
1490 1550 1647 1607 quam
1692 1541 2010 1603 acceperant
2035 1530 2132 1615 ba-

549 1608 676 1693 bcre
697 1680 711 1704 ,
744 1645 797 1692 et
823 1610 941 1706 pius
968 1626 1125 1705 quam
1155 1630 1279 1687 facti
1303 1608 1511 1685 fuerant
1535 1642 1654 1683 esse
1678 1627 1991 1681 voluissent.
2022 1608 2134 1678 lidc

549 1728 746 1803 quippe
772 1728 858 1784 ille
885 1727 1205 1799 promiserat
1228 1724 1413 1780 dicens
1441 1740 1454 1775 ε
1486 1706 1643 1776 erat:
1688 1716 1815 1775 sicut
1855 1718 1927 1773 dii
1954 1717 1974 1792 (
2002 1712 2133 1778 aea.

551 1820 604 1880 in
630 1865 645 1888 ,
679 1820 775 1893 5).
809 1821 949 1897 Ergo
980 1819 1078 1875 ista
1104 1826 1342 1884 πλιονεεία
1368 1812 1610 1870 subversi
1640 1823 1782 1868 sunt.
1822 1810 1947 1865 l‘lus
1989 1810 2133 1865 enim

553 1917 793 1972 volentes
818 1898 1017 1968 habere
1045 1924 1205 1984 quam
1235 1916 1589 1979 acceperant,
1638 1915 1693 1962 et
1726 1903 1868 1977 quod
1916 1898 2139 1972 accepe-

553 1998 674 2063 rant
699 2004 1011 2062 amiserunt.
1034 1986 1503 2075 'anusl‘vestigium
1534 1990 1771 2052 veritatis
1800 1990 1916 2064 quae
1943 1988 2138 2075 ubiqué

552 2098 793 2169 dispersa
820 2104 902 2151 est
927 2094 968 2165 ⁸,
1019 2104 1073 2150 et
1102 2072 1155 2148 in
1198 2072 1397 2148 lorensi
1437 2088 1560 2161 jure
1594 2087 1989 2159 deprehensum
2012 2072 2096 2142 est
2118 2128 2135 2154 ,

554 2206 660 2261 quo
687 2188 989 2243 institutum
1016 2192 1099 2240 est
1138 2192 1197 2239 ut
1234 2180 1353 2254 plus
1398 2176 1626 2252 petendo
1664 2176 1820 2234 causa
1864 2177 2015 2233 cadat
2041 2194 2059 2261 :_
2085 2176 2139 2251 id

556 2256 638 2338 est
661 2326 675 2351 ,
704 2291 761 2337 ut
784 2280 872 2351 qui
899 2278 1017 2350 plus
1048 2278 1259 2349 petierit
1282 2292 1441 2347 quam
1466 2275 1515 2329 ei
1541 2272 1763 2330 debetur
1786 2315 1801 2341 ,
1838 2278 1893 2327 et
1924 2256 2063 2342 quod
2080 2266 2140 2355 ‘ei

557 2362 854 2430 debebatur
877 2370 1103 2428 amittat.
1131 2368 1314 2426 Omnis
1339 2358 1517 2423 autem
1544 2362 1573 2420 a
1616 2364 1767 2421 nobis
1808 2360 2144 2419 circumcidi-

558 2477 643 2522 tur
667 2462 885 2521 avaritia
912 2507 927 2531 ,
958 2456 1002 2519 si
1026 2456 1191 2535 gratis
1216 2461 1422 2517 colatur
1448 2454 1605 2515 Deus.
1631 2446 1711 2514 Ad
1733 2454 1873 2529 quod
1900 2450 2141 2512 sanctum

556 2557 657 2614 Job
680 2557 733 2612 in
759 2558 929 2629 agbne
955 2553 1262 2612 tentationis
1291 2553 1405 2623 ipse
1426 2542 1681 2629 provocat
1706 2538 1954 2603 inimicus
1974 2589 1988 2613 ,
2018 2562 2141 2601 cum

557 2652 625 2708 de
656 2634 744 2706 illo
771 2650 896 2705 dicit
926 2669 941 2707 :
990 2647 1257 2721 Numquid
1298 2646 1456 2720 gratis
1498 2644 1615 2700 colit
1651 2628 1750 2699 Job
1786 2640 1948 2698 Deum
1978 2632 2139 2718 (Iob.

557 2760 574 2799 ι
600 2786 615 2812 ,
647 2744 681 2802 9
702 2732 767 2818 )?
795 2724 1021 2799 Putabat
1048 2740 1188 2797 enim
1220 2738 1472 2795 Diabolus
1497 2736 1643 2815 quod
1681 2736 1733 2792 in
1766 2736 1878 2792 Deo
1917 2732 2145 2818 colendo

560 2835 641 2891 vir
662 2816 838 2906 justus
883 2850 977 2890 cor
1023 2830 1329 2888 inclinatum
1368 2828 1593 2886 haberet
1633 2826 1685 2883 in
1730 2825 2044 2894 avaritiam,
2090 2816 2145 2881 et

560 2938 721 2985 causa
762 2927 1109 2985 emolumenti
1140 2924 1224 2981 vel
1261 2924 1503 2981 utilitatis
1544 2916 1722 2978 rerum
1770 2918 2143 2991 temporalium

560 3018 755 3094 quibus
782 3036 903 3077 eum
929 3008 1190 3076 ditaverat
1220 3016 1479 3074 Dominus
1501 3059 1516 3085 ,
1540 3012 1683 3072 velut
1705 3010 2068 3093 mercenarius
2094 3013 2145 3068 ei

558 3130 657 3187 pro
706 3115 794 3170 tali
846 3112 1093 3169 mercede
1131 3112 1390 3168 serviret:
1430 3109 1525 3166 sed
1572 3124 1730 3181 quam
1768 3104 1935 3187 gratis
1977 3098 2143 3163 Deum

558 3178 762 3264 eoleret
784 3248 799 3273 ,
829 3194 1064 3261 tentatus
1087 3196 1353 3274 apparuit.
1370 3190 1426 3258 Si
1452 3178 1703 3272 ergo—cor
1727 3178 1830 3255 non
1852 3178 2145 3279 habeamus

563 3288 871 3353 inclinatum
923 3297 978 3351 in
1026 3292 1343 3362 avaritiam,
1400 3288 1566 3349 Deurn
1619 3298 1725 3348 rion
1774 3291 1996 3348 colimus
2041 3288 2145 3348 nisi

559 3392 782 3465 propter
810 3370 971 3445 beam
1000 3431 1014 3456 ,
1048 3382 1104 3443 ut
1128 3386 1211 3465 sui
1237 3388 1412 3443 c'uitus
1438 3387 1551 3458 ipse
1591 3382 1660 3442 sit
1701 3402 1928 3443 merces.
1963 3385 2140 3457 ipsum

562 3476 844 3552 diligamus
867 3479 916 3534 in
946 3479 1125 3550 seipse
1147 3522 1162 3546 ,
1187 3474 1359 3557 ipsum
1380 3468 1660 3549 diligamus
1681 3479 1731 3533 in
1754 3479 1909 3534 nobis
1933 3521 1946 3545 ,
1971 3472 2144 3549 ipsum

565 3570 617 3627 in
644 3564 902 3642 proximis
926 3558 1121 3625 nostris
1146 3586 1279 3641 quos
1303 3562 1572 3642 diligimus
1593 3570 1728 3625 sicut
1757 3566 2113 3641 nosmetipsos
2130 3614 2144 3637 ,

563 3661 675 3721 sive
705 3646 936 3719 habeant
961 3666 1083 3719 eum
1108 3706 1122 3729 ,
1165 3658 1278 3719 sive
1312 3673 1370 3718 ut
1390 3660 1411 3695 ¹
1443 3638 1673 3719 habeant
1701 3679 1845 3719 eum.
1875 3660 2026 3733 Quod
2052 3672 2149 3719 no—'

566 3756 650 3813 bis
678 3753 926 3830 quoniam
953 3757 1069 3827 ipso
1091 3740 1325 3812 donante
1350 3740 1621 3811 confertur
1644 3797 1658 3822 ,
1693 3744 1812 3811 ideo
1834 3754 1906 3811 illi
1933 3748 2145 3812 dicitur.

567 3844 771 3907 lnclina
798 3868 885 3906 cor
908 3867 1074 3905 meum
1100 3848 1154 3905 in
1182 3844 1466 3904 testimonia
1502 3852 1589 3903 tua
1611 3891 1627 3916 ,
1659 3856 1705 3903 et
1749 3860 1850 3903 non
1889 3844 1941 3902 in
1979 3846 2148 3901 avari-

565 3944 707 4001 tiam.
753 3940 856 4002 sed
891 3938 1010 4017 quae
1053 3936 1390 4015 sequuntur,
1438 3932 1542 3997 alio
1584 3936 1833 3997 sermone
1877 3922 2148 3996 tractanda

565 4048 707 4094 sunt.

1204 4161 1377 4204 BERIO
1415 4162 1508 4202 ιιι.

638 4264 692 4317 1.
721 4261 870 4336 [νει-ε.
898 4260 1012 4335 37.]
1051 4261 1300 4333 Sequitur
1326 4262 1379 4316 in
1407 4261 1611 4330 psalmo
1633 4275 1792 4331 quem
1819 4259 2152 4328 Suscepimus

568 4353 960 4417 disserendum,
982 4354 1161 4408 Aoertc
1184 4354 1356 4409 oculos
1375 4364 1527 4417 meos,
1548 4369 1611 4407 ne
1628 4353 1829 4408 videant
1848 4352 2151 4419 vanitatem;

567 4451 620 4503 in
651 4450 731 4503 via
775 4456 860 4503 tua
884 4447 1079 4517 bibi/ica
1100 4463 1202 4501 me.
1232 4448 1281 4502 Α
1323 4448 1591 4501 contrario
1619 4445 1868 4500 diﬁ‘erunt
1910 4444 2049 4500 inter
2092 4456 2151 4501 se

568 4540 777 4595 vanitas
801 4548 855 4595 et
881 4541 1094 4595 veritas.
1122 4538 1291 4608 Hujus
1320 4546 1495 4595 autem
1523 4538 1703 4592 mundi
1743 4537 2026 4608 Cupiditas,
2059 4552 2149 4593 va-

570 4635 709 4688 nitas
735 4649 749 4686 :
776 4631 873 4687 sed
908 4630 1172 4695 Christus,
1204 4632 1294 4702 qui
1319 4646 1382 4686 ex
1411 4629 1513 4686 hoc
1539 4630 1738 4685 mundo
1763 4629 1973 4699 liberat,
2006 4631 2151 4686 veri-

569 4735 671 4781 tas.
700 4725 818 4796 lp‘se
844 4732 926 4782 est
954 4733 1010 4781 et
1030 4726 1115 4779 via
1141 4725 1194 4779 in
1224 4738 1327 4795 qua
1356 4739 1416 4779 se
1445 4724 1557 4779 vult
1593 4724 1694 4778 iste
1721 4722 1996 4791 vivificari,
2026 4724 2149 4795 quia

570 4823 684 4893 ipse
707 4830 789 4876 est
812 4829 868 4876 et
898 4822 1042 4887 vita;
1074 4821 1187 4891 ipse
1213 4820 1410 4892 quippe
1432 4820 1509 4875 ait
1534 4836 1547 4873 :
1581 4817 1692 4891 Ego
1718 4834 1829 4874 sum
1850 4820 1948 4885 aia,
1970 4819 2151 4874 ueritas

568 4925 615 4967 et
640 4915 742 4968 vita
768 4911 941 4987 (Joan.
964 4926 1072 4978 xm
1097 4913 1173 4982 ϐ).
1202 4913 1307 4969 Sed
1327 4913 1452 4983 quid
1471 4922 1574 4978 est;
1605 4914 1781 4967 Averte
1799 4912 1973 4968 oculos
1992 4929 2147 4982 meos,

568 5020 634 5060 ne
655 5005 852 5060 uideant
872 5006 1139 5060 vanitatem
1158 5005 1183 5060 ?
1204 5003 1466 5076 Numquid
1493 5005 1742 5075 quamdiu
1762 5019 1947 5060 sumus
1972 5004 2024 5059 in
2049 5004 2151 5060 hoc

568 5098 788 5165 mundo,
817 5112 1099 5168 possumus
1126 5115 1231 5155 non
1257 5099 1436 5155 videre
1464 5098 1792 5154 vanitatem?
1820 5097 1996 5153 Omnis
2019 5099 2151 5154 enim

570 5203 801 5247 creatura
827 5193 1032 5248 vanitati
1067 5193 1292 5266 subjecta
1329 5202 1420 5260 est;
1465 5206 1584 5264 qua:
1613 5193 1922 5263 intelligitur
1948 5207 2066 5249 esse
2096 5193 2149 5248 in

573 5284 823 5348 homine;
851 5295 926 5351 et,
960 5284 1147 5340 Omnia
1183 5288 1379 5341 vanitas
1408 5301 1428 5341 :
1455 5294 1570 5359 qua:
1596 5284 1907 5340 abundantia
1933 5284 2150 5339 hominis

566 5378 622 5431 in
651 5376 789 5430 omni
818 5375 988 5431 labore
1012 5392 1125 5445 suo,
1156 5388 1254 5449 quo
1276 5380 1387 5449 ipse
1422 5377 1616 5434 laborat
1643 5378 1733 5432 sub
1756 5377 1861 5432 sole
1884 5375 2079 5447 (Eccle.
2110 5391 2147 5441 ι,

568 5466 779 5543 sum
806 5469 888 5524 'An
909 5469 1009 5525 iste
1036 5468 1277 5527 fortassis
1304 5470 1405 5527 hoc
1430 5481 1565 5533 orat,
1596 5478 1653 5525 ut
1679 5480 1783 5524 non
1809 5469 1878 5523 sit
1899 5468 2015 5539 ejus
2044 5468 2149 5522 vita

567 5566 667 5623 sub
686 5566 820 5635 sole,
849 5564 940 5621 ubi
966 5565 1143 5622 omnia
1171 5566 1410 5630 vanitas;
1438 5565 1532 5621 sed
1555 5567 1608 5621 in
1639 5564 1731 5620 ilio
1758 5564 1848 5631 sit,
1882 5563 1935 5619 in
1962 5576 2068 5634 quo
2090 5576 2149 5618 se

633 5725 648 5757 ¹
673 5723 747 5775 Sic
767 5722 963 5788 aliquot,
986 5730 1094 5776 Mss.
1120 5729 1176 5775 At
1196 5724 1327 5788 Edd.,
1358 5721 1535 5788 legibus
1571 5734 1680 5788 quae
1710 5720 1885 5786 ubique
1915 5720 2151 5787 dispersae

566 5793 693 5838 sunt.
717 5786 1052 5848 Vox,legibus,
1072 5789 1212 5838 abest
1227 5786 1288 5837 ab
1309 5786 1531 5837 omnibus
1547 5786 1652 5836 MSS.

632 5850 652 5880 ³
674 5850 747 5898 sic
776 5843 871 5899 am.
898 5843 949 5901 ‘ét
976 5843 1077 5900 uss.
1108 5857 1161 5900 Αι
1184 5857 1273 5911 t~:r.,
1299 5848 1395 5902 sive
1414 5862 1507 5901 non
1528 5843 2148 5909 veluthabeaat.tov.,sﬁt'e

565 5923 658 5964 non
675 5910 895 5965 habeant.

1820 396 1874 455 s.
1919 370 2288 451 steterint
2331 394 2627 454 tzmscom

3675 394 3834 466 isse

2231 510 2481 605 viviiicari
2518 505 2688 586 petit?
2712 500 2805 574 ille
2831 514 3027 590 quippe
3069 508 3292 576 ascendit
3319 512 3428 577 non
3464 518 3619 594 super
3643 522 3837 581 selem

2232 604 2457 687 tantum,
2495 608 2586 664 sed
2626 606 2777 687 super
2800 627 2972 667 omnes
2998 604 3170 681 caelat,
3212 612 3268 669 ul
3307 608 3605 687 adimpleret
3645 616 3839 672 omnia

2232 633 2457 687 saluum,
2495 633 2586 664 seu
2626 633 2777 681 super
2800 633 2972 667 omnes
2998 633 3170 681 catos,
3212 633 3268 669 tu
3307 633 3447 669 aatm
3485 633 3605 671 teret
3645 633 3839 672 omnm

2231 692 2447 775 (Ephes.
2477 700 2548 768 i‘v,
2582 684 2691 777 ιὸ).
2726 684 2789 759 Et
2809 702 2861 759 in
2893 700 2987 759 illo
3015 698 3180 783 magis
3200 696 3358 783 quant
3386 633 3488 763 sui;
3506 704 3621 764 sole
3636 707 3844 765 vivunt

2230 794 2316 867 qui
2342 796 2448 851 non
2474 782 2704 852 inaniter
2727 795 2949 852 audiunt
2974 790 3116 867 quod
3142 778 3277 853 dixit
3297 780 3664 868 Apostolus”
3695 786 3846 869 Quae

2230 880 2442 945 sursum
2470 898 2594 944 sunt
2620 890 2860 961 qtuerite,
2891 886 2978 945 ubi
3001 888 3247 946 Christus
3273 884 3356 948 est
3378 889 3433 947 in
3475 889 3704 949 dextera
3738 888 3846 951 Del

2231 976 2456 1044 sedens;
2484 997 2603 1051 quze
2636 986 2846 1037 Sursum
2876 990 3000 1039 sunt
3028 984 3217 1054 sapite,
3248 980 3354 1038 non
3379 982 3497 1055 quae
3522 986 3691 1056 super
3722 978 3848 1040 ter-

2230 1058 2365 1131 ram.
2396 1058 2582 1159 ιιοτιυι
2626 1077 2770 1131 enim
2798 1068 2949 1145 estis,
2980 1087 3035 1133 et
3063 1070 3168 1132 vita
3197 1070 3372 1133 vestra
3404 1066 3725 1135 abscondita
3760 1074 3851 1136 est

2231 1184 2351 1224 cum
2380 1157 2594 1225 Christo
2638 1164 2689 1224 in
2722 1162 2828 1225 Deo
2860 1170 2880 1223 ι
2929 1164 3159 1240 (Coloss.
3192 1170 3270 1237 ιιι,
3304 1157 3448 1244 1-3).
3482 1170 3558 1228 Ac
3586 1176 3695 1245 per
3735 1167 3854 1230 hoc

2232 1263 2277 1318 si
2309 1263 2415 1319 vita
2443 1268 2624 1319 nostra
2656 1258 2726 1318 ibi
2764 1256 2849 1319 est
2889 1264 2977 1319 ubi
3007 1259 3225 1333 veritas,
3266 1281 3373 1321 non
3400 1274 3483 1321 est
3506 1266 3614 1322 vita
3644 1264 3858 1323 nostrd

2234 1342 2333 1411 sub
2373 1356 2486 1411 sole
2533 1348 2621 1410 ubi
2651 1357 2876 1411 vanitas.
2923 1348 3029 1412 Sed
3062 1354 3165 1413 hoc
3192 1354 3298 1413 tam
3331 1358 3582 1429 magnum
3626 1354 3860 1413 bonum

2234 1440 2401 1517 magis
2431 1443 2689 1501 habemus
2719 1446 2770 1501 in
2793 1463 2907 1522 spe,
2936 1464 3039 1503 non
3069 1440 3307 1504 tenemus
3330 1450 3381 1505 in
3410 1467 3468 1506 re
3499 1467 3515 1505 :
3547 1446 3605 1506 et
3634 1440 3862 1506 secun-

2234 1530 2360 1593 dum
2382 1548 2789 1617 spemnostram
2817 1540 3002 1595 beatus
3030 1524 3321 1617 Apostolus
3349 1542 3447 1598 ista
3473 1542 3699 1598 locutus
3724 1532 3860 1609 est;

2236 1635 2360 1706 quia
2383 1643 2437 1690 et
2466 1633 2596 1690 illud
2634 1651 2756 1690 cum
2800 1624 3041 1709 dixisset,
3082 1624 3308 1692 Vanitati
3332 1630 3568 1693 creatura
3609 1630 3868 1710 subjecta

2237 1720 2328 1811 est,
2361 1727 2554 1799 adjecit
2582 1736 2740 1800 atque
2767 1729 2865 1813 ait,
2894 1712 2949 1783 Ν
2952 1746 3016 1784 οη
3042 1724 3239 1800 sponte,
3268 1724 3356 1787 sed
3380 1722 3588 1803 propter
3614 1722 3748 1786 eum
3773 1724 3869 1802 qui

2236 1822 2443 1892 subjecit
2469 1822 2521 1875 in
2547 1837 2655 1893 spe.
2690 1822 2829 1892 Ergo
2856 1822 2909 1876 in
2936 1816 3049 1892 spe,
3080 1838 3181 1893 qua
3222 1838 3501 1893 speramus
3527 1814 3631 1879 nos
3656 1818 3869 1878 adhtev

2238 1928 2394 1997 suros
2421 1901 2842 1985 contemplanda:
2882 1898 3113 1983 veritati,
3146 1914 3372 1985 subjecti
3405 1931 3591 1972 sumus
3622 1917 3869 1973 interim

2238 2005 2476 2060 vanitati.
2519 2002 2773 2061 Creatura
2818 2007 3012 2077 quippe
3043 2007 3141 2061 ista
3185 2006 3473 2077 spiritualis
3499 2049 3513 2074 ,
3545 1996 3826 2064 animalis
3848 2051 3866 2077 ,

2239 2100 2637 2179 corporalisque
2680 2100 2853 2155 omnis
2900 2100 2953 2156 in
2996 2099 3213 2156 homine
3240 2110 3361 2169 est;
3394 2102 3502 2157 imo
3527 2094 3707 2157 homo
3757 2108 3867 2169 est.

2241 2176 2442 2261 Sponte
2478 2192 2737 2263 peccavit,
2765 2201 2819 2247 et
2848 2191 3059 2247 inimica
3089 2191 3224 2249 facta
3255 2201 3337 2247 est
3376 2192 3589 2249 veritati
3623 2211 3639 2249 :
3667 2178 3786 2249 sed
3813 2176 3875 2249 ut

2243 2284 2434 2339 merito
2482 2284 2777 2353 puniretur,
2820 2300 2928 2339 non
2970 2295 3161 2354 sponte
3208 2284 3446 2354 subjecta
3481 2290 3566 2340 est
3596 2278 3872 2342 vanitati.

2243 2377 2480 2447 Denique
2513 2385 2631 2457 post
2673 2392 2859 2447 pauca,
2907 2358 3028 2457 Non
3052 2377 3215 2457 solum
3243 2362 3432 2457 autem,
3462 2377 3656 2449 inquit,
3688 2380 3797 2457 sed
3822 2386 3872 2433 et

2244 2485 2335 2524 nos
2360 2469 2458 2541 ipsi
2486 2450 2732 2540 primitias
2758 2468 2963 2538 spiritus
2993 2448 3246 2533 habentes,
3275 2462 3326 2523 id
3353 2454 3452 2533 est,
3476 2470 3567 2541 qui
3600 2448 3869 2524 nondum

2244 2558 2456 2629 quidem
2483 2574 2548 2613 ex
2574 2567 2685 2614 toto
2712 2556 2852 2629 quod
2882 2548 3085 2625 sumtis,
3114 2556 3208 2614 sed
3237 2574 3302 2614 ex
3332 2573 3394 2614 ea
3422 2554 3572 2630 parte
3609 2575 3729 2631 qua
3779 2574 3874 2630 pe-

2244 2650 2458 2708 coribus
2501 2651 2749 2706 meliores
2797 2664 2999 2717 sumus,
3044 2638 3174 2718 Deo,
3224 2665 3330 2705 non
3378 2640 3595 2705 vanitati
3650 2638 3872 2707 subditi

2245 2759 2449 2810 sumus,
2479 2741 2581 2797 hoc
2618 2752 2720 2808 est,
2765 2756 2861 2813 per
2901 2726 3158 2811 primitias
3198 2739 3460 2812 Spiritus:
3498 2759 3519 2795 ι
3551 2730 3607 2798 et
3648 2741 3767 2813 ipsi
3816 2724 3871 2801 in

2246 2834 2643 2905 nobismetipsis
2664 2833 3079 2906 ingemiscimns,
3101 2818 3441 2904 adoptionem
3462 2824 3872 2906 exspectantes

2247 2926 2691 3001 redemptionem
2718 2927 2958 2999 corporis
3004 2922 3192 2982 nostri.
3240 2922 3347 2997 Spe
3374 2928 3531 3005 'enim
3559 2912 3701 2985 salvi
3738 2920 3875 2986 facti

2246 3036 2452 3077 sumus.
2481 3021 2615 3090 Spes
2645 3024 2821 3074 autem
2853 3034 2970 3091 quae
3000 3016 3223 3085 videtur,
3260 3014 3365 3073 non
3392 3027 3473 3075 est
3506 3034 3634 3090 spes
3663 3012 3677 3075 Ξ
3715 3008 3874 3092 quod

2247 3116 2389 3170 enim
2417 3106 2560 3168 videt
2587 3112 2727 3183 quis,
2756 3100 2881 3181 quid
2912 3100 3134 3181 sperat?
3162 3106 3217 3166 Si
3249 3108 3426 3166 autem
3453 3092 3598 3183 quod
3630 3128 3751 3167 non
3790 3112 3873 3169 vl-

2247 3206 2437 3263 demus
2452 3219 2748 3276 speramus,
2770 3218 2864 3274 per
2882 3199 3188 3273 patientiam
3205 3200 3634 3273 exspectamusa
3658 3194 3792 3272 Qua
3802 3198 3876 3261 is.

2247 3299 2338 3355 diu
2381 3299 2558 3370 itaque
2603 3296 2689 3352 hic
2719 3296 3010 3352 secundum
3051 3310 3266 3352 carnem
3294 3288 3499 3366 sumus,
3526 3292 3686 3368 cujus
3723 3296 3874 3353 ado-

2249 3380 2485 3463 ptionem
2512 3399 2567 3444 et
2608 3384 3035 3467 redemptionem
3066 3403 3162 3459 per
3185 3370 3494 3458 patientiam
3526 3386 3642 3460 spei
3675 3388 3877 3446 adhuc

2249 3492 2660 3553 exspectamus;
2692 3479 2890 3559 tamdiu
2914 3472 3204 3535 secundum
3231 3472 3287 3559 id
3313 3496 3405 3550 per
3431 3478 3571 3551 quod
3604 3478 3712 3536 sub
3745 3476 3873 3539 'solé

2250 3589 2454 3640 sumus,
2489 3556 2708 3628 vanitati
2752 3568 2977 3642 subjecti
3024 3578 3226 3626 sumtis.
3276 3556 3539 3642 Quamdiu
3583 3570 3764 3643 igitur
3798 3564 3872 3630 ita

2251 3680 2456 3732 sumus,
2503 3664 2642 3719 unde
2688 3660 2968 3734 possumus
3015 3676 3119 3717 non
3171 3658 3355 3716 videre
3398 3660 3721 3731 vanitatem,
3779 3660 3874 3721 cui

2250 3759 2409 3814 etiam
2433 3740 2657 3828 subjecti
2684 3770 2867 3811 sumus
2893 3753 2944 3808 in
2974 3752 3111 3824 spe?
3138 3748 3274 3822 Quid
3301 3761 3385 3808 est
3408 3748 3535 3824 ergo
3577 3752 3730 3827 'qudd
3762 3736 3876 3813 isis

2251 3851 2400 3918 dicit,
2432 3850 2609 3905 Averte
2633 3834 2804 3904 oculos
2823 3864 2978 3912 meos,
3004 3864 3067 3901 ne
3082 3836 3280 3901 videant
3300 3842 3613 3918 vapitateni?
3639 3847 3728 3902 An
3759 3847 3873 3906 hoc

2252 3916 2405 4017 petiti,
2438 3950 2495 3996 ut
2522 3955 2625 3995 non
2653 3934 2867 4012 quidem
2896 3935 2947 3992 in
2978 3934 3076 3991 hac
3101 3934 3207 3990 vita
3234 3916 3374 4007 quod
3404 3933 3458 3991 in
3485 3929 3581 4017 spe
3611 3932 3872 4007 gerimus

2252 4014 2556 4105 impleatur,
2585 4031 2679 4088 sed
2712 4040 2767 4086 ut
2796 4030 2848 4085 in
2877 4045 2939 4085 ea
2972 4038 3116 4111 sorte
3142 4028 3231 4109 sit,
3263 4022 3382 4099 quas
3410 4022 3463 4083 in
3488 4014 3581 4084 illo
3609 4020 3874 4099 quande-

2254 4145 2358 4202 que
2387 4128 2554 4199 possit.
2584 4118 2813 4195 impleri,
2845 4140 2968 4179 cum
3011 4116 3303 4177 liberabitur
3332 4138 3363 4175 a
3389 4120 3626 4202 seruitute
3667 4124 3869 4180 barrit-

2254 4198 2460 4294 ptionis,
2508 4226 2562 4273 et
2589 4215 2775 4287 spiritu
2803 4206 2857 4271 et
2898 4212 3077 4267 anima
3104 4216 3158 4268 et
3184 4210 3428 4282 corpore,
3472 4198 3526 4294 in
3572 4204 3870 4294 libet-lamis

2252 4290 2434 4386 alarias
2462 4311 2683 4382 ﬁliorum
2723 4294 2822 4363 Dei
2849 4294 3022 4377 (nam.
3071 4320 3186 4375 vm,
3212 4300 3427 4378 Ωιι-25),
3467 4290 3556 4361 ubi
3583 4290 3695 4377 iam
3746 4296 3867 4364 ιιιιιι

2254 4407 2433 4462 videat
2462 4396 2797 4458 vanitatem?

2324 4500 2381 4555 2.
2428 4497 2657 4553 Possunt
2701 4491 2913 4565 quidem
2962 4484 3123 4547 verba
3172 4484 3273 4545 ista
3325 4478 3403 4546 sit:
3447 4476 3691 4561 intelligi,
3744 4481 3865 4547 ιιὺὶι

2258 4603 2451 4667 praeter
2494 4589 2728 4659 regulam
2759 4578 2881 4643 ﬁdei
2907 4604 2922 4654 ;
2950 4585 3044 4642 sed
3076 4594 3158 4641 est
3185 4574 3272 4641 bic
3300 4585 3435 4640 alius
3468 4590 3659 4667 sensus
3688 4574 3862 4657 disert

2255 4662 2383 4748 inibi
2413 4688 2584 4744 fateor
2607 4686 2726 4758 plus
2750 4684 2979 4757 placere.
3013 4678 3268 4736 Dominus
3293 4679 3346 4734 in
3376 4662 3666 4749 Evangeilo
3686 4668 3857 4737 dicit:

2263 4803 2283 4838 ι
2314 4783 2368 4839 Si
2397 4780 2552 4837 fuerit
2593 4778 2779 4835 oculus
2807 4771 2928 4832 tuus
2966 4770 3214 4843 simplex,
3264 4768 3434 4828 totum
3479 4785 3673 4843 corpus
3702 4770 3858 4826 tuum

2257 4874 2491 4933 lucidum
2519 4873 2638 4928 erit.
2686 4869 2743 4927 Si
2784 4877 2959 4924 autem
2989 4864 3176 4923 oculus
3220 4852 3342 4920 tuus
3372 4863 3531 4920 fuerit
3574 4862 3807 4935 nequam
3835 4907 3850 4932 ,

2256 4976 2424 5024 totum
2468 4978 2660 5035 corpus
2688 4969 2837 5016 tuum
2866 4952 3203 5015 tenebrosum
3248 4957 3369 5011 erit.
3414 4954 3471 5012 Si
3496 4954 3623 5027 ergo
3668 4951 3852 5010 luméh

2256 5059 2397 5134 quod
2441 5058 2493 5114 in
2537 5066 2586 5112 te
2615 5062 2698 5111 est
2743 5051 2975 5109 tenebras
3003 5058 3149 5117 sunt,
3195 5049 3325 5119 ipsae
3372 5046 3608 5103 tenebrae
3635 5038 3851 5117 quantae

2257 5153 2450 5211 erunt?
2486 5171 2503 5204 ι
2540 5144 2770 5205 Proinde
2811 5141 2986 5216 magni
3032 5142 3276 5208 interest,
3322 5142 3443 5196 cuni
3489 5136 3684 5210 aliquid
3724 5134 3848 5195 boni

2256 5245 2500 5310 facimus,
2529 5241 2680 5311 cujus
2707 5237 2783 5295 rei
2812 5233 3263 5305 contemplatione
3294 5230 3570 5289 faciamus.
3596 5216 3847 5311 Ciliciam

2255 5338 2452 5412 quippe
2476 5309 2737 5398 nostrum,
2766 5345 2871 5385 non
2892 5327 3091 5394 ofticio,
3118 5316 3215 5383 s’ed
3244 5325 3347 5381 fine
3370 5309 3700 5397 pensand'nin
3728 5330 3845 5387 ‘oSt;

2258 5439 2314 5485 ut
2343 5428 2544 5485 scilicet
2566 5439 2674 5481 non
2699 5431 2901 5478 tantum
2928 5421 2973 5475 si
2995 5414 3192 5475 bonum
3219 5429 3300 5475 est
3321 5417 3461 5490 quod
3482 5416 3729 5480 facimus,
3753 5415 3846 5471 sed

2256 5521 2527 5594 praecipue
2551 5517 2597 5573 si
2622 5516 2819 5573 bonum
2846 5521 2929 5570 est
2959 5520 3175 5584 propter
3200 5509 3342 5585 quod
3372 5509 3617 5594 facimus,
3646 5500 3849 5594 cogite-

2256 5588 2397 5671 rnus.
2422 5588 2536 5667 iios
2555 5607 2740 5666 oculos
2762 5605 2952 5679 quibus
2971 5602 3396 5676 contemplamur
3409 5592 3572 5673 quate
3590 5588 3849 5656 faciamus

2257 5707 2398 5782 quod
2424 5688 2672 5771 facimus,
2703 5699 2870 5757 averti
2894 5696 3069 5772 poscit
3098 5712 3165 5753 ne
3193 5692 3409 5752 videant
3437 5686 3732 5782 vanitatem
3740 5706 3769 5782 *ξ
3791 5688 3845 5747 Id

2256 5772 2359 5877 est,
2388 5813 2455 5855 ne
2482 5798 2620 5858 hanc
2644 5791 2902 5877 attendat,
2931 5788 3149 5864 propter
3176 5796 3334 5877 quam
3358 5783 3540 5877 faciat,
3565 5772 3844 5877 citli'ihiiitini

2194 5962 2219 5969 __
2260 5858 2459 5967 aliquid
2481 5891 2622 5949 facit.
2641 5874 2699 5947 in
2722 5903 2827 5962 qua
2839 5858 3071 5945 vanitate
3097 5858 3417 5957 prmciji'uuin
3441 5858 3618 5937 locum
3642 5864 3845 5935 'obllnbl
