4188 6458
382 445 517 501 1353

377 575 525 611 amor
551 556 722 610 laudis
751 558 1012 624 humanae,
1046 568 1259 627 propter
1291 574 1443 627 quam
1475 557 1637 609 multa
1666 571 1850 625 magna
1884 555 1961 609 fe-

375 658 565 702 cerunt
594 650 684 717 qui
717 646 887 720 magni
917 647 967 702 iu
1010 648 1108 703 hoc
1136 650 1328 703 smeulo
1359 649 1614 703 nominati
1641 658 1783 713 sunt,
1827 647 1965 701 ntul-

374 738 597 810 tumque
624 737 818 793 laudati
849 740 900 793 in
931 734 1226 794 civitatibus
1252 739 1507 811 gentittm,
1536 752 1837 809 qurerentes
1858 754 1963 793 non

368 822 513 899 apud
564 822 754 895 Deum,
802 812 893 885 sed
923 831 1059 901 apud
1104 832 1343 886 homines
1388 831 1629 902 gloriam,
1664 822 1715 885 et
1746 832 1966 900 propter

366 917 510 976 hanc
547 920 688 977 velut
720 918 1026 994 prudenter,
1063 923 1282 987 fortiter,
1316 914 1695 992 temperanter,
1720 922 1965 991 justeque

355 1016 615 1072 viventes
644 1035 657 1081 ;
690 1014 752 1071 ad
785 1010 937 1087 quam
980 1014 1345 1086 pervenientes
1374 1004 1727 1087 perceperunt
1756 1030 1963 1067 merce-

348 1100 483 1162 dem
526 1106 705 1175 sham,
742 1109 855 1161 vani
888 1106 1097 1162 vanam.
1128 1104 1206 1161 Ab
1253 1109 1348 1162 hac
1376 1112 1606 1161 Vanitate
1649 1106 1829 1159 volens
1862 1103 1966 1160 Do-

336 1186 550 1255 iniitu's
577 1198 822 1256 avertere
846 1196 1024 1255 Oculus
1052 1215 1265 1253 suorum
1299 1218 1311 1252 :
1349 1218 1367 1250 ί
1402 1194 1691 1264 Attendite,
1729 1214 1746 1249 ι
1774 1197 1960 1266 inquit,

336 1304 359 1338 κ
400 1288 485 1348 ne
541 1294 804 1363 justitiam
847 1303 1076 1348 vestram
1109 1292 1310 1347 faciatis
1339 1308 1516 1346 coram
1557 1280 1877 1353 hominibus,
1909 1278 1965 1343 ut

343 1384 663 1442 videamini
704 1386 770 1441 ab
795 1387 905 1451 eis;
938 1384 1169 1455 alioquin
1214 1385 1515 1439 mercedem
1558 1402 1660 1438 non
1704 1378 1965 1437 habebitis

334 1468 499 1549 ψυᾶ
541 1476 757 1534 Patrem
779 1476 1032 1543 vestrum,
1064 1479 1151 1548 qui
1184 1478 1235 1532 in
1263 1478 1413 1533 caelis
1434 1476 1533 1533 est.
1568 1497 1585 1530 ι
1623 1477 1822 1532 Deinde
1843 1493 1962 1531 cum

331 1568 537 1645 ipsius
578 1564 801 1643 juSti'tire
838 1572 1091 1643 quasdam
1140 1582 1316 1642 partes
1343 1574 1744 1642 exsequeretur,
1778 1568 1964 1641 prreci-

328 1664 515 1736 piens
546 1654 620 1719 de
649 1664 1022 1737 eleemosynis,
1051 1665 1115 1721 de
1140 1668 1400 1731 oratione,
1433 1666 1496 1721 de
1518 1664 1742 1736 jejunio,
1769 1665 1963 1735 ubique

327 1754 380 1813 id
419 1760 755 1824 admonuit,
788 1775 854 1813 ne
897 1750 1094 1828 aliquid
1143 1774 1325 1812 eorum
1357 1768 1577 1827 prOpter
1607 1756 1825 1827 gloriam
1867 1748 1963 1811 ho.

321 1848 720 1915 minum'liat,
749 1859 802 1904 et
828 1848 1021 1919 ubique
1043 1846 1167 1903 dicit
1198 1865 1289 1904 eos
1313 1846 1403 1918 qui
1437 1860 1714 1919 propterea
1743 1836 1959 1915 iaciunt,

316 1942 682 2015 percepisse
710 1941 1014 1997 mercedem
1045 1958 1192 1995 suam
1237 1940 1445 2013 (Matth.
1480 1957 1550 2005 vr,
1586 1940 1764 2019 l-25_),
1799 1939 1850 1993 id
1882 1930 1963 1995 est

312 2054 445 2091 non
510 2046 778 2091 :eternam
811 2050 926 2105 qua:
953 2033 1149 2087 Sanctis
1176 2033 1405 2102 reposita
1433 2041 1512 2087 est
1541 2030 1677 2101 apud
1711 2010 1918 2086 l‘atrem
1943 2075 1957 2097 ,

312 2122 423 2181 sed
473 2126 844 2196 temporalem
887 2140 1043 2194 quam
1074 2133 1315 2194 qurerunt
1345 2124 1431 2192 qui
1457 2123 1883 2191 contenq'ilantur
1910 2123 1960 2177 in

313 2221 454 2274 suis
500 2218 767 2289 operibus
792 2216 1075 2271 vanitatem
1108 2235 1121 2271 :
1151 2231 1253 2270 non
1281 2216 1402 2286 quia
1431 2216 1544 2283 ipsa
1585 2214 1700 2267 laus
1730 2214 1959 2269 humana

314 2311 638 2382 culpanda
666 2323 745 2367 est
775 2302 918 2381 (nam
948 2309 1071 2380 quid
1093 2319 1196 2364 tam
1220 2305 1510 2377 optandum
1535 2317 1614 2362 est
1638 2307 1959 2374 hominibus,

315 2421 524 2474 quam
556 2413 622 2457 ut
647 2402 722 2457 eis
752 2402 990 2472 placeant
1013 2418 1127 2471 qua:
1152 2399 1380 2454 debeant
1406 2396 1600 2453 imitari
1621 2398 1690 2468 ?),
1722 2398 1814 2453 sed
1844 2415 1964 2468 pro-

316 2496 471 2565 pter
513 2486 695 2563 ipsam
728 2491 933 2546 laudern
961 2490 1095 2545 bene
1127 2490 1353 2561 operari,
1380 2488 1479 2543 hoc
1504 2500 1583 2543 est
1607 2489 1887 2543 vanitatem
1909 2490 1960 2543 in

320 2587 454 2641 suis
495 2583 762 2653 operibus
787 2576 996 2636 intueri.
1026 2579 1464 2650 Quandoquidem
1490 2588 1540 2634 et
1563 2580 1673 2648 ipsa
1696 2580 1763 2633 ab
1787 2579 1962 2634 homi-

322 2678 525 2732 nibus
548 2675 672 2730 laus
694 2668 892 2728 homini
911 2674 1053 2743 justo
1070 2674 1489 2742 quantacumque
1511 2673 1832 2741 provenerit,
1856 2682 1960 2726 non

323 2768 405 2823 ibi
440 2783 589 2823 esse
622 2766 776 2822 debet
822 2764 936 2836 ejus
964 2763 1085 2820 linis
1112 2756 1258 2831 boni,
1285 2756 1375 2820 Sed
1406 2754 1562 2819 etiam
1591 2765 1699 2835 ipsa
1727 2766 1964 2821 referen-

328 2856 397 2915 tia
432 2869 542 2914 ρει
566 2848 639 2912 ad
667 2844 874 2911 laudent
908 2857 1018 2921 Del,
1040 2862 1255 2926 propter
1280 2860 1433 2926 quem
1464 2857 1597 2911 bona
1626 2857 1961 2912 faciuntvere

329 2951 480 3005 boni
514 2968 528 3013 ;
561 2938 812 3019 quoniam
834 2946 934 3001 non
953 2962 980 3001 a
997 2946 1205 3017 seipsis,
1226 2949 1317 3002 sed
1338 2935 1403 3003 al)
1426 2944 1513 3002 illo
1533 2948 1661 3002 iiunt
1681 2948 1825 3003 boni.
1855 2949 1959 3003 De-

332 3043 531 3112 nique
564 3038 620 3093 in
652 3032 836 3095 eodem
883 3044 1129 3094 ‘sertnone
1156 3038 1409 3094 Dominus
1448 3038 1555 3108 jam
1596 3030 1809 3093 dixerat
1836 3040 1913 3094 eis
1943 3058 1957 3095 :

341 3124 559 3187 ινα-ειη
608 3130 771 3185 tamen
826 3134 1041 3184 vestrum
1082 3136 1250 3184 caram
1300 3130 1614 3197 hominibus,
1662 3140 1714 3183 ut
1760 3131 1959 3184 videant

342 3235 531 3279 vestra
554 3240 710 3292 Opera
740 3224 888 3289 bona,
910 3224 963 3276 ἐι
993 3224 1272 3292 gloriﬁcent
1302 3212 1507 3275 Patrem
1537 3231 1771 3287 vestrum,
1802 3222 1887 3291 qui
1908 3222 1961 3275 in

344 3320 504 3376 castis
555 3306 629 3372 est
662 3304 767 3387 (id.
817 3328 884 3381 v,
934 3306 1039 3385 l6).
1076 3314 1172 3371 Ubi
1206 3314 1361 3369 linem
1391 3316 1587 3383 posuit,
1638 3316 1735 3368 hoc
1781 3323 1861 3369 est
1905 3316 1956 3369 in

346 3411 539 3485 gloria
572 3396 688 3475 Dei,
717 3410 817 3463 hoc
846 3400 1098 3463 débemus
1121 3405 1331 3477 quando
1359 3404 1552 3477 aliquid
1584 3406 1705 3461 boni
1736 3406 1959 3464 facimus

346 3498 591 3567 intueri,
618 3500 660 3555 si
687 3506 993 3555 avertuntur
1012 3515 1044 3553 a
1067 3500 1295 3552 vanitate
1324 3494 1460 3552 oculi
1481 3499 1666 3553 nostri.
1696 3498 1809 3553 Non
1833 3496 1959 3570 ergo

352 3598 427 3653 Sit
464 3588 595 3649 linis
626 3586 747 3648 bo'n'i
780 3592 958 3662 Operis
990 3591 1041 3645 in
1073 3584 1318 3645 laudibus
1366 3589 1658 3653 hominum,
1692 3588 1784 3645 sed
1817 3591 1958 3661 ipsas

352 3680 558 3744 laudes
588 3677 862 3739 hominum
894 3680 1240 3751 corrigamus,
1271 3688 1325 3736 et
1353 3680 1418 3735 ad
1451 3680 1542 3735 Dei
1569 3681 1751 3735 laudes
1781 3683 1957 3737 omnia

357 3770 687 3844 reteramus,
715 3782 742 3830 a
769 3774 873 3846 quo
900 3775 1054 3829 nobis
1101 3774 1255 3828 datur
1284 3774 1533 3844 quidquid
1568 3774 1619 3827 in
1653 3775 1804 3829 nobis
1846 3778 1959 3830 sine

358 3854 640 3929 laudantis
669 3862 849 3926 errore
894 3867 1157 3923 laudatur.
1187 3860 1353 3921 Porro
1397 3868 1441 3920 si
1485 3883 1673 3921 vanum
1722 3876 1800 3922 est
1832 3885 1959 3937 pro-

363 3966 493 4038 pter
518 3960 796 4019 heminum
822 3956 1002 4016 laedes
1031 3960 1165 4015 bona
1193 3958 1387 4026 facere,
1411 3970 1610 4027 quanto
1633 3959 1820 4014 vanius
1849 3976 1961 4030 pro.

365 4054 495 4130 pret
535 4050 930 4126 adipiscendam
982 4052 1290 4123 pecuniam,
1338 4052 1418 4106 vel
1468 4050 1797 4120 augendam,
1848 4050 1960 4105 sive

342 4130 731 4219 .i'etiheii'datii,
760 4138 814 4201 et
839 4144 881 4199 si
912 4136 1035 4215 quid
1061 4140 1361 4214 hujusmodi
1391 4152 1471 4199 est
1514 4140 1776 4197 commodi
1820 4151 1959 4197 tem-

370 4232 596 4313 paratis,
643 4237 783 4309 quod
828 4238 979 4293 nubis
1008 4235 1210 4292 accedit
1240 4236 1607 4291 extrinsecus?
1634 4235 1762 4303 Quia
1792 4232 1961 4291 omnia

376 4328 571 4384 alarias
601 4345 617 4383 :
645 4345 757 4399 quae
799 4320 1105 4382 abundantia
1133 4326 1346 4381 hominis
1372 4328 1423 4381 in
1453 4327 1587 4382 omni
1632 4326 1798 4381 labore
1824 4344 1915 4381 suo
1944 4370 1957 4395 ,

376 4424 475 4493 quo
500 4418 609 4493 ipse
629 4414 821 4475 laborat
848 4412 936 4475 sub
965 4420 1113 4475 sole?
1143 4418 1365 4488 Propter
1387 4421 1553 4490 ipsam
1582 4417 1810 4491 denique
1831 4428 1963 4475 tem-

379 4514 619 4585 poralem
664 4514 887 4568 'salutem
932 4527 1036 4566 non
1093 4509 1347 4567 debemus
1392 4512 1564 4567 facere
1612 4512 1745 4567 bona
1798 4522 1957 4584 opera

381 4612 585 4674 nostra,
614 4604 705 4661 sed
730 4604 902 4676 potius
924 4614 1139 4675 propter
1164 4604 1305 4659 illam
1329 4620 1483 4674 quam
1509 4620 1781 4675 speramus
1807 4617 1963 4661 aeter-

383 4710 525 4767 nam,
568 4694 659 4754 ubi
702 4698 845 4753 bono
888 4697 1197 4752 immutabili
1246 4698 1593 4766 perfruamur,
1640 4697 1778 4768 quod
1812 4699 1963 4753 nobis

386 4793 484 4847 erit
512 4808 581 4848 ex
625 4792 754 4855 Deo,
787 4788 894 4844 lino
920 4790 1061 4860 quod
1093 4788 1242 4843 nobis
1272 4788 1353 4842 est
1396 4788 1507 4857 ipse
1538 4787 1699 4843 Deus.
1732 4787 1789 4844 Si
1820 4789 1958 4844 enim

386 4885 550 4939 sancti
585 4883 675 4938 Dei
721 4890 939 4953 propter
986 4881 1121 4935 hanc
1168 4880 1511 4949 temporalem
1558 4880 1781 4935 Salutem
1826 4882 1963 4936 bona

389 4984 546 5047 opera
586 4975 858 5038 facerent,
907 4988 1175 5044 nunquam
1224 4979 1486 5043 martyres
1530 4971 1721 5027 Christi
1767 4974 1964 5028 bonum

390 5074 518 5141 opus
547 5067 898 5125 eonfeSSionis
941 5069 992 5121 in
1020 5065 1260 5136 ejusdem
1302 5065 1488 5119 salutis
1518 5066 1801 5120 amissione
1848 5083 1966 5135 per-

390 5158 623 5220 ﬁcereut.
655 5160 759 5217 Sed
781 5162 1099 5230 acceperunt
1123 5157 1371 5213 auxilium
1391 5157 1457 5212 de
1477 5158 1830 5223 tribulatione,
1857 5168 1962 5213 non

390 5248 653 5312 intuentes
680 5252 986 5319 vanitatem,
1028 5250 1148 5323 quia
1181 5264 1308 5303 vana
1350 5250 1491 5302 Salus
1535 5248 1766 5304 hominis
1794 5248 1960 5319 (Psal.

390 5344 492 5415 le,
520 5340 610 5413 13)
637 5363 651 5413 ;
678 5350 729 5401 et
752 5344 892 5399 diem
915 5341 1187 5397 hominum
1216 5356 1320 5395 non
1342 5341 1723 5410 concupierunt
1750 5341 1960 5413 (Jerem.

387 5456 513 5507 xvn,
545 5428 658 5509 l6),
704 5437 825 5508 quia
856 5435 1015 5490 homo
1046 5432 1261 5489 vanitati
1292 5434 1553 5488 similatus
1578 5444 1677 5503 est,
1712 5436 1824 5491 dies
1849 5437 1963 5508 ejus

387 5530 523 5589 sicut
551 5528 737 5587 timb'ra
763 5528 1083 5600 praetereunt
1110 5525 1279 5598 (Psal,
1311 5530 1488 5593 cum,
1521 5525 1594 5598 4).

357 5627 364 5653 ³
456 5629 510 5682 ’5.
541 5624 693 5698 [νει-ε.
716 5620 832 5697 58.]
861 5622 993 5679 Cum
1020 5618 1197 5676 autem
1230 5620 1368 5675 Deus
1398 5628 1613 5689 rogatur
1632 5662 1645 5686 ,
1677 5624 1735 5675 ut
1762 5624 1819 5676 ea
1846 5637 1964 5693 quae

389 5720 667 5776 videntur‘
698 5731 817 5772 esse
846 5717 899 5771 in
927 5723 1107 5772 nostra
1139 5722 1419 5785 potestate,
1451 5710 1501 5767 id
1538 5724 1650 5779 est,
1691 5712 1963 5770 oculorum

385 5811 598 5869 aversio
624 5824 658 5866 ι
687 5808 911 5865 videnda
940 5808 1171 5866 vanitate
1203 5808 1269 5863 ab
1304 5804 1396 5862 illo
1425 5806 1576 5861 nobis
1605 5806 1927 5863 concedatur
1948 5849 1962 5873 ,

450 5928 466 5959 ι
495 5931 591 5986 παι-η
622 5920 826 5976 videtur.
955 5925 1011 5969 I.

1445 430 1834 500 manuario
1877 442 1939 498 lN
1980 442 2298 501 PsALuuu
2338 448 2566 504 cxvnt.

3524 471 3664 528 1531,

2075 556 2199 625 quid
2228 559 2328 612 nisi
2355 560 2465 629 ejus
2488 554 2653 631 gratia
2684 568 3121 627 commendatur?
3157 572 3401 634 Nonnulli
3431 584 3568 637 enim
3597 570 3661 642 ab
3723 596 3728 601 '

2073 662 2134 700 ea
2172 650 2397 706 vanitate
2429 669 2530 706 non
2560 667 2869 747 averterunt
2902 657 3085 720 oculos
3112 681 3235 722 suos
3255 713 3269 735 ,
3294 674 3415 741 quia
3449 688 3663 745 putave-

2076 753 2197 791 runt
2234 755 2263 791 a
2303 742 2491 810 seipsis
2522 759 2580 799 se
2608 742 2719 802 fieri
2746 747 2917 819 justos
2958 764 3009 808 et
3049 755 3247 823 bonos,
3281 750 3334 817 et
3363 742 3663 827 dilexerunt

2072 828 2599 933 gloriambominum
2644 843 2812 911 magis
2843 860 2996 913 quam
3034 848 3124 903 Dei
3164 840 3365 929 (Joan.
3392 873 3486 925 xu,
3516 844 3659 933 43);

2075 922 2198 990 qtiia
2224 932 2275 975 et
2298 923 2394 992 ipsi
2419 924 2662 982 homines
2684 941 2825 998 sunt,
2851 935 2937 1004 qui
2965 937 3062 992 sibi
3082 922 3298 997 nimium
3325 922 3657 1021 placuerunt,

2072 1020 2125 1089 et
2168 1012 2233 1066 de
2276 1016 2355 1068 sui
2394 1016 2595 1073 arbitrii
2635 1021 2833 1079 viribus
2862 1012 3347 1100 pnesumpserunti
3378 1038 3470 1096 Sed
3496 1012 3655 1102 etiam

2075 1101 2189 1201 haec
2218 1108 2423 1165 vanitas
2446 1102 2497 1164 et
2530 1112 2872 1187 prmsumplio
2901 1122 3116 1187 spiritus
3146 1118 3225 1181 est
3254 1126 3443 1199 (Eccle.
3477 1154 3546 1201 vi,
3579 1139 3633 1199 9)

2071 1195 2204 1252 Cum
2232 1216 2357 1269 ergo
2388 1201 2629 1274 dixisset,
2662 1208 2842 1264 Averte
2871 1202 3042 1269 oculos
3075 1235 3229 1288 meos,
3260 1239 3323 1277 ne
3354 1226 3549 1283 videant
3574 1232 3635 1286 ve

2071 1292 2308 1388 nitntem;
2346 1292 2398 1345 in
2429 1294 2506 1347 via
2536 1306 2623 1350 tua
2658 1299 2855 1367 vivi/ica
2894 1298 3002 1370 me;
3036 1322 3153 1377 qua}
3184 1311 3262 1363 via
3295 1331 3397 1369 non
3423 1325 3654 1388 vanitas,

2070 1376 2162 1434 sed
2193 1376 2385 1437 veritas
2415 1394 2495 1439 est
2525 1405 2536 1438 τ
2568 1386 2761 1445 deinde
2809 1386 3079 1464 subjunxit
3102 1442 3116 1464 ,
3162 1399 3342 1458 Statue
3388 1402 3528 1463 servo
3575 1376 3659 1467 tuo

2070 1471 2318 1559 eloquium
2342 1483 2478 1528 tuum
2507 1477 2559 1531 in
2598 1480 2822 1537 timorem
2851 1494 2988 1541 tuum
3014 1490 3053 1543 ⁸.
3082 1490 3231 1555 Quod
3257 1496 3382 1565 quid
3410 1510 3490 1554 est
3518 1503 3657 1558 aliud

2070 1579 2247 1633 quam,
2276 1567 2347 1619 Da
2377 1569 2503 1622 mihi
2529 1580 2581 1624 ut
2603 1570 2790 1631 faciam
2816 1579 2954 1647 quod
2984 1572 3280 1651 eloqueriS?
3308 1578 3492 1660 Neque
3513 1596 3653 1650 enim

2071 1664 2323 1713 statutum
2354 1668 2433 1714 est
2464 1660 2729 1732 eloquium
2760 1665 2847 1721 Dei
2882 1665 2961 1722 bis
2997 1673 3085 1740 qui
3114 1674 3164 1728 in
3196 1693 3252 1732 se
3284 1676 3495 1737 movent
3526 1686 3654 1741 illud

2069 1746 2250 1804 eontra
2278 1750 2546 1819 faciendo;
2584 1752 2659 1811 eis
2680 1755 2857 1812 autem
2892 1770 3141 1819 statutum
3165 1779 3242 1823 est
3263 1769 3313 1824 in
3336 1774 3525 1842 quibus
3556 1778 3652 1831 im-

2072 1838 2268 1931 mObile
2298 1855 2395 1900 est.
2445 1845 2641 1905 Statuit
2667 1852 2843 1923 itaque
2866 1855 3005 1927 Deus
3035 1858 3297 1931 eloquium
3327 1838 3475 1921 suum
3504 1869 3553 1924 in
3589 1872 3653 1926 ti-

2069 1942 2273 1990 morem
2314 1936 2465 1992 suum
2504 1942 2580 1995 eis
2620 1936 2810 2013 quibus
2858 1942 2947 2002 dat
2991 1948 3234 2019 spiritum
3283 1944 3485 2015 timoris
3530 1963 3651 2018 sui:

2069 2029 2274 2085 timoris
2299 2040 2473 2087 autem
2506 2032 2607 2089 non
2640 2036 2778 2093 illius
2808 2039 2873 2095 de
2902 2057 3004 2111 quo
3030 2028 3156 2100 dieit
3190 2028 3491 2117 Apostolus.
3531 2046 3653 2112 Non

2069 2118 2199 2203 enim
2257 2124 2516 2193 accepistis
2568 2126 2797 2199 spiritum
2850 2136 3097 2189 servitutis
3148 2139 3326 2194 iterum
3376 2142 3427 2198 in
3479 2136 3654 2203 timore

2069 2197 2257 2281 (item.
2288 2232 2397 2281 Vill,
2425 2208 2556 2288 i5);
2592 2214 2731 2275 hunc
2762 2225 2900 2279 enim
2932 2242 3291 2286 consummata
3315 2236 3541 2291 Charitas
3571 2240 3649 2295 fo-

2068 2318 2154 2355 ras
2183 2306 2335 2360 mittit
2373 2302 2613 2364 timorem
2643 2310 2683 2383 (l
2710 2300 2867 2369 Joan.
2901 2308 2971 2385 iv,
3006 2300 3097 2390 l8)
3125 2340 3135 2375 :
3161 2323 3252 2377 sed
3287 2324 3423 2381 illius
3448 2316 3650 2387 timoris

2067 2398 2221 2491 quem
2263 2397 2389 2452 dicit
2436 2402 2688 2471 propheta
2730 2407 2970 2475 spiritum
2999 2411 3203 2467 timoris
3234 2392 3326 2471 Dei
3369 2410 3530 2485 (Isai.
3568 2440 3646 2491 x1,

2066 2484 2169 2557 '5);
2219 2488 2419 2545 timoris
2467 2494 2644 2563 utique
2687 2492 2855 2564 easti,
2900 2494 3256 2569 perinanentis
3303 2484 3646 2568 inszeculum

2067 2579 2244 2633 smculi
2276 2579 2645 2669 (Psahitvm,
2678 2582 2799 2657 10),
2837 2588 3041 2647 timoris
3074 2610 3177 2663 quo
3208 2586 3420 2652 timetur
3453 2600 3646 2658 oil'endi

2065 2671 2153 2740 qui
2175 2680 2397 2727 amatur.
2433 2675 2601 2731 Aliter
2620 2679 2811 2749 quippe
2836 2681 2983 2737 timet
3008 2685 3244 2741 adultera
3269 2688 3435 2743 virum
3464 2710 3638 2761 suum,

2064 2762 2217 2817 aliter
2258 2774 2401 2819 casta
2440 2784 2451 2819 :
2481 2766 2745 2839 adultera,
2776 2789 2843 2829 ne
2873 2770 3076 2843 veniat;
3108 2764 3249 2833 casta
3273 2822 3286 2843 ,
3320 2798 3384 2836 ne
3416 2782 3643 2841 deserat.

2137 2855 2190 2909 4.
2231 2853 2376 2945 [vers
2409 2846 2520 2930 59.]
2561 2854 2809 2932 Amputu,
2858 2865 3058 2936 inquit,
3107 2866 3432 2939 opprobrium
3484 2893 3645 2930 meum

2064 2948 2195 3017 quod
2241 2944 2521 3017 siwpicatus
2567 2970 2693 3017 sum,
2742 2954 2857 3025 quia
2894 2959 3093 3028 judicia
3142 2954 3227 3014 tua
3274 2967 3466 3019 suavia.
3518 2956 3646 3035 Quis

2064 3047 2145 3092 est
2194 3040 2279 3108 qui
2324 3057 2473 3095 sumu
2516 3042 2855 3113 Opprobrium
2909 3050 3236 3120 suspicatur,
3286 3066 3337 3109 et
3384 3058 3485 3113 non
3532 3077 3643 3115 ma-

2063 3131 2143 3223 gis
2198 3134 2341 3187 novit
2402 3142 2571 3223 sinum
2608 3140 2829 3209 quisque
2867 3140 3227 3213 opprobrium,
3277 3166 3428 3219 quam
3471 3148 3645 3223 cujus-

2064 3220 2515 3314 libetlalieiium?
2557 3222 2821 3298 Su'spicari
2874 3234 3013 3288 enim
3062 3232 3235 3307 petitis
3276 3241 3504 3297 alienum
3534 3220 3645 3314 ipo-

2066 3320 2166 3366 test
2206 3302 2397 3380 homo,
2444 3334 2544 3372 non
2598 3335 2780 3386 suum;
2827 3326 3072 3394 quoniam
3115 3330 3253 3400 quod
3308 3333 3641 3403 suspicatur,

2063 3403 2269 3474 ignorat
2304 3428 2315 3461 :
2350 3408 2402 3464 in
2446 3426 2541 3464 suo
2584 3412 2757 3469 autem
2800 3418 3086 3487 opprobrio
3121 3439 3224 3475 non
3274 3426 3353 3478 est
3389 3422 3645 3497 cujusque

2063 3500 2295 3568 SuSpicio
2316 3544 2330 3568 ,
2369 3504 2459 3557 sed
2502 3506 2739 3571 scientia,
2767 3508 2852 3563 ubi
2882 3509 3112 3580 loquitur
3141 3514 3481 3571 conscientia.
3511 3520 3645 3586 Quid

2065 3600 2146 3645 est
2176 3604 2302 3662 ergo
2331 3592 2467 3663 quod
2498 3598 2589 3675 ait,
2628 3594 2972 3668 'Opprobrium
3003 3620 3167 3657 nteant
3196 3602 3332 3675 quod
3355 3611 3640 3678 suspicatus

2064 3683 2216 3737 sum?
2253 3683 2509 3741 Nimirum
2538 3686 2603 3743 de
2634 3686 2905 3760 superiore
2932 3709 3092 3749 sensu
3123 3699 3279 3752 etiam
3314 3702 3409 3755 iste
3450 3701 3646 3757 ducen-

2064 3776 2164 3831 dus
2192 3770 2272 3832 est
2304 3797 2316 3828 :
2351 3778 2597 3848 quoniam
2626 3780 2875 3853 quamdiu
2902 3801 3007 3840 non
3044 3790 3236 3841 aVertit
3276 3772 3435 3844 homo
3461 3794 3645 3847 oculos

2066 3884 2189 3949 suos
2216 3886 2282 3924 ue
2311 3866 2517 3925 videant
2542 3872 2843 3937 Vanitalein,
2869 3874 3007 3944 quod
3039 3876 3088 3929 in
3117 3880 3292 3946 seipso
3322 3868 3509 3949 agitur,
3544 3881 3645 3939 hoc

2066 3948 2129 4015 de
2160 3962 2274 4015 aliis
2305 3964 2628 4031 Suspicatur;
2654 3973 2707 4017 ut
2742 3976 2952 4034 propter
2977 3967 3115 4036 quod
3147 3971 3255 4036 ipse
3281 3970 3403 4023 colit
3440 3950 3640 4040 Deum,

2065 4051 2147 4106 vel
2174 4050 2384 4121 propter
2414 4040 2551 4123 quod
2584 4055 2715 4108 bona
2746 4072 2905 4125 opera
2937 4046 3076 4122 iacit,
3103 4056 3318 4130 propter
3341 4060 3439 4116 hoc
3463 4063 3644 4120 credat

2067 4152 2120 4197 et
2168 4142 2392 4196 alterum
2434 4138 2629 4200 facere.
2679 4132 2901 4201 l’ossunt
2949 4148 3142 4217 quippe
3183 4144 3422 4207 homines
3466 4154 3645 4211 videre

2066 4235 2205 4303 quod
2228 4236 2455 4305 agimus;
2487 4236 2633 4307 Cujus
2662 4246 2835 4292 autem
2867 4240 2939 4293 rei
2960 4243 3405 4313 Contemplatioue
3427 4262 3645 4316 agamus

2067 4330 2329 4382 Occliltum
2359 4339 2438 4383 est
2472 4345 2483 4381 :
2514 4328 2563 4384 et
2608 4330 2725 4383 ideo
2763 4324 2920 4386 datur
2954 4330 3341 4403 suspicionibus
3378 4340 3542 4405 locus,
3590 4334 3647 4397 ut

2067 4417 2256 4475 audeat
2298 4412 2457 4475 homo
2493 4412 2731 4491 judicare
2765 4415 2829 4478 de
2860 4424 3079 4480 o'crultis
3112 4426 3404 4497 hominum,
3435 4443 3487 4486 et
3516 4432 3647 4491 falsa

2070 4513 2397 4583 plerumque,
2432 4522 2502 4578 et,
2538 4516 2579 4569 si
2634 4528 2774 4579 vera,
2815 4522 2994 4571 tamen
3032 4516 3294 4590 incognita
3330 4531 3526 4578 temere
3559 4539 3647 4578 su-

2069 4606 2278 4673 spicari.
2308 4598 2589 4675 Propterea
2624 4607 2873 4661 Dominus
2903 4609 3103 4663 cuutde
3136 4610 3250 4680 ipso
3281 4613 3383 4667 line
3408 4615 3649 4683 loquere-

2070 4692 2154 4749 tur
2189 4706 2402 4765 propter
2426 4702 2583 4766 qttem
2606 4698 2862 4767 justitiam
2888 4700 3060 4755 facere
3087 4701 3360 4765 debemus,
3385 4714 3438 4757 ut
3466 4706 3646 4760 oculos

2070 4796 2280 4842 nostros
2308 4804 2335 4841 a
2372 4790 2813 4859 contemplatione
2844 4802 3104 4847 averteret
3144 4795 3414 4857 vanitatis,
3445 4788 3647 4852 monuit

2071 4897 2136 4934 ne.
2160 4886 2371 4949 propter
2396 4880 2577 4936 laudes
2600 4882 2871 4936 hominum
2905 4882 3038 4937 bona
3071 4898 3229 4952 opera
3262 4878 3533 4951 faciamus,
3566 4888 3646 4941 di-

2068 4988 2195 5026 cens
2225 4991 2236 5025 :
2266 4972 2513 5026 Attendite
2540 4991 2601 5027 ne
2630 4966 2829 5045 faciatis
2844 4968 3093 5045 justitiam
3125 4985 3335 5028 vestram
3364 4994 3529 5029 coram
3558 4978 3647 5029 Ito-

2072 5056 2300 5130 minibus,
2326 5062 2376 5117 ut
2407 5062 2672 5120 videamini
2698 5069 2760 5120 ab
2789 5067 2876 5120 eis.
2912 5066 3131 5133 Monuit,
3158 5081 3222 5121 ne
3251 5064 3463 5138 propter
3492 5084 3647 5138 pecu-

2071 5158 2208 5210 niatn
2236 5200 2249 5222 ,
2290 5157 2471 5211 dicens
2506 5177 2517 5212 :
2548 5159 2699 5211 nolite
2734 5157 2869 5211 vobis
2915 5158 3249 5211 tltesaurizare
3287 5158 3338 5211 in
3382 5169 3545 5223 terra;
3573 5171 3644 5225 et,

2072 5249 2191 5303 Non
2224 5248 2425 5321 potestis
2468 5249 2571 5303 Deo
2620 5250 2802 5303 servire
2844 5258 2890 5303 et
2937 5266 3253 5304 mammona).
3309 5250 3529 5320 Monuit,
3584 5270 3648 5307 ne

2070 5353 2286 5413 pmpler
2331 5344 2498 5412 ipsum
2544 5342 2901 5395 necessarium
2952 5340 3143 5397 victum
3183 5353 3342 5415 atque
3378 5346 3645 5410 vestitum,

2070 5440 2249 5493 dicens
2276 5456 2287 5491 :
2319 5437 2398 5489 Ne
2417 5436 2618 5489 solliciti
2639 5436 2744 5488 sitis
2768 5437 2949 5489 anima:
2969 5446 3140 5491 vestra:
3168 5439 3289 5509 quid
3316 5440 3646 5504 manducatis,

2070 5549 2226 5603 neque
2244 5530 2440 5599 corpori
2471 5537 2627 5582 vestro
2653 5528 2774 5601 quid
2804 5529 3085 5583 induamini
3110 5530 3336 5602 (Matth.
3362 5549 3430 5595 Vl,
3467 5534 3490 5586 1
3514 5573 3527 5595 ,
3562 5532 3647 5597 l9,

2071 5625 2161 5687 24,
2190 5622 2305 5694 25).
2338 5623 2401 5675 Et
2425 5636 2543 5675 cum
2567 5620 2680 5676 haec
2704 5622 2880 5676 omnia
2898 5624 3208 5691 monuisset,
3233 5626 3351 5693 quia
3374 5638 3651 5693 possumus

2072 5714 2329 5785 auspicari
2376 5728 2467 5768 eos
2507 5718 2640 5783 quos
2678 5706 2822 5783 justo
2848 5713 3022 5769 vivere
3048 5715 3304 5781 videmus,
3336 5722 3390 5770 et
3416 5724 3519 5784 quo
3550 5713 3654 5771 ﬁne

2071 5808 2266 5863 faciant
2287 5816 2390 5861 non
2418 5804 2679 5871 videmus,
2706 5816 2918 5877 propter
2940 5805 3135 5877 aliquid
3167 5805 3464 5876 hujusmodi
3490 5806 3657 5863 bene-

2144 5924 2159 5954 ι
2183 5923 2255 5973 sic
2277 5929 2383 5971 MSS.
2406 5922 2543 5985 juxta
2559 5928 2707 5971 Graec.
2729 5928 2855 5971 LXX.
2884 5930 2934 5971 Αι
2962 5921 3090 5982 Fdd.,
3108 5920 3157 5970 in
3182 5920 3347 5973 timore
3370 5928 3466 5973 tuo.
