  <div class='ocr_page' id='page_1' title='image "/cluster/home/n/w/nwhite01/storage/ocr_20150623/37/uva.x000827106/265.png"; bbox 0 0 4188 6460; ppageno 0'>
   <div class='ocr_carea' id='block_1_1' title="bbox 634 409 773 467">
    <p class='ocr_par' dir='ltr' id='par_1_1' title="bbox 634 409 773 467">
     <span class='ocr_line' id='line_1_1' title="bbox 634 409 773 467; baseline -0.029 0"><span class='ocrx_word' id='word_1_1' title='bbox 634 411 658 467; x_wconf 86' lang='grc'><strong>1</strong></span> <span class='ocrx_word' id='word_1_2' title='bbox 669 409 773 467; x_wconf 71' lang='grc' dir='ltr'><strong>ιὸὕ</strong></span> 
     </span>
    </p>
   </div>
   <div class='ocr_carea' id='block_1_2' title="bbox 631 498 2216 587">
    <p class='ocr_par' dir='ltr' id='par_1_2' title="bbox 631 498 2216 587">
     <span class='ocr_line' id='line_1_2' title="bbox 631 498 2216 587; baseline -0.021 -6"><span class='ocrx_word' id='word_1_3' title='bbox 631 525 843 587; x_wconf 82' lang='lat' dir='ltr'><strong>facere;</strong></span> <span class='ocrx_word' id='word_1_4' title='bbox 871 520 1122 576; x_wconf 90' lang='lat' dir='ltr'><strong>continuo</strong></span> <span class='ocrx_word' id='word_1_5' title='bbox 1149 512 1374 586; x_wconf 78' lang='lat' dir='ltr'><strong>subjecit</strong></span> <span class='ocrx_word' id='word_1_6' title='bbox 1404 529 1418 566; x_wconf 90' lang='lat'><strong>:</strong></span> <span class='ocrx_word' id='word_1_7' title='bbox 1454 508 1625 564; x_wconf 85' lang='lat' dir='ltr'><strong>Nolite</strong></span> <span class='ocrx_word' id='word_1_8' title='bbox 1651 505 1906 578; x_wconf 76' lang='lat' dir='ltr'><strong>judicare,</strong></span> <span class='ocrx_word' id='word_1_9' title='bbox 1930 516 1993 555; x_wconf 90' lang='lat' dir='ltr'><strong>ne</strong></span> <span class='ocrx_word' id='word_1_10' title='bbox 2011 498 2216 571; x_wconf 88' lang='lat' dir='ltr'><strong>judice-</strong></span> 
     </span>
    </p>
   </div>
   <div class='ocr_carea' id='block_1_3' title="bbox 632 592 2219 681">
    <p class='ocr_par' dir='ltr' id='par_1_3' title="bbox 632 592 2219 681">
     <span class='ocr_line' id='line_1_3' title="bbox 632 592 2219 681; baseline -0.02 -10"><span class='ocrx_word' id='word_1_11' title='bbox 632 616 756 670; x_wconf 89' lang='lat' dir='ltr'><strong>mini</strong></span> <span class='ocrx_word' id='word_1_12' title='bbox 785 617 803 681; x_wconf 83' lang='lat'><strong><em>(</em></strong></span> <span class='ocrx_word' id='word_1_13' title='bbox 826 612 911 666; x_wconf 91' lang='lat' dir='ltr'><strong>Id.</strong></span> <span class='ocrx_word' id='word_1_14' title='bbox 944 626 1033 677; x_wconf 88' lang='lat' dir='ltr'><strong>vn,</strong></span> <span class='ocrx_word' id='word_1_15' title='bbox 1068 610 1091 663; x_wconf 99' lang='grc'><strong>1</strong></span> <span class='ocrx_word' id='word_1_16' title='bbox 1120 609 1157 678; x_wconf 95' lang='grc'><strong>).</strong></span> <span class='ocrx_word' id='word_1_17' title='bbox 1191 604 1343 662; x_wconf 85' lang='lat' dir='ltr'><strong>Unde</strong></span> <span class='ocrx_word' id='word_1_18' title='bbox 1370 612 1423 659; x_wconf 89' lang='lat' dir='ltr'><strong>et</strong></span> <span class='ocrx_word' id='word_1_19' title='bbox 1451 601 1537 656; x_wconf 88' lang='lat' dir='ltr'><strong>hic</strong></span> <span class='ocrx_word' id='word_1_20' title='bbox 1562 613 1683 655; x_wconf 82' lang='lat' dir='ltr'><strong>cum</strong></span> <span class='ocrx_word' id='word_1_21' title='bbox 1710 596 1959 659; x_wconf 75' lang='lat' dir='ltr'><strong>dixisset,</strong></span> <span class='ocrx_word' id='word_1_22' title='bbox 1997 592 2219 660; x_wconf 81' lang='lat' dir='ltr'><strong>Amputa</strong></span> 
     </span>
    </p>
   </div>
   <div class='ocr_carea' id='block_1_4' title="bbox 636 680 2218 777">
    <p class='ocr_par' dir='ltr' id='par_1_4' title="bbox 636 680 2218 777">
     <span class='ocr_line' id='line_1_4' title="bbox 636 680 2218 777; baseline -0.019 -15"><span class='ocrx_word' id='word_1_23' title='bbox 636 704 962 777; x_wconf 80' lang='lat' dir='ltr'><strong>opprobrium</strong></span> <span class='ocrx_word' id='word_1_24' title='bbox 990 717 1152 755; x_wconf 89' lang='lat' dir='ltr'><strong>meum</strong></span> <span class='ocrx_word' id='word_1_25' title='bbox 1178 700 1308 769; x_wconf 93' lang='lat' dir='ltr'><strong>qaod</strong></span> <span class='ocrx_word' id='word_1_26' title='bbox 1338 694 1621 766; x_wconf 72' lang='lat' dir='ltr'><strong>suspicatus</strong></span> <span class='ocrx_word' id='word_1_27' title='bbox 1647 705 1794 753; x_wconf 88' lang='lat' dir='ltr'><strong>sum;</strong></span> <span class='ocrx_word' id='word_1_28' title='bbox 1839 682 2071 747; x_wconf 89' lang='lat' dir='ltr'><strong>addidit,</strong></span> <span class='ocrx_word' id='word_1_29' title='bbox 2101 680 2218 749; x_wconf 89' lang='lat' dir='ltr'><strong>quia</strong></span> 
     </span>
    </p>
   </div>
   <div class='ocr_carea' id='block_1_5' title="bbox 625 773 2218 872">
    <p class='ocr_par' dir='ltr' id='par_1_5' title="bbox 625 773 2218 872">
     <span class='ocr_line' id='line_1_5' title="bbox 625 773 2218 872; baseline -0.018 -18"><span class='ocrx_word' id='word_1_30' title='bbox 625 773 823 872; x_wconf 82' lang='lat' dir='ltr'><strong>judicia</strong></span> <span class='ocrx_word' id='word_1_31' title='bbox 860 805 948 850; x_wconf 88' lang='lat' dir='ltr'><strong>tua</strong></span> <span class='ocrx_word' id='word_1_32' title='bbox 984 794 1159 849; x_wconf 88' lang='lat' dir='ltr'><strong>suavia</strong></span> <span class='ocrx_word' id='word_1_33' title='bbox 1179 833 1193 857; x_wconf 94' lang='lat'><strong>,</strong></span> <span class='ocrx_word' id='word_1_34' title='bbox 1235 790 1289 845; x_wconf 94' lang='lat' dir='ltr'><strong>id</strong></span> <span class='ocrx_word' id='word_1_35' title='bbox 1332 797 1433 853; x_wconf 89' lang='lat' dir='ltr'><strong>est,</strong></span> <span class='ocrx_word' id='word_1_36' title='bbox 1460 784 1656 856; x_wconf 91' lang='lat' dir='ltr'><strong>judicia</strong></span> <span class='ocrx_word' id='word_1_37' title='bbox 1684 790 1771 837; x_wconf 89' lang='lat' dir='ltr'><strong>tua</strong></span> <span class='ocrx_word' id='word_1_38' title='bbox 1801 794 1941 834; x_wconf 89' lang='lat' dir='ltr'><strong>vera.</strong></span> <span class='ocrx_word' id='word_1_39' title='bbox 1968 773 2218 831; x_wconf 76' lang='lat' dir='ltr'><strong>Veritatis</strong></span> 
     </span>
    </p>
   </div>
   <div class='ocr_carea' id='block_1_6' title="bbox 630 868 2216 948">
    <p class='ocr_par' dir='ltr' id='par_1_6' title="bbox 630 868 2216 948">
     <span class='ocr_line' id='line_1_6' title="bbox 630 868 2216 948; baseline -0.016 -2"><span class='ocrx_word' id='word_1_40' title='bbox 630 868 770 946; x_wconf 78' lang='lat' dir='ltr'><strong>etiim</strong></span> <span class='ocrx_word' id='word_1_41' title='bbox 798 897 1006 943; x_wconf 79' lang='lat' dir='ltr'><strong>amator</strong></span> <span class='ocrx_word' id='word_1_42' title='bbox 1035 899 1198 940; x_wconf 86' lang='lat' dir='ltr'><strong><em>suave</em></strong></span> <span class='ocrx_word' id='word_1_43' title='bbox 1231 882 1424 938; x_wconf 89' lang='lat' dir='ltr'><strong>clamat</strong></span> <span class='ocrx_word' id='word_1_44' title='bbox 1451 893 1570 934; x_wconf 90' lang='lat' dir='ltr'><strong>esse</strong></span> <span class='ocrx_word' id='word_1_45' title='bbox 1596 874 1738 948; x_wconf 89' lang='lat' dir='ltr'><strong>quod</strong></span> <span class='ocrx_word' id='word_1_46' title='bbox 1764 887 1948 927; x_wconf 90' lang='lat' dir='ltr'><strong>verum</strong></span> <span class='ocrx_word' id='word_1_47' title='bbox 1975 878 2078 925; x_wconf 91' lang='grc' dir='ltr'>εει.</span> <span class='ocrx_word' id='word_1_48' title='bbox 2107 868 2216 921; x_wconf 86' lang='lat' dir='ltr'><strong>Ho-</strong></span> 
     </span>
    </p>
   </div>
   <div class='ocr_carea' id='block_1_7' title="bbox 630 964 2219 1046">
    <p class='ocr_par' dir='ltr' id='par_1_7' title="bbox 630 964 2219 1046">
     <span class='ocr_line' id='line_1_7' title="bbox 630 964 2219 1046; baseline -0.018 -9"><span class='ocrx_word' id='word_1_49' title='bbox 630 981 832 1037; x_wconf 90' lang='lat' dir='ltr'><strong>minum</strong></span> <span class='ocrx_word' id='word_1_50' title='bbox 858 990 1034 1034; x_wconf 89' lang='lat' dir='ltr'><strong>autem</strong></span> <span class='ocrx_word' id='word_1_51' title='bbox 1061 974 1258 1046; x_wconf 87' lang='lat' dir='ltr'><strong>judicia</strong></span> <span class='ocrx_word' id='word_1_52' title='bbox 1288 972 1353 1026; x_wconf 89' lang='lat' dir='ltr'><strong>de</strong></span> <span class='ocrx_word' id='word_1_53' title='bbox 1382 969 1606 1026; x_wconf 81' lang='lat' dir='ltr'><strong>occultis</strong></span> <span class='ocrx_word' id='word_1_54' title='bbox 1632 964 1933 1026; x_wconf 85' lang='lat' dir='ltr'><strong>hominum,</strong></span> <span class='ocrx_word' id='word_1_55' title='bbox 1964 977 2070 1015; x_wconf 85' lang='lat' dir='ltr'><strong>non</strong></span> <span class='ocrx_word' id='word_1_56' title='bbox 2098 974 2219 1012; x_wconf 85' lang='lat' dir='ltr'><strong>sua-</strong></span> 
     </span>
    </p>
   </div>
   <div class='ocr_carea' id='block_1_8' title="bbox 630 1050 2218 1143">
    <p class='ocr_par' dir='ltr' id='par_1_8' title="bbox 630 1050 2218 1143">
     <span class='ocr_line' id='line_1_8' title="bbox 630 1050 2218 1143; baseline -0.015 -18"><span class='ocrx_word' id='word_1_57' title='bbox 630 1074 731 1136; x_wconf 90' lang='lat' dir='ltr'><strong>via,</strong></span> <span class='ocrx_word' id='word_1_58' title='bbox 761 1073 882 1143; x_wconf 85' lang='lat' dir='ltr'><strong><em>quia</em></strong></span> <span class='ocrx_word' id='word_1_59' title='bbox 911 1066 1213 1126; x_wconf 88' lang='lat' dir='ltr'><strong>temeraria.</strong></span> <span class='ocrx_word' id='word_1_60' title='bbox 1263 1064 1329 1119; x_wconf 90' lang='lat' dir='ltr'><strong>Et</strong></span> <span class='ocrx_word' id='word_1_61' title='bbox 1363 1062 1481 1117; x_wconf 92' lang='lat' dir='ltr'><strong>ideo</strong></span> <span class='ocrx_word' id='word_1_62' title='bbox 1521 1073 1675 1115; x_wconf 91' lang='lat' dir='ltr'><strong>suum</strong></span> <span class='ocrx_word' id='word_1_63' title='bbox 1712 1054 1845 1111; x_wconf 80' lang='lat' dir='ltr'><strong>dixit</strong></span> <span class='ocrx_word' id='word_1_64' title='bbox 1874 1050 2218 1123; x_wconf 83' lang='lat' dir='ltr'><strong>opprobrium</strong></span> 
     </span>
    </p>
   </div>
   <div class='ocr_carea' id='block_1_9' title="bbox 632 1144 2216 1235">
    <p class='ocr_par' dir='ltr' id='par_1_9' title="bbox 632 1144 2216 1235">
     <span class='ocr_line' id='line_1_9' title="bbox 632 1144 2216 1235; baseline -0.016 -16"><span class='ocrx_word' id='word_1_65' title='bbox 632 1164 773 1235; x_wconf 91' lang='lat' dir='ltr'><strong>quod</strong></span> <span class='ocrx_word' id='word_1_66' title='bbox 795 1163 860 1217; x_wconf 90' lang='lat' dir='ltr'><strong>de</strong></span> <span class='ocrx_word' id='word_1_67' title='bbox 886 1162 1008 1217; x_wconf 88' lang='lat' dir='ltr'><strong>aliis</strong></span> <span class='ocrx_word' id='word_1_68' title='bbox 1035 1169 1118 1215; x_wconf 89' lang='lat' dir='ltr'><strong>est</strong></span> <span class='ocrx_word' id='word_1_69' title='bbox 1146 1156 1470 1227; x_wconf 81' lang='lat' dir='ltr'><strong>suspicatus;</strong></span> <span class='ocrx_word' id='word_1_70' title='bbox 1500 1153 1620 1223; x_wconf 88' lang='lat' dir='ltr'><strong>quia</strong></span> <span class='ocrx_word' id='word_1_71' title='bbox 1647 1159 1700 1205; x_wconf 92' lang='lat' dir='ltr'><strong>et</strong></span> <span class='ocrx_word' id='word_1_72' title='bbox 1730 1149 1832 1202; x_wconf 90' lang='lat' dir='ltr'><strong>hoc</strong></span> <span class='ocrx_word' id='word_1_73' title='bbox 1858 1144 1999 1216; x_wconf 91' lang='lat' dir='ltr'><strong>quod</strong></span> <span class='ocrx_word' id='word_1_74' title='bbox 2022 1145 2038 1176; x_wconf 74' lang='grc' dir='ltr'>ί</span> <span class='ocrx_word' id='word_1_75' title='bbox 2070 1145 2216 1211; x_wconf 81' lang='lat' dir='ltr'><strong>Apo-</strong></span> 
     </span>
    </p>
   </div>
   <div class='ocr_carea' id='block_1_10' title="bbox 633 1235 2213 1321">
    <p class='ocr_par' dir='ltr' id='par_1_10' title="bbox 633 1235 2213 1321">
     <span class='ocr_line' id='line_1_10' title="bbox 633 1235 2213 1321; baseline -0.014 -11"><span class='ocrx_word' id='word_1_76' title='bbox 633 1256 800 1311; x_wconf 88' lang='lat' dir='ltr'><strong>stolus</strong></span> <span class='ocrx_word' id='word_1_77' title='bbox 845 1256 938 1321; x_wconf 85' lang='lat' dir='ltr'><strong>ait,</strong></span> <span class='ocrx_word' id='word_1_78' title='bbox 966 1252 1326 1321; x_wconf 86' lang='lat' dir='ltr'><strong>Comparantes</strong></span> <span class='ocrx_word' id='word_1_79' title='bbox 1346 1247 1637 1310; x_wconf 87' lang='lat' dir='ltr'><strong>semetipsos</strong></span> <span class='ocrx_word' id='word_1_80' title='bbox 1665 1240 1983 1311; x_wconf 74' lang='lat' dir='ltr'><strong>sibimetipsis</strong></span> <span class='ocrx_word' id='word_1_81' title='bbox 2005 1236 2073 1308; x_wconf 89' lang='lat' dir='ltr'><strong>(ll</strong></span> <span class='ocrx_word' id='word_1_82' title='bbox 2096 1235 2213 1291; x_wconf 86' lang='lat' dir='ltr'><strong>Cor.</strong></span> 
     </span>
    </p>
   </div>
   <div class='ocr_carea' id='block_1_11' title="bbox 633 1329 2219 1417">
    <p class='ocr_par' dir='ltr' id='par_1_11' title="bbox 633 1329 2219 1417">
     <span class='ocr_line' id='line_1_11' title="bbox 633 1329 2219 1417; baseline -0.013 -15"><span class='ocrx_word' id='word_1_83' title='bbox 633 1362 687 1413; x_wconf 80' lang='grc' dir='ltr'><strong>ιι,</strong></span> <span class='ocrx_word' id='word_1_84' title='bbox 720 1346 785 1402; x_wconf 75' lang='grc'><strong>12</strong></span> <span class='ocrx_word' id='word_1_85' title='bbox 807 1346 856 1417; x_wconf 93' lang='grc'>),</span> <span class='ocrx_word' id='word_1_86' title='bbox 900 1360 1002 1399; x_wconf 93' lang='lat' dir='ltr'><strong>non</strong></span> <span class='ocrx_word' id='word_1_87' title='bbox 1044 1342 1344 1412; x_wconf 91' lang='lat' dir='ltr'><strong>intelligunt</strong></span> <span class='ocrx_word' id='word_1_88' title='bbox 1375 1358 1387 1394; x_wconf 89' lang='lat'><strong>:</strong></span> <span class='ocrx_word' id='word_1_89' title='bbox 1419 1338 1522 1393; x_wconf 91' lang='lat' dir='ltr'><strong>hoc</strong></span> <span class='ocrx_word' id='word_1_90' title='bbox 1548 1336 1688 1392; x_wconf 91' lang='lat' dir='ltr'><strong>enim</strong></span> <span class='ocrx_word' id='word_1_91' title='bbox 1726 1332 2014 1405; x_wconf 83' lang='lat' dir='ltr'><strong>proclivius</strong></span> <span class='ocrx_word' id='word_1_92' title='bbox 2055 1329 2219 1384; x_wconf 90' lang='lat' dir='ltr'><strong>homo</strong></span> 
     </span>
    </p>
   </div>
   <div class='ocr_carea' id='block_1_12' title="bbox 636 1424 2220 1508">
    <p class='ocr_par' dir='ltr' id='par_1_12' title="bbox 636 1424 2220 1508">
     <span class='ocr_line' id='line_1_12' title="bbox 636 1424 2220 1508; baseline -0.009 -15"><span class='ocrx_word' id='word_1_93' title='bbox 636 1438 936 1508; x_wconf 86' lang='lat' dir='ltr'><strong>suspicatur</strong></span> <span class='ocrx_word' id='word_1_94' title='bbox 966 1438 1019 1493; x_wconf 93' lang='lat' dir='ltr'><strong>in</strong></span> <span class='ocrx_word' id='word_1_95' title='bbox 1047 1434 1173 1502; x_wconf 85' lang='lat' dir='ltr'><strong>alio,</strong></span> <span class='ocrx_word' id='word_1_96' title='bbox 1202 1432 1343 1504; x_wconf 91' lang='lat' dir='ltr'><strong>quod</strong></span> <span class='ocrx_word' id='word_1_97' title='bbox 1373 1432 1535 1487; x_wconf 88' lang='lat' dir='ltr'><strong>sentit</strong></span> <span class='ocrx_word' id='word_1_98' title='bbox 1564 1430 1614 1484; x_wconf 91' lang='lat' dir='ltr'><strong>in</strong></span> <span class='ocrx_word' id='word_1_99' title='bbox 1645 1428 1842 1498; x_wconf 84' lang='lat' dir='ltr'><strong>seipse.</strong></span> <span class='ocrx_word' id='word_1_100' title='bbox 1890 1425 2003 1480; x_wconf 84' lang='lat' dir='ltr'><strong>Hoc</strong></span> <span class='ocrx_word' id='word_1_101' title='bbox 2041 1424 2220 1493; x_wconf 86' lang='lat' dir='ltr'><strong>itaque</strong></span> 
     </span>
    </p>
   </div>
   <div class='ocr_carea' id='block_1_13' title="bbox 633 1518 2220 1601">
    <p class='ocr_par' dir='ltr' id='par_1_13' title="bbox 633 1518 2220 1601">
     <span class='ocr_line' id='line_1_13' title="bbox 633 1518 2220 1601; baseline -0.01 -15"><span class='ocrx_word' id='word_1_102' title='bbox 633 1530 972 1601; x_wconf 84' lang='lat' dir='ltr'><strong>opprobrium</strong></span> <span class='ocrx_word' id='word_1_103' title='bbox 1000 1543 1155 1583; x_wconf 92' lang='lat' dir='ltr'><strong>suum</strong></span> <span class='ocrx_word' id='word_1_104' title='bbox 1186 1526 1399 1597; x_wconf 85' lang='lat' dir='ltr'><strong>petebat</strong></span> <span class='ocrx_word' id='word_1_105' title='bbox 1423 1523 1640 1586; x_wconf 80' lang='lat' dir='ltr'><strong>auferri,</strong></span> <span class='ocrx_word' id='word_1_106' title='bbox 1672 1519 1815 1591; x_wconf 90' lang='lat' dir='ltr'><strong>quod</strong></span> <span class='ocrx_word' id='word_1_107' title='bbox 1851 1518 1903 1572; x_wconf 94' lang='lat' dir='ltr'><strong>in</strong></span> <span class='ocrx_word' id='word_1_108' title='bbox 1942 1532 2002 1571; x_wconf 88' lang='lat' dir='ltr'><strong>se</strong></span> <span class='ocrx_word' id='word_1_109' title='bbox 2038 1530 2220 1571; x_wconf 89' lang='lat' dir='ltr'><strong>sense-</strong></span> 
     </span>
    </p>
   </div>
   <div class='ocr_carea' id='block_1_14' title="bbox 636 1606 2219 1689">
    <p class='ocr_par' dir='ltr' id='par_1_14' title="bbox 636 1606 2219 1689">
     <span class='ocr_line' id='line_1_14' title="bbox 636 1606 2219 1689; baseline -0.011 -12"><span class='ocrx_word' id='word_1_110' title='bbox 636 1634 735 1689; x_wconf 92' lang='lat' dir='ltr'><strong>rat,</strong></span> <span class='ocrx_word' id='word_1_111' title='bbox 762 1622 893 1677; x_wconf 85' lang='lat' dir='ltr'><strong>et&#39;in</strong></span> <span class='ocrx_word' id='word_1_112' title='bbox 919 1621 1037 1676; x_wconf 89' lang='lat' dir='ltr'><strong>aliis</strong></span> <span class='ocrx_word' id='word_1_113' title='bbox 1067 1622 1239 1675; x_wconf 80' lang='lat' dir='ltr'><strong>fuerat</strong></span> <span class='ocrx_word' id='word_1_114' title='bbox 1267 1617 1596 1687; x_wconf 87' lang='lat' dir='ltr'><strong>suspicatus;</strong></span> <span class='ocrx_word' id='word_1_115' title='bbox 1630 1621 1687 1669; x_wconf 92' lang='lat' dir='ltr'><strong>ut</strong></span> <span class='ocrx_word' id='word_1_116' title='bbox 1708 1626 1812 1667; x_wconf 93' lang='lat' dir='ltr'><strong>non</strong></span> <span class='ocrx_word' id='word_1_117' title='bbox 1842 1617 1985 1666; x_wconf 86' lang='lat' dir='ltr'><strong>esset</strong></span> <span class='ocrx_word' id='word_1_118' title='bbox 2008 1606 2219 1663; x_wconf 84' lang='lat' dir='ltr'><strong>diabolo</strong></span> 
     </span>
    </p>
   </div>
   <div class='ocr_carea' id='block_1_15' title="bbox 632 1696 2219 1785">
    <p class='ocr_par' dir='ltr' id='par_1_15' title="bbox 632 1696 2219 1785">
     <span class='ocr_line' id='line_1_15' title="bbox 632 1696 2219 1785; baseline -0.011 -16"><span class='ocrx_word' id='word_1_119' title='bbox 632 1715 837 1779; x_wconf 80' lang='lat' dir='ltr'><strong>similis,</strong></span> <span class='ocrx_word' id='word_1_120' title='bbox 867 1717 955 1785; x_wconf 88' lang='lat' dir='ltr'><strong>qui</strong></span> <span class='ocrx_word' id='word_1_121' title='bbox 979 1713 1044 1768; x_wconf 92' lang='lat' dir='ltr'><strong>de</strong></span> <span class='ocrx_word' id='word_1_122' title='bbox 1064 1711 1287 1767; x_wconf 87' lang='lat' dir='ltr'><strong>occultis</strong></span> <span class='ocrx_word' id='word_1_123' title='bbox 1312 1708 1480 1763; x_wconf 83' lang='lat' dir='ltr'><strong>sancti</strong></span> <span class='ocrx_word' id='word_1_124' title='bbox 1516 1707 1617 1761; x_wconf 84' lang='lat' dir='ltr'><strong>Job</strong></span> <span class='ocrx_word' id='word_1_125' title='bbox 1644 1705 1942 1775; x_wconf 91' lang='lat' dir='ltr'><strong>suspicatus</strong></span> <span class='ocrx_word' id='word_1_126' title='bbox 1972 1708 2057 1756; x_wconf 88' lang='lat' dir='ltr'><strong>est</strong></span> <span class='ocrx_word' id='word_1_127' title='bbox 2077 1696 2219 1769; x_wconf 88' lang='lat' dir='ltr'><strong>quod</strong></span> 
     </span>
    </p>
   </div>
   <div class='ocr_carea' id='block_1_16' title="bbox 634 1791 2215 1875">
    <p class='ocr_par' dir='ltr' id='par_1_16' title="bbox 634 1791 2215 1875">
     <span class='ocr_line' id='line_1_16' title="bbox 634 1791 2215 1875; baseline -0.009 -15"><span class='ocrx_word' id='word_1_128' title='bbox 634 1821 739 1860; x_wconf 90' lang='lat' dir='ltr'><strong>non</strong></span> <span class='ocrx_word' id='word_1_129' title='bbox 764 1805 926 1875; x_wconf 78' lang='lat' dir='ltr'><strong>gratis</strong></span> <span class='ocrx_word' id='word_1_130' title='bbox 956 1804 1122 1859; x_wconf 91' lang='lat' dir='ltr'><strong>Deum</strong></span> <span class='ocrx_word' id='word_1_131' title='bbox 1157 1803 1376 1868; x_wconf 86' lang='lat' dir='ltr'><strong>coleret,</strong></span> <span class='ocrx_word' id='word_1_132' title='bbox 1406 1814 1562 1871; x_wconf 90' lang='lat' dir='ltr'><strong>quem</strong></span> <span class='ocrx_word' id='word_1_133' title='bbox 1604 1796 1846 1869; x_wconf 88' lang='lat' dir='ltr'><strong>poposcit</strong></span> <span class='ocrx_word' id='word_1_134' title='bbox 1885 1791 2215 1856; x_wconf 87' lang='lat' dir='ltr'><strong>tentandum,</strong></span> 
     </span>
    </p>
   </div>
   <div class='ocr_carea' id='block_1_17' title="bbox 633 1884 2075 1968">
    <p class='ocr_par' dir='ltr' id='par_1_17' title="bbox 633 1884 2075 1968">
     <span class='ocr_line' id='line_1_17' title="bbox 633 1884 2075 1968; baseline -0.009 -17"><span class='ocrx_word' id='word_1_135' title='bbox 633 1906 693 1951; x_wconf 93' lang='lat' dir='ltr'><strong>nt</strong></span> <span class='ocrx_word' id='word_1_136' title='bbox 721 1898 925 1952; x_wconf 91' lang='lat' dir='ltr'><strong>crimen</strong></span> <span class='ocrx_word' id='word_1_137' title='bbox 949 1895 1091 1968; x_wconf 90' lang='lat' dir='ltr'><strong>quod</strong></span> <span class='ocrx_word' id='word_1_138' title='bbox 1112 1894 1371 1965; x_wconf 87' lang='lat' dir='ltr'><strong>objiceret</strong></span> <span class='ocrx_word' id='word_1_139' title='bbox 1396 1892 1658 1948; x_wconf 81' lang='lat' dir='ltr'><strong>inveniret</strong></span> <span class='ocrx_word' id='word_1_140' title='bbox 1685 1887 1806 1960; x_wconf 85' lang='lat' dir='ltr'><strong>(Job</strong></span> <span class='ocrx_word' id='word_1_141' title='bbox 1830 1904 1868 1953; x_wconf 90' lang='grc' dir='ltr'><strong>ι,</strong></span> <span class='ocrx_word' id='word_1_142' title='bbox 1900 1884 2075 1957; x_wconf 84' lang='grc'><strong>9-11).</strong></span> 
     </span>
    </p>
   </div>
   <div class='ocr_carea' id='block_1_18' title="bbox 706 1977 2219 2064">
    <p class='ocr_par' dir='ltr' id='par_1_18' title="bbox 706 1977 2219 2064">
     <span class='ocr_line' id='line_1_18' title="bbox 706 1977 2219 2064; baseline -0.011 -18"><span class='ocrx_word' id='word_1_143' title='bbox 706 1992 757 2047; x_wconf 77' lang='lat'><strong>5.</strong></span> <span class='ocrx_word' id='word_1_144' title='bbox 794 1989 941 2064; x_wconf 90' lang='lat' dir='ltr'><strong>[vers.</strong></span> <span class='ocrx_word' id='word_1_145' title='bbox 966 1987 1081 2061; x_wconf 66' lang='lat'><strong>40.]</strong></span> <span class='ocrx_word' id='word_1_146' title='bbox 1111 1988 1215 2045; x_wconf 87' lang='lat' dir='ltr'><strong>Sed</strong></span> <span class='ocrx_word' id='word_1_147' title='bbox 1241 2003 1361 2043; x_wconf 92' lang='lat' dir='ltr'><strong>cum</strong></span> <span class='ocrx_word' id='word_1_148' title='bbox 1391 1985 1618 2041; x_wconf 82' lang='lat' dir='ltr'><strong>libenter</strong></span> <span class='ocrx_word' id='word_1_149' title='bbox 1636 1983 1853 2038; x_wconf 87' lang='lat' dir='ltr'><strong>alterius</strong></span> <span class='ocrx_word' id='word_1_150' title='bbox 1874 1977 2219 2050; x_wconf 89' lang='lat' dir='ltr'><strong>opprobrium</strong></span> 
     </span>
    </p>
   </div>
   <div class='ocr_carea' id='block_1_19' title="bbox 634 2078 2223 2151">
    <p class='ocr_par' dir='ltr' id='par_1_19' title="bbox 634 2078 2223 2151">
     <span class='ocr_line' id='line_1_19' title="bbox 634 2078 2223 2151; baseline -0.008 -11"><span class='ocrx_word' id='word_1_151' title='bbox 634 2082 844 2140; x_wconf 90' lang='lat' dir='ltr'><strong>nonnisi</strong></span> <span class='ocrx_word' id='word_1_152' title='bbox 887 2083 1153 2139; x_wconf 79' lang='lat' dir='ltr'><strong>:emulatio</strong></span> <span class='ocrx_word' id='word_1_153' title='bbox 1194 2082 1509 2151; x_wconf 87' lang='lat' dir='ltr'><strong>suspicetur,</strong></span> <span class='ocrx_word' id='word_1_154' title='bbox 1552 2078 1679 2134; x_wconf 88' lang='lat' dir='ltr'><strong>dum</strong></span> <span class='ocrx_word' id='word_1_155' title='bbox 1719 2078 1916 2132; x_wconf 90' lang='lat' dir='ltr'><strong>bonum</strong></span> <span class='ocrx_word' id='word_1_156' title='bbox 1964 2088 2098 2144; x_wconf 83' lang='lat' dir='ltr'><strong>Opus</strong></span> <span class='ocrx_word' id='word_1_157' title='bbox 2137 2088 2223 2128; x_wconf 86' lang='lat' dir='ltr'><strong>re-</strong></span> 
     </span>
    </p>
   </div>
   <div class='ocr_carea' id='block_1_20' title="bbox 637 2168 2219 2247">
    <p class='ocr_par' dir='ltr' id='par_1_20' title="bbox 637 2168 2219 2247">
     <span class='ocr_line' id='line_1_20' title="bbox 637 2168 2219 2247; baseline -0.008 -16"><span class='ocrx_word' id='word_1_158' title='bbox 637 2174 893 2247; x_wconf 69' lang='lat' dir='ltr'><strong>prehendi</strong></span> <span class='ocrx_word' id='word_1_159' title='bbox 919 2189 1024 2230; x_wconf 91' lang='lat' dir='ltr'><strong>non</strong></span> <span class='ocrx_word' id='word_1_160' title='bbox 1051 2182 1245 2246; x_wconf 90' lang='lat' dir='ltr'><strong>potest,</strong></span> <span class='ocrx_word' id='word_1_161' title='bbox 1282 2172 1404 2244; x_wconf 90' lang='lat' dir='ltr'><strong>quia</strong></span> <span class='ocrx_word' id='word_1_162' title='bbox 1439 2186 1498 2227; x_wconf 91' lang='lat' dir='ltr'><strong>se</strong></span> <span class='ocrx_word' id='word_1_163' title='bbox 1526 2170 1757 2226; x_wconf 80' lang='lat' dir='ltr'><strong>asserit’</strong></span> <span class='ocrx_word' id='word_1_164' title='bbox 1796 2168 1939 2239; x_wconf 90' lang='lat' dir='ltr'><strong>quod</strong></span> <span class='ocrx_word' id='word_1_165' title='bbox 1975 2175 2219 2236; x_wconf 90' lang='lat' dir='ltr'><strong>apertum</strong></span> 
     </span>
    </p>
   </div>
   <div class='ocr_carea' id='block_1_21' title="bbox 635 2263 2223 2339">
    <p class='ocr_par' dir='ltr' id='par_1_21' title="bbox 635 2263 2223 2339">
     <span class='ocr_line' id='line_1_21' title="bbox 635 2263 2223 2339; baseline -0.008 -14"><span class='ocrx_word' id='word_1_166' title='bbox 635 2279 749 2335; x_wconf 87' lang='lat' dir='ltr'><strong>est;</strong></span> <span class='ocrx_word' id='word_1_167' title='bbox 786 2279 840 2324; x_wconf 93' lang='lat' dir='ltr'><strong>et</strong></span> <span class='ocrx_word' id='word_1_168' title='bbox 867 2283 971 2339; x_wconf 92' lang='lat' dir='ltr'><strong>quo</strong></span> <span class='ocrx_word' id='word_1_169' title='bbox 1000 2267 1105 2323; x_wconf 81' lang='lat' dir='ltr'><strong>line</strong></span> <span class='ocrx_word' id='word_1_170' title='bbox 1126 2268 1215 2321; x_wconf 91' lang='lat' dir='ltr'><strong>liat</strong></span> <span class='ocrx_word' id='word_1_171' title='bbox 1243 2264 1669 2335; x_wconf 87' lang='lat' dir='ltr'><strong>reprehenditur,</strong></span> <span class='ocrx_word' id='word_1_172' title='bbox 1695 2263 1819 2333; x_wconf 88' lang='lat' dir='ltr'><strong>quia</strong></span> <span class='ocrx_word' id='word_1_173' title='bbox 1841 2277 1945 2315; x_wconf 90' lang='lat' dir='ltr'><strong>non</strong></span> <span class='ocrx_word' id='word_1_174' title='bbox 1974 2275 2033 2315; x_wconf 88' lang='lat' dir='ltr'><strong>se</strong></span> <span class='ocrx_word' id='word_1_175' title='bbox 2062 2273 2223 2315; x_wconf 86' lang='lat' dir='ltr'><strong>exse-</strong></span> 
     </span>
    </p>
   </div>
   <div class='ocr_carea' id='block_1_22' title="bbox 637 2351 2220 2431">
    <p class='ocr_par' dir='ltr' id='par_1_22' title="bbox 637 2351 2220 2431">
     <span class='ocr_line' id='line_1_22' title="bbox 637 2351 2220 2431; baseline -0.008 -14"><span class='ocrx_word' id='word_1_176' title='bbox 637 2363 707 2417; x_wconf 88' lang='lat' dir='ltr'><strong>rit</strong></span> <span class='ocrx_word' id='word_1_177' title='bbox 727 2361 866 2431; x_wconf 87' lang='lat' dir='ltr'><strong>quod</strong></span> <span class='ocrx_word' id='word_1_178' title='bbox 887 2359 1155 2415; x_wconf 90' lang='lat' dir='ltr'><strong>occultum</strong></span> <span class='ocrx_word' id='word_1_179' title='bbox 1178 2365 1294 2423; x_wconf 87' lang='lat' dir='ltr'><strong>est;</strong></span> <span class='ocrx_word' id='word_1_180' title='bbox 1337 2366 1494 2426; x_wconf 87' lang='lat' dir='ltr'><strong>atque</strong></span> <span class='ocrx_word' id='word_1_181' title='bbox 1535 2356 1608 2410; x_wconf 90' lang='lat' dir='ltr'><strong>ita</strong></span> <span class='ocrx_word' id='word_1_182' title='bbox 1646 2354 1783 2409; x_wconf 90' lang='lat' dir='ltr'><strong>male</strong></span> <span class='ocrx_word' id='word_1_183' title='bbox 1819 2351 2075 2422; x_wconf 81' lang='lat' dir='ltr'><strong>suSpicari</strong></span> <span class='ocrx_word' id='word_1_184' title='bbox 2098 2364 2220 2405; x_wconf 92' lang='lat' dir='ltr'><strong>eum</strong></span> 
     </span>
    </p>
   </div>
   <div class='ocr_carea' id='block_1_23' title="bbox 636 2442 2221 2519">
    <p class='ocr_par' dir='ltr' id='par_1_23' title="bbox 636 2442 2221 2519">
     <span class='ocr_line' id='line_1_23' title="bbox 636 2442 2221 2519; baseline -0.009 -9"><span class='ocrx_word' id='word_1_185' title='bbox 636 2455 766 2511; x_wconf 89' lang='lat' dir='ltr'><strong>libet</strong></span> <span class='ocrx_word' id='word_1_186' title='bbox 792 2455 877 2509; x_wconf 92' lang='lat' dir='ltr'><strong>cui</strong></span> <span class='ocrx_word' id='word_1_187' title='bbox 904 2454 1052 2518; x_wconf 88' lang='lat' dir='ltr'><strong>libet,</strong></span> <span class='ocrx_word' id='word_1_188' title='bbox 1084 2467 1194 2508; x_wconf 91' lang='lat' dir='ltr'><strong>non</strong></span> <span class='ocrx_word' id='word_1_189' title='bbox 1220 2449 1451 2506; x_wconf 86' lang='lat' dir='ltr'><strong>videndo</strong></span> <span class='ocrx_word' id='word_1_190' title='bbox 1476 2447 1618 2519; x_wconf 92' lang='lat' dir='ltr'><strong>quod</strong></span> <span class='ocrx_word' id='word_1_191' title='bbox 1656 2446 1805 2511; x_wconf 83' lang='lat' dir='ltr'><strong>latet,</strong></span> <span class='ocrx_word' id='word_1_192' title='bbox 1848 2452 1903 2499; x_wconf 91' lang='lat' dir='ltr'><strong>et</strong></span> <span class='ocrx_word' id='word_1_193' title='bbox 1936 2442 2221 2498; x_wconf 87' lang='lat' dir='ltr'><strong>invidendo</strong></span> 
     </span>
    </p>
   </div>
   <div class='ocr_carea' id='block_1_24' title="bbox 634 2534 2221 2618">
    <p class='ocr_par' dir='ltr' id='par_1_24' title="bbox 634 2534 2221 2618">
     <span class='ocr_line' id='line_1_24' title="bbox 634 2534 2221 2618; baseline -0.008 -17"><span class='ocrx_word' id='word_1_194' title='bbox 634 2547 775 2618; x_wconf 89' lang='lat' dir='ltr'><strong>quod</strong></span> <span class='ocrx_word' id='word_1_195' title='bbox 802 2546 1002 2603; x_wconf 91' lang='lat' dir='ltr'><strong>eminet</strong></span> <span class='ocrx_word' id='word_1_196' title='bbox 1024 2545 1045 2576; x_wconf 85' lang='grc'>³</span> <span class='ocrx_word' id='word_1_197' title='bbox 1071 2563 1084 2599; x_wconf 90' lang='lat'><strong>:</strong></span> <span class='ocrx_word' id='word_1_198' title='bbox 1115 2545 1354 2615; x_wconf 83' lang='lat' dir='ltr'><strong>profecto</strong></span> <span class='ocrx_word' id='word_1_199' title='bbox 1374 2550 1557 2597; x_wconf 89' lang='lat' dir='ltr'><strong>contra</strong></span> <span class='ocrx_word' id='word_1_200' title='bbox 1586 2539 1687 2594; x_wconf 93' lang='lat' dir='ltr'><strong>hoc</strong></span> <span class='ocrx_word' id='word_1_201' title='bbox 1710 2537 1929 2604; x_wconf 91' lang='lat' dir='ltr'><strong>malum,</strong></span> <span class='ocrx_word' id='word_1_202' title='bbox 1953 2550 2058 2606; x_wconf 90' lang='lat' dir='ltr'><strong>quo</strong></span> <span class='ocrx_word' id='word_1_203' title='bbox 2083 2534 2221 2603; x_wconf 85' lang='lat' dir='ltr'><strong>quis-</strong></span> 
     </span>
    </p>
   </div>
   <div class='ocr_carea' id='block_1_25' title="bbox 633 2627 2223 2711">
    <p class='ocr_par' dir='ltr' id='par_1_25' title="bbox 633 2627 2223 2711">
     <span class='ocr_line' id='line_1_25' title="bbox 633 2627 2223 2711; baseline -0.009 -16"><span class='ocrx_word' id='word_1_204' title='bbox 633 2655 737 2711; x_wconf 89' lang='lat' dir='ltr'><strong>que</strong></span> <span class='ocrx_word' id='word_1_205' title='bbox 777 2639 1004 2695; x_wconf 87' lang='lat' dir='ltr'><strong>libenter</strong></span> <span class='ocrx_word' id='word_1_206' title='bbox 1042 2637 1109 2693; x_wconf 91' lang='lat' dir='ltr'><strong>de</strong></span> <span class='ocrx_word' id='word_1_207' title='bbox 1147 2637 1364 2691; x_wconf 92' lang='lat' dir='ltr'><strong>homine</strong></span> <span class='ocrx_word' id='word_1_208' title='bbox 1408 2634 1603 2688; x_wconf 88' lang='lat' dir='ltr'><strong>malum</strong></span> <span class='ocrx_word' id='word_1_209' title='bbox 1646 2629 1787 2702; x_wconf 91' lang='lat' dir='ltr'><strong>quod</strong></span> <span class='ocrx_word' id='word_1_210' title='bbox 1826 2643 1930 2684; x_wconf 92' lang='lat' dir='ltr'><strong>non</strong></span> <span class='ocrx_word' id='word_1_211' title='bbox 1971 2627 2223 2698; x_wconf 90' lang='lat' dir='ltr'><strong>perspicit</strong></span> 
     </span>
    </p>
   </div>
   <div class='ocr_carea' id='block_1_26' title="bbox 634 2718 2221 2801">
    <p class='ocr_par' dir='ltr' id='par_1_26' title="bbox 634 2718 2221 2801">
     <span class='ocr_line' id='line_1_26' title="bbox 634 2718 2221 2801; baseline -0.009 -15"><span class='ocrx_word' id='word_1_212' title='bbox 634 2731 950 2801; x_wconf 86' lang='lat' dir='ltr'><strong>suspicatur,</strong></span> <span class='ocrx_word' id='word_1_213' title='bbox 980 2729 1209 2784; x_wconf 88' lang='lat' dir='ltr'><strong>charitas</strong></span> <span class='ocrx_word' id='word_1_214' title='bbox 1239 2725 1481 2782; x_wconf 86' lang='lat' dir='ltr'><strong>habenda</strong></span> <span class='ocrx_word' id='word_1_215' title='bbox 1520 2733 1622 2790; x_wconf 89' lang='lat' dir='ltr'><strong>est,</strong></span> <span class='ocrx_word' id='word_1_216' title='bbox 1652 2738 1771 2793; x_wconf 70' lang='lat' dir='ltr'><strong>qua:</strong></span> <span class='ocrx_word' id='word_1_217' title='bbox 1797 2736 1903 2775; x_wconf 91' lang='lat' dir='ltr'><strong>non</strong></span> <span class='ocrx_word' id='word_1_218' title='bbox 1942 2718 2221 2773; x_wconf 69' lang='lat' dir='ltr'><strong>aemulatur</strong></span> 
     </span>
    </p>
   </div>
   <div class='ocr_carea' id='block_1_27' title="bbox 636 2810 2216 2895">
    <p class='ocr_par' dir='ltr' id='par_1_27' title="bbox 636 2810 2216 2895">
     <span class='ocr_line' id='line_1_27' title="bbox 636 2810 2216 2895; baseline -0.009 -19"><span class='ocrx_word' id='word_1_219' title='bbox 636 2823 676 2895; x_wconf 89' lang='grc' dir='ltr'><strong>(Ι</strong></span> <span class='ocrx_word' id='word_1_220' title='bbox 706 2822 823 2877; x_wconf 86' lang='lat' dir='ltr'><strong>Cor.</strong></span> <span class='ocrx_word' id='word_1_221' title='bbox 854 2837 968 2887; x_wconf 88' lang='lat' dir='ltr'><strong>xnt,</strong></span> <span class='ocrx_word' id='word_1_222' title='bbox 990 2822 1077 2892; x_wconf 72' lang='lat'><strong>4);</strong></span> <span class='ocrx_word' id='word_1_223' title='bbox 1106 2835 1265 2890; x_wconf 86' lang='lat' dir='ltr'><strong>quam</strong></span> <span class='ocrx_word' id='word_1_224' title='bbox 1296 2818 1549 2872; x_wconf 88' lang='lat' dir='ltr'><strong>Dominus</strong></span> <span class='ocrx_word' id='word_1_225' title='bbox 1571 2816 1837 2885; x_wconf 62' lang='lat' dir='ltr'><strong>praecipue</strong></span> <span class='ocrx_word' id='word_1_226' title='bbox 1856 2810 2216 2875; x_wconf 89' lang='lat' dir='ltr'><strong>commendat,</strong></span> 
     </span>
    </p>
   </div>
   <div class='ocr_carea' id='block_1_28' title="bbox 636 2901 2220 2981">
    <p class='ocr_par' dir='ltr' id='par_1_28' title="bbox 636 2901 2220 2981">
     <span class='ocr_line' id='line_1_28' title="bbox 636 2901 2220 2981; baseline -0.01 -12"><span class='ocrx_word' id='word_1_227' title='bbox 636 2915 820 2969; x_wconf 87' lang='lat' dir='ltr'><strong>dicens</strong></span> <span class='ocrx_word' id='word_1_228' title='bbox 839 2955 855 2981; x_wconf 92' lang='lat'><strong>,</strong></span> <span class='ocrx_word' id='word_1_229' title='bbox 896 2912 1198 2966; x_wconf 79' lang='lat' dir='ltr'><strong>Mandatum</strong></span> <span class='ocrx_word' id='word_1_230' title='bbox 1222 2926 1406 2963; x_wconf 88' lang='lat' dir='ltr'><strong>novum</strong></span> <span class='ocrx_word' id='word_1_231' title='bbox 1431 2908 1496 2961; x_wconf 92' lang='lat' dir='ltr'><strong>do</strong></span> <span class='ocrx_word' id='word_1_232' title='bbox 1526 2907 1678 2970; x_wconf 89' lang='lat' dir='ltr'><strong>vobis,</strong></span> <span class='ocrx_word' id='word_1_233' title='bbox 1708 2915 1762 2958; x_wconf 92' lang='lat' dir='ltr'><strong>ut</strong></span> <span class='ocrx_word' id='word_1_234' title='bbox 1784 2920 1871 2958; x_wconf 91' lang='lat' dir='ltr'><strong>vos</strong></span> <span class='ocrx_word' id='word_1_235' title='bbox 1898 2904 2110 2957; x_wconf 89' lang='lat' dir='ltr'><strong>invicem</strong></span> <span class='ocrx_word' id='word_1_236' title='bbox 2137 2901 2220 2954; x_wconf 85' lang='lat' dir='ltr'><strong>di-</strong></span> 
     </span>
    </p>
   </div>
   <div class='ocr_carea' id='block_1_29' title="bbox 636 2995 2217 3080">
    <p class='ocr_par' dir='ltr' id='par_1_29' title="bbox 636 2995 2217 3080">
     <span class='ocr_line' id='line_1_29' title="bbox 636 2995 2217 3080; baseline -0.011 -17"><span class='ocrx_word' id='word_1_237' title='bbox 636 3008 802 3080; x_wconf 83' lang='lat' dir='ltr'><strong>ligatis</strong></span> <span class='ocrx_word' id='word_1_238' title='bbox 820 3025 839 3073; x_wconf 88' lang='lat'><strong>;</strong></span> <span class='ocrx_word' id='word_1_239' title='bbox 856 3006 937 3071; x_wconf 81' lang='grc' dir='ltr'><strong>ἐι,</strong></span> <span class='ocrx_word' id='word_1_240' title='bbox 969 3004 1037 3059; x_wconf 88' lang='lat' dir='ltr'><strong>In</strong></span> <span class='ocrx_word' id='word_1_241' title='bbox 1058 3005 1152 3057; x_wconf 83' lang='lat' dir='ltr'><strong>hoc</strong></span> <span class='ocrx_word' id='word_1_242' title='bbox 1175 3004 1328 3059; x_wconf 85' lang='lat' dir='ltr'><strong>scient</strong></span> <span class='ocrx_word' id='word_1_243' title='bbox 1353 3017 1523 3056; x_wconf 88' lang='lat' dir='ltr'><strong>omnes</strong></span> <span class='ocrx_word' id='word_1_244' title='bbox 1548 3000 1665 3069; x_wconf 88' lang='lat' dir='ltr'><strong>quia</strong></span> <span class='ocrx_word' id='word_1_245' title='bbox 1694 2997 1932 3067; x_wconf 79' lang='lat' dir='ltr'><strong>discipuli</strong></span> <span class='ocrx_word' id='word_1_246' title='bbox 1957 2996 2053 3048; x_wconf 85' lang='lat' dir='ltr'><strong>mei</strong></span> <span class='ocrx_word' id='word_1_247' title='bbox 2080 2995 2217 3057; x_wconf 75' lang='lat' dir='ltr'><strong>estis,</strong></span> 
     </span>
    </p>
   </div>
   <div class='ocr_carea' id='block_1_30' title="bbox 635 3085 2217 3158">
    <p class='ocr_par' dir='ltr' id='par_1_30' title="bbox 635 3085 2217 3158">
     <span class='ocr_line' id='line_1_30' title="bbox 635 3085 2217 3158; baseline -0.009 -4"><span class='ocrx_word' id='word_1_248' title='bbox 635 3101 678 3154; x_wconf 87' lang='lat' dir='ltr'><strong>si</strong></span> <span class='ocrx_word' id='word_1_249' title='bbox 698 3098 1010 3153; x_wconf 79' lang='lat' dir='ltr'><strong>dilectionem</strong></span> <span class='ocrx_word' id='word_1_250' title='bbox 1036 3096 1307 3150; x_wconf 74' lang='lat' dir='ltr'><strong>habueritis</strong></span> <span class='ocrx_word' id='word_1_251' title='bbox 1330 3094 1382 3147; x_wconf 87' lang='lat' dir='ltr'><strong>in</strong></span> <span class='ocrx_word' id='word_1_252' title='bbox 1408 3092 1616 3145; x_wconf 86' lang='lat' dir='ltr'><strong>invicem</strong></span> <span class='ocrx_word' id='word_1_253' title='bbox 1639 3088 1816 3158; x_wconf 83' lang='lat' dir='ltr'><strong>(Joan.</strong></span> <span class='ocrx_word' id='word_1_254' title='bbox 1842 3103 1955 3153; x_wconf 86' lang='lat' dir='ltr'><strong>xm,</strong></span> <span class='ocrx_word' id='word_1_255' title='bbox 1980 3088 2071 3151; x_wconf 75' lang='grc'><strong>54,</strong></span> <span class='ocrx_word' id='word_1_256' title='bbox 2092 3085 2181 3157; x_wconf 80' lang='grc'><strong>55)</strong></span> <span class='ocrx_word' id='word_1_257' title='bbox 2205 3103 2217 3139; x_wconf 91' lang='lat'>:</span> 
     </span>
    </p>
   </div>
   <div class='ocr_carea' id='block_1_31' title="bbox 635 3177 2224 3255">
    <p class='ocr_par' dir='ltr' id='par_1_31' title="bbox 635 3177 2224 3255">
     <span class='ocr_line' id='line_1_31' title="bbox 635 3177 2224 3255; baseline -0.011 -8"><span class='ocrx_word' id='word_1_258' title='bbox 635 3202 689 3247; x_wconf 89' lang='lat' dir='ltr'><strong>et</strong></span> <span class='ocrx_word' id='word_1_259' title='bbox 730 3191 797 3246; x_wconf 90' lang='lat' dir='ltr'><strong>de</strong></span> <span class='ocrx_word' id='word_1_260' title='bbox 837 3187 1121 3245; x_wconf 88' lang='lat' dir='ltr'><strong>dilectione</strong></span> <span class='ocrx_word' id='word_1_261' title='bbox 1166 3186 1260 3242; x_wconf 90' lang='lat' dir='ltr'><strong>Dei</strong></span> <span class='ocrx_word' id='word_1_262' title='bbox 1287 3193 1340 3241; x_wconf 91' lang='lat' dir='ltr'><strong>et</strong></span> <span class='ocrx_word' id='word_1_263' title='bbox 1371 3183 1596 3255; x_wconf 83' lang='lat' dir='ltr'><strong>proximi</strong></span> <span class='ocrx_word' id='word_1_264' title='bbox 1636 3181 1889 3252; x_wconf 85' lang='lat' dir='ltr'><strong>loquens.</strong></span> <span class='ocrx_word' id='word_1_265' title='bbox 1921 3177 1987 3232; x_wconf 85' lang='lat' dir='ltr'><strong>In</strong></span> <span class='ocrx_word' id='word_1_266' title='bbox 2016 3178 2115 3244; x_wconf 81' lang='lat' dir='ltr'><strong>his,</strong></span> <span class='ocrx_word' id='word_1_267' title='bbox 2142 3180 2224 3231; x_wconf 90' lang='lat' dir='ltr'><strong>in-</strong></span> 
     </span>
    </p>
   </div>
   <div class='ocr_carea' id='block_1_32' title="bbox 634 3268 2224 3354">
    <p class='ocr_par' dir='ltr' id='par_1_32' title="bbox 634 3268 2224 3354">
     <span class='ocr_line' id='line_1_32' title="bbox 634 3268 2224 3354; baseline -0.011 -16"><span class='ocrx_word' id='word_1_268' title='bbox 634 3284 780 3354; x_wconf 85' lang='lat' dir='ltr'><strong>quit,</strong></span> <span class='ocrx_word' id='word_1_269' title='bbox 815 3281 1007 3336; x_wconf 88' lang='lat' dir='ltr'><strong>duobus</strong></span> <span class='ocrx_word' id='word_1_270' title='bbox 1043 3280 1295 3333; x_wconf 88' lang='lat' dir='ltr'><strong>mandatis</strong></span> <span class='ocrx_word' id='word_1_271' title='bbox 1341 3285 1444 3331; x_wconf 89' lang='lat' dir='ltr'><strong>tota</strong></span> <span class='ocrx_word' id='word_1_272' title='bbox 1482 3274 1589 3329; x_wconf 73' lang='lat' dir='ltr'><strong>Lex</strong></span> <span class='ocrx_word' id='word_1_273' title='bbox 1636 3272 1815 3344; x_wconf 86' lang='lat' dir='ltr'><strong>pendet</strong></span> <span class='ocrx_word' id='word_1_274' title='bbox 1856 3284 1902 3325; x_wconf 89' lang='lat' dir='ltr'><strong>et</strong></span> <span class='ocrx_word' id='word_1_275' title='bbox 1952 3268 2224 3339; x_wconf 61' lang='lat' dir='ltr'><strong>Prop/tetas</strong></span> 
     </span>
    </p>
   </div>
   <div class='ocr_carea' id='block_1_33' title="bbox 637 3362 2222 3445">
    <p class='ocr_par' dir='ltr' id='par_1_33' title="bbox 637 3362 2222 3445">
     <span class='ocr_line' id='line_1_33' title="bbox 637 3362 2222 3445; baseline -0.007 -17"><span class='ocrx_word' id='word_1_276' title='bbox 637 3375 851 3445; x_wconf 76' lang='lat' dir='ltr'><strong>(Matth.</strong></span> <span class='ocrx_word' id='word_1_277' title='bbox 877 3389 1007 3437; x_wconf 72' lang='grc' dir='ltr'>χιιι,</span> <span class='ocrx_word' id='word_1_278' title='bbox 1029 3370 1142 3442; x_wconf 73' lang='grc'><strong>40).</strong></span> <span class='ocrx_word' id='word_1_279' title='bbox 1169 3369 1322 3427; x_wconf 89' lang='lat' dir='ltr'><strong>Unde</strong></span> <span class='ocrx_word' id='word_1_280' title='bbox 1350 3377 1404 3424; x_wconf 86' lang='lat' dir='ltr'><strong>et</strong></span> <span class='ocrx_word' id='word_1_281' title='bbox 1434 3369 1531 3422; x_wconf 90' lang='lat' dir='ltr'><strong>iste</strong></span> <span class='ocrx_word' id='word_1_282' title='bbox 1559 3376 1741 3421; x_wconf 91' lang='lat' dir='ltr'><strong>contra</strong></span> <span class='ocrx_word' id='word_1_283' title='bbox 1768 3379 1878 3420; x_wconf 71' lang='lat' dir='ltr'><strong>suae</strong></span> <span class='ocrx_word' id='word_1_284' title='bbox 1904 3362 2222 3433; x_wconf 88' lang='lat' dir='ltr'><strong>suspicionis</strong></span> 
     </span>
    </p>
   </div>
   <div class='ocr_carea' id='block_1_34' title="bbox 638 3454 2219 3536">
    <p class='ocr_par' dir='ltr' id='par_1_34' title="bbox 638 3454 2219 3536">
     <span class='ocr_line' id='line_1_34' title="bbox 638 3454 2219 3536; baseline -0.009 -16"><span class='ocrx_word' id='word_1_285' title='bbox 638 3464 980 3536; x_wconf 88' lang='lat' dir='ltr'><strong>opprobrium</strong></span> <span class='ocrx_word' id='word_1_286' title='bbox 1028 3461 1167 3533; x_wconf 91' lang='lat' dir='ltr'><strong>quod</strong></span> <span class='ocrx_word' id='word_1_287' title='bbox 1213 3459 1481 3515; x_wconf 85' lang='lat' dir='ltr'><strong>desiderat</strong></span> <span class='ocrx_word' id='word_1_288' title='bbox 1521 3456 1802 3527; x_wconf 86' lang='lat' dir='ltr'><strong>amputari,</strong></span> <span class='ocrx_word' id='word_1_289' title='bbox 1848 3455 1999 3521; x_wconf 85' lang='lat' dir='ltr'><strong>Ecce,</strong></span> <span class='ocrx_word' id='word_1_290' title='bbox 2031 3454 2219 3523; x_wconf 91' lang='lat' dir='ltr'><strong>inquit,</strong></span> 
     </span>
    </p>
   </div>
   <div class='ocr_carea' id='block_1_35' title="bbox 639 3543 2218 3627">
    <p class='ocr_par' dir='ltr' id='par_1_35' title="bbox 639 3543 2218 3627">
     <span class='ocr_line' id='line_1_35' title="bbox 639 3543 2218 3627; baseline -0.011 -15"><span class='ocrx_word' id='word_1_291' title='bbox 639 3556 902 3627; x_wconf 89' lang='lat' dir='ltr'><strong>concupivi</strong></span> <span class='ocrx_word' id='word_1_292' title='bbox 962 3553 1203 3606; x_wconf 88' lang='lat' dir='ltr'><strong>mandata</strong></span> <span class='ocrx_word' id='word_1_293' title='bbox 1249 3561 1368 3614; x_wconf 90' lang='lat' dir='ltr'><strong>tua;</strong></span> <span class='ocrx_word' id='word_1_294' title='bbox 1414 3552 1467 3603; x_wconf 88' lang='lat' dir='ltr'><strong>in</strong></span> <span class='ocrx_word' id='word_1_295' title='bbox 1520 3543 1605 3602; x_wconf 81' lang='grc' dir='ltr'>ιιιά</span> <span class='ocrx_word' id='word_1_296' title='bbox 1639 3547 1842 3619; x_wconf 85' lang='lat' dir='ltr'><strong>justitia</strong></span> <span class='ocrx_word' id='word_1_297' title='bbox 1885 3546 2080 3615; x_wconf 84' lang='lat' dir='ltr'><strong>viviﬁca</strong></span> <span class='ocrx_word' id='word_1_298' title='bbox 2123 3560 2218 3596; x_wconf 90' lang='lat' dir='ltr'><strong>me.</strong></span> 
     </span>
    </p>
   </div>
   <div class='ocr_carea' id='block_1_36' title="bbox 639 3640 2220 3717">
    <p class='ocr_par' dir='ltr' id='par_1_36' title="bbox 639 3640 2220 3717">
     <span class='ocr_line' id='line_1_36' title="bbox 639 3640 2220 3717; baseline -0.011 -11"><span class='ocrx_word' id='word_1_299' title='bbox 639 3651 780 3707; x_wconf 82' lang='lat' dir='ltr'><strong>Ecce</strong></span> <span class='ocrx_word' id='word_1_300' title='bbox 817 3646 1094 3717; x_wconf 86' lang='lat' dir='ltr'><strong>concupivi</strong></span> <span class='ocrx_word' id='word_1_301' title='bbox 1123 3660 1188 3699; x_wconf 84' lang='lat' dir='ltr'><strong>ex</strong></span> <span class='ocrx_word' id='word_1_302' title='bbox 1219 3652 1328 3698; x_wconf 89' lang='lat' dir='ltr'><strong>toto</strong></span> <span class='ocrx_word' id='word_1_303' title='bbox 1355 3641 1535 3705; x_wconf 88' lang='lat' dir='ltr'><strong>corde,</strong></span> <span class='ocrx_word' id='word_1_304' title='bbox 1570 3656 1637 3695; x_wconf 84' lang='lat' dir='ltr'><strong>ex</strong></span> <span class='ocrx_word' id='word_1_305' title='bbox 1662 3647 1769 3694; x_wconf 89' lang='lat' dir='ltr'><strong>tota</strong></span> <span class='ocrx_word' id='word_1_306' title='bbox 1794 3640 1990 3701; x_wconf 91' lang='lat' dir='ltr'><strong>anima,</strong></span> <span class='ocrx_word' id='word_1_307' title='bbox 2023 3652 2087 3691; x_wconf 90' lang='lat' dir='ltr'><strong>ex</strong></span> <span class='ocrx_word' id='word_1_308' title='bbox 2115 3644 2220 3689; x_wconf 90' lang='lat' dir='ltr'><strong>tota</strong></span> 
     </span>
    </p>
   </div>
   <div class='ocr_carea' id='block_1_37' title="bbox 638 3729 2220 3811">
    <p class='ocr_par' dir='ltr' id='par_1_37' title="bbox 638 3729 2220 3811">
     <span class='ocr_line' id='line_1_37' title="bbox 638 3729 2220 3811; baseline -0.012 -11"><span class='ocrx_word' id='word_1_309' title='bbox 638 3754 817 3800; x_wconf 88' lang='lat' dir='ltr'><strong>mente</strong></span> <span class='ocrx_word' id='word_1_310' title='bbox 854 3741 1074 3811; x_wconf 79' lang='lat' dir='ltr'><strong>diligere</strong></span> <span class='ocrx_word' id='word_1_311' title='bbox 1120 3749 1199 3804; x_wconf 88' lang='lat' dir='ltr'><strong>te,</strong></span> <span class='ocrx_word' id='word_1_312' title='bbox 1246 3746 1300 3792; x_wconf 91' lang='lat' dir='ltr'><strong>et</strong></span> <span class='ocrx_word' id='word_1_313' title='bbox 1343 3734 1641 3806; x_wconf 88' lang='lat' dir='ltr'><strong>proximum</strong></span> <span class='ocrx_word' id='word_1_314' title='bbox 1684 3733 1821 3787; x_wconf 87' lang='lat' dir='ltr'><strong>sicut</strong></span> <span class='ocrx_word' id='word_1_315' title='bbox 1860 3744 1985 3784; x_wconf 88' lang='lat' dir='ltr'><strong>me:</strong></span> <span class='ocrx_word' id='word_1_316' title='bbox 2019 3743 2125 3783; x_wconf 92' lang='lat' dir='ltr'><strong>non</strong></span> <span class='ocrx_word' id='word_1_317' title='bbox 2170 3729 2220 3781; x_wconf 93' lang='lat' dir='ltr'><strong>in</strong></span> 
     </span>
    </p>
   </div>
   <div class='ocr_carea' id='block_1_38' title="bbox 640 3822 2221 3904">
    <p class='ocr_par' dir='ltr' id='par_1_38' title="bbox 640 3822 2221 3904">
     <span class='ocr_line' id='line_1_38' title="bbox 640 3822 2221 3904; baseline -0.012 -10"><span class='ocrx_word' id='word_1_318' title='bbox 640 3853 777 3903; x_wconf 86' lang='lat' dir='ltr'><strong>mea,</strong></span> <span class='ocrx_word' id='word_1_319' title='bbox 808 3835 900 3892; x_wconf 88' lang='lat' dir='ltr'><strong>sed</strong></span> <span class='ocrx_word' id='word_1_320' title='bbox 929 3835 985 3889; x_wconf 88' lang='lat' dir='ltr'><strong>in</strong></span> <span class='ocrx_word' id='word_1_321' title='bbox 1016 3843 1101 3887; x_wconf 88' lang='lat' dir='ltr'><strong>tua</strong></span> <span class='ocrx_word' id='word_1_322' title='bbox 1113 3831 1313 3904; x_wconf 85' lang='lat' dir='ltr'><strong>justitia</strong></span> <span class='ocrx_word' id='word_1_323' title='bbox 1338 3829 1532 3897; x_wconf 79' lang='lat' dir='ltr'><strong>viviﬁca</strong></span> <span class='ocrx_word' id='word_1_324' title='bbox 1558 3842 1657 3893; x_wconf 88' lang='lat' dir='ltr'><strong>me,</strong></span> <span class='ocrx_word' id='word_1_325' title='bbox 1696 3825 1798 3880; x_wconf 91' lang='lat' dir='ltr'><strong>hoc</strong></span> <span class='ocrx_word' id='word_1_326' title='bbox 1835 3833 1933 3890; x_wconf 88' lang='lat' dir='ltr'><strong>est,</strong></span> <span class='ocrx_word' id='word_1_327' title='bbox 1964 3824 2062 3878; x_wconf 89' lang='lat' dir='ltr'><strong>ista</strong></span> <span class='ocrx_word' id='word_1_328' title='bbox 2092 3822 2221 3876; x_wconf 88' lang='lat' dir='ltr'><strong>cha-</strong></span> 
     </span>
    </p>
   </div>
   <div class='ocr_carea' id='block_1_39' title="bbox 638 3914 2223 3998">
    <p class='ocr_par' dir='ltr' id='par_1_39' title="bbox 638 3914 2223 3998">
     <span class='ocr_line' id='line_1_39' title="bbox 638 3914 2223 3998; baseline -0.011 -14"><span class='ocrx_word' id='word_1_329' title='bbox 638 3928 792 3985; x_wconf 87' lang='lat' dir='ltr'><strong>ritate</strong></span> <span class='ocrx_word' id='word_1_330' title='bbox 817 3941 974 3998; x_wconf 86' lang='lat' dir='ltr'><strong>quam</strong></span> <span class='ocrx_word' id='word_1_331' title='bbox 1004 3922 1280 3993; x_wconf 89' lang='lat' dir='ltr'><strong>concupivi</strong></span> <span class='ocrx_word' id='word_1_332' title='bbox 1303 3964 1318 3989; x_wconf 94' lang='lat'><strong>,</strong></span> <span class='ocrx_word' id='word_1_333' title='bbox 1351 3920 1513 3990; x_wconf 90' lang='lat' dir='ltr'><strong>imple</strong></span> <span class='ocrx_word' id='word_1_334' title='bbox 1556 3934 1661 3974; x_wconf 90' lang='lat' dir='ltr'><strong>me.</strong></span> <span class='ocrx_word' id='word_1_335' title='bbox 1707 3916 1910 3987; x_wconf 84' lang='lat' dir='ltr'><strong>Adjuva</strong></span> <span class='ocrx_word' id='word_1_336' title='bbox 1946 3924 2003 3969; x_wconf 94' lang='lat' dir='ltr'><strong>ut</strong></span> <span class='ocrx_word' id='word_1_337' title='bbox 2034 3914 2223 3969; x_wconf 80' lang='lat' dir='ltr'><strong>faciam</strong></span> 
     </span>
    </p>
   </div>
   <div class='ocr_carea' id='block_1_40' title="bbox 636 4007 2223 4094">
    <p class='ocr_par' dir='ltr' id='par_1_40' title="bbox 636 4007 2223 4094">
     <span class='ocr_line' id='line_1_40' title="bbox 636 4007 2223 4094; baseline -0.009 -18"><span class='ocrx_word' id='word_1_338' title='bbox 636 4021 778 4094; x_wconf 87' lang='lat' dir='ltr'><strong>quod</strong></span> <span class='ocrx_word' id='word_1_339' title='bbox 803 4016 1165 4082; x_wconf 88' lang='lat' dir='ltr'><strong>commendas,</strong></span> <span class='ocrx_word' id='word_1_340' title='bbox 1208 4016 1347 4071; x_wconf 91' lang='lat' dir='ltr'><strong>dona</strong></span> <span class='ocrx_word' id='word_1_341' title='bbox 1394 4015 1507 4086; x_wconf 91' lang='lat' dir='ltr'><strong>ipse</strong></span> <span class='ocrx_word' id='word_1_342' title='bbox 1545 4011 1688 4084; x_wconf 91' lang='lat' dir='ltr'><strong>quod</strong></span> <span class='ocrx_word' id='word_1_343' title='bbox 1730 4010 1971 4066; x_wconf 87' lang='lat' dir='ltr'><strong>mandas.</strong></span> <span class='ocrx_word' id='word_1_344' title='bbox 2025 4007 2091 4062; x_wconf 88' lang='lat' dir='ltr'><strong>In</strong></span> <span class='ocrx_word' id='word_1_345' title='bbox 2136 4018 2223 4062; x_wconf 90' lang='lat' dir='ltr'><strong>tua</strong></span> 
     </span>
    </p>
   </div>
   <div class='ocr_carea' id='block_1_41' title="bbox 641 4098 2220 4180">
    <p class='ocr_par' dir='ltr' id='par_1_41' title="bbox 641 4098 2220 4180">
     <span class='ocr_line' id='line_1_41' title="bbox 641 4098 2220 4180; baseline -0.009 -14"><span class='ocrx_word' id='word_1_346' title='bbox 641 4112 835 4178; x_wconf 82' lang='lat' dir='ltr'><strong>iustitia</strong></span> <span class='ocrx_word' id='word_1_347' title='bbox 868 4111 1066 4180; x_wconf 74' lang='lat' dir='ltr'><strong>vivi/ica</strong></span> <span class='ocrx_word' id='word_1_348' title='bbox 1090 4124 1170 4162; x_wconf 88' lang='lat' dir='ltr'><strong>me</strong></span> <span class='ocrx_word' id='word_1_349' title='bbox 1200 4122 1217 4161; x_wconf 88' lang='lat'><strong><em>:</em></strong></span> <span class='ocrx_word' id='word_1_350' title='bbox 1245 4106 1369 4177; x_wconf 86' lang='lat' dir='ltr'><strong>quia</strong></span> <span class='ocrx_word' id='word_1_351' title='bbox 1396 4104 1449 4158; x_wconf 92' lang='lat' dir='ltr'><strong>in</strong></span> <span class='ocrx_word' id='word_1_352' title='bbox 1478 4119 1565 4159; x_wconf 92' lang='lat' dir='ltr'><strong>me</strong></span> <span class='ocrx_word' id='word_1_353' title='bbox 1591 4102 1732 4158; x_wconf 91' lang='lat' dir='ltr'><strong>unde</strong></span> <span class='ocrx_word' id='word_1_354' title='bbox 1755 4115 1997 4156; x_wconf 88' lang='lat' dir='ltr'><strong>morerer</strong></span> <span class='ocrx_word' id='word_1_355' title='bbox 2022 4098 2179 4155; x_wconf 87' lang='lat' dir='ltr'><strong>habui</strong></span> <span class='ocrx_word' id='word_1_356' title='bbox 2205 4116 2220 4163; x_wconf 92' lang='lat'><strong>;</strong></span> 
     </span>
    </p>
   </div>
   <div class='ocr_carea' id='block_1_42' title="bbox 642 4193 2223 4267">
    <p class='ocr_par' dir='ltr' id='par_1_42' title="bbox 642 4193 2223 4267">
     <span class='ocr_line' id='line_1_42' title="bbox 642 4193 2223 4267; baseline -0.01 -6"><span class='ocrx_word' id='word_1_357' title='bbox 642 4205 786 4261; x_wconf 89' lang='lat' dir='ltr'><strong>unde</strong></span> <span class='ocrx_word' id='word_1_358' title='bbox 814 4212 991 4267; x_wconf 81' lang='lat' dir='ltr'><strong>autem</strong></span> <span class='ocrx_word' id='word_1_359' title='bbox 1019 4202 1190 4256; x_wconf 86' lang='lat' dir='ltr'><strong>vivam</strong></span> <span class='ocrx_word' id='word_1_360' title='bbox 1217 4215 1322 4254; x_wconf 92' lang='lat' dir='ltr'><strong>non</strong></span> <span class='ocrx_word' id='word_1_361' title='bbox 1352 4198 1564 4254; x_wconf 83' lang='lat' dir='ltr'><strong>invenio</strong></span> <span class='ocrx_word' id='word_1_362' title='bbox 1586 4197 1685 4252; x_wconf 91' lang='lat' dir='ltr'><strong>nisi</strong></span> <span class='ocrx_word' id='word_1_363' title='bbox 1718 4196 1774 4251; x_wconf 92' lang='lat' dir='ltr'><strong>in</strong></span> <span class='ocrx_word' id='word_1_364' title='bbox 1803 4203 1875 4250; x_wconf 91' lang='lat' dir='ltr'><strong>te.</strong></span> <span class='ocrx_word' id='word_1_365' title='bbox 1903 4193 2113 4249; x_wconf 73' lang='lat' dir='ltr'><strong>Iustitia</strong></span> <span class='ocrx_word' id='word_1_366' title='bbox 2136 4201 2223 4247; x_wconf 91' lang='lat' dir='ltr'><strong>tua</strong></span> 
     </span>
    </p>
   </div>
   <div class='ocr_carea' id='block_1_43' title="bbox 611 4284 2220 4364">
    <p class='ocr_par' dir='ltr' id='par_1_43' title="bbox 611 4284 2220 4364">
     <span class='ocr_line' id='line_1_43' title="bbox 611 4284 2220 4364; baseline -0.011 -9"><span class='ocrx_word' id='word_1_367' title='bbox 611 4297 884 4355; x_wconf 87' lang='lat' dir='ltr'><strong>.Christus</strong></span> <span class='ocrx_word' id='word_1_368' title='bbox 915 4303 1028 4359; x_wconf 89' lang='lat' dir='ltr'><strong>est,</strong></span> <span class='ocrx_word' id='word_1_369' title='bbox 1063 4313 1082 4347; x_wconf 76' lang='grc' dir='ltr'><strong>ι</strong></span> <span class='ocrx_word' id='word_1_370' title='bbox 1106 4293 1197 4364; x_wconf 89' lang='lat' dir='ltr'><strong>qui</strong></span> <span class='ocrx_word' id='word_1_371' title='bbox 1230 4292 1400 4348; x_wconf 77' lang='lat' dir='ltr'><strong>factus</strong></span> <span class='ocrx_word' id='word_1_372' title='bbox 1436 4298 1520 4346; x_wconf 86' lang='lat' dir='ltr'><strong>est</strong></span> <span class='ocrx_word' id='word_1_373' title='bbox 1552 4290 1705 4345; x_wconf 89' lang='lat' dir='ltr'><strong>nobis</strong></span> <span class='ocrx_word' id='word_1_374' title='bbox 1743 4286 1999 4357; x_wconf 89' lang='lat' dir='ltr'><strong>sapientia</strong></span> <span class='ocrx_word' id='word_1_375' title='bbox 2028 4299 2059 4338; x_wconf 92' lang='lat' dir='ltr'><strong>a</strong></span> <span class='ocrx_word' id='word_1_376' title='bbox 2088 4284 2220 4350; x_wconf 89' lang='lat' dir='ltr'><strong>Deo,</strong></span> 
     </span>
    </p>
   </div>
   <div class='ocr_carea' id='block_1_44' title="bbox 640 4377 2226 4464">
    <p class='ocr_par' dir='ltr' id='par_1_44' title="bbox 640 4377 2226 4464">
     <span class='ocr_line' id='line_1_44' title="bbox 640 4377 2226 4464; baseline -0.013 -13"><span class='ocrx_word' id='word_1_377' title='bbox 640 4404 698 4451; x_wconf 83' lang='lat' dir='ltr'><strong>et</strong></span> <span class='ocrx_word' id='word_1_378' title='bbox 718 4391 939 4464; x_wconf 83' lang='lat' dir='ltr'><strong>justitia,</strong></span> <span class='ocrx_word' id='word_1_379' title='bbox 962 4399 1017 4445; x_wconf 84' lang='lat' dir='ltr'><strong>et</strong></span> <span class='ocrx_word' id='word_1_380' title='bbox 1041 4387 1409 4451; x_wconf 83' lang='lat' dir='ltr'><strong>sanctiﬁcatio,</strong></span> <span class='ocrx_word' id='word_1_381' title='bbox 1440 4394 1495 4441; x_wconf 90' lang='lat' dir='ltr'><strong>et</strong></span> <span class='ocrx_word' id='word_1_382' title='bbox 1517 4382 1843 4452; x_wconf 86' lang='lat' dir='ltr'><strong>redemptio;</strong></span> <span class='ocrx_word' id='word_1_383' title='bbox 1875 4389 1951 4446; x_wconf 93' lang='lat' dir='ltr'><strong>ut,</strong></span> <span class='ocrx_word' id='word_1_384' title='bbox 1974 4377 2226 4450; x_wconf 87' lang='lat' dir='ltr'><strong>quemad-</strong></span> 
     </span>
    </p>
   </div>
   <div class='ocr_carea' id='block_1_45' title="bbox 642 4468 2223 4550">
    <p class='ocr_par' dir='ltr' id='par_1_45' title="bbox 642 4468 2223 4550">
     <span class='ocr_line' id='line_1_45' title="bbox 642 4468 2223 4550; baseline -0.01 -11"><span class='ocrx_word' id='word_1_385' title='bbox 642 4482 860 4540; x_wconf 88' lang='lat' dir='ltr'><strong>modum</strong></span> <span class='ocrx_word' id='word_1_386' title='bbox 900 4480 1154 4550; x_wconf 86' lang='lat' dir='ltr'><strong>scriptum</strong></span> <span class='ocrx_word' id='word_1_387' title='bbox 1201 4485 1303 4545; x_wconf 89' lang='lat' dir='ltr'><strong>est,</strong></span> <span class='ocrx_word' id='word_1_388' title='bbox 1342 4476 1440 4544; x_wconf 85' lang='lat' dir='ltr'><strong>Qui</strong></span> <span class='ocrx_word' id='word_1_389' title='bbox 1468 4474 1743 4546; x_wconf 80' lang='lat' dir='ltr'><strong>gloriatur,</strong></span> <span class='ocrx_word' id='word_1_390' title='bbox 1768 4472 1820 4525; x_wconf 91' lang='lat' dir='ltr'><strong>in</strong></span> <span class='ocrx_word' id='word_1_391' title='bbox 1854 4470 2078 4525; x_wconf 92' lang='lat' dir='ltr'><strong>Domino</strong></span> <span class='ocrx_word' id='word_1_392' title='bbox 2106 4468 2223 4539; x_wconf 85' lang='lat' dir='ltr'><strong>glo-</strong></span> 
     </span>
    </p>
   </div>
   <div class='ocr_carea' id='block_1_46' title="bbox 643 4560 2224 4647">
    <p class='ocr_par' dir='ltr' id='par_1_46' title="bbox 643 4560 2224 4647">
     <span class='ocr_line' id='line_1_46' title="bbox 643 4560 2224 4647; baseline -0.012 -13"><span class='ocrx_word' id='word_1_393' title='bbox 643 4579 811 4634; x_wconf 89' lang='lat' dir='ltr'><strong>rietur</strong></span> <span class='ocrx_word' id='word_1_394' title='bbox 840 4593 858 4626; x_wconf 75' lang='lat' dir='ltr'><strong>s</strong></span> <span class='ocrx_word' id='word_1_395' title='bbox 895 4572 938 4647; x_wconf 86' lang='grc' dir='ltr'>(ι</span> <span class='ocrx_word' id='word_1_396' title='bbox 967 4570 1084 4628; x_wconf 89' lang='lat' dir='ltr'><strong>Cor.</strong></span> <span class='ocrx_word' id='word_1_397' title='bbox 1112 4587 1151 4637; x_wconf 92' lang='grc' dir='ltr'><strong>ι,</strong></span> <span class='ocrx_word' id='word_1_398' title='bbox 1179 4570 1269 4636; x_wconf 79' lang='grc'><strong>50,</strong></span> <span class='ocrx_word' id='word_1_399' title='bbox 1298 4568 1412 4641; x_wconf 67' lang='lat' dir='ltr'><strong>Si).</strong></span> <span class='ocrx_word' id='word_1_400' title='bbox 1451 4568 1517 4622; x_wconf 85' lang='lat' dir='ltr'><strong>Et</strong></span> <span class='ocrx_word' id='word_1_401' title='bbox 1540 4567 1596 4621; x_wconf 92' lang='lat' dir='ltr'><strong>in</strong></span> <span class='ocrx_word' id='word_1_402' title='bbox 1624 4565 1712 4619; x_wconf 92' lang='lat' dir='ltr'><strong>illo</strong></span> <span class='ocrx_word' id='word_1_403' title='bbox 1738 4562 1951 4619; x_wconf 89' lang='lat' dir='ltr'><strong>invenio</strong></span> <span class='ocrx_word' id='word_1_404' title='bbox 1978 4560 2224 4616; x_wconf 89' lang='lat' dir='ltr'><strong>mandata</strong></span> 
     </span>
    </p>
   </div>
   <div class='ocr_carea' id='block_1_47' title="bbox 644 4652 2220 4737">
    <p class='ocr_par' dir='ltr' id='par_1_47' title="bbox 644 4652 2220 4737">
     <span class='ocr_line' id='line_1_47' title="bbox 644 4652 2220 4737; baseline -0.01 -13"><span class='ocrx_word' id='word_1_405' title='bbox 644 4679 731 4724; x_wconf 87' lang='lat' dir='ltr'><strong>tua</strong></span> <span class='ocrx_word' id='word_1_406' title='bbox 759 4682 876 4737; x_wconf 59' lang='lat' dir='ltr'><strong>quae</strong></span> <span class='ocrx_word' id='word_1_407' title='bbox 902 4663 1201 4734; x_wconf 89' lang='lat' dir='ltr'><strong>concupivi,</strong></span> <span class='ocrx_word' id='word_1_408' title='bbox 1234 4672 1293 4717; x_wconf 94' lang='lat' dir='ltr'><strong>ut</strong></span> <span class='ocrx_word' id='word_1_409' title='bbox 1330 4661 1382 4715; x_wconf 93' lang='lat' dir='ltr'><strong>in</strong></span> <span class='ocrx_word' id='word_1_410' title='bbox 1425 4670 1511 4714; x_wconf 89' lang='lat' dir='ltr'><strong>tua</strong></span> <span class='ocrx_word' id='word_1_411' title='bbox 1546 4656 1770 4729; x_wconf 88' lang='lat' dir='ltr'><strong>justitia,</strong></span> <span class='ocrx_word' id='word_1_412' title='bbox 1794 4654 1895 4711; x_wconf 90' lang='lat' dir='ltr'><strong>hoc</strong></span> <span class='ocrx_word' id='word_1_413' title='bbox 1926 4661 2006 4709; x_wconf 90' lang='lat' dir='ltr'><strong>est</strong></span> <span class='ocrx_word' id='word_1_414' title='bbox 2034 4654 2083 4707; x_wconf 93' lang='lat' dir='ltr'><strong>in</strong></span> <span class='ocrx_word' id='word_1_415' title='bbox 2109 4652 2220 4720; x_wconf 90' lang='lat' dir='ltr'><strong>illo,</strong></span> 
     </span>
    </p>
   </div>
   <div class='ocr_carea' id='block_1_48' title="bbox 642 4744 2222 4824">
    <p class='ocr_par' dir='ltr' id='par_1_48' title="bbox 642 4744 2222 4824">
     <span class='ocr_line' id='line_1_48' title="bbox 642 4744 2222 4824; baseline -0.01 -11"><span class='ocrx_word' id='word_1_416' title='bbox 642 4759 876 4815; x_wconf 87' lang='lat' dir='ltr'><strong>viviliees</strong></span> <span class='ocrx_word' id='word_1_417' title='bbox 903 4770 1008 4811; x_wconf 91' lang='lat' dir='ltr'><strong>me.</strong></span> <span class='ocrx_word' id='word_1_418' title='bbox 1037 4754 1155 4824; x_wconf 84' lang='lat' dir='ltr'><strong>Ipse</strong></span> <span class='ocrx_word' id='word_1_419' title='bbox 1182 4761 1265 4808; x_wconf 91' lang='lat' dir='ltr'><strong>est</strong></span> <span class='ocrx_word' id='word_1_420' title='bbox 1288 4752 1428 4808; x_wconf 92' lang='lat' dir='ltr'><strong>enim</strong></span> <span class='ocrx_word' id='word_1_421' title='bbox 1451 4749 1684 4805; x_wconf 83' lang='lat' dir='ltr'><strong>Verbum</strong></span> <span class='ocrx_word' id='word_1_422' title='bbox 1714 4748 1879 4811; x_wconf 88' lang='lat' dir='ltr'><strong>Deus;</strong></span> <span class='ocrx_word' id='word_1_423' title='bbox 1910 4755 1963 4801; x_wconf 89' lang='lat' dir='ltr'><strong>et</strong></span> <span class='ocrx_word' id='word_1_424' title='bbox 1989 4744 2222 4800; x_wconf 90' lang='lat' dir='ltr'><strong>Verbum</strong></span> 
     </span>
    </p>
   </div>
   <div class='ocr_carea' id='block_1_49' title="bbox 642 4832 2219 4912">
    <p class='ocr_par' dir='ltr' id='par_1_49' title="bbox 642 4832 2219 4912">
     <span class='ocr_line' id='line_1_49' title="bbox 642 4832 2219 4912; baseline -0.013 -5"><span class='ocrx_word' id='word_1_425' title='bbox 642 4866 769 4907; x_wconf 88' lang='lat' dir='ltr'><strong>caro</strong></span> <span class='ocrx_word' id='word_1_426' title='bbox 782 4849 974 4905; x_wconf 84' lang='lat' dir='ltr'><strong>factum</strong></span> <span class='ocrx_word' id='word_1_427' title='bbox 991 4856 1092 4912; x_wconf 88' lang='lat' dir='ltr'><strong>est,</strong></span> <span class='ocrx_word' id='word_1_428' title='bbox 1113 4853 1169 4901; x_wconf 93' lang='lat' dir='ltr'><strong>ut</strong></span> <span class='ocrx_word' id='word_1_429' title='bbox 1184 4840 1672 4912; x_wconf 87' lang='lat' dir='ltr'><strong>essetetproximus</strong></span> <span class='ocrx_word' id='word_1_430' title='bbox 1684 4852 1833 4894; x_wconf 91' lang='lat' dir='ltr'><strong>meus</strong></span> <span class='ocrx_word' id='word_1_431' title='bbox 1857 4836 2033 4909; x_wconf 85' lang='lat' dir='ltr'><strong>(Joan.</strong></span> <span class='ocrx_word' id='word_1_432' title='bbox 2053 4853 2090 4902; x_wconf 88' lang='grc' dir='ltr'><strong>ι,</strong></span> <span class='ocrx_word' id='word_1_433' title='bbox 2110 4832 2219 4907; x_wconf 68' lang='grc'><strong>14).</strong></span> 
     </span>
    </p>
   </div>
   <div class='ocr_carea' id='block_1_50' title="bbox 1282 4950 1585 4993">
    <p class='ocr_par' dir='ltr' id='par_1_50' title="bbox 1282 4950 1585 4993">
     <span class='ocr_line' id='line_1_50' title="bbox 1282 4950 1585 4993; baseline -0.017 0"><span class='ocrx_word' id='word_1_434' title='bbox 1282 4951 1453 4993; x_wconf 77' lang='grc' dir='ltr'>εειιιιο</span> <span class='ocrx_word' id='word_1_435' title='bbox 1476 4950 1585 4990; x_wconf 74' lang='grc' dir='ltr'>χιιι.</span> 
     </span>
    </p>
   </div>
   <div class='ocr_carea' id='block_1_51' title="bbox 719 5022 2226 5108">
    <p class='ocr_par' dir='ltr' id='par_1_51' title="bbox 719 5022 2226 5108">
     <span class='ocr_line' id='line_1_51' title="bbox 719 5022 2226 5108; baseline -0.011 -15"><span class='ocrx_word' id='word_1_436' title='bbox 719 5039 773 5093; x_wconf 86' lang='grc'><strong>1.</strong></span> <span class='ocrx_word' id='word_1_437' title='bbox 820 5035 968 5108; x_wconf 89' lang='lat' dir='ltr'><strong>[vers.</strong></span> <span class='ocrx_word' id='word_1_438' title='bbox 999 5032 1110 5105; x_wconf 71' lang='grc'><strong>41.)</strong></span> <span class='ocrx_word' id='word_1_439' title='bbox 1149 5029 1391 5088; x_wconf 85' lang='lat' dir='ltr'><strong>Sermoni</strong></span> <span class='ocrx_word' id='word_1_440' title='bbox 1434 5026 1673 5099; x_wconf 89' lang='lat' dir='ltr'><strong>pristino,</strong></span> <span class='ocrx_word' id='word_1_441' title='bbox 1716 5040 1875 5097; x_wconf 90' lang='lat' dir='ltr'><strong>quem</strong></span> <span class='ocrx_word' id='word_1_442' title='bbox 1916 5023 1984 5078; x_wconf 92' lang='lat' dir='ltr'><strong>de</strong></span> <span class='ocrx_word' id='word_1_443' title='bbox 2023 5022 2226 5094; x_wconf 90' lang='lat' dir='ltr'><strong>psalmo</strong></span> 
     </span>
    </p>
   </div>
   <div class='ocr_carea' id='block_1_52' title="bbox 645 5113 2228 5201">
    <p class='ocr_par' dir='ltr' id='par_1_52' title="bbox 645 5113 2228 5201">
     <span class='ocr_line' id='line_1_52' title="bbox 645 5113 2228 5201; baseline -0.011 -16"><span class='ocrx_word' id='word_1_444' title='bbox 645 5130 739 5201; x_wconf 90' lang='lat' dir='ltr'><strong>qui</strong></span> <span class='ocrx_word' id='word_1_445' title='bbox 779 5136 860 5185; x_wconf 86' lang='lat' dir='ltr'><strong>est</strong></span> <span class='ocrx_word' id='word_1_446' title='bbox 896 5125 1134 5182; x_wconf 90' lang='lat' dir='ltr'><strong>omnium</strong></span> <span class='ocrx_word' id='word_1_447' title='bbox 1163 5122 1583 5194; x_wconf 80' lang='lat' dir='ltr'><strong>prolixissimus,</strong></span> <span class='ocrx_word' id='word_1_448' title='bbox 1626 5133 1795 5188; x_wconf 90' lang='lat' dir='ltr'><strong>nuper</strong></span> <span class='ocrx_word' id='word_1_449' title='bbox 1834 5115 2132 5179; x_wconf 89' lang='lat' dir='ltr'><strong>habuimus,</strong></span> <span class='ocrx_word' id='word_1_450' title='bbox 2161 5113 2228 5169; x_wconf 91' lang='lat' dir='ltr'><strong>de</strong></span> 
     </span>
    </p>
   </div>
   <div class='ocr_carea' id='block_1_53' title="bbox 646 5204 2229 5289">
    <p class='ocr_par' dir='ltr' id='par_1_53' title="bbox 646 5204 2229 5289">
     <span class='ocr_line' id='line_1_53' title="bbox 646 5204 2229 5289; baseline -0.012 -12"><span class='ocrx_word' id='word_1_451' title='bbox 646 5220 828 5277; x_wconf 85' lang='lat' dir='ltr'><strong>verbis</strong></span> <span class='ocrx_word' id='word_1_452' title='bbox 847 5219 963 5289; x_wconf 86' lang='lat' dir='ltr'><strong>ejus</strong></span> <span class='ocrx_word' id='word_1_453' title='bbox 988 5232 1108 5288; x_wconf 69' lang='lat' dir='ltr'><strong>qua:</strong></span> <span class='ocrx_word' id='word_1_454' title='bbox 1137 5224 1430 5285; x_wconf 85' lang='lat' dir='ltr'><strong>sequuntur</strong></span> <span class='ocrx_word' id='word_1_455' title='bbox 1470 5212 1570 5266; x_wconf 89' lang='lat' dir='ltr'><strong>iste</strong></span> <span class='ocrx_word' id='word_1_456' title='bbox 1615 5207 1911 5279; x_wconf 75' lang='lat' dir='ltr'><strong>iungendus</strong></span> <span class='ocrx_word' id='word_1_457' title='bbox 1952 5215 2053 5261; x_wconf 87' lang='lat' dir='ltr'><strong>est.</strong></span> <span class='ocrx_word' id='word_1_458' title='bbox 2104 5204 2229 5259; x_wconf 64' lang='lat' dir='ltr'><strong>Haec</strong></span> 
     </span>
    </p>
   </div>
   <div class='ocr_carea' id='block_1_54' title="bbox 650 5296 2227 5377">
    <p class='ocr_par' dir='ltr' id='par_1_54' title="bbox 650 5296 2227 5377">
     <span class='ocr_line' id='line_1_54' title="bbox 650 5296 2227 5377; baseline -0.01 -10"><span class='ocrx_word' id='word_1_459' title='bbox 650 5310 810 5368; x_wconf 86' lang='lat' dir='ltr'><strong>verba</strong></span> <span class='ocrx_word' id='word_1_460' title='bbox 838 5319 962 5367; x_wconf 85' lang='lat' dir='ltr'><strong>sunt</strong></span> <span class='ocrx_word' id='word_1_461' title='bbox 991 5328 1003 5363; x_wconf 90' lang='lat'>:</span> <span class='ocrx_word' id='word_1_462' title='bbox 1040 5308 1106 5363; x_wconf 81' lang='lat' dir='ltr'><strong>Et</strong></span> <span class='ocrx_word' id='word_1_463' title='bbox 1130 5307 1295 5364; x_wconf 84' lang='lat' dir='ltr'><strong>veniat</strong></span> <span class='ocrx_word' id='word_1_464' title='bbox 1317 5321 1470 5377; x_wconf 82' lang='lat' dir='ltr'><strong>super</strong></span> <span class='ocrx_word' id='word_1_465' title='bbox 1498 5320 1578 5358; x_wconf 90' lang='lat' dir='ltr'><strong>me</strong></span> <span class='ocrx_word' id='word_1_466' title='bbox 1604 5299 1945 5357; x_wconf 83' lang='lat' dir='ltr'><strong>misericordia</strong></span> <span class='ocrx_word' id='word_1_467' title='bbox 1970 5308 2054 5352; x_wconf 90' lang='lat' dir='ltr'><strong>tua</strong></span> <span class='ocrx_word' id='word_1_468' title='bbox 2074 5340 2088 5365; x_wconf 96' lang='lat'><strong>,</strong></span> <span class='ocrx_word' id='word_1_469' title='bbox 2117 5296 2227 5352; x_wconf 88' lang='lat' dir='ltr'><strong>Do-</strong></span> 
     </span>
    </p>
   </div>
   <div class='ocr_carea' id='block_1_55' title="bbox 648 5438 2230 5562">
    <p class='ocr_par' dir='ltr' id='par_1_55' title="bbox 648 5438 2230 5562">
     <span class='ocr_line' id='line_1_55' title="bbox 648 5438 2230 5562; baseline -0.006 -64"><span class='ocrx_word' id='word_1_470' title='bbox 648 5448 736 5562; x_wconf 59' lang='lat' dir='ltr'><strong><em>m:</em></strong></span> <span class='ocrx_word' id='word_1_471' title='bbox 760 5448 930 5557; x_wconf 46' lang='lat' dir='ltr'><strong>Sicétr.</strong></span> <span class='ocrx_word' id='word_1_472' title='bbox 952 5444 1099 5508; x_wconf 81' lang='lat' dir='ltr'><strong>Lugd.</strong></span> <span class='ocrx_word' id='word_1_473' title='bbox 1125 5451 1245 5495; x_wconf 79' lang='lat' dir='ltr'><strong>Ven.</strong></span> <span class='ocrx_word' id='word_1_474' title='bbox 1276 5451 1327 5493; x_wconf 88' lang='lat' dir='ltr'><strong>et</strong></span> <span class='ocrx_word' id='word_1_475' title='bbox 1356 5450 1469 5493; x_wconf 87' lang='lat' dir='ltr'><strong>Lov.</strong></span> <span class='ocrx_word' id='word_1_476' title='bbox 1501 5446 1551 5491; x_wconf 87' lang='lat' dir='ltr'><strong>In</strong></span> <span class='ocrx_word' id='word_1_477' title='bbox 1582 5446 1655 5500; x_wconf 79' lang='lat'><strong>8.,</strong></span> <span class='ocrx_word' id='word_1_478' title='bbox 1700 5438 1815 5504; x_wconf 82' lang='lat' dir='ltr'><strong>quia</strong></span> <span class='ocrx_word' id='word_1_479' title='bbox 1856 5438 1944 5489; x_wconf 84' lang='lat' dir='ltr'><strong>hoc</strong></span> <span class='ocrx_word' id='word_1_480' title='bbox 1972 5444 2017 5488; x_wconf 81' lang='lat' dir='ltr'><strong>et</strong></span> <span class='ocrx_word' id='word_1_481' title='bbox 2043 5443 2230 5502; x_wconf 54' lang='lat' dir='ltr'><strong>aposto-</strong></span> 
     </span>
    </p>
   </div>
   <div class='ocr_carea' id='block_1_56' title="bbox 711 5562 2013 5637">
    <p class='ocr_par' dir='ltr' id='par_1_56' title="bbox 711 5562 2013 5637">
     <span class='ocr_line' id='line_1_56' title="bbox 711 5562 2013 5637; baseline -0.007 -16"><span class='ocrx_word' id='word_1_482' title='bbox 711 5575 733 5637; x_wconf 57' lang='grc' dir='ltr'>ξ</span> <span class='ocrx_word' id='word_1_483' title='bbox 757 5578 824 5637; x_wconf 80' lang='lat' dir='ltr'><strong>tta</strong></span> <span class='ocrx_word' id='word_1_484' title='bbox 846 5570 940 5637; x_wconf 76' lang='lat' dir='ltr'><strong>hoc</strong></span> <span class='ocrx_word' id='word_1_485' title='bbox 956 5568 1063 5621; x_wconf 85' lang='lat' dir='ltr'><strong>loco</strong></span> <span class='ocrx_word' id='word_1_486' title='bbox 1084 5578 1184 5618; x_wconf 66' lang='lat' dir='ltr'><strong>am.</strong></span> <span class='ocrx_word' id='word_1_487' title='bbox 1213 5575 1388 5637; x_wconf 61' lang='lat' dir='ltr'><strong>etatss.</strong></span> <span class='ocrx_word' id='word_1_488' title='bbox 1414 5573 1469 5616; x_wconf 81' lang='lat' dir='ltr'><strong>At</strong></span> <span class='ocrx_word' id='word_1_489' title='bbox 1489 5572 1564 5614; x_wconf 85' lang='lat' dir='ltr'><strong>Er.</strong></span> <span class='ocrx_word' id='word_1_490' title='bbox 1591 5571 1643 5637; x_wconf 77' lang='lat' dir='ltr'><strong>et</strong></span> <span class='ocrx_word' id='word_1_491' title='bbox 1660 5573 1791 5637; x_wconf 58' lang='grc' dir='ltr'><strong>ιρνη</strong></span> <span class='ocrx_word' id='word_1_492' title='bbox 1816 5562 2013 5637; x_wconf 46' lang='lat' dir='ltr'><strong>cesserit:</strong></span> 
     </span>
    </p>
   </div>
   <div class='ocr_carea' id='block_1_57' title="bbox 718 5624 2228 5697">
    <p class='ocr_par' dir='ltr' id='par_1_57' title="bbox 718 5624 2228 5697">
     <span class='ocr_line' id='line_1_57' title="bbox 718 5624 2228 5697; baseline -0.007 -12"><span class='ocrx_word' id='word_1_493' title='bbox 718 5635 739 5667; x_wconf 81' lang='grc'>³</span> <span class='ocrx_word' id='word_1_494' title='bbox 760 5636 835 5685; x_wconf 87' lang='lat' dir='ltr'><strong>Sic</strong></span> <span class='ocrx_word' id='word_1_495' title='bbox 855 5624 1038 5697; x_wconf 79' lang='lat' dir='ltr'><strong>aliquot</strong></span> <span class='ocrx_word' id='word_1_496' title='bbox 1073 5637 1181 5681; x_wconf 74' lang='lat' dir='ltr'><strong>Mss.</strong></span> <span class='ocrx_word' id='word_1_497' title='bbox 1197 5630 1456 5697; x_wconf 78' lang='lat' dir='ltr'><strong>_Alii_vero,</strong></span> <span class='ocrx_word' id='word_1_498' title='bbox 1479 5626 1737 5697; x_wconf 43' lang='grc' dir='ltr'><strong>ξιῳρίεανῄ,</strong></span> <span class='ocrx_word' id='word_1_499' title='bbox 1746 5624 1861 5697; x_wconf 64' lang='lat' dir='ltr'><strong>licet</strong></span> <span class='ocrx_word' id='word_1_500' title='bbox 1884 5624 2108 5697; x_wconf 43' lang='lat' dir='ltr'><strong>cuilibet,‘</strong></span> <span class='ocrx_word' id='word_1_501' title='bbox 2132 5632 2228 5697; x_wconf 77' lang='lat' dir='ltr'><strong>etc.</strong></span> 
     </span>
    </p>
   </div>
   <div class='ocr_carea' id='block_1_58' title="bbox 651 5686 2233 5757">
    <p class='ocr_par' dir='ltr' id='par_1_58' title="bbox 651 5686 2233 5757">
     <span class='ocr_line' id='line_1_58' title="bbox 651 5686 2233 5757; baseline -0.006 -11"><span class='ocrx_word' id='word_1_502' title='bbox 651 5706 707 5749; x_wconf 77' lang='grc' dir='ltr'>Αι</span> <span class='ocrx_word' id='word_1_503' title='bbox 730 5703 804 5747; x_wconf 78' lang='lat' dir='ltr'><strong>Er.</strong></span> <span class='ocrx_word' id='word_1_504' title='bbox 831 5706 883 5748; x_wconf 89' lang='grc' dir='ltr'><strong>ει</strong></span> <span class='ocrx_word' id='word_1_505' title='bbox 898 5686 1037 5755; x_wconf 62' lang='grc' dir='ltr'>ὧι,</span> <span class='ocrx_word' id='word_1_506' title='bbox 1075 5690 1322 5757; x_wconf 62' lang='lat' dir='ltr'><strong>suspicari</strong></span> <span class='ocrx_word' id='word_1_507' title='bbox 1341 5686 1450 5757; x_wconf 71' lang='lat' dir='ltr'><strong>non</strong></span> <span class='ocrx_word' id='word_1_508' title='bbox 1467 5686 1612 5757; x_wconf 78' lang='lat' dir='ltr'><strong>debet</strong></span> <span class='ocrx_word' id='word_1_509' title='bbox 1638 5687 1849 5757; x_wconf 72' lang='lat' dir='ltr'><strong>quilibet,</strong></span> <span class='ocrx_word' id='word_1_510' title='bbox 1896 5701 1994 5757; x_wconf 67' lang='lat' dir='ltr'><strong>non</strong></span> <span class='ocrx_word' id='word_1_511' title='bbox 2029 5686 2233 5757; x_wconf 84' lang='lat' dir='ltr'><strong>videndo</strong></span> 
     </span>
    </p>
   </div>
   <div class='ocr_carea' id='block_1_59' title="bbox 651 5750 2235 5823">
    <p class='ocr_par' dir='ltr' id='par_1_59' title="bbox 651 5750 2235 5823">
     <span class='ocr_line' id='line_1_59' title="bbox 651 5750 2235 5823; baseline -0.007 -15"><span class='ocrx_word' id='word_1_512' title='bbox 651 5758 780 5821; x_wconf 85' lang='lat' dir='ltr'><strong>quod</strong></span> <span class='ocrx_word' id='word_1_513' title='bbox 813 5758 957 5817; x_wconf 76' lang='lat' dir='ltr'><strong>latet,</strong></span> <span class='ocrx_word' id='word_1_514' title='bbox 989 5750 1168 5823; x_wconf 69' lang='lat' dir='ltr'><strong>etnon</strong></span> <span class='ocrx_word' id='word_1_515' title='bbox 1189 5752 1446 5823; x_wconf 74' lang='lat' dir='ltr'><strong>invidendo</strong></span> <span class='ocrx_word' id='word_1_516' title='bbox 1485 5751 1616 5823; x_wconf 73' lang='lat' dir='ltr'><strong>quod</strong></span> <span class='ocrx_word' id='word_1_517' title='bbox 1868 5750 1997 5823; x_wconf 74' lang='lat' dir='ltr'><strong>Apud</strong></span> <span class='ocrx_word' id='word_1_518' title='bbox 2042 5761 2141 5823; x_wconf 60' lang='grc' dir='ltr'>ίιιῐι.</span> <span class='ocrx_word' id='word_1_519' title='bbox 2181 5756 2235 5823; x_wconf 71' lang='grc' dir='ltr'><strong>ει</strong></span> 
     </span>
    </p>
   </div>
   <div class='ocr_carea' id='block_1_60' title="bbox 652 5811 2231 5881">
    <p class='ocr_par' dir='ltr' id='par_1_60' title="bbox 652 5811 2231 5881">
     <span class='ocr_line' id='line_1_60' title="bbox 652 5811 2231 5881; baseline -0.005 -12"><span class='ocrx_word' id='word_1_520' title='bbox 652 5811 824 5870; x_wconf 74' lang='lat' dir='ltr'><strong>omnes</strong></span> <span class='ocrx_word' id='word_1_521' title='bbox 862 5811 969 5871; x_wconf 69' lang='lat' dir='ltr'><strong>Mss.</strong></span> <span class='ocrx_word' id='word_1_522' title='bbox 1008 5820 1190 5881; x_wconf 78' lang='lat' dir='ltr'><strong>absque</strong></span> <span class='ocrx_word' id='word_1_523' title='bbox 1216 5816 1477 5879; x_wconf 81' lang='lat' dir='ltr'><strong>negatione</strong></span> <span class='ocrx_word' id='word_1_524' title='bbox 1498 5811 1709 5874; x_wconf 73' lang='lat' dir='ltr'><strong>legitur,</strong></span> <span class='ocrx_word' id='word_1_525' title='bbox 1750 5820 1794 5861; x_wconf 84' lang='lat' dir='ltr'><strong>et</strong></span> <span class='ocrx_word' id='word_1_526' title='bbox 1824 5811 2084 5863; x_wconf 67' lang='lat' dir='ltr'><strong>inridenda</strong></span> <span class='ocrx_word' id='word_1_527' title='bbox 2105 5811 2231 5874; x_wconf 86' lang='lat' dir='ltr'><strong>quod</strong></span> 
     </span>
    </p>
   </div>
   <div class='ocr_carea' id='block_1_61' title="bbox 655 5881 841 5933">
    <p class='ocr_par' dir='ltr' id='par_1_61' title="bbox 655 5881 841 5933">
     <span class='ocr_line' id='line_1_61' title="bbox 655 5881 841 5933; baseline -0.022 -1"><span class='ocrx_word' id='word_1_528' title='bbox 655 5881 841 5933; x_wconf 78' lang='lat' dir='ltr'><strong>eminet.</strong></span> 
     </span>
    </p>
   </div>
   <div class='ocr_carea' id='block_1_62' title="bbox 1871 375 2675 441">
    <p class='ocr_par' dir='ltr' id='par_1_62' title="bbox 1871 375 2675 441">
     <span class='ocr_line' id='line_1_62' title="bbox 1871 375 2675 441; baseline -0.014 0"><span class='ocrx_word' id='word_1_529' title='bbox 1871 387 1928 441; x_wconf 88' lang='lat' dir='ltr'><strong>S.</strong></span> <span class='ocrx_word' id='word_1_530' title='bbox 1970 377 2332 440; x_wconf 75' lang='lat' dir='ltr'><strong>AUGUSTINI</strong></span> <span class='ocrx_word' id='word_1_531' title='bbox 2375 375 2675 433; x_wconf 82' lang='lat' dir='ltr'><strong>EPISCOPI</strong></span> 
     </span>
    </p>
   </div>
   <div class='ocr_carea' id='block_1_63' title="bbox 3737 382 3845 439">
    <p class='ocr_par' dir='ltr' id='par_1_63' title="bbox 3737 382 3845 439">
     <span class='ocr_line' id='line_1_63' title="bbox 3737 382 3845 439; baseline 0.009 -2"><span class='ocrx_word' id='word_1_532' title='bbox 3737 382 3845 439; x_wconf 64' lang='grc'><strong>1456</strong></span> 
     </span>
    </p>
   </div>
   <div class='ocr_carea' id='block_1_64' title="bbox 2327 493 3847 564">
    <p class='ocr_par' dir='ltr' id='par_1_64' title="bbox 2327 493 3847 564">
     <span class='ocr_line' id='line_1_64' title="bbox 2327 493 3847 564; baseline 0.008 -19"><span class='ocrx_word' id='word_1_533' title='bbox 2327 496 2479 548; x_wconf 74' lang='lat' dir='ltr'><strong>mine.</strong></span> <span class='ocrx_word' id='word_1_534' title='bbox 2529 493 2658 561; x_wconf 60' lang='lat' dir='ltr'><strong>Quae</strong></span> <span class='ocrx_word' id='word_1_535' title='bbox 2692 493 2955 548; x_wconf 82' lang='lat' dir='ltr'><strong>sententia</strong></span> <span class='ocrx_word' id='word_1_536' title='bbox 2989 494 3247 564; x_wconf 88' lang='lat' dir='ltr'><strong>superiori</strong></span> <span class='ocrx_word' id='word_1_537' title='bbox 3280 494 3480 549; x_wconf 89' lang='lat' dir='ltr'><strong>videtur</strong></span> <span class='ocrx_word' id='word_1_538' title='bbox 3517 512 3737 552; x_wconf 78' lang='lat' dir='ltr'><strong>annexa:</strong></span> <span class='ocrx_word' id='word_1_539' title='bbox 3765 518 3847 557; x_wconf 83' lang='lat' dir='ltr'><strong>non</strong></span> 
     </span>
    </p>
   </div>
   <div class='ocr_carea' id='block_1_65' title="bbox 2326 566 3852 655">
    <p class='ocr_par' dir='ltr' id='par_1_65' title="bbox 2326 566 3852 655">
     <span class='ocr_line' id='line_1_65' title="bbox 2326 566 3852 655; baseline 0.002 -13"><span class='ocrx_word' id='word_1_540' title='bbox 2326 586 2469 642; x_wconf 86' lang='lat' dir='ltr'><strong>enim</strong></span> <span class='ocrx_word' id='word_1_541' title='bbox 2495 588 2587 652; x_wconf 91' lang='lat' dir='ltr'><strong>ait,</strong></span> <span class='ocrx_word' id='word_1_542' title='bbox 2625 584 2802 640; x_wconf 82' lang='lat' dir='ltr'><strong>Veniat</strong></span> <span class='ocrx_word' id='word_1_543' title='bbox 2831 602 2982 655; x_wconf 85' lang='lat' dir='ltr'><strong>super</strong></span> <span class='ocrx_word' id='word_1_544' title='bbox 3012 602 3120 651; x_wconf 84' lang='lat' dir='ltr'><strong>me;</strong></span> <span class='ocrx_word' id='word_1_545' title='bbox 3146 584 3239 640; x_wconf 87' lang='lat' dir='ltr'><strong>sed</strong></span> <span class='ocrx_word' id='word_1_546' title='bbox 3265 584 3359 651; x_wconf 88' lang='lat' dir='ltr'><strong>ait,</strong></span> <span class='ocrx_word' id='word_1_547' title='bbox 3388 585 3451 639; x_wconf 84' lang='lat' dir='ltr'><strong>Et</strong></span> <span class='ocrx_word' id='word_1_548' title='bbox 3479 589 3650 641; x_wconf 83' lang='lat' dir='ltr'><strong>veniat.</strong></span> <span class='ocrx_word' id='word_1_549' title='bbox 3677 566 3756 643; x_wconf 83' lang='lat' dir='ltr'><strong>Est</strong></span> <span class='ocrx_word' id='word_1_550' title='bbox 3777 606 3852 646; x_wconf 86' lang='lat' dir='ltr'><strong>au-</strong></span> 
     </span>
    </p>
   </div>
   <div class='ocr_carea' id='block_1_66' title="bbox 2328 677 3854 749">
    <p class='ocr_par' dir='ltr' id='par_1_66' title="bbox 2328 677 3854 749">
     <span class='ocr_line' id='line_1_66' title="bbox 2328 677 3854 749; baseline 0.002 -16"><span class='ocrx_word' id='word_1_551' title='bbox 2328 689 2432 734; x_wconf 88' lang='lat' dir='ltr'><strong>tem</strong></span> <span class='ocrx_word' id='word_1_552' title='bbox 2463 679 2549 733; x_wconf 91' lang='lat' dir='ltr'><strong>illa</strong></span> <span class='ocrx_word' id='word_1_553' title='bbox 2575 679 2839 749; x_wconf 88' lang='lat' dir='ltr'><strong>superior,</strong></span> <span class='ocrx_word' id='word_1_554' title='bbox 2868 677 3001 733; x_wconf 87' lang='lat' dir='ltr'><strong>Ecce</strong></span> <span class='ocrx_word' id='word_1_555' title='bbox 3027 677 3292 747; x_wconf 77' lang='lat' dir='ltr'><strong>concupiui</strong></span> <span class='ocrx_word' id='word_1_556' title='bbox 3319 678 3552 731; x_wconf 88' lang='lat' dir='ltr'><strong>mandata</strong></span> <span class='ocrx_word' id='word_1_557' title='bbox 3579 689 3657 732; x_wconf 88' lang='lat' dir='ltr'><strong>tua</strong></span> <span class='ocrx_word' id='word_1_558' title='bbox 3677 696 3694 744; x_wconf 85' lang='lat'><strong>;</strong></span> <span class='ocrx_word' id='word_1_559' title='bbox 3716 682 3760 734; x_wconf 88' lang='lat' dir='ltr'><strong>in</strong></span> <span class='ocrx_word' id='word_1_560' title='bbox 3784 692 3854 738; x_wconf 82' lang='lat' dir='ltr'><strong>tua</strong></span> 
     </span>
    </p>
   </div>
   <div class='ocr_carea' id='block_1_67' title="bbox 2319 768 3854 845">
    <p class='ocr_par' dir='ltr' id='par_1_67' title="bbox 2319 768 3854 845">
     <span class='ocr_line' id='line_1_67' title="bbox 2319 768 3854 845; baseline 0.004 -21"><span class='ocrx_word' id='word_1_561' title='bbox 2319 771 2527 843; x_wconf 81' lang='lat' dir='ltr'><strong>justitia</strong></span> <span class='ocrx_word' id='word_1_562' title='bbox 2570 772 2769 841; x_wconf 73' lang='lat' dir='ltr'><strong>vivi/ica</strong></span> <span class='ocrx_word' id='word_1_563' title='bbox 2806 788 2887 825; x_wconf 90' lang='lat' dir='ltr'><strong>me</strong></span> <span class='ocrx_word' id='word_1_564' title='bbox 2914 786 2932 825; x_wconf 88' lang='grc'><strong>.·</strong></span> <span class='ocrx_word' id='word_1_565' title='bbox 2960 769 3152 824; x_wconf 89' lang='lat' dir='ltr'><strong>deinde</strong></span> <span class='ocrx_word' id='word_1_566' title='bbox 3190 769 3449 841; x_wconf 87' lang='lat' dir='ltr'><strong>sequitur,</strong></span> <span class='ocrx_word' id='word_1_567' title='bbox 3475 768 3537 823; x_wconf 85' lang='lat' dir='ltr'><strong>Et</strong></span> <span class='ocrx_word' id='word_1_568' title='bbox 3564 773 3711 826; x_wconf 83' lang='lat' dir='ltr'><strong>veniat</strong></span> <span class='ocrx_word' id='word_1_569' title='bbox 3733 790 3854 845; x_wconf 80' lang='lat' dir='ltr'><strong>super</strong></span> 
     </span>
    </p>
   </div>
   <div class='ocr_carea' id='block_1_68' title="bbox 2324 860 3853 933">
    <p class='ocr_par' dir='ltr' id='par_1_68' title="bbox 2324 860 3853 933">
     <span class='ocr_line' id='line_1_68' title="bbox 2324 860 3853 933; baseline 0.002 -16"><span class='ocrx_word' id='word_1_570' title='bbox 2324 881 2403 917; x_wconf 89' lang='lat' dir='ltr'><strong>me</strong></span> <span class='ocrx_word' id='word_1_571' title='bbox 2430 864 2773 919; x_wconf 82' lang='lat' dir='ltr'><strong>misericordia</strong></span> <span class='ocrx_word' id='word_1_572' title='bbox 2810 874 2917 931; x_wconf 92' lang='lat' dir='ltr'><strong>tua,</strong></span> <span class='ocrx_word' id='word_1_573' title='bbox 2946 861 3178 916; x_wconf 86' lang='lat' dir='ltr'><strong>Domine.</strong></span> <span class='ocrx_word' id='word_1_574' title='bbox 3220 860 3357 930; x_wconf 89' lang='lat' dir='ltr'><strong>Quid</strong></span> <span class='ocrx_word' id='word_1_575' title='bbox 3399 860 3483 917; x_wconf 88' lang='lat' dir='ltr'><strong>hic</strong></span> <span class='ocrx_word' id='word_1_576' title='bbox 3519 877 3637 932; x_wconf 85' lang='lat' dir='ltr'><strong>ergo</strong></span> <span class='ocrx_word' id='word_1_577' title='bbox 3680 866 3853 933; x_wconf 88' lang='lat' dir='ltr'><strong>poscit,</strong></span> 
     </span>
    </p>
   </div>
   <div class='ocr_carea' id='block_1_69' title="bbox 2325 955 3853 1029">
    <p class='ocr_par' dir='ltr' id='par_1_69' title="bbox 2325 955 3853 1029">
     <span class='ocr_line' id='line_1_69' title="bbox 2325 955 3853 1029; baseline 0.001 -17"><span class='ocrx_word' id='word_1_578' title='bbox 2325 959 2426 1013; x_wconf 91' lang='lat' dir='ltr'><strong>nisi</strong></span> <span class='ocrx_word' id='word_1_579' title='bbox 2466 967 2522 1013; x_wconf 92' lang='lat' dir='ltr'><strong>ut</strong></span> <span class='ocrx_word' id='word_1_580' title='bbox 2560 959 2806 1013; x_wconf 88' lang='lat' dir='ltr'><strong>mandata</strong></span> <span class='ocrx_word' id='word_1_581' title='bbox 2840 974 2959 1029; x_wconf 68' lang='lat' dir='ltr'><strong>quae</strong></span> <span class='ocrx_word' id='word_1_582' title='bbox 2987 955 3312 1026; x_wconf 90' lang='lat' dir='ltr'><strong>concupivit,</strong></span> <span class='ocrx_word' id='word_1_583' title='bbox 3340 971 3434 1026; x_wconf 88' lang='lat' dir='ltr'><strong>per</strong></span> <span class='ocrx_word' id='word_1_584' title='bbox 3461 956 3574 1025; x_wconf 88' lang='lat' dir='ltr'><strong>ejus</strong></span> <span class='ocrx_word' id='word_1_585' title='bbox 3596 957 3853 1014; x_wconf 87' lang='lat' dir='ltr'><strong>misericor-</strong></span> 
     </span>
    </p>
   </div>
   <div class='ocr_carea' id='block_1_70' title="bbox 2324 1047 3853 1121">
    <p class='ocr_par' dir='ltr' id='par_1_70' title="bbox 2324 1047 3853 1121">
     <span class='ocr_line' id='line_1_70' title="bbox 2324 1047 3853 1121; baseline 0.003 -17"><span class='ocrx_word' id='word_1_586' title='bbox 2324 1050 2463 1105; x_wconf 91' lang='lat' dir='ltr'><strong>diam</strong></span> <span class='ocrx_word' id='word_1_587' title='bbox 2493 1051 2717 1117; x_wconf 73' lang='lat' dir='ltr'><strong>faciat‘,</strong></span> <span class='ocrx_word' id='word_1_588' title='bbox 2747 1052 2836 1121; x_wconf 92' lang='lat' dir='ltr'><strong>qui</strong></span> <span class='ocrx_word' id='word_1_589' title='bbox 2866 1050 3173 1106; x_wconf 83' lang='lat' dir='ltr'><strong>mandavit?</strong></span> <span class='ocrx_word' id='word_1_590' title='bbox 3218 1047 3455 1119; x_wconf 79' lang='lat' dir='ltr'><strong>Exponit</strong></span> <span class='ocrx_word' id='word_1_591' title='bbox 3482 1050 3615 1104; x_wconf 90' lang='lat' dir='ltr'><strong>enim</strong></span> <span class='ocrx_word' id='word_1_592' title='bbox 3643 1052 3853 1120; x_wconf 80' lang='lat' dir='ltr'><strong>quodam-</strong></span> 
     </span>
    </p>
   </div>
   <div class='ocr_carea' id='block_1_71' title="bbox 2324 1142 3855 1213">
    <p class='ocr_par' dir='ltr' id='par_1_71' title="bbox 2324 1142 3855 1213">
     <span class='ocr_line' id='line_1_71' title="bbox 2324 1142 3855 1213; baseline 0.001 -16"><span class='ocrx_word' id='word_1_593' title='bbox 2324 1142 2483 1197; x_wconf 89' lang='lat' dir='ltr'><strong>modo</strong></span> <span class='ocrx_word' id='word_1_594' title='bbox 2514 1142 2641 1213; x_wconf 92' lang='lat' dir='ltr'><strong>quid</strong></span> <span class='ocrx_word' id='word_1_595' title='bbox 2668 1142 2895 1208; x_wconf 86' lang='lat' dir='ltr'><strong>dixerit,</strong></span> <span class='ocrx_word' id='word_1_596' title='bbox 2943 1142 3011 1197; x_wconf 87' lang='lat' dir='ltr'><strong>In</strong></span> <span class='ocrx_word' id='word_1_597' title='bbox 3055 1152 3142 1197; x_wconf 90' lang='lat' dir='ltr'><strong>tua</strong></span> <span class='ocrx_word' id='word_1_598' title='bbox 3177 1142 3378 1213; x_wconf 71' lang='lat' dir='ltr'><strong>iustitia</strong></span> <span class='ocrx_word' id='word_1_599' title='bbox 3420 1142 3608 1211; x_wconf 86' lang='lat' dir='ltr'><strong>viviﬁca</strong></span> <span class='ocrx_word' id='word_1_600' title='bbox 3634 1159 3855 1207; x_wconf 86' lang='lat' dir='ltr'><strong>me;cum</strong></span> 
     </span>
    </p>
   </div>
   <div class='ocr_carea' id='block_1_72' title="bbox 2324 1233 3854 1307">
    <p class='ocr_par' dir='ltr' id='par_1_72' title="bbox 2324 1233 3854 1307">
     <span class='ocr_line' id='line_1_72' title="bbox 2324 1233 3854 1307; baseline -0.001 -16"><span class='ocrx_word' id='word_1_601' title='bbox 2324 1236 2614 1306; x_wconf 85' lang='lat' dir='ltr'><strong>subjungit,</strong></span> <span class='ocrx_word' id='word_1_602' title='bbox 2636 1236 2698 1289; x_wconf 85' lang='lat' dir='ltr'><strong>Et</strong></span> <span class='ocrx_word' id='word_1_603' title='bbox 2723 1238 2885 1291; x_wconf 86' lang='lat' dir='ltr'><strong>veniat</strong></span> <span class='ocrx_word' id='word_1_604' title='bbox 2908 1252 3059 1307; x_wconf 86' lang='lat' dir='ltr'><strong>super</strong></span> <span class='ocrx_word' id='word_1_605' title='bbox 3079 1253 3157 1290; x_wconf 93' lang='lat' dir='ltr'><strong>me</strong></span> <span class='ocrx_word' id='word_1_606' title='bbox 3175 1236 3517 1289; x_wconf 88' lang='lat' dir='ltr'><strong>misericordia</strong></span> <span class='ocrx_word' id='word_1_607' title='bbox 3539 1245 3637 1299; x_wconf 90' lang='lat' dir='ltr'><strong>tua,</strong></span> <span class='ocrx_word' id='word_1_608' title='bbox 3661 1233 3854 1303; x_wconf 83' lang='lat' dir='ltr'><strong>Domine,</strong></span> 
     </span>
    </p>
   </div>
   <div class='ocr_carea' id='block_1_73' title="bbox 2324 1328 3857 1401">
    <p class='ocr_par' dir='ltr' id='par_1_73' title="bbox 2324 1328 3857 1401">
     <span class='ocr_line' id='line_1_73' title="bbox 2324 1328 3857 1401; baseline 0.001 -17"><span class='ocrx_word' id='word_1_609' title='bbox 2324 1331 2546 1385; x_wconf 90' lang='lat' dir='ltr'><strong>salutare</strong></span> <span class='ocrx_word' id='word_1_610' title='bbox 2590 1340 2731 1384; x_wconf 88' lang='lat' dir='ltr'><strong>tuum</strong></span> <span class='ocrx_word' id='word_1_611' title='bbox 2775 1330 3048 1383; x_wconf 82' lang='lat' dir='ltr'><strong>secundant</strong></span> <span class='ocrx_word' id='word_1_612' title='bbox 3086 1329 3340 1401; x_wconf 87' lang='lat' dir='ltr'><strong>eloquium</strong></span> <span class='ocrx_word' id='word_1_613' title='bbox 3379 1338 3515 1383; x_wconf 89' lang='lat' dir='ltr'><strong>tuum</strong></span> <span class='ocrx_word' id='word_1_614' title='bbox 3545 1344 3561 1382; x_wconf 90' lang='lat'><strong><em>:</em></strong></span> <span class='ocrx_word' id='word_1_615' title='bbox 3589 1328 3680 1384; x_wconf 86' lang='lat' dir='ltr'><strong>hoc</strong></span> <span class='ocrx_word' id='word_1_616' title='bbox 3700 1338 3857 1386; x_wconf 85' lang='lat' dir='ltr'><strong>estse-</strong></span> 
     </span>
    </p>
   </div>
   <div class='ocr_carea' id='block_1_74' title="bbox 2324 1421 3860 1493">
    <p class='ocr_par' dir='ltr' id='par_1_74' title="bbox 2324 1421 3860 1493">
     <span class='ocr_line' id='line_1_74' title="bbox 2324 1421 3860 1493; baseline 0.002 -17"><span class='ocrx_word' id='word_1_617' title='bbox 2324 1421 2554 1477; x_wconf 91' lang='lat' dir='ltr'><strong>cundum</strong></span> <span class='ocrx_word' id='word_1_618' title='bbox 2584 1422 2992 1493; x_wconf 80' lang='lat' dir='ltr'><strong>promiSsionem</strong></span> <span class='ocrx_word' id='word_1_619' title='bbox 3028 1431 3192 1477; x_wconf 89' lang='lat' dir='ltr'><strong>tuam.</strong></span> <span class='ocrx_word' id='word_1_620' title='bbox 3243 1421 3397 1477; x_wconf 87' lang='lat' dir='ltr'><strong>Unde</strong></span> <span class='ocrx_word' id='word_1_621' title='bbox 3423 1436 3518 1476; x_wconf 89' lang='lat' dir='ltr'><strong>nos</strong></span> <span class='ocrx_word' id='word_1_622' title='bbox 3546 1422 3649 1477; x_wconf 89' lang='lat' dir='ltr'><strong>vult</strong></span> <span class='ocrx_word' id='word_1_623' title='bbox 3673 1424 3860 1493; x_wconf 85' lang='lat' dir='ltr'><strong>Aposto-</strong></span> 
     </span>
    </p>
   </div>
   <div class='ocr_carea' id='block_1_75' title="bbox 2324 1513 3858 1586">
    <p class='ocr_par' dir='ltr' id='par_1_75' title="bbox 2324 1513 3858 1586">
     <span class='ocr_line' id='line_1_75' title="bbox 2324 1513 3858 1586; baseline 0.002 -17"><span class='ocrx_word' id='word_1_624' title='bbox 2324 1515 2409 1569; x_wconf 89' lang='lat' dir='ltr'><strong>lus</strong></span> <span class='ocrx_word' id='word_1_625' title='bbox 2454 1514 2591 1571; x_wconf 90' lang='lat' dir='ltr'><strong>lilios</strong></span> <span class='ocrx_word' id='word_1_626' title='bbox 2641 1515 3008 1586; x_wconf 89' lang='lat' dir='ltr'><strong>promissionis</strong></span> <span class='ocrx_word' id='word_1_627' title='bbox 3058 1515 3280 1586; x_wconf 75' lang='lat' dir='ltr'><strong>intelligi</strong></span> <span class='ocrx_word' id='word_1_628' title='bbox 3322 1514 3508 1584; x_wconf 87' lang='lat' dir='ltr'><strong>(Rom.</strong></span> <span class='ocrx_word' id='word_1_629' title='bbox 3551 1530 3630 1580; x_wconf 82' lang='lat' dir='ltr'><strong>ix,</strong></span> <span class='ocrx_word' id='word_1_630' title='bbox 3667 1513 3756 1586; x_wconf 88' lang='lat'><strong>8);</strong></span> <span class='ocrx_word' id='word_1_631' title='bbox 3805 1532 3858 1573; x_wconf 89' lang='lat' dir='ltr'><strong>ne</strong></span> 
     </span>
    </p>
   </div>
   <div class='ocr_carea' id='block_1_76' title="bbox 2325 1604 3859 1676">
    <p class='ocr_par' dir='ltr' id='par_1_76' title="bbox 2325 1604 3859 1676">
     <span class='ocr_line' id='line_1_76' title="bbox 2325 1604 3859 1676; baseline 0.003 -18"><span class='ocrx_word' id='word_1_632' title='bbox 2325 1606 2644 1661; x_wconf 89' lang='lat' dir='ltr'><strong>arbitremur</strong></span> <span class='ocrx_word' id='word_1_633' title='bbox 2706 1617 2944 1661; x_wconf 91' lang='lat' dir='ltr'><strong>nostrum</strong></span> <span class='ocrx_word' id='word_1_634' title='bbox 3011 1621 3129 1661; x_wconf 91' lang='lat' dir='ltr'><strong>esse</strong></span> <span class='ocrx_word' id='word_1_635' title='bbox 3196 1604 3341 1676; x_wconf 89' lang='lat' dir='ltr'><strong>quod</strong></span> <span class='ocrx_word' id='word_1_636' title='bbox 3401 1620 3619 1670; x_wconf 90' lang='lat' dir='ltr'><strong>sumus,</strong></span> <span class='ocrx_word' id='word_1_637' title='bbox 3668 1606 3749 1660; x_wconf 89' lang='lat' dir='ltr'><strong>sed</strong></span> <span class='ocrx_word' id='word_1_638' title='bbox 3791 1616 3859 1662; x_wconf 82' lang='lat' dir='ltr'><strong>to-</strong></span> 
     </span>
    </p>
   </div>
   <div class='ocr_carea' id='block_1_77' title="bbox 2325 1696 3859 1769">
    <p class='ocr_par' dir='ltr' id='par_1_77' title="bbox 2325 1696 3859 1769">
     <span class='ocr_line' id='line_1_77' title="bbox 2325 1696 3859 1769; baseline 0.001 -18"><span class='ocrx_word' id='word_1_639' title='bbox 2325 1707 2436 1753; x_wconf 90' lang='lat' dir='ltr'><strong>tum</strong></span> <span class='ocrx_word' id='word_1_640' title='bbox 2485 1698 2577 1753; x_wconf 90' lang='lat' dir='ltr'><strong>Dei</strong></span> <span class='ocrx_word' id='word_1_641' title='bbox 2623 1698 2809 1769; x_wconf 73' lang='lat' dir='ltr'><strong>gratia:</strong></span> <span class='ocrx_word' id='word_1_642' title='bbox 2847 1699 3218 1754; x_wconf 90' lang='lat' dir='ltr'><strong>retribuamus.</strong></span> <span class='ocrx_word' id='word_1_643' title='bbox 3269 1696 3463 1751; x_wconf 85' lang='lat' dir='ltr'><strong>Factus</strong></span> <span class='ocrx_word' id='word_1_644' title='bbox 3500 1707 3567 1752; x_wconf 87' lang='lat' dir='ltr'><strong>est</strong></span> <span class='ocrx_word' id='word_1_645' title='bbox 3595 1698 3722 1753; x_wconf 91' lang='lat' dir='ltr'><strong>enim</strong></span> <span class='ocrx_word' id='word_1_646' title='bbox 3746 1698 3859 1752; x_wconf 83' lang='lat' dir='ltr'><strong>nobis</strong></span> 
     </span>
    </p>
   </div>
   <div class='ocr_carea' id='block_1_78' title="bbox 2324 1790 3860 1865">
    <p class='ocr_par' dir='ltr' id='par_1_78' title="bbox 2324 1790 3860 1865">
     <span class='ocr_line' id='line_1_78' title="bbox 2324 1790 3860 1865; baseline -0.001 -18"><span class='ocrx_word' id='word_1_647' title='bbox 2324 1790 2568 1847; x_wconf 88' lang='lat' dir='ltr'><strong>Christus</strong></span> <span class='ocrx_word' id='word_1_648' title='bbox 2592 1793 2839 1863; x_wconf 88' lang='lat' dir='ltr'><strong>sapientia</strong></span> <span class='ocrx_word' id='word_1_649' title='bbox 2867 1808 2899 1845; x_wconf 91' lang='lat' dir='ltr'><strong>a</strong></span> <span class='ocrx_word' id='word_1_650' title='bbox 2925 1792 3054 1857; x_wconf 86' lang='lat' dir='ltr'><strong>Deo,</strong></span> <span class='ocrx_word' id='word_1_651' title='bbox 3078 1801 3124 1845; x_wconf 93' lang='lat' dir='ltr'><strong>et</strong></span> <span class='ocrx_word' id='word_1_652' title='bbox 3142 1792 3377 1861; x_wconf 85' lang='lat' dir='ltr'><strong>justitia,</strong></span> <span class='ocrx_word' id='word_1_653' title='bbox 3411 1800 3455 1845; x_wconf 89' lang='lat' dir='ltr'><strong>et</strong></span> <span class='ocrx_word' id='word_1_654' title='bbox 3483 1790 3799 1865; x_wconf 77' lang='lat' dir='ltr'><strong>sanctiﬁcatio,</strong></span> <span class='ocrx_word' id='word_1_655' title='bbox 3824 1802 3860 1845; x_wconf 92' lang='lat' dir='ltr'><strong>et</strong></span> 
     </span>
    </p>
   </div>
   <div class='ocr_carea' id='block_1_79' title="bbox 2323 1883 3860 1957">
    <p class='ocr_par' dir='ltr' id='par_1_79' title="bbox 2323 1883 3860 1957">
     <span class='ocr_line' id='line_1_79' title="bbox 2323 1883 3860 1957; baseline -0.001 -18"><span class='ocrx_word' id='word_1_656' title='bbox 2323 1887 2631 1955; x_wconf 87' lang='lat' dir='ltr'><strong>redemptio;</strong></span> <span class='ocrx_word' id='word_1_657' title='bbox 2656 1895 2729 1953; x_wconf 88' lang='lat' dir='ltr'><strong>ut,</strong></span> <span class='ocrx_word' id='word_1_658' title='bbox 2760 1885 3183 1957; x_wconf 80' lang='lat' dir='ltr'><strong>quemadmodum</strong></span> <span class='ocrx_word' id='word_1_659' title='bbox 3210 1885 3454 1954; x_wconf 88' lang='lat' dir='ltr'><strong>scriptum</strong></span> <span class='ocrx_word' id='word_1_660' title='bbox 3482 1892 3571 1949; x_wconf 87' lang='lat' dir='ltr'><strong>est,</strong></span> <span class='ocrx_word' id='word_1_661' title='bbox 3597 1883 3689 1948; x_wconf 83' lang='lat' dir='ltr'><strong>Qui</strong></span> <span class='ocrx_word' id='word_1_662' title='bbox 3708 1883 3860 1954; x_wconf 83' lang='lat' dir='ltr'><strong>gloria-</strong></span> 
     </span>
    </p>
   </div>
   <div class='ocr_carea' id='block_1_80' title="bbox 2326 1974 3860 2047">
    <p class='ocr_par' dir='ltr' id='par_1_80' title="bbox 2326 1974 3860 2047">
     <span class='ocr_line' id='line_1_80' title="bbox 2326 1974 3860 2047; baseline -0.001 -17"><span class='ocrx_word' id='word_1_663' title='bbox 2326 1986 2425 2042; x_wconf 90' lang='lat' dir='ltr'><strong>tur,</strong></span> <span class='ocrx_word' id='word_1_664' title='bbox 2458 1979 2510 2031; x_wconf 89' lang='lat' dir='ltr'><strong>in</strong></span> <span class='ocrx_word' id='word_1_665' title='bbox 2527 1975 2745 2031; x_wconf 90' lang='lat' dir='ltr'><strong>Domino</strong></span> <span class='ocrx_word' id='word_1_666' title='bbox 2769 1976 3011 2047; x_wconf 87' lang='lat' dir='ltr'><strong>glorietur</strong></span> <span class='ocrx_word' id='word_1_667' title='bbox 3028 1975 3068 2046; x_wconf 93' lang='lat' dir='ltr'><strong>(l</strong></span> <span class='ocrx_word' id='word_1_668' title='bbox 3093 1975 3210 2030; x_wconf 81' lang='lat' dir='ltr'><strong>Cor.</strong></span> <span class='ocrx_word' id='word_1_669' title='bbox 3239 1981 3278 2041; x_wconf 83' lang='lat' dir='ltr'><strong>i,</strong></span> <span class='ocrx_word' id='word_1_670' title='bbox 3306 1975 3374 2030; x_wconf 79' lang='grc'><strong>50</strong></span> <span class='ocrx_word' id='word_1_671' title='bbox 3396 1984 3441 2028; x_wconf 82' lang='grc' dir='ltr'><strong>ει</strong></span> <span class='ocrx_word' id='word_1_672' title='bbox 3464 1974 3572 2045; x_wconf 77' lang='grc'><strong>51).</strong></span> <span class='ocrx_word' id='word_1_673' title='bbox 3601 1974 3738 2042; x_wconf 90' lang='lat' dir='ltr'><strong>Quod</strong></span> <span class='ocrx_word' id='word_1_674' title='bbox 3761 1989 3860 2044; x_wconf 81' lang='lat' dir='ltr'><strong>ergo</strong></span> 
     </span>
    </p>
   </div>
   <div class='ocr_carea' id='block_1_81' title="bbox 2326 2067 3857 2140">
    <p class='ocr_par' dir='ltr' id='par_1_81' title="bbox 2326 2067 3857 2140">
     <span class='ocr_line' id='line_1_81' title="bbox 2326 2067 3857 2140; baseline -0.002 -17"><span class='ocrx_word' id='word_1_675' title='bbox 2326 2070 2419 2134; x_wconf 86' lang='lat' dir='ltr'><strong>ait,</strong></span> <span class='ocrx_word' id='word_1_676' title='bbox 2449 2067 2514 2123; x_wconf 89' lang='lat' dir='ltr'><strong>In</strong></span> <span class='ocrx_word' id='word_1_677' title='bbox 2548 2080 2639 2122; x_wconf 91' lang='lat' dir='ltr'><strong>tua</strong></span> <span class='ocrx_word' id='word_1_678' title='bbox 2655 2070 2859 2140; x_wconf 86' lang='lat' dir='ltr'><strong>justitia</strong></span> <span class='ocrx_word' id='word_1_679' title='bbox 2888 2069 3083 2137; x_wconf 86' lang='lat' dir='ltr'><strong>vivi/ica</strong></span> <span class='ocrx_word' id='word_1_680' title='bbox 3110 2085 3217 2132; x_wconf 86' lang='lat' dir='ltr'><strong>me;</strong></span> <span class='ocrx_word' id='word_1_681' title='bbox 3253 2068 3304 2122; x_wconf 88' lang='lat' dir='ltr'><strong>in</strong></span> <span class='ocrx_word' id='word_1_682' title='bbox 3331 2067 3541 2122; x_wconf 84' lang='lat' dir='ltr'><strong>Christo</strong></span> <span class='ocrx_word' id='word_1_683' title='bbox 3569 2067 3730 2137; x_wconf 88' lang='lat' dir='ltr'><strong>utique</strong></span> <span class='ocrx_word' id='word_1_684' title='bbox 3753 2067 3857 2121; x_wconf 76' lang='lat' dir='ltr'><strong>viri-</strong></span> 
     </span>
    </p>
   </div>
   <div class='ocr_carea' id='block_1_82' title="bbox 2327 2160 3859 2231">
    <p class='ocr_par' dir='ltr' id='par_1_82' title="bbox 2327 2160 3859 2231">
     <span class='ocr_line' id='line_1_82' title="bbox 2327 2160 3859 2231; baseline -0.001 -15"><span class='ocrx_word' id='word_1_685' title='bbox 2327 2161 2472 2216; x_wconf 86' lang='lat' dir='ltr'><strong>licari</strong></span> <span class='ocrx_word' id='word_1_686' title='bbox 2499 2161 2665 2231; x_wconf 91' lang='lat' dir='ltr'><strong>cupit,</strong></span> <span class='ocrx_word' id='word_1_687' title='bbox 2694 2170 2749 2216; x_wconf 90' lang='lat' dir='ltr'><strong>et</strong></span> <span class='ocrx_word' id='word_1_688' title='bbox 2788 2162 2899 2230; x_wconf 92' lang='lat' dir='ltr'><strong>ipsa</strong></span> <span class='ocrx_word' id='word_1_689' title='bbox 2940 2168 3022 2215; x_wconf 87' lang='lat' dir='ltr'><strong>est</strong></span> <span class='ocrx_word' id='word_1_690' title='bbox 3057 2160 3425 2216; x_wconf 86' lang='lat' dir='ltr'><strong>misericordia</strong></span> <span class='ocrx_word' id='word_1_691' title='bbox 3464 2174 3615 2230; x_wconf 89' lang='lat' dir='ltr'><strong>quam</strong></span> <span class='ocrx_word' id='word_1_692' title='bbox 3653 2174 3790 2229; x_wconf 83' lang='lat' dir='ltr'><strong>super</strong></span> <span class='ocrx_word' id='word_1_693' title='bbox 3816 2174 3859 2215; x_wconf 76' lang='lat' dir='ltr'><strong>se</strong></span> 
     </span>
    </p>
   </div>
   <div class='ocr_carea' id='block_1_83' title="bbox 2327 2250 3858 2325">
    <p class='ocr_par' dir='ltr' id='par_1_83' title="bbox 2327 2250 3858 2325">
     <span class='ocr_line' id='line_1_83' title="bbox 2327 2250 3858 2325; baseline -0.003 -17"><span class='ocrx_word' id='word_1_694' title='bbox 2327 2255 2497 2325; x_wconf 89' lang='lat' dir='ltr'><strong>poscit</strong></span> <span class='ocrx_word' id='word_1_695' title='bbox 2523 2254 2723 2309; x_wconf 84' lang='lat' dir='ltr'><strong>venire.</strong></span> <span class='ocrx_word' id='word_1_696' title='bbox 2778 2254 2894 2324; x_wconf 90' lang='lat' dir='ltr'><strong>Ipse</strong></span> <span class='ocrx_word' id='word_1_697' title='bbox 2929 2252 3173 2308; x_wconf 90' lang='lat' dir='ltr'><strong>Christus</strong></span> <span class='ocrx_word' id='word_1_698' title='bbox 3200 2262 3286 2308; x_wconf 90' lang='lat' dir='ltr'><strong>est</strong></span> <span class='ocrx_word' id='word_1_699' title='bbox 3314 2262 3367 2307; x_wconf 91' lang='lat' dir='ltr'><strong>et</strong></span> <span class='ocrx_word' id='word_1_700' title='bbox 3394 2254 3607 2306; x_wconf 86' lang='lat' dir='ltr'><strong>salutare</strong></span> <span class='ocrx_word' id='word_1_701' title='bbox 3634 2250 3745 2315; x_wconf 88' lang='lat' dir='ltr'><strong>Dei;</strong></span> <span class='ocrx_word' id='word_1_702' title='bbox 3779 2266 3858 2317; x_wconf 91' lang='lat' dir='ltr'><strong>quo</strong></span> 
     </span>
    </p>
   </div>
   <div class='ocr_carea' id='block_1_84' title="bbox 2325 2341 3856 2415">
    <p class='ocr_par' dir='ltr' id='par_1_84' title="bbox 2325 2341 3856 2415">
     <span class='ocr_line' id='line_1_84' title="bbox 2325 2341 3856 2415; baseline -0.002 -17"><span class='ocrx_word' id='word_1_703' title='bbox 2325 2345 2491 2399; x_wconf 89' lang='lat' dir='ltr'><strong>verbo</strong></span> <span class='ocrx_word' id='word_1_704' title='bbox 2528 2347 2773 2414; x_wconf 86' lang='lat' dir='ltr'><strong>exposuit</strong></span> <span class='ocrx_word' id='word_1_705' title='bbox 2808 2361 2965 2415; x_wconf 89' lang='lat' dir='ltr'><strong>quam</strong></span> <span class='ocrx_word' id='word_1_706' title='bbox 2998 2343 3423 2400; x_wconf 89' lang='lat' dir='ltr'><strong>misericordiam</strong></span> <span class='ocrx_word' id='word_1_707' title='bbox 3451 2343 3641 2397; x_wconf 87' lang='lat' dir='ltr'><strong>diceret</strong></span> <span class='ocrx_word' id='word_1_708' title='bbox 3678 2341 3751 2395; x_wconf 90' lang='lat' dir='ltr'><strong>ubi</strong></span> <span class='ocrx_word' id='word_1_709' title='bbox 3786 2342 3856 2402; x_wconf 87' lang='lat' dir='ltr'><strong>ait,</strong></span> 
     </span>
    </p>
   </div>
   <div class='ocr_carea' id='block_1_85' title="bbox 2326 2434 3859 2509">
    <p class='ocr_par' dir='ltr' id='par_1_85' title="bbox 2326 2434 3859 2509">
     <span class='ocr_line' id='line_1_85' title="bbox 2326 2434 3859 2509; baseline -0.003 -18"><span class='ocrx_word' id='word_1_710' title='bbox 2326 2439 2396 2493; x_wconf 83' lang='lat' dir='ltr'><strong>Et</strong></span> <span class='ocrx_word' id='word_1_711' title='bbox 2422 2440 2583 2494; x_wconf 87' lang='lat' dir='ltr'><strong>veniat</strong></span> <span class='ocrx_word' id='word_1_712' title='bbox 2610 2456 2761 2509; x_wconf 87' lang='lat' dir='ltr'><strong>super</strong></span> <span class='ocrx_word' id='word_1_713' title='bbox 2785 2456 2863 2493; x_wconf 88' lang='lat' dir='ltr'><strong>me</strong></span> <span class='ocrx_word' id='word_1_714' title='bbox 2886 2438 3231 2492; x_wconf 86' lang='lat' dir='ltr'><strong>misericordia</strong></span> <span class='ocrx_word' id='word_1_715' title='bbox 3274 2448 3383 2504; x_wconf 93' lang='lat' dir='ltr'><strong>tua,</strong></span> <span class='ocrx_word' id='word_1_716' title='bbox 3426 2434 3650 2491; x_wconf 82' lang='lat' dir='ltr'><strong>Domine.</strong></span> <span class='ocrx_word' id='word_1_717' title='bbox 3688 2434 3735 2490; x_wconf 90' lang='lat' dir='ltr'><strong>Si</strong></span> <span class='ocrx_word' id='word_1_718' title='bbox 3760 2448 3859 2504; x_wconf 79' lang='lat' dir='ltr'><strong>ergo</strong></span> 
     </span>
    </p>
   </div>
   <div class='ocr_carea' id='block_1_86' title="bbox 2326 2524 3857 2603">
    <p class='ocr_par' dir='ltr' id='par_1_86' title="bbox 2326 2524 3857 2603">
     <span class='ocr_line' id='line_1_86' title="bbox 2326 2524 3857 2603; baseline -0.005 -17"><span class='ocrx_word' id='word_1_719' title='bbox 2326 2532 2615 2603; x_wconf 67' lang='lat' dir='ltr'><strong>quaerimus</strong></span> <span class='ocrx_word' id='word_1_720' title='bbox 2654 2547 2772 2601; x_wconf 82' lang='lat' dir='ltr'><strong>quae</strong></span> <span class='ocrx_word' id='word_1_721' title='bbox 2812 2531 2881 2585; x_wconf 90' lang='lat' dir='ltr'><strong>sit</strong></span> <span class='ocrx_word' id='word_1_722' title='bbox 2915 2531 3014 2585; x_wconf 82' lang='lat' dir='ltr'><strong>ista</strong></span> <span class='ocrx_word' id='word_1_723' title='bbox 3053 2529 3442 2595; x_wconf 87' lang='lat' dir='ltr'><strong>misericordia,</strong></span> <span class='ocrx_word' id='word_1_724' title='bbox 3474 2527 3727 2581; x_wconf 86' lang='lat' dir='ltr'><strong>audiamus</strong></span> <span class='ocrx_word' id='word_1_725' title='bbox 3748 2524 3857 2595; x_wconf 89' lang='lat' dir='ltr'><strong>quod</strong></span> 
     </span>
    </p>
   </div>
   <div class='ocr_carea' id='block_1_87' title="bbox 2326 2619 3856 2696">
    <p class='ocr_par' dir='ltr' id='par_1_87' title="bbox 2326 2619 3856 2696">
     <span class='ocr_line' id='line_1_87' title="bbox 2326 2619 3856 2696; baseline -0.006 -15"><span class='ocrx_word' id='word_1_726' title='bbox 2326 2626 2564 2696; x_wconf 87' lang='lat' dir='ltr'><strong>sequitur</strong></span> <span class='ocrx_word' id='word_1_727' title='bbox 2598 2645 2610 2679; x_wconf 94' lang='lat'>:</span> <span class='ocrx_word' id='word_1_728' title='bbox 2642 2624 2883 2681; x_wconf 89' lang='lat' dir='ltr'><strong>Salutare</strong></span> <span class='ocrx_word' id='word_1_729' title='bbox 2911 2634 3050 2679; x_wconf 89' lang='lat' dir='ltr'><strong>tuum</strong></span> <span class='ocrx_word' id='word_1_730' title='bbox 3074 2625 3353 2680; x_wconf 86' lang='lat' dir='ltr'><strong>secundum</strong></span> <span class='ocrx_word' id='word_1_731' title='bbox 3374 2624 3613 2695; x_wconf 87' lang='lat' dir='ltr'><strong>eloquium</strong></span> <span class='ocrx_word' id='word_1_732' title='bbox 3632 2632 3767 2675; x_wconf 87' lang='lat' dir='ltr'><strong>tuum.</strong></span> <span class='ocrx_word' id='word_1_733' title='bbox 3793 2619 3856 2677; x_wconf 79' lang='lat' dir='ltr'><strong>Ab</strong></span> 
     </span>
    </p>
   </div>
   <div class='ocr_carea' id='block_1_88' title="bbox 2326 2715 3857 2787">
    <p class='ocr_par' dir='ltr' id='par_1_88' title="bbox 2326 2715 3857 2787">
     <span class='ocr_line' id='line_1_88' title="bbox 2326 2715 3857 2787; baseline -0.007 -15"><span class='ocrx_word' id='word_1_734' title='bbox 2326 2732 2391 2772; x_wconf 89' lang='lat' dir='ltr'><strong>eo</strong></span> <span class='ocrx_word' id='word_1_735' title='bbox 2419 2717 2615 2787; x_wconf 91' lang='lat' dir='ltr'><strong>quippe</strong></span> <span class='ocrx_word' id='word_1_736' title='bbox 2655 2716 2754 2771; x_wconf 87' lang='lat' dir='ltr'><strong>hoc</strong></span> <span class='ocrx_word' id='word_1_737' title='bbox 2792 2716 3112 2787; x_wconf 88' lang='lat' dir='ltr'><strong>promissum</strong></span> <span class='ocrx_word' id='word_1_738' title='bbox 3142 2725 3248 2783; x_wconf 90' lang='lat' dir='ltr'><strong>est,</strong></span> <span class='ocrx_word' id='word_1_739' title='bbox 3282 2715 3371 2786; x_wconf 88' lang='lat' dir='ltr'><strong>qui</strong></span> <span class='ocrx_word' id='word_1_740' title='bbox 3402 2719 3540 2768; x_wconf 92' lang='lat' dir='ltr'><strong>vocat</strong></span> <span class='ocrx_word' id='word_1_741' title='bbox 3580 2727 3633 2765; x_wconf 88' lang='lat' dir='ltr'><strong>ea</strong></span> <span class='ocrx_word' id='word_1_742' title='bbox 3666 2726 3762 2781; x_wconf 72' lang='lat' dir='ltr'><strong>qua:</strong></span> <span class='ocrx_word' id='word_1_743' title='bbox 3780 2725 3857 2762; x_wconf 84' lang='lat' dir='ltr'><strong>non</strong></span> 
     </span>
    </p>
   </div>
   <div class='ocr_carea' id='block_1_89' title="bbox 2325 2804 3857 2881">
    <p class='ocr_par' dir='ltr' id='par_1_89' title="bbox 2325 2804 3857 2881">
     <span class='ocr_line' id='line_1_89' title="bbox 2325 2804 3857 2881; baseline -0.006 -17"><span class='ocrx_word' id='word_1_744' title='bbox 2325 2819 2461 2873; x_wconf 85' lang='lat' dir='ltr'><strong>sunt,</strong></span> <span class='ocrx_word' id='word_1_745' title='bbox 2488 2818 2726 2879; x_wconf 87' lang='lat' dir='ltr'><strong>tanquam</strong></span> <span class='ocrx_word' id='word_1_746' title='bbox 2749 2810 2848 2865; x_wconf 84' lang='lat' dir='ltr'><strong>sint</strong></span> <span class='ocrx_word' id='word_1_747' title='bbox 2872 2807 3046 2881; x_wconf 86' lang='lat' dir='ltr'><strong>(Rom.</strong></span> <span class='ocrx_word' id='word_1_748' title='bbox 3078 2825 3151 2871; x_wconf 81' lang='lat' dir='ltr'><strong>tv,</strong></span> <span class='ocrx_word' id='word_1_749' title='bbox 3183 2808 3302 2878; x_wconf 85' lang='grc'><strong>17).</strong></span> <span class='ocrx_word' id='word_1_750' title='bbox 3329 2805 3567 2862; x_wconf 89' lang='lat' dir='ltr'><strong>Nondum</strong></span> <span class='ocrx_word' id='word_1_751' title='bbox 3594 2804 3718 2860; x_wconf 91' lang='lat' dir='ltr'><strong>enim</strong></span> <span class='ocrx_word' id='word_1_752' title='bbox 3739 2812 3857 2857; x_wconf 83' lang='lat' dir='ltr'><strong>erant</strong></span> 
     </span>
    </p>
   </div>
   <div class='ocr_carea' id='block_1_90' title="bbox 2326 2893 3855 2973">
    <p class='ocr_par' dir='ltr' id='par_1_90' title="bbox 2326 2893 3855 2973">
     <span class='ocr_line' id='line_1_90' title="bbox 2326 2893 3855 2973; baseline -0.006 -19"><span class='ocrx_word' id='word_1_753' title='bbox 2326 2901 2519 2970; x_wconf 90' lang='lat' dir='ltr'><strong>quibus</strong></span> <span class='ocrx_word' id='word_1_754' title='bbox 2538 2905 2964 2973; x_wconf 82' lang='lat' dir='ltr'><strong>promitteretur,</strong></span> <span class='ocrx_word' id='word_1_755' title='bbox 2990 2916 3059 2956; x_wconf 90' lang='lat' dir='ltr'><strong>ne</strong></span> <span class='ocrx_word' id='word_1_756' title='bbox 3087 2899 3373 2971; x_wconf 91' lang='lat' dir='ltr'><strong>quisquam</strong></span> <span class='ocrx_word' id='word_1_757' title='bbox 3394 2897 3459 2953; x_wconf 92' lang='lat' dir='ltr'><strong>de</strong></span> <span class='ocrx_word' id='word_1_758' title='bbox 3487 2896 3675 2951; x_wconf 91' lang='lat' dir='ltr'><strong>meritis</strong></span> <span class='ocrx_word' id='word_1_759' title='bbox 3700 2893 3855 2965; x_wconf 86' lang='lat' dir='ltr'><strong>gloria-</strong></span> 
     </span>
    </p>
   </div>
   <div class='ocr_carea' id='block_1_91' title="bbox 2327 2982 3855 3063">
    <p class='ocr_par' dir='ltr' id='par_1_91' title="bbox 2327 2982 3855 3063">
     <span class='ocr_line' id='line_1_91' title="bbox 2327 2982 3855 3063; baseline -0.009 -16"><span class='ocrx_word' id='word_1_760' title='bbox 2327 3001 2494 3048; x_wconf 89' lang='lat' dir='ltr'><strong>retur.</strong></span> <span class='ocrx_word' id='word_1_761' title='bbox 2539 2995 2601 3047; x_wconf 79' lang='lat' dir='ltr'><strong>Et</strong></span> <span class='ocrx_word' id='word_1_762' title='bbox 2640 2994 2831 3063; x_wconf 92' lang='lat' dir='ltr'><strong>quibus</strong></span> <span class='ocrx_word' id='word_1_763' title='bbox 2869 2993 3188 3062; x_wconf 90' lang='lat' dir='ltr'><strong>promissum</strong></span> <span class='ocrx_word' id='word_1_764' title='bbox 3220 3000 3327 3055; x_wconf 90' lang='lat' dir='ltr'><strong>est,</strong></span> <span class='ocrx_word' id='word_1_765' title='bbox 3358 2990 3515 3045; x_wconf 86' lang='lat' dir='ltr'><strong>etiam</strong></span> <span class='ocrx_word' id='word_1_766' title='bbox 3540 2986 3631 3059; x_wconf 85' lang='lat' dir='ltr'><strong>ipsi</strong></span> <span class='ocrx_word' id='word_1_767' title='bbox 3655 2982 3855 3055; x_wconf 88' lang='lat' dir='ltr'><strong>promissi</strong></span> 
     </span>
    </p>
   </div>
   <div class='ocr_carea' id='block_1_92' title="bbox 2326 3072 3856 3155">
    <p class='ocr_par' dir='ltr' id='par_1_92' title="bbox 2326 3072 3856 3155">
     <span class='ocr_line' id='line_1_92' title="bbox 2326 3072 3856 3155; baseline -0.008 -16"><span class='ocrx_word' id='word_1_768' title='bbox 2326 3093 2481 3151; x_wconf 86' lang='lat' dir='ltr'><strong>sunt;</strong></span> <span class='ocrx_word' id='word_1_769' title='bbox 2513 3096 2570 3139; x_wconf 91' lang='lat' dir='ltr'><strong>ut</strong></span> <span class='ocrx_word' id='word_1_770' title='bbox 2597 3095 2761 3139; x_wconf 89' lang='lat' dir='ltr'><strong>totum</strong></span> <span class='ocrx_word' id='word_1_771' title='bbox 2783 3101 2976 3155; x_wconf 91' lang='lat' dir='ltr'><strong>corpus</strong></span> <span class='ocrx_word' id='word_1_772' title='bbox 3005 3084 3203 3139; x_wconf 83' lang='lat' dir='ltr'><strong>Christi</strong></span> <span class='ocrx_word' id='word_1_773' title='bbox 3229 3082 3394 3148; x_wconf 89' lang='lat' dir='ltr'><strong>dicat,</strong></span> <span class='ocrx_word' id='word_1_774' title='bbox 3416 3080 3575 3153; x_wconf 82' lang='lat' dir='ltr'><strong>gratia</strong></span> <span class='ocrx_word' id='word_1_775' title='bbox 3597 3077 3684 3132; x_wconf 86' lang='lat' dir='ltr'><strong>Dei</strong></span> <span class='ocrx_word' id='word_1_776' title='bbox 3710 3072 3856 3130; x_wconf 80' lang='lat' dir='ltr'><strong>suntid</strong></span> 
     </span>
    </p>
   </div>
   <div class='ocr_carea' id='block_1_93' title="bbox 2326 3177 3064 3250">
    <p class='ocr_par' dir='ltr' id='par_1_93' title="bbox 2326 3177 3064 3250">
     <span class='ocr_line' id='line_1_93' title="bbox 2326 3177 3064 3250; baseline -0.004 -18"><span class='ocrx_word' id='word_1_777' title='bbox 2326 3178 2460 3249; x_wconf 88' lang='lat' dir='ltr'><strong>quod</strong></span> <span class='ocrx_word' id='word_1_778' title='bbox 2484 3196 2593 3233; x_wconf 87' lang='lat' dir='ltr'><strong>sum</strong></span> <span class='ocrx_word' id='word_1_779' title='bbox 2621 3180 2664 3250; x_wconf 92' lang='grc' dir='ltr'><strong>(Ι</strong></span> <span class='ocrx_word' id='word_1_780' title='bbox 2691 3177 2808 3233; x_wconf 90' lang='lat' dir='ltr'><strong>Cor.</strong></span> <span class='ocrx_word' id='word_1_781' title='bbox 2838 3195 2925 3244; x_wconf 83' lang='lat' dir='ltr'><strong>xv,</strong></span> <span class='ocrx_word' id='word_1_782' title='bbox 2954 3177 3064 3249; x_wconf 85' lang='grc'><strong>10).</strong></span> 
     </span>
    </p>
   </div>
   <div class='ocr_carea' id='block_1_94' title="bbox 2397 3257 3855 3343">
    <p class='ocr_par' dir='ltr' id='par_1_94' title="bbox 2397 3257 3855 3343">
     <span class='ocr_line' id='line_1_94' title="bbox 2397 3257 3855 3343; baseline -0.013 -16"><span class='ocrx_word' id='word_1_783' title='bbox 2397 3269 2452 3324; x_wconf 73' lang='grc'><strong>2.</strong></span> <span class='ocrx_word' id='word_1_784' title='bbox 2499 3270 2645 3343; x_wconf 75' lang='grc' dir='ltr'>[νει-ε.</span> <span class='ocrx_word' id='word_1_785' title='bbox 2676 3268 2789 3341; x_wconf 69' lang='grc'><strong>42.]</strong></span> <span class='ocrx_word' id='word_1_786' title='bbox 2832 3268 2896 3322; x_wconf 85' lang='lat' dir='ltr'><strong>Et</strong></span> <span class='ocrx_word' id='word_1_787' title='bbox 2921 3268 3255 3339; x_wconf 87' lang='lat' dir='ltr'><strong>respondebo,</strong></span> <span class='ocrx_word' id='word_1_788' title='bbox 3284 3266 3473 3337; x_wconf 90' lang='lat' dir='ltr'><strong>inquit,</strong></span> <span class='ocrx_word' id='word_1_789' title='bbox 3500 3257 3855 3334; x_wconf 72' lang='lat' dir='ltr'><strong>exprobrantibus</strong></span> 
     </span>
    </p>
   </div>
   <div class='ocr_carea' id='block_1_95' title="bbox 2330 3359 3853 3434">
    <p class='ocr_par' dir='ltr' id='par_1_95' title="bbox 2330 3359 3853 3434">
     <span class='ocr_line' id='line_1_95' title="bbox 2330 3359 3853 3434; baseline -0.006 -16"><span class='ocrx_word' id='word_1_790' title='bbox 2330 3365 2451 3418; x_wconf 82' lang='lat' dir='ltr'><strong>mihi</strong></span> <span class='ocrx_word' id='word_1_791' title='bbox 2477 3364 2698 3418; x_wconf 85' lang='lat' dir='ltr'><strong>verbum.</strong></span> <span class='ocrx_word' id='word_1_792' title='bbox 2736 3363 2944 3429; x_wconf 90' lang='lat' dir='ltr'><strong>Utrum,</strong></span> <span class='ocrx_word' id='word_1_793' title='bbox 2972 3363 3173 3418; x_wconf 87' lang='lat' dir='ltr'><strong>verbum</strong></span> <span class='ocrx_word' id='word_1_794' title='bbox 3202 3359 3645 3434; x_wconf 73' lang='lat' dir='ltr'><strong>exprobrantibus;</strong></span> <span class='ocrx_word' id='word_1_795' title='bbox 3671 3370 3747 3418; x_wconf 88' lang='lat' dir='ltr'><strong>an,</strong></span> <span class='ocrx_word' id='word_1_796' title='bbox 3767 3366 3853 3404; x_wconf 76' lang='lat' dir='ltr'><strong>ver-</strong></span> 
     </span>
    </p>
   </div>
   <div class='ocr_carea' id='block_1_96' title="bbox 2328 3450 3854 3528">
    <p class='ocr_par' dir='ltr' id='par_1_96' title="bbox 2328 3450 3854 3528">
     <span class='ocr_line' id='line_1_96' title="bbox 2328 3450 3854 3528; baseline -0.01 -17"><span class='ocrx_word' id='word_1_797' title='bbox 2328 3458 2443 3511; x_wconf 88' lang='lat' dir='ltr'><strong>bum</strong></span> <span class='ocrx_word' id='word_1_798' title='bbox 2466 3458 2795 3528; x_wconf 88' lang='lat' dir='ltr'><strong>respondebo,</strong></span> <span class='ocrx_word' id='word_1_799' title='bbox 2827 3456 3129 3527; x_wconf 80' lang='lat' dir='ltr'><strong>ambiguum</strong></span> <span class='ocrx_word' id='word_1_800' title='bbox 3160 3466 3243 3511; x_wconf 90' lang='lat' dir='ltr'><strong>est</strong></span> <span class='ocrx_word' id='word_1_801' title='bbox 3270 3475 3283 3510; x_wconf 92' lang='lat'>:</span> <span class='ocrx_word' id='word_1_802' title='bbox 3313 3455 3409 3511; x_wconf 86' lang='lat' dir='ltr'><strong>sed</strong></span> <span class='ocrx_word' id='word_1_803' title='bbox 3434 3450 3687 3524; x_wconf 88' lang='lat' dir='ltr'><strong>quodlibet</strong></span> <span class='ocrx_word' id='word_1_804' title='bbox 3707 3456 3854 3501; x_wconf 87' lang='lat' dir='ltr'><strong>eorum</strong></span> 
     </span>
    </p>
   </div>
   <div class='ocr_carea' id='block_1_97' title="bbox 2326 3533 3851 3619">
    <p class='ocr_par' dir='ltr' id='par_1_97' title="bbox 2326 3533 3851 3619">
     <span class='ocr_line' id='line_1_97' title="bbox 2326 3533 3851 3619; baseline -0.007 -14"><span class='ocrx_word' id='word_1_805' title='bbox 2326 3550 2593 3606; x_wconf 86' lang='lat' dir='ltr'><strong>Christum</strong></span> <span class='ocrx_word' id='word_1_806' title='bbox 2623 3551 2837 3604; x_wconf 80' lang='lat' dir='ltr'><strong>sonat’.</strong></span> <span class='ocrx_word' id='word_1_807' title='bbox 2866 3549 3044 3619; x_wconf 85' lang='lat' dir='ltr'><strong>Ipsum</strong></span> <span class='ocrx_word' id='word_1_808' title='bbox 3071 3549 3213 3603; x_wconf 89' lang='lat' dir='ltr'><strong>enim</strong></span> <span class='ocrx_word' id='word_1_809' title='bbox 3248 3547 3404 3603; x_wconf 91' lang='lat' dir='ltr'><strong>nobis</strong></span> <span class='ocrx_word' id='word_1_810' title='bbox 3427 3541 3740 3614; x_wconf 80' lang='lat' dir='ltr'><strong>exprobrant,</strong></span> <span class='ocrx_word' id='word_1_811' title='bbox 3762 3533 3851 3605; x_wconf 73' lang='lat' dir='ltr'><strong>qui-</strong></span> 
     </span>
    </p>
   </div>
   <div class='ocr_carea' id='block_1_98' title="bbox 2328 3625 3849 3707">
    <p class='ocr_par' dir='ltr' id='par_1_98' title="bbox 2328 3625 3849 3707">
     <span class='ocr_line' id='line_1_98' title="bbox 2328 3625 3849 3707; baseline -0.011 -11"><span class='ocrx_word' id='word_1_812' title='bbox 2328 3642 2427 3696; x_wconf 87' lang='lat' dir='ltr'><strong>bus</strong></span> <span class='ocrx_word' id='word_1_813' title='bbox 2456 3652 2537 3697; x_wconf 89' lang='lat' dir='ltr'><strong>est</strong></span> <span class='ocrx_word' id='word_1_814' title='bbox 2561 3642 2846 3697; x_wconf 80' lang='lat' dir='ltr'><strong>cruciﬁxus</strong></span> <span class='ocrx_word' id='word_1_815' title='bbox 2869 3642 2951 3695; x_wconf 88' lang='lat' dir='ltr'><strong>vel</strong></span> <span class='ocrx_word' id='word_1_816' title='bbox 2978 3640 3310 3707; x_wconf 84' lang='lat' dir='ltr'><strong>scandalum,</strong></span> <span class='ocrx_word' id='word_1_817' title='bbox 3340 3638 3419 3701; x_wconf 83' lang='lat' dir='ltr'><strong>vel</strong></span> <span class='ocrx_word' id='word_1_818' title='bbox 3446 3634 3655 3693; x_wconf 90' lang='lat' dir='ltr'><strong>stultitia</strong></span> <span class='ocrx_word' id='word_1_819' title='bbox 3674 3629 3691 3662; x_wconf 86' lang='grc'>³</span> <span class='ocrx_word' id='word_1_820' title='bbox 3710 3625 3797 3700; x_wconf 80' lang='lat' dir='ltr'><strong>(Id.</strong></span> <span class='ocrx_word' id='word_1_821' title='bbox 3820 3640 3849 3690; x_wconf 90' lang='grc' dir='ltr'><strong>ι,</strong></span> 
     </span>
    </p>
   </div>
   <div class='ocr_carea' id='block_1_99' title="bbox 2327 3721 3852 3803">
    <p class='ocr_par' dir='ltr' id='par_1_99' title="bbox 2327 3721 3852 3803">
     <span class='ocr_line' id='line_1_99' title="bbox 2327 3721 3852 3803; baseline -0.009 -16"><span class='ocrx_word' id='word_1_822' title='bbox 2327 3731 2422 3803; x_wconf 76' lang='grc'><strong>25)</strong></span> <span class='ocrx_word' id='word_1_823' title='bbox 2478 3751 2489 3785; x_wconf 89' lang='lat'><strong>:</strong></span> <span class='ocrx_word' id='word_1_824' title='bbox 2545 3732 2850 3802; x_wconf 87' lang='lat' dir='ltr'><strong>ignorantes</strong></span> <span class='ocrx_word' id='word_1_825' title='bbox 2891 3731 3013 3802; x_wconf 89' lang='lat' dir='ltr'><strong>quia</strong></span> <span class='ocrx_word' id='word_1_826' title='bbox 3058 3730 3292 3785; x_wconf 85' lang='lat' dir='ltr'><strong>Verbum</strong></span> <span class='ocrx_word' id='word_1_827' title='bbox 3337 3743 3462 3783; x_wconf 88' lang='lat' dir='ltr'><strong>caro</strong></span> <span class='ocrx_word' id='word_1_828' title='bbox 3504 3726 3679 3780; x_wconf 77' lang='lat' dir='ltr'><strong>factum</strong></span> <span class='ocrx_word' id='word_1_829' title='bbox 3705 3721 3852 3783; x_wconf 53' lang='lat' dir='ltr'><strong>est,“</strong></span> 
     </span>
    </p>
   </div>
   <div class='ocr_carea' id='block_1_100' title="bbox 2331 3814 3852 3893">
    <p class='ocr_par' dir='ltr' id='par_1_100' title="bbox 2331 3814 3852 3893">
     <span class='ocr_line' id='line_1_100' title="bbox 2331 3814 3852 3893; baseline -0.012 -16"><span class='ocrx_word' id='word_1_830' title='bbox 2331 3824 2585 3878; x_wconf 84' lang='lat' dir='ltr'><strong>habitavit</strong></span> <span class='ocrx_word' id='word_1_831' title='bbox 2610 3824 2664 3877; x_wconf 91' lang='lat' dir='ltr'><strong>in</strong></span> <span class='ocrx_word' id='word_1_832' title='bbox 2695 3824 2877 3888; x_wconf 90' lang='lat' dir='ltr'><strong>nobis;</strong></span> <span class='ocrx_word' id='word_1_833' title='bbox 2904 3822 3045 3893; x_wconf 90' lang='lat' dir='ltr'><strong>quod</strong></span> <span class='ocrx_word' id='word_1_834' title='bbox 3073 3821 3307 3877; x_wconf 82' lang='lat' dir='ltr'><strong>Verbum</strong></span> <span class='ocrx_word' id='word_1_835' title='bbox 3338 3822 3390 3875; x_wconf 93' lang='lat' dir='ltr'><strong>in</strong></span> <span class='ocrx_word' id='word_1_836' title='bbox 3418 3815 3661 3889; x_wconf 91' lang='lat' dir='ltr'><strong>principio</strong></span> <span class='ocrx_word' id='word_1_837' title='bbox 3679 3817 3790 3871; x_wconf 83' lang='lat' dir='ltr'><strong>erat,</strong></span> <span class='ocrx_word' id='word_1_838' title='bbox 3810 3814 3852 3860; x_wconf 87' lang='lat' dir='ltr'><strong>et</strong></span> 
     </span>
    </p>
   </div>
   <div class='ocr_carea' id='block_1_101' title="bbox 2328 3898 3850 3989">
    <p class='ocr_par' dir='ltr' id='par_1_101' title="bbox 2328 3898 3850 3989">
     <span class='ocr_line' id='line_1_101' title="bbox 2328 3898 3850 3989; baseline -0.004 -18"><span class='ocrx_word' id='word_1_839' title='bbox 2328 3918 2467 3987; x_wconf 87' lang='lat' dir='ltr'><strong>apud</strong></span> <span class='ocrx_word' id='word_1_840' title='bbox 2510 3918 2676 3972; x_wconf 89' lang='lat' dir='ltr'><strong>Deum</strong></span> <span class='ocrx_word' id='word_1_841' title='bbox 2702 3928 2837 3984; x_wconf 85' lang='lat' dir='ltr'><strong>erat,</strong></span> <span class='ocrx_word' id='word_1_842' title='bbox 2866 3927 2920 3971; x_wconf 90' lang='lat' dir='ltr'><strong>et</strong></span> <span class='ocrx_word' id='word_1_843' title='bbox 2952 3918 3088 3972; x_wconf 89' lang='lat' dir='ltr'><strong>Deus</strong></span> <span class='ocrx_word' id='word_1_844' title='bbox 3126 3928 3241 3971; x_wconf 88' lang='lat' dir='ltr'><strong>erat</strong></span> <span class='ocrx_word' id='word_1_845' title='bbox 3276 3916 3469 3989; x_wconf 83' lang='lat' dir='ltr'><strong>(Joan.</strong></span> <span class='ocrx_word' id='word_1_846' title='bbox 3500 3930 3535 3979; x_wconf 91' lang='grc' dir='ltr'><strong>ι,</strong></span> <span class='ocrx_word' id='word_1_847' title='bbox 3566 3905 3746 3977; x_wconf 80' lang='grc'><strong>14,1).</strong></span> <span class='ocrx_word' id='word_1_848' title='bbox 3770 3898 3850 3957; x_wconf 73' lang='lat' dir='ltr'><strong>Sed</strong></span> 
     </span>
    </p>
   </div>
   <div class='ocr_carea' id='block_1_102' title="bbox 2329 3992 3847 4081">
    <p class='ocr_par' dir='ltr' id='par_1_102' title="bbox 2329 3992 3847 4081">
     <span class='ocr_line' id='line_1_102' title="bbox 2329 3992 3847 4081; baseline -0.01 -14"><span class='ocrx_word' id='word_1_849' title='bbox 2329 4012 2429 4067; x_wconf 90' lang='lat' dir='ltr'><strong>etsi</strong></span> <span class='ocrx_word' id='word_1_850' title='bbox 2458 4028 2560 4066; x_wconf 92' lang='lat' dir='ltr'><strong>non</strong></span> <span class='ocrx_word' id='word_1_851' title='bbox 2594 4012 2689 4080; x_wconf 90' lang='lat' dir='ltr'><strong>ipsi</strong></span> <span class='ocrx_word' id='word_1_852' title='bbox 2718 4010 2950 4066; x_wconf 90' lang='lat' dir='ltr'><strong>Verbum</strong></span> <span class='ocrx_word' id='word_1_853' title='bbox 2979 4011 3304 4081; x_wconf 78' lang='lat' dir='ltr'><strong>exprobrent</strong></span> <span class='ocrx_word' id='word_1_854' title='bbox 3325 4007 3463 4080; x_wconf 89' lang='lat' dir='ltr'><strong>quod</strong></span> <span class='ocrx_word' id='word_1_855' title='bbox 3492 4018 3579 4061; x_wconf 91' lang='lat' dir='ltr'><strong>eos</strong></span> <span class='ocrx_word' id='word_1_856' title='bbox 3604 4002 3734 4061; x_wconf 89' lang='lat' dir='ltr'><strong>latet,</strong></span> <span class='ocrx_word' id='word_1_857' title='bbox 3755 3992 3847 4063; x_wconf 73' lang='lat' dir='ltr'><strong>quia</strong></span> 
     </span>
    </p>
   </div>
   <div class='ocr_carea' id='block_1_103' title="bbox 2328 4082 3849 4171">
    <p class='ocr_par' dir='ltr' id='par_1_103' title="bbox 2328 4082 3849 4171">
     <span class='ocr_line' id='line_1_103' title="bbox 2328 4082 3849 4171; baseline -0.004 -14"><span class='ocrx_word' id='word_1_858' title='bbox 2328 4101 2576 4157; x_wconf 88' lang='lat' dir='ltr'><strong>divinitas</strong></span> <span class='ocrx_word' id='word_1_859' title='bbox 2618 4102 2732 4171; x_wconf 90' lang='lat' dir='ltr'><strong>ejus</strong></span> <span class='ocrx_word' id='word_1_860' title='bbox 2777 4102 2844 4155; x_wconf 89' lang='lat' dir='ltr'><strong>ab</strong></span> <span class='ocrx_word' id='word_1_861' title='bbox 2890 4101 2967 4156; x_wconf 91' lang='lat' dir='ltr'><strong>eis</strong></span> <span class='ocrx_word' id='word_1_862' title='bbox 3006 4116 3109 4155; x_wconf 93' lang='lat' dir='ltr'><strong>non</strong></span> <span class='ocrx_word' id='word_1_863' title='bbox 3152 4100 3541 4171; x_wconf 87' lang='lat' dir='ltr'><strong>cognoscitura</strong></span> <span class='ocrx_word' id='word_1_864' title='bbox 3573 4091 3739 4164; x_wconf 87' lang='lat' dir='ltr'><strong>quibus</strong></span> <span class='ocrx_word' id='word_1_865' title='bbox 3761 4082 3849 4151; x_wconf 65' lang='lat' dir='ltr'><strong>el&#39;ls</strong></span> 
     </span>
    </p>
   </div>
   <div class='ocr_carea' id='block_1_104' title="bbox 2330 4165 3864 4258">
    <p class='ocr_par' dir='ltr' id='par_1_104' title="bbox 2330 4165 3864 4258">
     <span class='ocr_line' id='line_1_104' title="bbox 2330 4165 3864 4258; baseline -0.017 -7"><span class='ocrx_word' id='word_1_866' title='bbox 2330 4195 2609 4251; x_wconf 87' lang='lat' dir='ltr'><strong>inlirmitas</strong></span> <span class='ocrx_word' id='word_1_867' title='bbox 2650 4196 2702 4249; x_wconf 94' lang='lat' dir='ltr'><strong>in</strong></span> <span class='ocrx_word' id='word_1_868' title='bbox 2738 4210 2896 4249; x_wconf 88' lang='lat' dir='ltr'><strong>cruce</strong></span> <span class='ocrx_word' id='word_1_869' title='bbox 2924 4195 3313 4258; x_wconf 87' lang='lat' dir='ltr'><strong>contemnitur;</strong></span> <span class='ocrx_word' id='word_1_870' title='bbox 3344 4205 3441 4246; x_wconf 92' lang='lat' dir='ltr'><strong>nos</strong></span> <span class='ocrx_word' id='word_1_871' title='bbox 3472 4200 3634 4243; x_wconf 87' lang='lat' dir='ltr'><strong>tamen</strong></span> <span class='ocrx_word' id='word_1_872' title='bbox 3660 4165 3864 4234; x_wconf 70' lang='lat' dir='ltr'><strong>Verbum&#39;</strong></span> 
     </span>
    </p>
   </div>
   <div class='ocr_carea' id='block_1_105' title="bbox 2330 4279 3848 4358">
    <p class='ocr_par' dir='ltr' id='par_1_105' title="bbox 2330 4279 3848 4358">
     <span class='ocr_line' id='line_1_105' title="bbox 2330 4279 3848 4358; baseline -0.014 -17"><span class='ocrx_word' id='word_1_873' title='bbox 2330 4286 2768 4358; x_wconf 69' lang='lat' dir='ltr'><strong>reapondeamus,</strong></span> <span class='ocrx_word' id='word_1_874' title='bbox 2794 4300 2893 4340; x_wconf 89' lang='lat' dir='ltr'><strong>nec</strong></span> <span class='ocrx_word' id='word_1_875' title='bbox 2916 4286 3327 4355; x_wconf 80' lang='lat' dir='ltr'><strong>exprobratione</strong></span> <span class='ocrx_word' id='word_1_876' title='bbox 3350 4290 3631 4339; x_wconf 87' lang='lat' dir='ltr'><strong>terreamur</strong></span> <span class='ocrx_word' id='word_1_877' title='bbox 3655 4280 3733 4326; x_wconf 87' lang='lat' dir='ltr'><strong>aut</strong></span> <span class='ocrx_word' id='word_1_878' title='bbox 3751 4279 3848 4321; x_wconf 91' lang='lat' dir='ltr'><strong>con-</strong></span> 
     </span>
    </p>
   </div>
   <div class='ocr_carea' id='block_1_106' title="bbox 2330 4370 3845 4448">
    <p class='ocr_par' dir='ltr' id='par_1_106' title="bbox 2330 4370 3845 4448">
     <span class='ocr_line' id='line_1_106' title="bbox 2330 4370 3845 4448; baseline -0.012 -15"><span class='ocrx_word' id='word_1_879' title='bbox 2330 4380 2631 4435; x_wconf 85' lang='lat' dir='ltr'><strong>fundamur.</strong></span> <span class='ocrx_word' id='word_1_880' title='bbox 2662 4378 2891 4434; x_wconf 85' lang='lat' dir='ltr'><strong>Verbum</strong></span> <span class='ocrx_word' id='word_1_881' title='bbox 2924 4379 3065 4434; x_wconf 92' lang='lat' dir='ltr'><strong>enim</strong></span> <span class='ocrx_word' id='word_1_882' title='bbox 3102 4379 3144 4432; x_wconf 87' lang='lat' dir='ltr'><strong>si</strong></span> <span class='ocrx_word' id='word_1_883' title='bbox 3185 4376 3588 4448; x_wconf 87' lang='lat' dir='ltr'><strong>cognovissent,</strong></span> <span class='ocrx_word' id='word_1_884' title='bbox 3630 4370 3845 4429; x_wconf 72' lang='lat' dir='ltr'><strong>nunquam</strong></span> 
     </span>
    </p>
   </div>
   <div class='ocr_carea' id='block_1_107' title="bbox 2332 4455 3843 4541">
    <p class='ocr_par' dir='ltr' id='par_1_107' title="bbox 2332 4455 3843 4541">
     <span class='ocr_line' id='line_1_107' title="bbox 2332 4455 3843 4541; baseline -0.017 -13"><span class='ocrx_word' id='word_1_885' title='bbox 2332 4473 2611 4528; x_wconf 90' lang='lat' dir='ltr'><strong>Dominum</strong></span> <span class='ocrx_word' id='word_1_886' title='bbox 2643 4472 2826 4541; x_wconf 81' lang='lat' dir='ltr'><strong>gloriae</strong></span> <span class='ocrx_word' id='word_1_887' title='bbox 2853 4471 3243 4527; x_wconf 81' lang='lat' dir='ltr'><strong>cruciﬁxissent</strong></span> <span class='ocrx_word' id='word_1_888' title='bbox 3276 4471 3320 4539; x_wconf 91' lang='lat' dir='ltr'><strong>(l</strong></span> <span class='ocrx_word' id='word_1_889' title='bbox 3352 4469 3465 4525; x_wconf 86' lang='lat' dir='ltr'><strong>Cor.</strong></span> <span class='ocrx_word' id='word_1_890' title='bbox 3495 4482 3549 4532; x_wconf 88' lang='grc' dir='ltr'><strong>ιι,</strong></span> <span class='ocrx_word' id='word_1_891' title='bbox 3579 4460 3651 4528; x_wconf 90' lang='lat'><strong>8).</strong></span> <span class='ocrx_word' id='word_1_892' title='bbox 3678 4455 3752 4510; x_wconf 90' lang='lat' dir='ltr'><strong>llle</strong></span> <span class='ocrx_word' id='word_1_893' title='bbox 3770 4463 3843 4503; x_wconf 86' lang='lat' dir='ltr'><strong>au-</strong></span> 
     </span>
    </p>
   </div>
   <div class='ocr_carea' id='block_1_108' title="bbox 2332 4554 3840 4637">
    <p class='ocr_par' dir='ltr' id='par_1_108' title="bbox 2332 4554 3840 4637">
     <span class='ocr_line' id='line_1_108' title="bbox 2332 4554 3840 4637; baseline -0.007 -13"><span class='ocrx_word' id='word_1_894' title='bbox 2332 4577 2437 4624; x_wconf 85' lang='lat' dir='ltr'><strong>tem</strong></span> <span class='ocrx_word' id='word_1_895' title='bbox 2476 4566 2764 4637; x_wconf 84' lang='lat' dir='ltr'><strong>reSpoudet</strong></span> <span class='ocrx_word' id='word_1_896' title='bbox 2804 4567 3035 4621; x_wconf 81' lang='lat' dir='ltr'><strong>Verbum</strong></span> <span class='ocrx_word' id='word_1_897' title='bbox 3076 4563 3533 4636; x_wconf 86' lang='lat' dir='ltr'><strong>exprobrantibus,</strong></span> <span class='ocrx_word' id='word_1_898' title='bbox 3560 4565 3701 4623; x_wconf 77' lang='lat' dir='ltr'><strong>super</strong></span> <span class='ocrx_word' id='word_1_899' title='bbox 3721 4554 3840 4615; x_wconf 66' lang='lat' dir='ltr'><strong>quem</strong></span> 
     </span>
    </p>
   </div>
   <div class='ocr_carea' id='block_1_109' title="bbox 2330 4636 3843 4728">
    <p class='ocr_par' dir='ltr' id='par_1_109' title="bbox 2330 4636 3843 4728">
     <span class='ocr_line' id='line_1_109' title="bbox 2330 4636 3843 4728; baseline -0.009 -13"><span class='ocrx_word' id='word_1_900' title='bbox 2330 4662 2474 4717; x_wconf 90' lang='lat' dir='ltr'><strong>venit</strong></span> <span class='ocrx_word' id='word_1_901' title='bbox 2505 4661 2864 4716; x_wconf 87' lang='lat' dir='ltr'><strong>misericordia</strong></span> <span class='ocrx_word' id='word_1_902' title='bbox 2900 4661 3019 4724; x_wconf 86' lang='lat' dir='ltr'><strong>Dei;</strong></span> <span class='ocrx_word' id='word_1_903' title='bbox 3068 4659 3168 4716; x_wconf 91' lang='lat' dir='ltr'><strong>hoc</strong></span> <span class='ocrx_word' id='word_1_904' title='bbox 3202 4671 3303 4724; x_wconf 90' lang='lat' dir='ltr'><strong>est,</strong></span> <span class='ocrx_word' id='word_1_905' title='bbox 3333 4661 3499 4728; x_wconf 87' lang='lat' dir='ltr'><strong>ipsum</strong></span> <span class='ocrx_word' id='word_1_906' title='bbox 3533 4649 3735 4705; x_wconf 83' lang='lat' dir='ltr'><strong>salutare</strong></span> <span class='ocrx_word' id='word_1_907' title='bbox 3756 4636 3843 4702; x_wconf 68' lang='grc' dir='ltr'>ειυς</span> 
     </span>
    </p>
   </div>
   <div class='ocr_carea' id='block_1_110' title="bbox 2330 4736 3839 4823">
    <p class='ocr_par' dir='ltr' id='par_1_110' title="bbox 2330 4736 3839 4823">
     <span class='ocr_line' id='line_1_110' title="bbox 2330 4736 3839 4823; baseline -0.007 -16"><span class='ocrx_word' id='word_1_908' title='bbox 2330 4754 2477 4810; x_wconf 87' lang='lat' dir='ltr'><strong>venit</strong></span> <span class='ocrx_word' id='word_1_909' title='bbox 2497 4762 2553 4807; x_wconf 92' lang='lat' dir='ltr'><strong>ut</strong></span> <span class='ocrx_word' id='word_1_910' title='bbox 2583 4761 2838 4823; x_wconf 85' lang='lat' dir='ltr'><strong>protegat,</strong></span> <span class='ocrx_word' id='word_1_911' title='bbox 2865 4768 2969 4806; x_wconf 91' lang='lat' dir='ltr'><strong>non</strong></span> <span class='ocrx_word' id='word_1_912' title='bbox 3002 4761 3060 4805; x_wconf 90' lang='lat' dir='ltr'><strong>ut</strong></span> <span class='ocrx_word' id='word_1_913' title='bbox 3084 4760 3344 4805; x_wconf 84' lang='lat' dir='ltr'><strong>conterat.</strong></span> <span class='ocrx_word' id='word_1_914' title='bbox 3388 4746 3516 4803; x_wconf 86' lang='lat' dir='ltr'><strong>Nam</strong></span> <span class='ocrx_word' id='word_1_915' title='bbox 3551 4748 3690 4807; x_wconf 74' lang='grc' dir='ltr'><strong>ευρθτ</strong></span> <span class='ocrx_word' id='word_1_916' title='bbox 3715 4736 3839 4823; x_wconf 50' lang='grc' dir='ltr'>Ψξῶ</span> 
     </span>
    </p>
   </div>
   <div class='ocr_carea' id='block_1_111' title="bbox 2331 4816 3841 4913">
    <p class='ocr_par' dir='ltr' id='par_1_111' title="bbox 2331 4816 3841 4913">
     <span class='ocr_line' id='line_1_111' title="bbox 2331 4816 3841 4913; baseline -0.01 -13"><span class='ocrx_word' id='word_1_917' title='bbox 2331 4846 2453 4900; x_wconf 89' lang='lat' dir='ltr'><strong>dam</strong></span> <span class='ocrx_word' id='word_1_918' title='bbox 2481 4845 2832 4900; x_wconf 87' lang='lat' dir='ltr'><strong>conterendos</strong></span> <span class='ocrx_word' id='word_1_919' title='bbox 2855 4852 3109 4897; x_wconf 83' lang='lat' dir='ltr'><strong>venturus</strong></span> <span class='ocrx_word' id='word_1_920' title='bbox 3129 4853 3229 4910; x_wconf 89' lang='lat' dir='ltr'><strong>est,</strong></span> <span class='ocrx_word' id='word_1_921' title='bbox 3258 4842 3347 4913; x_wconf 91' lang='lat' dir='ltr'><strong>qui</strong></span> <span class='ocrx_word' id='word_1_922' title='bbox 3375 4850 3509 4894; x_wconf 92' lang='lat' dir='ltr'><strong>nunc</strong></span> <span class='ocrx_word' id='word_1_923' title='bbox 3532 4833 3579 4887; x_wconf 92' lang='lat' dir='ltr'><strong>in</strong></span> <span class='ocrx_word' id='word_1_924' title='bbox 3606 4839 3729 4886; x_wconf 62' lang='lat' dir='ltr'><strong>eum.</strong></span> <span class='ocrx_word' id='word_1_925' title='bbox 3747 4816 3841 4871; x_wconf 73' lang='lat' dir='ltr'><strong>dum</strong></span> 
     </span>
    </p>
   </div>
   <div class='ocr_carea' id='block_1_112' title="bbox 2332 4916 3838 5010">
    <p class='ocr_par' dir='ltr' id='par_1_112' title="bbox 2332 4916 3838 5010">
     <span class='ocr_line' id='line_1_112' title="bbox 2332 4916 3838 5010; baseline -0.023 -14"><span class='ocrx_word' id='word_1_926' title='bbox 2332 4948 2588 5010; x_wconf 82' lang='lat' dir='ltr'><strong>Spernunt</strong></span> <span class='ocrx_word' id='word_1_927' title='bbox 2636 4938 2752 5007; x_wconf 88' lang='lat' dir='ltr'><strong>ejus</strong></span> <span class='ocrx_word' id='word_1_928' title='bbox 2798 4936 3166 5000; x_wconf 83' lang='lat' dir='ltr'><strong>humilitatem,</strong></span> <span class='ocrx_word' id='word_1_929' title='bbox 3214 4928 3523 4989; x_wconf 69' lang='lat' dir='ltr'><strong>offendendo</strong></span> <span class='ocrx_word' id='word_1_930' title='bbox 3561 4916 3838 5010; x_wconf 56' lang='lat' dir='ltr'><strong>quassaalut-</strong></span> 
     </span>
    </p>
   </div>
   <div class='ocr_carea' id='block_1_113' title="bbox 2332 5000 3839 5099">
    <p class='ocr_par' dir='ltr' id='par_1_113' title="bbox 2332 5000 3839 5099">
     <span class='ocr_line' id='line_1_113' title="bbox 2332 5000 3839 5099; baseline -0.017 -11"><span class='ocrx_word' id='word_1_931' title='bbox 2332 5000 2420 5089; x_wconf 80' lang='lat' dir='ltr'><strong>Sic</strong></span> <span class='ocrx_word' id='word_1_932' title='bbox 2447 5032 2588 5087; x_wconf 89' lang='lat' dir='ltr'><strong>enim</strong></span> <span class='ocrx_word' id='word_1_933' title='bbox 2617 5000 2744 5085; x_wconf 67' lang='lat' dir='ltr'><strong>dicit</strong></span> <span class='ocrx_word' id='word_1_934' title='bbox 2776 5030 2827 5083; x_wconf 92' lang='lat' dir='ltr'><strong>in</strong></span> <span class='ocrx_word' id='word_1_935' title='bbox 2856 5028 3145 5099; x_wconf 84' lang='lat' dir='ltr'><strong>Evangelio</strong></span> <span class='ocrx_word' id='word_1_936' title='bbox 3176 5047 3189 5083; x_wconf 90' lang='lat'><strong>:</strong></span> <span class='ocrx_word' id='word_1_937' title='bbox 3221 5028 3319 5095; x_wconf 83' lang='lat' dir='ltr'><strong>Qui</strong></span> <span class='ocrx_word' id='word_1_938' title='bbox 3352 5018 3571 5079; x_wconf 86' lang='lat' dir='ltr'><strong>ceciderit</strong></span> <span class='ocrx_word' id='word_1_939' title='bbox 3588 5000 3839 5099; x_wconf 39' lang='lat' dir='ltr'><strong>super-Mil“</strong></span> 
     </span>
    </p>
   </div>
   <div class='ocr_carea' id='block_1_114' title="bbox 2333 5091 3836 5192">
    <p class='ocr_par' dir='ltr' id='par_1_114' title="bbox 2333 5091 3836 5192">
     <span class='ocr_line' id='line_1_114' title="bbox 2333 5091 3836 5192; baseline -0.025 -13"><span class='ocrx_word' id='word_1_940' title='bbox 2333 5125 2446 5179; x_wconf 88' lang='lat' dir='ltr'><strong>dem</strong></span> <span class='ocrx_word' id='word_1_941' title='bbox 2473 5125 2642 5189; x_wconf 80' lang='lat' dir='ltr'><strong>istum,</strong></span> <span class='ocrx_word' id='word_1_942' title='bbox 2675 5122 3121 5192; x_wconf 86' lang='lat' dir='ltr'><strong>conquassabitur;</strong></span> <span class='ocrx_word' id='word_1_943' title='bbox 3149 5137 3300 5189; x_wconf 84' lang='lat' dir='ltr'><strong>super</strong></span> <span class='ocrx_word' id='word_1_944' title='bbox 3328 5129 3467 5189; x_wconf 81' lang='lat' dir='ltr'><strong>quem</strong></span> <span class='ocrx_word' id='word_1_945' title='bbox 3490 5120 3594 5163; x_wconf 90' lang='lat' dir='ltr'><strong>vero</strong></span> <span class='ocrx_word' id='word_1_946' title='bbox 3619 5091 3836 5153; x_wconf 70' lang='lat' dir='ltr'><strong>cecidertl,</strong></span> 
     </span>
    </p>
   </div>
   <div class='ocr_carea' id='block_1_115' title="bbox 2334 5190 3831 5286">
    <p class='ocr_par' dir='ltr' id='par_1_115' title="bbox 2334 5190 3831 5286">
     <span class='ocr_line' id='line_1_115' title="bbox 2334 5190 3831 5286; baseline -0.003 -12"><span class='ocrx_word' id='word_1_947' title='bbox 2334 5228 2552 5274; x_wconf 87' lang='lat' dir='ltr'><strong>conteret</strong></span> <span class='ocrx_word' id='word_1_948' title='bbox 2578 5234 2689 5271; x_wconf 86' lang='lat' dir='ltr'><strong>eum</strong></span> <span class='ocrx_word' id='word_1_949' title='bbox 2716 5215 2734 5286; x_wconf 87' lang='lat'>(</span> <span class='ocrx_word' id='word_1_950' title='bbox 2758 5190 2882 5268; x_wconf 72' lang='lat' dir='ltr'><strong>Luc.</strong></span> <span class='ocrx_word' id='word_1_951' title='bbox 2916 5230 3005 5280; x_wconf 88' lang='lat' dir='ltr'><strong>xx,</strong></span> <span class='ocrx_word' id='word_1_952' title='bbox 3037 5211 3160 5285; x_wconf 88' lang='grc'><strong>18).</strong></span> <span class='ocrx_word' id='word_1_953' title='bbox 3209 5212 3309 5282; x_wconf 88' lang='lat' dir='ltr'><strong>Qui</strong></span> <span class='ocrx_word' id='word_1_954' title='bbox 3354 5221 3479 5278; x_wconf 77' lang='lat' dir='ltr'><strong>ergo</strong></span> <span class='ocrx_word' id='word_1_955' title='bbox 3523 5194 3659 5255; x_wconf 65' lang='grc' dir='ltr'><strong>ηοδίδ</strong></span> <span class='ocrx_word' id='word_1_956' title='bbox 3692 5190 3831 5286; x_wconf 40' lang='lat' dir='ltr'><strong>“pri</strong></span> 
     </span>
    </p>
   </div>
   <div class='ocr_carea' id='block_1_116' title="bbox 2337 5277 3838 5380">
    <p class='ocr_par' dir='ltr' id='par_1_116' title="bbox 2337 5277 3838 5380">
     <span class='ocr_line' id='line_1_116' title="bbox 2337 5277 3838 5380; baseline -0.007 -14"><span class='ocrx_word' id='word_1_957' title='bbox 2337 5312 2525 5380; x_wconf 85' lang='lat' dir='ltr'><strong>brant,</strong></span> <span class='ocrx_word' id='word_1_958' title='bbox 2570 5306 2873 5373; x_wconf 76' lang='lat' dir='ltr'><strong>olfendunt,</strong></span> <span class='ocrx_word' id='word_1_959' title='bbox 2907 5316 2961 5361; x_wconf 90' lang='lat' dir='ltr'><strong>et</strong></span> <span class='ocrx_word' id='word_1_960' title='bbox 2993 5277 3196 5361; x_wconf 78' lang='lat' dir='ltr'><strong>cadunt</strong></span> <span class='ocrx_word' id='word_1_961' title='bbox 3220 5277 3291 5359; x_wconf 73' lang='lat' dir='ltr'><strong>in</strong></span> <span class='ocrx_word' id='word_1_962' title='bbox 3326 5277 3460 5359; x_wconf 82' lang='lat' dir='ltr'><strong>etim.</strong></span> <span class='ocrx_word' id='word_1_963' title='bbox 3503 5291 3600 5349; x_wconf 77' lang='lat' dir='ltr'><strong>N08</strong></span> <span class='ocrx_word' id='word_1_964' title='bbox 3621 5277 3838 5380; x_wconf 57' lang='lat' dir='ltr'><strong>“mfme</strong></span> 
     </span>
    </p>
   </div>
   <div class='ocr_carea' id='block_1_117' title="bbox 2336 5372 3833 5469">
    <p class='ocr_par' dir='ltr' id='par_1_117' title="bbox 2336 5372 3833 5469">
     <span class='ocr_line' id='line_1_117' title="bbox 2336 5372 3833 5469; baseline -0.027 -11"><span class='ocrx_word' id='word_1_965' title='bbox 2336 5403 2687 5465; x_wconf 76' lang='lat' dir='ltr'><strong>oliendamus,</strong></span> <span class='ocrx_word' id='word_1_966' title='bbox 2717 5408 2771 5454; x_wconf 89' lang='lat' dir='ltr'><strong>et</strong></span> <span class='ocrx_word' id='word_1_967' title='bbox 2797 5399 3067 5464; x_wconf 76' lang='lat' dir='ltr'><strong>cedamus,</strong></span> <span class='ocrx_word' id='word_1_968' title='bbox 3104 5397 3385 5469; x_wconf 90' lang='lat' dir='ltr'><strong>opprobria</strong></span> <span class='ocrx_word' id='word_1_969' title='bbox 3412 5397 3580 5447; x_wconf 89' lang='lat' dir='ltr'><strong>eorum</strong></span> <span class='ocrx_word' id='word_1_970' title='bbox 3605 5391 3663 5432; x_wconf 78' lang='lat' dir='ltr'><strong>ne</strong></span> <span class='ocrx_word' id='word_1_971' title='bbox 3687 5372 3833 5469; x_wconf 48' lang='lat' dir='ltr'><strong>timetis</strong></span> 
     </span>
    </p>
   </div>
   <div class='ocr_carea' id='block_1_118' title="bbox 2337 5464 3835 5569">
    <p class='ocr_par' dir='ltr' id='par_1_118' title="bbox 2337 5464 3835 5569">
     <span class='ocr_line' id='line_1_118' title="bbox 2337 5464 3835 5569; baseline -0.007 -14"><span class='ocrx_word' id='word_1_972' title='bbox 2337 5515 2475 5564; x_wconf 91' lang='lat' dir='ltr'><strong>mus,</strong></span> <span class='ocrx_word' id='word_1_973' title='bbox 2507 5497 2598 5553; x_wconf 87' lang='lat' dir='ltr'><strong>sed</strong></span> <span class='ocrx_word' id='word_1_974' title='bbox 2629 5492 3047 5566; x_wconf 80' lang='lat' dir='ltr'><strong>reSpondeamns</strong></span> <span class='ocrx_word' id='word_1_975' title='bbox 3075 5494 3154 5549; x_wconf 93' lang='lat' dir='ltr'><strong>eis</strong></span> <span class='ocrx_word' id='word_1_976' title='bbox 3185 5494 3421 5548; x_wconf 87' lang='lat' dir='ltr'><strong>verbum.</strong></span> <span class='ocrx_word' id='word_1_977' title='bbox 3472 5501 3488 5533; x_wconf 76' lang='grc' dir='ltr'><strong>ι</strong></span> <span class='ocrx_word' id='word_1_978' title='bbox 3516 5476 3613 5532; x_wconf 70' lang='lat' dir='ltr'><strong>Hoc</strong></span> <span class='ocrx_word' id='word_1_979' title='bbox 3647 5472 3714 5569; x_wconf 55' lang='grc' dir='ltr'><strong>ῗει</strong></span> 
     </span>
    </p>
   </div>
   <div class='ocr_carea' id='block_1_119' title="bbox 2338 5556 3833 5661">
    <p class='ocr_par' dir='ltr' id='par_1_119' title="bbox 2338 5556 3833 5661">
     <span class='ocr_line' id='line_1_119' title="bbox 2338 5556 3833 5661; baseline -0.052 11"><span class='ocrx_word' id='word_1_980' title='bbox 2338 5556 2473 5647; x_wconf 37' lang='lat' dir='ltr'><strong>bum,</strong></span> <span class='ocrx_word' id='word_1_981' title='bbox 2491 5589 2611 5645; x_wconf 64' lang='lat' dir='ltr'><strong>ﬁdei</strong></span> <span class='ocrx_word' id='word_1_982' title='bbox 2636 5556 2777 5661; x_wconf 43' lang='lat' dir='ltr'><strong>(im-id</strong></span> <span class='ocrx_word' id='word_1_983' title='bbox 2805 5586 3174 5659; x_wconf 68' lang='lat' dir='ltr'><strong>Praedicamus.</strong></span> <span class='ocrx_word' id='word_1_984' title='bbox 3220 5586 3349 5655; x_wconf 88' lang='lat' dir='ltr'><strong>Quia</strong></span> <span class='ocrx_word' id='word_1_985' title='bbox 3370 5582 3414 5636; x_wconf 91' lang='lat' dir='ltr'><strong>si</strong></span> <span class='ocrx_word' id='word_1_986' title='bbox 3433 5559 3746 5631; x_wconf 68' lang='lat' dir='ltr'><strong>credideris,»</strong></span> <span class='ocrx_word' id='word_1_987' title='bbox 3772 5556 3833 5596; x_wconf 83' lang='lat' dir='ltr'><strong>m-</strong></span> 
     </span>
    </p>
   </div>
   <div class='ocr_carea' id='block_1_120' title="bbox 2403 5677 2869 5745">
    <p class='ocr_par' dir='ltr' id='par_1_120' title="bbox 2403 5677 2869 5745">
     <span class='ocr_line' id='line_1_120' title="bbox 2403 5677 2869 5745; baseline -0.019 -8"><span class='ocrx_word' id='word_1_988' title='bbox 2403 5687 2705 5743; x_wconf 70' lang='lat' dir='ltr'><strong>‘octouss.,</strong></span> <span class='ocrx_word' id='word_1_989' title='bbox 2732 5677 2869 5745; x_wconf 76' lang='lat' dir='ltr'><strong>ﬁant.</strong></span> 
     </span>
    </p>
   </div>
   <div class='ocr_carea' id='block_1_121' title="bbox 2402 5748 3831 5805">
    <p class='ocr_par' dir='ltr' id='par_1_121' title="bbox 2402 5748 3831 5805">
     <span class='ocr_line' id='line_1_121' title="bbox 2402 5748 3831 5805; baseline -0.009 -9"><span class='ocrx_word' id='word_1_990' title='bbox 2402 5749 2424 5779; x_wconf 83' lang='grc'>¹</span> <span class='ocrx_word' id='word_1_991' title='bbox 2449 5755 2573 5803; x_wconf 75' lang='lat' dir='ltr'><strong>Mss,</strong></span> <span class='ocrx_word' id='word_1_992' title='bbox 2600 5750 2746 5794; x_wconf 86' lang='lat' dir='ltr'><strong>sonet.</strong></span> <span class='ocrx_word' id='word_1_993' title='bbox 3024 5802 3035 5805; x_wconf 93' lang='lat'>_</span> <span class='ocrx_word' id='word_1_994' title='bbox 3058 5802 3067 5805; x_wconf 89' lang='lat'>_</span> <span class='ocrx_word' id='word_1_995' title='bbox 3287 5802 3296 5805; x_wconf 93' lang='lat'>_</span> <span class='ocrx_word' id='word_1_996' title='bbox 3402 5803 3410 5805; x_wconf 21' lang='grc' dir='ltr'><em>Α</em></span> <span class='ocrx_word' id='word_1_997' title='bbox 3494 5773 3695 5805; x_wconf 40' lang='lat' dir='ltr'><strong>“th</strong></span> <span class='ocrx_word' id='word_1_998' title='bbox 3709 5748 3831 5805; x_wconf 60' lang='lat' dir='ltr'><strong>md.</strong></span> 
     </span>
    </p>
   </div>
   <div class='ocr_carea' id='block_1_122' title="bbox 2370 5772 3755 5879">
    <p class='ocr_par' dir='ltr' id='par_1_122' title="bbox 2370 5772 3755 5879">
     <span class='ocr_line' id='line_1_122' title="bbox 2405 5772 2746 5803; baseline -0.029 -6"><span class='ocrx_word' id='word_1_999' title='bbox 2405 5772 2424 5779; x_wconf 86' lang='lat'>&quot;</span> <span class='ocrx_word' id='word_1_1000' title='bbox 2450 5772 2573 5803; x_wconf 52' lang='lat' dir='ltr'><strong>mam,</strong></span> <span class='ocrx_word' id='word_1_1001' title='bbox 2600 5772 2746 5794; x_wconf 72' lang='grc' dir='ltr'><strong>δυηω,</strong></span> 
     </span>
     <span class='ocr_line' id='line_1_123' title="bbox 2370 5772 3755 5879; baseline -0.021 -18"><span class='ocrx_word' id='word_1_1002' title='bbox 2370 5871 2378 5879; x_wconf 41' lang='grc'><em>,</em></span> <span class='ocrx_word' id='word_1_1003' title='bbox 2405 5811 2426 5841; x_wconf 87' lang='grc'>³</span> <span class='ocrx_word' id='word_1_1004' title='bbox 2449 5810 2522 5859; x_wconf 85' lang='lat' dir='ltr'><strong>sic</strong></span> <span class='ocrx_word' id='word_1_1005' title='bbox 2538 5808 2876 5879; x_wconf 37' lang='lat' dir='ltr'><strong>potioresetjss.</strong></span> <span class='ocrx_word' id='word_1_1006' title='bbox 2906 5810 2962 5852; x_wconf 78' lang='lat' dir='ltr'><strong>At</strong></span> <span class='ocrx_word' id='word_1_1007' title='bbox 2977 5802 3411 5879; x_wconf 45' lang='lat' dir='ltr'><strong>&quot;pyrgorum</strong></span> <span class='ocrx_word' id='word_1_1008' title='bbox 3425 5806 3455 5842; x_wconf 90' lang='lat' dir='ltr'><strong>a</strong></span> <span class='ocrx_word' id='word_1_1009' title='bbox 3473 5782 3623 5852; x_wconf 61' lang='lat' dir='ltr'><strong>quib!“</strong></span> <span class='ocrx_word' id='word_1_1010' title='bbox 3636 5773 3695 5821; x_wconf 56' lang='grc' dir='ltr'><strong>(τί</strong></span> <span class='ocrx_word' id='word_1_1011' title='bbox 3709 5772 3755 5812; x_wconf 67' lang='grc' dir='ltr'><em>σν</em></span> 
     </span>
    </p>
   </div>
   <div class='ocr_carea' id='block_1_123' title="bbox 2343 5864 3296 5936">
    <p class='ocr_par' dir='ltr' id='par_1_123' title="bbox 2343 5864 3296 5936">
     <span class='ocr_line' id='line_1_124' title="bbox 2343 5864 3296 5936; baseline -0.01 -15"><span class='ocrx_word' id='word_1_1012' title='bbox 2343 5870 2490 5936; x_wconf 64' lang='lat' dir='ltr'><strong>limis,</strong></span> <span class='ocrx_word' id='word_1_1013' title='bbox 2522 5864 2591 5919; x_wconf 71' lang='lat' dir='ltr'><strong>r&#39;el</strong></span> <span class='ocrx_word' id='word_1_1014' title='bbox 2615 5865 2914 5928; x_wconf 76' lang='lat' dir='ltr'><strong>srtmdalmn,</strong></span> <span class='ocrx_word' id='word_1_1015' title='bbox 2940 5864 3011 5914; x_wconf 75' lang='lat' dir='ltr'><strong>vel</strong></span> <span class='ocrx_word' id='word_1_1016' title='bbox 3035 5864 3296 5917; x_wconf 77' lang='lat' dir='ltr'><strong>stultitimn.</strong></span> 
     </span>
    </p>
   </div>
  </div>
