4188 6440
398 415 531 472 1557

394 528 528 599 quit,
567 543 585 577 ι
616 525 672 578 in
701 519 862 576 corde
890 526 979 572 tuo
1009 514 1129 586 quia
1162 508 1417 566 Dominus
1449 514 1531 562 est
1572 505 1747 567 Jesus,
1776 510 1829 557 et
1855 514 1985 554 con-

393 592 572 675 fessus
610 613 781 670 fueris
818 612 870 666 in
911 624 1004 665 ore
1043 616 1134 661 tuo
1168 604 1290 676 quia
1321 601 1464 656 Deus
1484 599 1629 653 illum
1658 592 1930 650 suscitavit
1956 605 1986 643 a

394 708 661 773 mortuis;
706 703 882 759 salvus
922 700 1046 754 eris.
1088 695 1261 752 Corde
1305 693 1447 748 enim
1484 688 1721 745 creditur
1745 684 1810 739 ad
1830 681 1989 754 justi-

392 803 555 869 tiam,
584 815 683 855 ore
705 808 884 853 autem
915 790 1181 849 confessio
1205 788 1263 842 fit
1291 787 1342 841 in
1369 784 1595 840 salutem
1629 778 1647 852 (
1672 779 1817 833 Rom.
1845 793 1900 843 χ,
1930 774 1992 830 8-

390 895 461 949 10
486 895 533 963 ).
589 892 787 948 Parum
829 897 911 944 est
955 899 1083 956 ergo
1112 882 1167 937 in
1193 880 1355 936 corde
1384 877 1582 932 habere
1621 872 1915 963 Christum,
1940 875 1999 924 et

382 962 546 1041 nolle
585 982 835 1040 confiteri
868 978 995 1035 dum
1026 976 1240 1030 timetur
1264 967 1643 1041 opprobrium:
1678 962 1773 1020 sed
1802 974 1995 1031 expro-

376 1075 691 1133 brantibus
718 1069 1144 1144 respondendum
1175 1073 1258 1121 est
1284 1062 1527 1119 verbum.
1574 1058 1643 1114 Ut
1690 1065 1863 1112 autem
1899 1053 2001 1108 hoc

370 1181 677 1244 martyres
712 1175 961 1241 possent,
1014 1161 1333 1235 promissum
1381 1166 1464 1213 est
1515 1154 1629 1219 eis,
1678 1161 1732 1208 et
1779 1150 1999 1215 dictum,

371 1262 529 1319 Non
548 1242 715 1319 ienim
750 1279 836 1317 vos
872 1260 989 1314 estis
1018 1257 1104 1327 qui
1132 1252 1427 1324 loquimini,
1457 1249 1543 1304 sed
1573 1246 1799 1317 Spiritus
1829 1242 2004 1296 Patris

369 1359 581 1427 vestri,
607 1359 693 1429 qui
720 1357 942 1427 loquitur
966 1354 1019 1406 in
1038 1349 1174 1405 vobis
1205 1347 1415 1420 (Matth.
1450 1361 1504 1407 χ,
1531 1343 1644 1412 20).
1673 1340 1798 1395 Ideo
1824 1347 1879 1393 et
1906 1340 2006 1393 iste

362 1467 529 1506 cum
561 1450 805 1513 dixisset,
834 1443 1164 1516 Respondebo
1181 1435 1598 1509 exprobrantibus
1627 1433 1749 1486 mihi
1774 1431 2006 1493 verbum;

358 1543 676 1597 continuo
722 1539 979 1608 sequitur,
1036 1533 1289 1600 Quoniam
1329 1528 1526 1600 speravi
1565 1527 1617 1579 in
1665 1524 1822 1579 verbis
1864 1523 1960 1577 tuis
1990 1537 2009 1574 :

356 1634 553 1705 quod
582 1641 672 1688 est
695 1632 897 1701 utique,
932 1630 982 1681 in
1008 1623 1281 1696 promissis
1311 1622 1433 1676 tuis.

460 1726 533 1779 5.
583 1722 746 1796 [vers
792 1718 915 1792 45.]
961 1716 1066 1771 Sed
1109 1714 1357 1786 quoniam
1401 1708 1613 1781 plurimi
1658 1706 1897 1777 quamvis
1944 1703 2010 1757 ad

366 1816 593 1887 ipsum
644 1828 868 1883 corpus,
909 1810 1058 1879 cujus
1100 1808 1213 1861 haec
1252 1804 1413 1859 verba
1455 1811 1611 1868 sunt,
1648 1799 2008 1869 pertinentes,

358 1907 563 1977 gravi
608 1903 845 1976 pondere
886 1896 1273 1972 persecutionis
1316 1903 1536 1966 urgente
1584 1908 1689 1946 non
1735 1891 2015 1945 valuerunt

358 1999 690 2055 sustinere
718 1992 1200 2065 exprobrationem,
1224 1996 1279 2043 et
1305 1986 1576 2042 Christum
1603 1981 1898 2038 delieiendo
1923 1996 2016 2035 ne-

360 2099 717 2162 gaverunt;
743 2086 865 2142 ideo
888 2084 1145 2153 sequitur,
1177 2080 1242 2133 Et
1268 2096 1330 2133 ne
1353 2078 1557 2146 auferas
1582 2077 1642 2128 de
1667 2091 1753 2128 ore
1777 2090 1884 2127 meo
1908 2087 2017 2126 ver-

365 2185 533 2239 bum
561 2181 789 2237 veritatis
809 2195 963 2249 usque
986 2176 1149 2231 valde.
1178 2175 1251 2228 Ex
1275 2188 1368 2227 ore
1388 2186 1485 2226 suo
1510 2170 1704 2240 quippe
1724 2168 1870 2235 dicit,
1895 2167 2017 2236 quia

366 2277 602 2332 unitas
635 2273 871 2343 corporis
902 2255 1164 2339 loquitur,
1194 2267 1247 2320 in
1276 2266 1429 2334 cujus
1467 2261 1721 2317 membris
1756 2261 1913 2315 etiam
1946 2256 2019 2312 illi

368 2371 753 2438 deputantur
794 2364 883 2434 qui
926 2362 1233 2417 defecerunt
1273 2358 1336 2412 ad
1379 2357 1563 2410 horam
1613 2353 1884 2424 negando,
1926 2350 2021 2406 sed

368 2456 742 2535 paenitendo
772 2464 956 2526 postea
986 2453 1318 2515 revixerunt,
1342 2448 1427 2503 vel
1452 2447 1610 2501 etiam
1638 2445 1877 2516 martyrii
1910 2443 2024 2513 pal-

374 2569 567 2610 mam
602 2565 761 2621 quam
802 2546 1179 2619 perdiderant,
1220 2550 1463 2611 reparata
1500 2539 1836 2595 confessione
1879 2552 2025 2591 sum-

378 2651 677 2718 pserunt.
718 2641 831 2696 Non
876 2639 1035 2710 igitur
1072 2653 1229 2707 usque
1268 2634 1442 2698 valde,
1480 2633 1597 2699 vel,
1636 2631 1774 2687 sicut
1810 2629 2025 2700 quidam

384 2738 649 2795 codices
674 2733 897 2801 habent,
929 2748 1031 2785 non
1059 2744 1436 2801 usquequaque,
1469 2726 1569 2781 hoc
1600 2735 1680 2779 est
1713 2740 1820 2779 non
1851 2724 2024 2779 omni-

388 2831 621 2896 modo,
654 2844 719 2883 ex
743 2843 836 2883 ore
867 2824 1031 2889 Petri,
1064 2824 1116 2877 in
1144 2837 1248 2893 quo
1272 2830 1385 2876 erat
1416 2829 1568 2891 typus
1597 2817 1869 2883 Ecclesiae,
1904 2832 2026 2871 ver-

392 2925 560 2981 bum
593 2920 835 2976 veritatis
872 2917 1104 2972 ablatum
1134 2923 1216 2970 est
1244 2930 1257 2966 :
1287 2914 1406 2983 quia
1434 2912 1531 2967 etsi
1562 2910 1629 2965 ad
1656 2911 1840 2965 horam
1870 2924 2029 2980 nega-

397 3018 504 3072 vit
536 3015 730 3069 timore
761 3011 1034 3075 turbatus,
1067 3016 1242 3062 tamen
1274 3004 1451 3060 ﬂendo
1479 3013 1561 3058 est
1600 3011 1874 3072 reparatus
1905 2999 2025 3070 (Id.

402 3123 589 3173 xxvr,
623 3104 805 3173 70-75)
834 3143 849 3170 ,
872 3110 926 3156 et
947 3098 1251 3155 conﬁtendo
1280 3106 1362 3153 est
1389 3104 1572 3167 postea
1600 3101 1903 3149 coronatus.
1928 3091 2033 3146 To-

408 3209 545 3254 tum
591 3197 765 3266 itaque
801 3208 995 3262 corpus
1024 3190 1220 3245 Christi
1255 3189 1520 3258 loquitur,
1553 3185 1603 3240 id
1633 3194 1714 3240 est
1734 3226 1749 3251 ,
1780 3183 2034 3237 Ecclesiae

412 3300 641 3348 sanctae
676 3287 991 3343 universitas
1021 3302 1033 3338 :
1068 3284 1121 3338 in
1156 3299 1261 3353 quo
1300 3290 1414 3336 toto
1453 3294 1678 3348 corpore
1717 3277 1828 3331 sive
1871 3277 1993 3346 quia
2014 3314 2031 3341 ,

418 3380 757 3452 negantibus
806 3376 1079 3447 plurimis,
1123 3380 1497 3428 remanserunt
1536 3368 1703 3423 fortes
1736 3368 1825 3437 qui
1866 3381 2037 3435 usque

424 3474 505 3529 ad
534 3480 761 3528 mortem
792 3484 891 3539 pro
915 3466 1138 3521 veritate
1173 3470 1475 3525 certarent,
1507 3459 1619 3513 sive
1650 3458 1774 3527 quia
1802 3466 1855 3511 et
1876 3472 1943 3512 ex
1974 3454 2037 3511 iis

427 3568 531 3637 qui
562 3570 888 3635 negaverant
923 3559 1074 3614 multi
1114 3554 1346 3625 reparati
1375 3560 1531 3619 sunt,
1564 3567 1668 3607 non
1695 3560 1777 3607 est
1803 3552 2037 3606 ablatum

432 3674 507 3714 ex
536 3656 654 3726 ejus
681 3669 774 3709 ore
800 3652 1019 3708 verbum
1049 3648 1283 3704 veritatis
1308 3662 1464 3717 usque
1488 3644 1651 3699 valde.
1683 3643 1835 3711 Quod
1861 3651 2038 3698 autem

434 3751 551 3815 ait,
581 3764 644 3802 ne
670 3747 872 3817 auferas
892 3788 904 3810 ,
933 3740 1335 3811 intelligendum
1373 3746 1454 3793 est
1476 3779 1489 3803 ,
1522 3753 1588 3791 ne
1626 3736 1821 3791 auferri
1858 3735 2037 3800 sinas;

438 3850 667 3914 prepter
693 3839 836 3911 quod
865 3836 1068 3894 orando
1096 3835 1354 3899 dicimus,
1389 3831 1471 3886 Ne
1508 3848 1598 3885 nos
1633 3832 1822 3902 inferas
1850 3831 1901 3883 in
1931 3839 2039 3883 ten-

442 3939 687 3991 tationem
714 3932 831 4003 (Id.
863 3948 948 3997 vr,
983 3928 1103 4001 15).
1146 3929 1213 3984 Ει
1246 3928 1359 3996 ipse
1397 3926 1655 3981 Dominus
1689 3923 1753 3978 ad
1790 3923 2001 3979 Petrum
2023 3962 2038 3989 ,

446 4030 666 4102 Rogavi,
700 4028 891 4097 inquit,
923 4041 1014 4096 pro
1042 4034 1107 4089 te,
1140 4039 1200 4077 ne
1227 4021 1428 4089 deﬁciat
1456 4018 1582 4088 ﬁdes
1608 4028 1694 4071 tua
1725 4015 1874 4088 (Luc.
1912 4031 2040 4082 xxn,

448 4122 541 4195 '52)
566 4139 581 4187 ;
616 4122 717 4175 hoc
745 4127 847 4184 est,
879 4131 946 4172 ne
975 4114 1241 4171 auferatur
1269 4128 1333 4168 ex
1363 4126 1457 4165 ore
1486 4119 1575 4163 tuo
1605 4108 1824 4163 verbum
1852 4106 2047 4162 verita-

450 4218 517 4271 tis
542 4230 699 4286 usque
722 4211 885 4267 valde.
916 4208 1182 4279 Sequitur,
1218 4205 1349 4271 Quia
1375 4204 1429 4257 in
1456 4202 1667 4274 judiciis
1694 4201 1791 4253 tuis
1818 4199 2045 4270 speravi;

449 4307 557 4371 vel,
591 4305 727 4361 sicut
757 4302 825 4359 de
853 4315 1029 4373 grzeco
1057 4298 1269 4367 quidam
1305 4292 1610 4365 diligentius
1640 4298 2042 4362 expresserunt,

452 4395 801 4468 supersperavi
820 4393 895 4465 (a)
924 4411 938 4447 :
965 4390 1104 4463 quod
1127 4388 1345 4445 verbum
1367 4385 1467 4442 etsi
1495 4384 1668 4439 minus
1689 4384 1879 4439 usitate
1902 4398 2047 4438 com—

440 4489 687 4562 .positum
716 4496 818 4554 est,
844 4494 1017 4540 tamen
1046 4481 1227 4552 implet
1254 4476 1497 4533 veritatis
1524 4473 1933 4546 interpretanda:
1955 4489 2047 4531 ne-

455 4582 781 4638 cessitatem.
811 4576 1078 4633 Attentius
1106 4589 1233 4645 ergo
1263 4571 1417 4627 nobis
1454 4570 1555 4624 loci
1593 4568 1749 4639 hujus
1777 4568 2049 4624 rimandus

456 4685 540 4734 est
568 4691 791 4741 sensus,
824 4683 881 4729 ut
919 4671 1305 4741 intelligamus,
1339 4674 1592 4738 quantum
1623 4664 1765 4719 Deus
1804 4663 2047 4734 adjuvat,

458 4772 586 4844 quid
617 4771 715 4828 sibi
754 4769 913 4834 velit,
945 4765 1014 4821 In
1041 4765 1198 4820 verbis
1228 4763 1325 4817 tuis
1359 4760 1589 4832 speravi,
1620 4757 1685 4813 In
1716 4758 1926 4829 judiciis
1954 4758 2053 4812 tuis

458 4862 828 4937 supessperavi.
860 4857 1189 4930 Respondebo
1209 4897 1222 4918 ,
1257 4854 1458 4924 inquit,
1487 4850 1902 4922 exprobrantibus
1931 4847 2055 4902 mihi

460 4960 684 5025 verbum,
705 4956 945 5029 quoniam
968 4949 1163 5022 speravi
1183 4948 1234 5001 in
1260 4946 1418 5001 verbis
1440 4945 1537 4999 tuis
1559 4959 1576 4998 :
1601 4942 1653 4997 id
1673 4949 1773 5008 est,
1802 4940 2052 5012 quoniam

460 5051 593 5110 mihi
622 5052 721 5106 hoc
746 5050 859 5121 ipse
888 5042 1195 5118 promisisti.
1224 5040 1289 5094 Et
1310 5056 1370 5094 ne
1395 5037 1596 5108 auferas
1621 5053 1682 5091 ex
1706 5052 1791 5090 ore
1811 5050 1917 5089 meo
1944 5050 2054 5088 ver—

436 5144 581 5239 ibum
622 5142 841 5197 veritatis
878 5155 1033 5209 usque
1067 5134 1240 5197 valde,
1270 5129 1505 5202 quoniam
1539 5128 1592 5182 in
1609 5127 1820 5198 judiciis
1848 5126 1944 5180 tuis
1968 5142 2056 5180 su-

742 5233 753 5239 -
832 5231 881 5239 .-
1217 5224 1228 5237 .
1356 5221 1366 5233 .
1419 5220 1538 5239 ,μμ
1587 5229 1667 5239 .---
1746 5218 1927 5239 ωτι---
1969 5232 2050 5239 ,η

465 5233 754 5307 persperavi
785 5248 803 5285 :
832 5231 885 5286 id
926 5240 1040 5297 est,
1069 5224 1319 5299 quoniam
1348 5220 1546 5292 judicia
1587 5229 1673 5273 tua
1693 5261 1708 5287 ,
1740 5218 1931 5288 quibus
1968 5232 2056 5271 me

463 5325 691 5395 corripis
732 5333 786 5379 et
822 5322 1089 5392 ﬂagellas,
1134 5332 1237 5371 non
1277 5316 1449 5369 solum
1498 5310 1627 5365 mihi
1671 5325 1772 5364 non
1808 5308 2056 5364 auferunt

464 5432 641 5488 spem,
667 5430 848 5470 verum
875 5419 1069 5483 augent
1091 5409 1251 5465 etiam
1277 5424 1290 5461 :
1317 5403 1563 5476 quoniam
1587 5416 1742 5472 quem
1764 5400 1931 5470 diligit
1952 5400 2056 5455 Do-

465 5509 645 5564 minus
680 5505 931 5575 corripit;
972 5503 1199 5573 ﬂagellat
1234 5508 1411 5554 autem
1446 5510 1658 5551 omnem
1700 5493 1861 5549 ﬂlium
1896 5508 2055 5564 quem

464 5602 659 5673 recipit
688 5598 883 5673 (Hebr.
924 5615 1028 5663 xu,
1060 5596 1151 5666 6).
1187 5595 1325 5651 Ecce
1353 5592 1495 5647 enim
1535 5588 1702 5646 sancti
1739 5597 1794 5644 et
1831 5586 2057 5643 humiles

464 5696 629 5752 eorde
659 5694 724 5750 de
757 5704 806 5749 te
835 5689 1223 5764 praesumendo,
1256 5688 1306 5743 in
1339 5684 1795 5757 persecutionibus
1822 5696 1929 5736 non
1957 5680 2053 5735 de-

464 5791 741 5853 fecerunt;
772 5802 899 5842 ecee
928 5785 1089 5840 etiam
1122 5781 1212 5854 qui
1244 5781 1311 5838 de
1344 5795 1401 5836 se
1438 5774 1807 5852 praesumendo
1841 5773 2052 5831 defece-

528 5901 604 5967 (a)
628 5912 797 5962 t.raec.,
814 5899 1037 5966 epelpisa.

1463 390 1855 449 ENARRATIO
1895 384 1957 440 ΙΝ
1997 381 2323 441 ρδΑιιιυιι
2360 380 2593 438 CXVIII.

3545 378 3684 435 1558

2098 504 2254 561 runt,
2299 502 2352 551 et
2393 503 2569 550 tamen
2609 490 2677 548 ad
2714 492 2886 564 ipsum
2924 505 3119 563 corpus
3157 491 3555 561 pertinuerunt,
3586 492 3686 548 sibi

2097 585 2480 643 innotescendo
2507 585 2801 653 ﬂeverunt,
2832 593 2889 640 et
2918 593 3061 639 tuam
3090 583 3313 655 gratiam
3352 582 3572 640 solidius
3608 584 3690 641 in~

2098 687 2377 742 venerunt,
2410 678 2531 750 quia
2558 694 2707 735 suam
2734 676 3035 748 superbiam
3067 675 3432 748 perdiderunt.
3464 677 3604 749 Ergo
3628 693 3692 734 ne

2100 775 2307 843 auferas
2342 787 2405 826 ex
2438 788 2526 827 ore
2552 787 2661 827 meo
2696 770 2898 826 verbum
2930 771 3150 827 veritatis
3176 786 3337 841 usque
3369 768 3546 838 valde,
3572 771 3695 842 quia

2100 864 2156 918 in
2175 864 2390 935 judiciis
2421 864 2518 918 tuis
2541 864 2911 935 supersperavi.

2175 956 2229 1012 4.
2262 954 2419 1029 [vers.
2448 954 2577 1029 ιι]
2609 952 2680 1009 Ει
2717 954 2998 1010 custodiam
3036 954 3194 1026 legem
3217 963 3356 1010 tuam
3376 958 3615 1026 semper:
3640 954 3694 1011 id

2107 1057 2216 1115 est,
2254 1048 2300 1104 si
2342 1064 2448 1105 non
2484 1048 2769 1104 abstuleris
2795 1063 2861 1103 ex
2887 1061 2982 1103 ore
3009 1061 3132 1102 meo
3166 1048 3385 1103 verbum
3426 1048 3693 1117 veritatis,

2109 1140 2389 1195 custodiam
2416 1141 2575 1212 legem
2610 1149 2748 1193 tuam
2780 1155 2994 1211 semper.
3021 1136 3089 1193 In
3114 1138 3356 1194 mulum
3378 1149 3424 1195 et
3451 1140 3505 1194 in
3531 1156 3693 1196 siccu-

2111 1238 2215 1291 lum
2242 1237 2414 1292 steculi
2439 1253 2459 1291 :
2482 1236 2718 1291 ostendit
2745 1234 2873 1305 quid
2898 1233 3125 1300 dixerit,
3154 1250 3369 1306 semper.
3401 1234 3701 1306 Aliquando

2110 1329 2308 1384 etenim
2337 1344 2534 1399 semper
2562 1326 2891 1396 intelligitur,
2922 1325 3188 1395 Quamdiu
3223 1325 3311 1382 hic
3346 1325 3575 1393 vivitur;
3607 1327 3703 1384 sed

2113 1419 2217 1477 hoc
2244 1436 2349 1475 non
2376 1428 2476 1485 est,
2505 1420 2558 1473 in
2586 1417 2830 1474 sarculum
2854 1427 2901 1472 et
2923 1419 2977 1473 in
2999 1418 3245 1473 steculum
3268 1419 3442 1473 δαίσαιὶ
3468 1434 3488 1473 :
3515 1417 3704 1475 melius

2112 1512 2308 1582 quippe
2336 1512 2407 1565 ita
2437 1510 2843 1580 interpretatum
2869 1517 2972 1578 est,
3001 1524 3180 1580 quam,
3211 1510 3350 1565 sicut
3371 1510 3587 1581 quidam
3613 1525 3707 1568 co-

2115 1602 2261 1659 dices
2304 1603 2535 1669 habent,
2561 1603 2616 1657 in
2652 1611 2965 1657 aeternumet
2996 1605 3050 1655 in
3080 1601 3322 1657 siccatum
3347 1603 3555 1668 siccati;
3581 1603 3707 1676 quia

2116 1709 2223 1749 non
2250 1703 2538 1765 potuerunt
2561 1694 2764 1760 dicere,
2791 1703 2845 1749 et
2873 1694 2925 1748 in
2952 1702 3209 1749 aeternum
3236 1694 3441 1749 aeterni.
3469 1694 3581 1749 Lex
3605 1696 3708 1749 ita-

2116 1802 2222 1857 que
2249 1788 2348 1843 ista
2382 1785 2719 1858 intelligenda
2745 1794 2829 1841 est
2851 1786 2919 1841 de
2944 1801 3046 1856 qua
3074 1785 3203 1841 dicit
3231 1786 3515 1855 Apostolus
3535 1828 3551 1854 ,
3580 1784 3708 1841 Ple-

2119 1879 2297 1934 nitudo
2324 1879 2447 1949 legis
2471 1878 2693 1932 charitas
2716 1878 2893 1949 (Rom.
2925 1892 3043 1941 xm,
3072 1875 3186 1947 10).
3218 1876 3343 1933 Βίης
3367 1878 3508 1932 enim
3536 1892 3565 1931 a
3591 1893 3713 1935 sar.-

2120 1972 2220 2027 ctis
2243 2012 2258 2037 ,
2290 1986 2515 2041 quorum
2545 1985 2609 2026 ex
2645 1985 2739 2025 ore
2777 1985 2881 2024 non
2916 1967 3157 2025 aufertur
3181 1968 3401 2024 verbum
3440 1968 3712 2038 veritatis,

2123 2066 2225 2120 hoc
2264 2075 2374 2131 est,
2420 2063 2488 2118 ab
2528 2064 2640 2133 ipsa
2684 2061 2882 2118 Christi
2924 2061 3165 2117 Ecclesia
3206 2061 3565 2129 custodietur,
3609 2078 3716 2121 non

2124 2156 2295 2210 solum
2325 2156 2379 2210 in
2409 2156 2511 2210 hoc
2538 2155 2817 2222 sarculum,
2843 2153 2894 2208 id
2922 2162 3022 2220 est,
3050 2153 3225 2210 donec
3251 2154 3463 2210 ﬂniatur
3488 2155 3591 2212 hoc
3617 2172 3718 2213 sre—

2124 2249 2335 2315 culum;
2358 2247 2451 2303 sed
2470 2248 2629 2302 etiam
2653 2246 2704 2300 in
2730 2248 2975 2311 alterum,
3000 2246 3141 2317 quod
3164 2246 3461 2317 appellatur
3479 2248 3720 2304 swculum

2125 2340 2320 2395 swculi.
2360 2339 2542 2409 Neque
2570 2338 2713 2394 enim
2749 2346 3013 2407 praecepta
3043 2337 3175 2408 legis
3196 2378 3210 2403 ,
3241 2338 3379 2393 sicut
3413 2338 3532 2404 hic,
3560 2340 3721 2397 etiam

2128 2432 2202 2487 ibi
2228 2431 2497 2501 accepturi
2529 2446 2714 2485 sumus
2739 2444 2859 2499 qua:
2888 2429 3278 2494 custodiamus,
3306 2428 3402 2484 sed
3437 2430 3606 2502 ipsam
3639 2431 3720 2487 le-

2128 2526 2244 2596 gis,
2275 2532 2328 2579 ut
2353 2525 2491 2592 dixi,
2527 2523 2915 2595 plenitudinem
2946 2522 3063 2578 sine
3100 2522 3211 2578 ullo
3244 2523 3497 2593 peccandi
3533 2524 3723 2582 timore

2130 2615 2461 2672 servabimus
2494 2634 2506 2668 :
2538 2615 2661 2685 quia
2689 2623 2743 2670 et
2772 2615 2939 2669 Deum
2979 2613 3217 2684 plenius,
3247 2629 3369 2670 cum
3396 2614 3684 2672 viderimus
3704 2657 3722 2683 ,

2131 2707 2457 2771 amabimus,
2502 2713 2558 2760 et
2591 2706 2927 2777 proximum,
2970 2704 3093 2776 quia
3138 2706 3280 2762 Deus
3317 2707 3420 2762 erit
3454 2708 3632 2763 omnia
3670 2707 3727 2766 in”

2132 2800 2380 2854 omnibus
2400 2799 2452 2871 (Ι
2476 2796 2593 2854 Cor.
2620 2816 2709 2867 xv,
2736 2798 2864 2870 28);
2894 2813 2991 2854 nec
3009 2797 3158 2854 falsa:
3182 2798 3428 2870 cuiquam
3451 2800 3519 2857 de
3544 2801 3729 2871 proxi-

2133 2906 2223 2948 mo
2246 2891 2533 2961 suspicioni
2562 2892 2665 2947 erit
2689 2892 2837 2947 locus
2855 2933 2870 2956 ,
2902 2891 2990 2946 ubi
3022 2892 3198 2947 nullus
3220 2891 3313 2948 ulli
3339 2895 3443 2949 erit
3467 2896 3728 2952 occultus.

2756 2996 2930 3037 SEBIO
2967 2998 3076 3036 χιν.
3138 3018 3145 3025 -

2211 3078 2261 3131 1.
2286 3073 2436 3149 [vers.
2463 3074 2580 3147 45.]
2604 3073 2919 3145 Superiores
2940 3088 3127 3130 versus
3152 3074 3341 3144 prolixi
3364 3076 3553 3147 psalmi
3574 3076 3734 3148 hujus

2139 3170 2434 3224 orationem
2465 3167 2691 3233 habent;
2720 3167 2774 3222 hi
2795 3176 2972 3222 autem
2994 3166 3086 3237 qui
3109 3176 3420 3238 sequuntur,
3445 3169 3514 3226 de
3537 3170 3735 3242 quibus

2142 3278 2283 3318 nunc
2322 3260 2701 3332 disputandum
2741 3269 2853 3327 est,
2902 3260 3283 3317 narrationem.
3328 3261 3549 3319 Petebat
3588 3264 3735 3321 enim

2143 3358 2305 3412 homo
2329 3356 2423 3411 Dei
2448 3356 2691 3427 superius
2723 3353 3043 3425 adjutorium
3074 3355 3256 3426 gratias
3286 3355 3412 3425 Dei,
3438 3371 3560 3413 cum
3586 3356 3739 3415 dice-

2142 3452 2251 3519 bat,
2281 3450 2346 3506 In
2375 3460 2464 3505 tua
2486 3451 2687 3523 iustitia
2717 3450 2916 3519 viviﬁca
2946 3466 3061 3518 me;
3086 3459 3135 3505 et
3158 3452 3323 3506 veniat
3354 3468 3507 3525 super
3534 3469 3612 3508 me
3637 3455 3740 3509 mi-

2143 3545 2417 3603 sericordia
2451 3553 2573 3607 tua,
2611 3542 2828 3598 Domine
2854 3559 2873 3598 :
2897 3551 2952 3599 et
2978 3543 3079 3599 alia
3119 3544 3312 3601 similia
3350 3544 3437 3601 vel
3467 3560 3626 3617 supra
3652 3549 3743 3606 vel

2144 3638 2299 3693 infra.
2328 3636 2479 3693 Nunc
2507 3646 2684 3693 autem
2710 3635 2839 3692 dicit
2870 3653 2884 3691 :
2912 3635 2981 3691 Et
3014 3637 3332 3693 antbulabam
3360 3639 3411 3694 in
3437 3639 3739 3709 latitudine,

2145 3734 2383 3803 quoniam
2410 3732 2652 3787 mandata
2681 3740 2768 3785 tua
2796 3731 3059 3803 exquisivi.
3090 3730 3161 3785 Et
3186 3730 3422 3803 loquebar
3444 3732 3497 3786 in
3520 3734 3743 3790 testimo-

2147 3826 2245 3879 niis
2281 3825 2379 3878 tuis
2416 3825 2470 3877 in
2508 3831 2777 3895 conspectu
2813 3839 3024 3893 regum,
3054 3830 3103 3876 et
3142 3838 3243 3876 non
3277 3822 3640 3891 confundebar.
3672 3823 3744 3880 Et

2148 3916 2427 3971 meditabar
2446 3917 2498 3971 in
2523 3914 2775 3970 mandatis
2803 3914 2921 3979 tuis,
2947 3929 3059 3985 quat
3082 3913 3258 3969 dilexi.
3286 3912 3355 3967 Et
3382 3914 3539 3970 levavi
3562 3932 3743 3974 manus

2150 4022 2285 4061 meas
2310 4006 2378 4060 ad
2406 4005 2645 4060 mandata
2670 4013 2778 4073 tua,
2804 4019 2916 4076 quia
2941 4003 3131 4069 dilexi;
3159 4012 3208 4058 et
3229 4003 3495 4061 exercebar
3518 4006 3571 4060 in
3588 4007 3743 4079 justi-

2152 4097 2467 4166 ﬂcatiom'btts
2495 4097 2615 4151 tuis.
2638 4095 2741 4152 Ubi
2767 4095 3033 4151 narrantis
3058 4093 3220 4151 verba
3246 4105 3390 4164 sunt,
3420 4111 3527 4155 non
3557 4107 3746 4169 peten-

2151 4190 2254 4257 tis;
2282 4190 2445 4256 velut,
2474 4190 2770 4261 impetratis
2790 4204 2907 4260 quae
2932 4188 3212 4260 petiverat,
3234 4189 3551 4247 confiteatur
3574 4191 3628 4248 in
3649 4192 3745 4250 Dei

2153 4282 2396 4339 laudibus
2424 4282 2631 4354 qualem
2676 4282 2825 4338 illum
2864 4281 3060 4339 fecerat
3099 4282 3460 4340 misericordia
3499 4284 3745 4357 Domini,

2153 4393 2313 4455 quam
2344 4392 2506 4447 super
2532 4391 2595 4433 se
2627 4375 2812 4432 venire
2852 4383 3185 4446 poposcerat.
3225 4373 3413 4448 Neque
3447 4377 3592 4434 enim
3633 4379 3751 4438 haec

2154 4475 2227 4531 ita
2265 4469 2626 4544 superioribus
2660 4467 2967 4539 conjunxit,
2997 4474 3055 4522 ut
3083 4466 3320 4536 diceret,
3350 4468 3417 4525 Et
3445 4485 3515 4527 ne
3537 4470 3751 4529 auferas

2155 4587 2221 4629 ex
2244 4585 2340 4626 ore
2363 4582 2485 4624 meo
2510 4564 2731 4621 verbum
2756 4562 2997 4621 veritatis
3022 4580 3189 4635 usque
3216 4564 3372 4623 valde
3390 4608 3406 4635 ,
3436 4566 3559 4637 quia
3584 4567 3640 4623 in
3662 4568 3752 4639 ju-

2155 4662 2309 4719 diciis
2353 4659 2457 4715 tuis
2498 4655 2904 4727 supersperavi,
2948 4654 3017 4710 Et
3057 4655 3352 4711 custodiam
3394 4656 3564 4727 legem
3602 4667 3750 4717 tuam

2158 4771 2391 4827 semper,
2420 4754 2473 4808 in
2500 4751 2753 4808 saeculum
2778 4759 2834 4807 et
2865 4748 2921 4804 in
2957 4748 3209 4804 szeculum
3236 4748 3438 4815 saeculi,
3465 4749 3534 4804 Et
3559 4750 3752 4807 ambu-

2156 4850 2280 4906 labo
2313 4849 2365 4903 in
2401 4845 2699 4912 latitudine,
2728 4843 2849 4915 quia
2876 4840 3123 4898 mandata
3152 4850 3240 4894 tua
3265 4838 3540 4909 exquisivi,
3572 4840 3641 4897 Et
3668 4841 3751 4898 lo-

2158 4957 2292 5014 quar
2316 4941 2370 4997 in
2404 4936 2721 4995 testimoniis
2752 4935 2855 4991 tuis
2889 4933 2940 4988 in
2980 4940 3269 5002 conspectu
3306 4945 3487 5003 regum
3509 4973 3525 5000 ,
3554 4941 3608 4988 et
3644 4948 3753 4991 non

2159 5034 2482 5100 confundar;
2510 5044 2565 5090 et
2590 5038 2782 5087 caetera
2814 5030 2917 5084 isto
2942 5026 3131 5093 modo;
3162 5025 3240 5081 sic
3263 5025 3404 5082 enim
3430 5025 3643 5083 videtur
3667 5046 3753 5087 se-

2160 5128 2373 5200 quentia
2405 5122 2826 5198 prtecedentibus
2855 5120 3101 5175 debuisse
3130 5127 3451 5175 connectere
3481 5136 3493 5172 :
3524 5120 3619 5176 sed
3652 5123 3751 5191 ait,

2161 5223 2230 5279 Et
2254 5220 2573 5277 ambulabant
2594 5218 2647 5271 in
2671 5213 2955 5271 latitudine.
2980 5210 3080 5268 Ubi
3104 5211 3400 5281 copulativa
3421 5212 3751 5283 cenjunctio,

2161 5315 2215 5371 id
2250 5325 2365 5382 est,
2403 5312 2499 5376 Et,
2527 5310 2669 5365 velut
2707 5309 3098 5375 inconsequens
3134 5303 3305 5374 posita
3347 5314 3455 5369 est;
3490 5306 3612 5376 quia
3646 5321 3755 5364 non

2161 5409 2254 5475 ait,
2287 5407 2356 5462 Et
2380 5401 2683 5465 ambulabo,
2720 5396 2988 5469 quomodo
3017 5395 3247 5462 dicebat,
3280 5395 3346 5451 Et
3370 5398 3649 5452 custodiam
3677 5398 3753 5453 le-

2161 5517 2274 5573 gem
2305 5508 2443 5552 tuam
2470 5491 2823 5565 semperJut
2850 5500 2995 5545 certe
3023 5488 3066 5543 si
3097 5488 3336 5559 optativo
3370 5489 3528 5544 modo
3552 5487 3755 5546 dictum

2161 5602 2274 5661 est,
2306 5588 2598 5648 Custodiam
2635 5586 2793 5658 legem
2833 5592 3005 5649 tuam;
3032 5596 3138 5637 non
3172 5582 3279 5647 ait,
3308 5581 3375 5636 Et
3406 5579 3672 5635 ambulem
3699 5582 3754 5636 in

2162 5683 2473 5751 latitudine,
2499 5679 2649 5752 quasi
2676 5674 2957 5748 uirumque
2984 5673 3281 5745 optaverit,
3313 5680 3367 5728 et
3404 5673 3707 5742 p0poscerit
3737 5690 3751 5728 :

2161 5778 2259 5837 sed
2287 5779 2381 5846 ait,
2415 5776 2481 5831 Et
2505 5772 2824 5830 ambulabant
2852 5770 2905 5824 in
2933 5766 3215 5822 latitudine.
3245 5764 3345 5820 Ubi
3376 5764 3417 5818 si
3448 5763 3757 5835 eonjunctio

2164 5874 2265 5934 ista
2292 5887 2402 5930 non
2435 5879 2610 5939 esset,
2644 5866 2739 5925 sed
2773 5880 2803 5921 a
2843 5860 3171 5932 superiorum
3213 5856 3544 5916 connexione
3586 5858 3754 5921 libera
