4188 6444
576 245 711 306 1539

549 1014 740 1069 caetera
767 1022 885 1079 quae
916 1008 1017 1065 isto
1047 1010 1205 1081 tundo
1230 1011 1368 1081 dicta
1398 1015 1689 1085 contexuit.

614 1096 666 1165 2.
701 1094 838 1171 Quid
866 1108 947 1171 est
974 1098 1149 1173 igitur,
1178 1099 1242 1155 Et
1273 1102 1590 1171 aptbulubam
1616 1106 1667 1173 in
1697 1107 1982 1177 latitudine,
2016 1112 2136 1178 nisi,

541 1188 879 1257 :unliulabam
923 1190 976 1259 in
1015 1191 1306 1265 charitate,
1335 1211 1451 1264 quq:
1478 1197 1666 1273 dilfusq
1699 1211 1780 1271 est
1812 1202 1860 1275 in
1891 1203 2139 1269 cordibus

540 1279 736 1347 nostris
782 1296 875 1359 per
921 1280 1176 1355 Spiritum
1230 1295 1470 1357 sanctum
1524 1289 1613 1363 qui
1660 1290 1813 1353 datus
1857 1304 1939 1355 est
1986 1297 2137 1367 nobis

548 1371 723 1459 (Ιξοηι.
745 1387 808 1459 Av,
841 1372 935 1445 Si)?
964 1374 1016 1425 ln
1050 1373 1148 1441 hac
1179 1375 1453 1449 latitudine
1483 1379 1785 1451 ambulabat
1816 1384 1903 1457 ille
1929 1387 2016 1457 qui
2050 1388 2132 1459 di-

537 1453 709 1521 cebat,
735 1450 802 1508 0s
829 1466 1051 1507 nostrum
1073 1468 1207 1529 pater
1232 1460 1299 1511 ad
1321 1476 1424 1529 vos,
1449 1479 1477 1525 ο
1501 1462 1743 1535 Corinthii
1758 1484 1774 1529 ;
1798 1452 2130 1539 cor'nostrum

537 1546 800 1615 dilatatam
824 1558 895 1601 est
1014 1550 1125 1603 Cor.
1159 1568 1225 1617 γι,
1260 1552 1366 1622 il).
1396 1553 1517 1609 lltec
1543 1564 1720 1613 autem
1746 1560 1974 1629 Charitas
2001 1562 2132 1639 duo-

531 1635 629 1692 bus
656 1640 759 1701 illis
790 1642 1051 1713 mandatis
1081 1652 1184 1707 tota
1217 1654 1374 1725 atque
1405 1647 1604 1725 integra
1637 1653 1960 1723 continetur,
1992 1635 2128 1725 dile-

530 1730 707 1789 ctione
738 1731 941 1799 scilicet
982 1733 1103 1805 Dei,
1135 1744 1188 1795 et
1224 1722 1521 1809 dilectione
1555 1741 1814 1817 proximi,
1852 1722 2126 1817 inquibus

530 1830 637 1876 tota
670 1820 779 1876 Lex
806 1823 999 1895 pendet
1025 1834 1075 1878 et
1107 1825 1385 1911 Propheta:
1414 1816 1624 1903 (Matth.
1656 1848 1791 1899 xxii,
1964 1822 2125 1901 (Unde

527 1920 582 1966 et
613 1911 696 1981 hic
726 1927 843 1979 cum
872 1914 1111 1987 dixisset,
1143 1913 1210 1985 Et
1240 1918 1559 1987 ambulabant
1591 1922 1641 1979 in
1668 1911 1971 1991 latitudine;
2002 1942 2127 1993 cau-

524 2019 639 2058 sam
670 2004 946 2075 subjnnxit
974 2015 1133 2077 atque
1164 2007 1265 2077 ait,
1300 2006 1431 2073 Quia
1472 2011 1710 2079 mandata
1746 2024 1829 2083 tua
1861 2018 2119 2087 exquisivi.

524 2095 777 2172 Nonnulli
827 2108 1003 2163 autem
1052 2098 1262 2171 codices
1310 2116 1412 2153 non
1466 2101 1662 2169 habent
1708 2106 1979 2172 mandata,
2026 2108 2120 2167 sed

523 2166 840 2252 testimonia;
887 2187 979 2253 scd
1024 2189 1263 2259 mandata
1302 2191 1354 2257 in
1401 2192 1638 2263 pluribus
1690 2192 2023 2263 invenimus,
2068 2208 2121 2253 et

524 2280 755 2351 maxime
786 2281 971 2351 graecis
1000 2298 1010 2332 :
1042 2282 1123 2335 cui
1154 2282 1343 2354 linguze
1374 2292 1617 2355 tanquam
1649 2288 1989 2369 prarcedenti,
2016 2308 2115 2345 un-

520 2369 588 2426 de
618 2371 683 2443 ad
714 2386 809 2443 nos
840 2372 937 2449 ista
969 2373 1217 2445 translata
1240 2369 1406 2441 sunt,
1442 2377 1607 2447 magis
1638 2378 1960 2433 credendmu
1994 2397 2113 2438 esse

516 2464 634 2538 quis
675 2464 939 2536 ambigat?
979 2465 1033 2521 Si
1077 2482 1201 2536 ergo
1246 2474 1383 2543 scire
1426 2469 1671 2529 volumus
1701 2474 1966 2541 quomodo
1998 2474 2113 2531 hzec

514 2544 759 2629 mandata
802 2552 1099 2637 qnmsierit,
1132 2560 1211 2619 vel
1249 2560 1531 2630 quterenda
1564 2562 1703 2628 sint,
1737 2562 1861 2617 illud
1900 2565 2108 2620 intuea-

512 2662 633 2719 rnur
660 2648 800 2719 quod
831 2648 959 2703 dicit
996 2650 1247 2723 magister
1277 2651 1445 2705 bonus
1465 2693 1477 2717 ,
1509 2662 1563 2727 et
1592 2652 1798 2721 doctor,
1831 2665 1883 2711 et
1913 2658 2064 2712 dator
2093 2677 2105 2713 :

510 2735 706 2805 Petita,
739 2750 784 2809 et
822 2740 1107 2817 accipietis;
1139 2744 1371 2821 quieritc,
1405 2754 1448 2797 et
1481 2745 1770 2813 invenietis;
1802 2749 2026 2818 pulsate,
2062 2762 2109 2805 et

508 2830 760 2899 aperietur
798 2832 952 2885 vobis.
996 2832 1059 2903 Et
1099 2834 1255 2907 paulo
1301 2844 1413 2903 post
1451 2852 1461 2886 :
1499 2834 1559 2889 Si
1597 2852 1712 2906 ergo
1752 2854 1873 2905 vos,
1904 2840 2103 2915 inquit,

508 2937 622 2973 cum
648 2920 755 2974 silis
782 2923 919 2984 muli,
947 2923 1103 2975 nostis
1126 2922 1254 2975 bona
1277 2922 1396 2976 data
1420 2924 1540 2977 dare
1562 2922 1680 2993 ﬁliis
1702 2930 1896 2991 vestris;
1918 2942 2105 2999 quanto

506 3015 665 3085 magis
690 3013 841 3071 Pater
868 3025 1023 3071 vester
1045 3016 1131 3088 qui
1156 3016 1204 3069 in
1233 3017 1367 3087 (telis
1394 3028 1483 3085 est,
1510 3019 1644 3071 dabit
1671 3020 1801 3073 bona
1825 3026 2102 3099 petentibus

504 3123 559 3159 se
589 3104 701 3177 (Id.
732 3123 821 3171 vn,
850 3107 899 3173 7,
936 3106 1056 3177 il)?
1084 3106 1181 3183 Ubi
1218 3108 1488 3181 evidenter
1524 3110 1754 3167 ostendit
1779 3113 1917 3183 quod
1946 3114 2097 3170 dixe-

501 3209 604 3266 rat,
637 3198 817 3271 Petito,
846 3201 1066 3275 quaerite,
1100 3202 1315 3275 pulsate,
1348 3202 1555 3255 nonnisi
1586 3202 1650 3257 ad
1690 3190 1964 3274 poscendi,
1998 3208 2098 3263 hoc

499 3300 601 3355 est,
634 3292 816 3346 orandi
849 3291 1151 3351 instantiam
1186 3295 1468 3363 pertinere.
1500 3294 1650 3349 Alius
1688 3310 1844 3365 porro
1870 3313 2098 3370 evange-

498 3381 617 3442 lista
648 3399 751 3436 non
789 3383 881 3447 ait,
914 3382 1059 3435 Dabit
1088 3370 1215 3435 bona
1245 3385 1520 3453 petentibus
1546 3402 1615 3449 se,
1645 3402 1761 3455 qua:
1794 3388 2095 3457 multiplici-

498 3484 579 3545 ter
620 3485 840 3544 possunt
880 3476 1127 3547 intelligi,
1159 3477 1238 3530 vel
1277 3477 1604 3549 corporalia,
1638 3479 1719 3532 vel
1760 3481 2087 3549 Spiritualia;

498 3542 591 3622 Sed
618 3542 948 3619 circumcidit
985 3556 1105 3619 inde
1134 3566 1232 3619 alia
1252 3609 1264 3633 ,
1295 3568 1527 3639 satisque
1558 3568 1839 3638 diligenter
1866 3587 2085 3645 expres-

495 3658 565 3715 sit
591 3658 717 3729 quid
749 3674 846 3712 nos
874 3657 1215 3731 vehementer
1248 3667 1402 3727 atque
1440 3659 1698 3714 instanter
1726 3662 1948 3717 voluerit
1987 3680 2083 3733 po-

492 3765 646 3806 scere
677 3750 929 3804 Dominus
951 3792 963 3814 ,
998 3760 1048 3803 et
1077 3750 1149 3802 ait
1177 3766 1188 3802 :
1223 3748 1420 3813 Quanto
1458 3751 1617 3821 magis
1656 3749 1812 3806 Pater
1843 3765 1999 3809 vester
2026 3757 2089 3810 de

493 3846 615 3901 caelo
642 3843 777 3911 dabit
808 3844 1055 3915 Spiritum
1084 3843 1265 3911 bonum
1294 3844 1571 3912 petentibus
1600 3861 1649 3898 se
1675 3844 1821 3915 (Luc.
1858 3864 1930 3913 xl,
1963 3848 2086 3920 15)?

491 3935 586 4005 llic
618 3944 699 3990 est
731 3936 818 4003 ille
846 3935 1075 4005 Spiritus
1118 3952 1211 4005 per
1241 3950 1396 4011 quem
1430 3936 1740 3991 diffunditur
1768 3938 1997 4007 Charitas
2032 3941 2083 3996 in

488 4028 739 4084 cordibus
779 4028 1007 4092 nostris,
1052 4036 1110 4081 ut
1154 4012 1317 4081 Deum
1368 4028 1772 4099 proximumque
1817 4030 2082 4101 diligendo

1846 262 1901 317 S.
1948 254 2308 324 AUGUSTINI
2339 268 2640 330 EPISCOPI

562 363 848 419 inferretur
870 371 923 419 et
951 366 1119 421 soluta
1156 369 1418 424 sententia
1436 410 1452 434 ,
1477 370 1817 427 ‘Ambulabam
1842 376 1893 428 in
1930 377 2161 433 latitudi-

561 472 622 511 ne
640 474 659 523 ;
687 457 818 515 nihil
844 454 910 514 de
936 460 1187 521 inusitato
1217 462 1467 531 loquendi
1502 465 1659 529 modo
1688 467 1773 523 hic
1800 468 2020 527 deberet
2049 490 2164 529 mo-

559 566 684 621 vere
714 551 1001 619 lectorem,
1034 562 1083 617 ut
1114 554 1354 619 occultus
1388 572 1576 621 sensus
1602 561 1919 629 qua:rendus
1946 562 2034 618 hic
2059 566 2157 620 ali-

559 643 678 713 quis
703 652 995 713 putaretur,
1032 644 1290 709 Nimirum
1319 662 1447 717 ergo
1475 649 1615 718 quod
1644 666 1748 707 non
1774 652 1905 711 dixit
1935 656 2153 727 intelligi

554 732 750 803 voluit,
784 732 836 789 id
875 743 985 801 est,
1018 735 1323 809 exauditam
1365 754 1423 799 se
1463 737 1663 807 fuisse;
1692 757 1757 807 ac
1793 743 1987 801 deinde
2022 748 2149 805 sub-

544 821 721 891 junxit
745 825 914 892 qualis
942 824 1111 880 factus
1134 828 1288 882 fuerit
1316 848 1328 882 :
1356 838 1604 903 tanquam
1633 832 1852 899 diceret,
1881 836 2006 897 Hice
2027 854 2146 895 cum

546 928 776 983 orarem,
806 915 1067 989 eraudisti
1100 934 1205 987 tuo,
1237 917 1302 987 Et
1337 921 1655 991 ambulabant
1685 926 1739 993 in
1767 926 2065 997 latitudine;
2091 940 2145 987 et

3728 298 3866 359 1550

2340 384 2393 439 3.
2434 385 2581 457 [vei-3.
2608 387 2723 461 ἀεὶ]
2762 388 2832 445 Et
2854 392 3109 463 loquebar,
3143 397 3331 470 inquit,
3360 402 3411 458 in
3441 406 3750 465 testimoniis
3771 414 3865 467 ιιιὶδ

2264 474 2316 529 in
2346 490 2609 546 conspectu
2636 497 2836 552 regum,
2874 496 2918 539 et
2946 504 3045 543 non
3073 494 3416 560 confundebar
3441 514 3459 552 :
3486 508 3748 571 tanquam
3780 508 3866 569 ille

2260 569 2348 636 qui
2383 573 2601 639 petierat
2630 583 2683 630 et
2709 589 2985 647 acceperat
3007 622 3020 646 ,
3055 592 3111 637 ut
3141 589 3486 656 responderet
3514 569 3863 665 exprobran-

2259 660 2398 715 tibus
2424 662 2523 721 sibi
2556 666 2770 723 verbum
2793 710 2808 737 ,
2836 679 2890 726 et
2915 687 3021 737 non
3051 674 3350 739 auferretur
3374 697 3441 739 ex
3465 699 3558 741 ore
3588 660 3715 758 ejus
3741 706 3861 747 ver-

2252 750 2377 808 bum
2422 758 2673 813 veritatis.
2714 760 2895 831 Itaque
2923 779 3021 835 pro
3056 767 3144 822 illa
3178 785 3343 841 usque
3370 774 3438 839 ad
3467 750 3709 834 mortem
3740 797 3859 839 cer-

2250 852 2404 912 tans,
2452 862 2551 905 nec
2600 851 2650 905 in
2694 866 2982 923 conspectu
3027 873 3211 929 regum
3258 862 3696 931 confundebatur
3742 887 3856 935 eam

2246 935 2409 1006 loqui.
2446 938 2766 1006 Testimonia
2794 946 3007 1018 quippe,
3040 949 3094 1003 in
3123 950 3313 1021 quibus
3341 954 3470 1011 dicit
3495 960 3644 1029 quod
3675 961 3857 1034 loque-

2243 1028 2401 1089 batur
2423 1071 2437 1097 ,
2478 1046 2649 1101 graece
2681 1040 2927 1108 martyria
2961 1056 3364 1115 nuncupantur;
3403 1028 3714 1119 quorverho
3737 1028 3844 1124 iam

2246 1122 2440 1178 utimur
2472 1141 2566 1193 pro
2594 1127 2775 1183 latino.
2816 1130 2968 1189 Unde
2996 1133 3192 1201 dictum
3223 1149 3305 1193 est
3331 1141 3489 1203 etiam
3520 1122 3851 1204 vocabulum

2240 1211 2530 1283 Martyrum
2556 1258 2569 1283 ,
2608 1219 2797 1288 quibus
2830 1225 3070 1290 prtrdixit
3096 1226 3251 1284 Jesus
3287 1233 3425 1301 quod
3455 1243 3507 1291 et
3536 1248 3675 1305 ante
3703 1253 3852 1311 reges

2239 1320 2359 1359 cum
2394 1304 2600 1362 fuerant
2627 1311 2921 1367 confessuri
2952 1316 3159 1386 (Matth.
3194 1337 3245 1384 ιι,
3280 1322 3389 1393 18).

2309 1396 2361 1453 4.
2407 1395 2555 1469 [v.ers.
2584 1400 2672 1466 47,
2705 1401 2821 1475 48.]
2865 1404 2928 1459 Et
2956 1409 3252 1478 meditabar,
3288 1413 3471 1487 inquit,
3509 1419 3557 1470 in
3586 1422 3849 1491 mandatis

2236 1489 2355 1557 tuis,
2384 1507 2496 1559 qua:
2525 1492 2704 1561 dilexi,
2740 1505 2785 1565 et
2815 1498 2971 1559 levavi
3001 1516 3177 1565 uiantis
3205 1521 3338 1577 nicas
3363 1508 3430 1560 ad
3456 1512 3714 1577 mandatu
3740 1523 3845 1582 tua,

2233 1596 2346 1647 qua:
2386 1582 2542 1635 dilexi
2572 1600 2589 1637 :
2617 1586 2763 1652 sive,
2808 1588 2947 1659 quod
2993 1594 3231 1661 nonnulli
3279 1597 3490 1669 codices
3535 1602 3751 1669 habent
3795 1607 3845 1665 iu

2233 1681 2458 1744 utroque
2489 1690 2662 1744 versu,
2695 1678 2850 1734 dilexi
2876 1681 3039 1749 valde,
3065 1693 3155 1755 aut
3180 1686 3349 1755 nimis,
3374 1699 3461 1759 aut
3482 1692 3838 1763 vehementer,

2229 1764 2365 1825 sicut
2401 1766 2733 1837 interpretari
2773 1772 2967 1842 placuit
3010 1777 3149 1844 quod
3186 1796 3357 1849 graece
3394 1782 3592 1855 dicitur
3638 1794 3836 1861 ᾳφρὃα.

2229 1855 2469 1923 Mandata
2498 1875 2625 1933 ergo
2651 1862 2745 1919 Dei
2771 1863 2957 1921 dilexit
2989 1883 3083 1938 per
3109 1870 3210 1935 hoc
3236 1887 3328 1943 per
3353 1878 3493 1944 quod
3514 1855 3837 1947 ambulabat

2230 1946 2282 2005 in
2309 1949 2615 2031 latitudine;
2637 1968 2729 2022 per
2751 1955 3006 2025 Spiritum
3027 1961 3231 2033 scilicet
3251 1975 3489 2031 sanctum
3510 2009 3523 2033 ,
3547 1985 3659 2040 per
3680 1952 3836 2045 quem

2225 2040 2437 2097 dilectio
2465 2044 2575 2114 ipsa
2603 2045 2935 2115 dill'unditur,
2968 2062 3021 2106 et
3047 2053 3230 2125 dilatat
3255 2056 3417 2125 corda
3447 2040 3719 2131 fidelium:
3753 2066 3833 2120 Di—

2223 2130 2351 2188 lexit
2378 2146 2553 2190 autem
2576 2178 2589 2201 ,
2625 2146 2678 2192 et
2704 2140 2985 2210 cogitando
3015 2152 3067 2197 et
3095 2148 3387 2221 operando.
3415 2130 3563 2223 Nam
3581 2130 3740 2225 quod
3768 2158 3829 2229 ad

2221 2226 2595 2295 cogitationem
2633 2232 2896 2300 pertinet,
2941 2235 3014 2301 ait
3036 2275 3050 2301 ,
3086 2236 3153 2291 Et
3180 2239 3454 2301 meditabar
3482 2243 3533 2296 in
3562 2226 3829 2319 mandatu

2218 2318 2316 2371 tuis
2350 2334 2367 2370 :
2395 2319 2536 2390 quod
2579 2332 2754 2379 autem
2799 2324 2865 2380 ad
2904 2330 3270 2396 Operationem
3298 2373 3312 2400 ,
3347 2332 3412 2387 Et
3443 2335 3605 2403 levavi
3642 2318 3826 2413 manus

2216 2428 2353 2465 meas
2374 2412 2441 2466 ad
2462 2415 2699 2471 mandata
2719 2426 2823 2471 tua.
2849 2418 3066 2490 Utrique
3088 2432 3263 2481 autem
3283 2429 3559 2499 sententia:
3579 2412 3821 2503 addidit,

2213 2518 2326 2570 quae
2355 2504 2508 2559 dilexi
2535 2521 2553 2560 :
2577 2508 2695 2565 finis
2732 2509 2872 2563 enim
2912 2515 3159 2584 prmcepti
3187 2526 3268 2573 est
3297 2516 3527 2589 citat-itas
3551 2520 3625 2591 de
3654 2525 3821 2597 corde

2212 2610 2346 2669 puro
2375 2595 2417 2668 (ι
2447 2595 2579 2660 Tim,
2612 2614 2649 2664 ι,
2678 2600 2755 2669 5).
2786 2600 3008 2669 Quando
3039 2606 3138 2663 isto
3171 2606 3295 2679 line,
3330 2609 3379 2663 id
3409 2621 3509 2683 est,
3543 2612 3716 2689 huqu

2211 2689 2658 2763 contemplatione
2690 2690 2747 2751 tit
2777 2694 3080 2753 mandatum
3109 2697 3200 2755 Dei
3225 2740 3241 2765 ,
3279 2708 3401 2757 tunc
3431 2703 3485 2769 lit
3515 2720 3647 2775 vere
3674 2722 3814 2787 opus

2209 2778 2439 2846 bonum;
2471 2791 2525 2838 et
2568 2792 2692 2839 tunc
2723 2785 2959 2841 levahtur
2986 2804 3175 2853 manus
3202 2832 3215 2856 ,
3248 2795 3368 2867 quia
3400 2778 3815 2877 supernutpweqt

2210 2888 2314 2942 quo
2356 2874 2613 2931 levantur.
2660 2878 2948 2951 Propterea
2985 2883 3051 2939 de
3090 2885 3201 2957 ipsa
3241 2887 3497 2963 Charilatc
3524 2874 3811 2969 locuturus

2205 2970 2493 3035 Apostolus
2537 2972 2644 3037 ait,
2677 2973 3141 3044 Supereminenlem
3180 2981 3312 3037 viam
3345 2984 3478 3053 vobis
3507 2988 3807 3059 demonstro

2205 3058 2247 3125 (Ι
2269 3058 2385 3114 Cor.
2415 3078 2486 3117 xu
2510 3103 2522 3127 ,
2550 3065 2637 3135 δι)
2666 3083 2676 3118 :
2701 3076 2753 3121 ct
2776 3068 2877 3141 alio
2903 3069 3042 3137 loco,
3069 3071 3398 3145 Cognoscere,
3428 3077 3618 3151 inquit,
3644 3058 3804 3153 etiam

2201 3153 2647 3220 superemineutem
2675 3159 2893 3221 scientiis
2922 3161 3215 3219 cbaritatem
3241 3166 3425 3239 Christi
3453 3170 3669 3242 (Ephes.
3706 3192 3767 3237 ιιι
3785 3220 3798 3243 ,

2202 3240 2311 3312 19).
2340 3244 2472 3298 Nam
2501 3246 2544 3300 si
2576 3247 2639 3303 de
2667 3264 2827 3319 opere
2858 3254 3226 3311 mandatorum
3256 3258 3351 3319 Dci
3380 3240 3586 3319 merces
3616 3240 3798 3337 terre-.—

2198 3349 2279 3389 tne
2296 3334 2558 3394 felicitatis
2576 3341 2856 3410 expetitur,
2876 3344 3215 3415 deponuntur
3230 3367 3415 3417 manus
3434 3358 3608 3423 potius
3624 3334 3795 3430 quam

2198 3424 2477 3494 levantur;
2512 3431 2633 3500 quia
2666 3441 2875 3491 terrena
2901 3439 3255 3509 emolumenta
3277 3458 3393 3514 qua:
3415 3462 3521 3511 non
3545 3424 3783 3523 sursum,

2196 3517 2291 3572 sed
2319 3520 2566 3577 deorsum
2596 3536 2736 3592 sunt,
2774 3528 2860 3585 illo
2887 3544 3047 3599 Opere
3076 3535 3435 3604 requiruntur.
3468 3541 3549 3597 Ad
3578 3517 3779 3605 utrum;

2192 3624 2295 3681 quc
2331 3620 2505 3666 autem
2552 3617 2779 3684 pertinet
2821 3621 2964 3690 quod
3003 3625 3276 3693 sequitur,
3318 3628 3387 3682 Et
3424 3634 3687 3689 exercebar
3722 3638 3774 3693 in

2182 3701 2629 3777 justiﬁcationibus
2674 3709 2770 3763 tuis
2800 3728 2820 3765 .'
2854 3713 2992 3781 quod
3027 3716 3203 3785 plures
3247 3720 3564 3791 interpretes
3600 3728 3772 3787 dicere

2190 3795 2515 3863 maluerunt,
2545 3816 2700 3869 quam
2730 3801 2967 3870 lwtabar,
3000 3816 3091 3865 aut
3117 3810 3416 3881 garriebam,
3449 3815 3590 3884 quod
3614 3819 3768 3889 aliqui

2188 3891 2516 3965 interpretati
2546 3906 2668 3951 sunt
2692 3914 2758 3953 ex
2784 3914 2846 3955 eo
2876 3902 3014 3970 quod
3039 3918 3245 3973 grmcus
3286 3906 3445 3964 habet
3470 3915 3764 3983 ἠδαλέσχουν.

2188 3984 2481 4042 Exercetur
2522 3989 2715 4060 quippe
2755 3992 2807 4045 in
2842 3991 3305 4062 justiticationibus
3346 4000 3438 4057 Dei
3482 4001 3671 4072 laalus,
3716 4018 3767 4065 ct

2184 4078 2411 4148 quodam
2440 4082 2596 4136 modo
2622 4085 2883 4151 garrulus,
2912 4086 2999 4156 qui
3024 4088 3265 4143 mandata
3294 4090 3409 4163 eius
3431 4109 3553 4164 gnte
3577 4087 3763 4168 diligit,

2183 4181 2236 4229 et
2260 4173 2522 4244 cogitandi
2555 4185 2607 4232 et
2634 4177 2886 4246 operandi
2917 4179 3266 4237 delectatione
3291 4183 3542 4255 custodit.

2830 4286 2998 4327 διεξιΜο
3024 4289 3108 4328 XV.

490 4121 667 4189 divina
700 4120 946 4174 mandata
982 4118 1255 4173 faciamus.
1288 4118 1383 4173 Hic
1413 4127 1494 4174 est
1522 4120 1607 4174 ille
1642 4120 1867 4190 Spiritus
1896 4123 1947 4176 in
1976 4138 2082 4193 quo

488 4213 779 4268 clamamus
802 4254 815 4279 ,
851 4211 987 4264 Abba
1008 4253 1021 4277 ,
1058 4209 1210 4264 Pater
1248 4210 1427 4281 (Rom.
1460 4228 1569 4279 vm,
1606 4208 1726 4283 15).
1758 4212 1833 4266 Ac
1861 4229 1954 4283 per
1981 4216 2079 4272 hoc

483 4305 599 4375 ipse
641 4318 737 4357 nos
777 4300 903 4357 facit
943 4312 1159 4373 petere,
1199 4317 1352 4371 quem
1392 4301 1757 4356 desideramus
1796 4306 2074 4374 accipere;

481 4397 595 4468 ipse
626 4411 721 4451 nos
747 4396 872 4450 facit
898 4411 1137 4465 quaerere
1158 4439 1171 4461 ,
1202 4411 1357 4464 quem
1389 4398 1632 4465 cupimus
1659 4397 1931 4461 invenire;
1961 4400 2075 4469 ipse

480 4508 581 4547 nos
622 4490 744 4546 facit
785 4490 1030 4560 pulsare,
1074 4488 1139 4543 ad
1175 4504 1329 4559 quem
1372 4489 1590 4543 nitimur
1630 4493 1927 4557 pervenire.
1963 4492 2073 4548 lloc

479 4586 637 4641 docet
661 4584 947 4655 Apostolus
967 4626 981 4651 ,
1012 4583 1100 4652 qui
1127 4598 1248 4649 eum
1277 4581 1417 4636 dicat
1452 4582 1501 4634 in
1535 4581 1730 4652 Spiritu
1762 4592 1944 4639 sancto
1975 4601 2072 4641 nos

478 4680 745 4745 clamare,
782 4678 953 4743 Abba,
990 4676 1180 4741 Pater;
1215 4691 1399 4747 rursus
1433 4676 1534 4730 alio
1573 4675 1688 4729 loco
1723 4676 1877 4745 dicit,
1920 4676 2070 4733 Dedit

476 4774 615 4830 Deus
652 4773 901 4845 Spiritum
946 4770 1070 4825 Filii
1114 4772 1192 4823 sui
1230 4770 1281 4823 in
1321 4769 1475 4823 corda
1518 4778 1689 4822 nostra
1732 4768 2062 4841 clamantem,

472 4865 644 4933 Abba,
676 4863 833 4918 Pater
863 4861 1065 4938 (Galat.
1099 4879 1170 4929 tv,
1197 4861 1283 4930 6).
1314 4862 1589 4930 Quomodo
1618 4878 1712 4916 nos
1740 4862 2061 4934 clamamus,

469 4962 515 5014 si
546 4961 657 5030 ipse
686 4960 879 5013 clamat
920 4958 968 5011 iu
1001 4956 1152 5011 nobis
1174 4999 1186 5021 ,
1217 4956 1316 5009 nisi
1346 4956 1467 5025 quia
1508 4956 1738 5010 clamare
1776 4972 1871 5010 nos
1903 4957 2023 5012 fecit
2046 5000 2060 5025 ,

469 5052 595 5107 dum
636 5050 873 5105 habitare
910 5050 1070 5119 cmpit
1109 5049 1159 5102 in
1202 5048 1387 5102 nobis?
1418 5048 1589 5101 Etiam
1624 5047 1723 5101 hoc
1751 5048 1927 5117 itaque
1956 5050 2062 5119 agit

468 5154 737 5212 acceptus,
770 5152 828 5196 ut
854 5142 1049 5212 largius
1087 5140 1425 5212 accipiendus
1467 5139 1714 5215 petendo,
1748 5142 2055 5209 qtnerendo,

469 5234 757 5305 pulsando,
788 5246 1054 5303 poscatur.
1089 5236 1211 5290 Sive
1243 5235 1381 5289 enim
1412 5243 1468 5288 ut
1504 5235 1611 5288 vita
1650 5235 1786 5289 bona
1824 5245 2053 5303 petatur,

464 5332 578 5382 sive
615 5336 667 5380 ut
696 5325 833 5379 bene
862 5326 1096 5392 vivatur;
1131 5336 1388 5400 quotquot
1424 5328 1619 5397 Spiritu
1661 5327 1753 5381 Dei
1798 5338 2053 5397 aguntur,

464 5417 519 5475 lli
555 5418 646 5473 lilii
678 5425 801 5471 sunt
836 5416 927 5470 Dei
958 5414 1144 5485 (Rom.
1179 5434 1267 5471 vui
1290 5461 1302 5484 ,
1337 5420 1456 5489 Μ).
1484 5418 1655 5487 Ergo,
1687 5417 2051 5487 Ambulabam,

462 5511 665 5580 inquit,
696 5510 749 5563 in
786 5508 1083 5573 latitudine,
1116 5512 1349 5578 quoniam
1388 5514 1627 5566 mandata
1668 5522 1754 5566 tua
1789 5514 2049 5583 exquisivi.

461 5604 798 5673 Exquisierat
822 5610 875 5658 et
902 5602 1190 5669 invenerat,
1223 5604 1469 5673 quoniam
1484 5607 1729 5689 petierat
1756 5616 1808 5661 et
1833 5622 2051 5677 accepe-

460 5707 538 5754 rat
559 5696 811 5764 Spiritum
836 5695 1053 5762 bonum,
1078 5712 1181 5767 quo
1205 5695 1369 5750 factus
1393 5697 1562 5752 bonus
1584 5699 1717 5753 bene
1738 5696 1934 5754 faceret
1956 5698 2050 5753 bo-

457 5805 547 5863 na,
573 5805 637 5846 ex
660 5789 762 5846 fide
782 5807 898 5864 quze
920 5806 1016 5864 per
1038 5790 1376 5848 dilectionem
1398 5800 1647 5863 operatur
1666 5789 1863 5865 (Galat.
1886 5808 1940 5863 v,
1965 5792 2046 5865 6).

2251 4381 2302 4433 1.
2338 4378 2484 4452 [vers.
2518 4381 2629 4455 49.]
2658 4384 3084 4453 Consideremus,
3118 4396 3372 4457 quantum
3400 4389 3563 4445 donat
3585 4391 3757 4449 Domi-

2176 4486 2296 4540 nus,
2327 4483 2379 4527 et
2410 4485 2789 4543 pertractemus
2818 4477 2913 4532 hos
2947 4494 3130 4535 versus
3152 4482 3328 4550 magni
3352 4484 3539 4551 psalmi
3563 4484 3752 4556 hujus:

2177 4564 2429 4619 Memento
2458 4566 2590 4622 verbi
2617 4570 2689 4621 tui
2713 4586 2852 4623 servo
2882 4581 2965 4624 tuo
2988 4614 3001 4638 ,
3031 4573 3082 4626 in
3110 4590 3208 4643 quo
3238 4592 3375 4645 spem
3404 4577 3588 4631 dedisti
3612 4581 3750 4633 mihi.

2177 4656 2302 4711 [hec
2342 4676 2419 4712 me
2446 4661 2703 4714 consolata
2731 4671 2800 4716 est
2826 4663 2877 4717 in
2906 4664 3184 4719 humilitate
3209 4684 3349 4729 mea,
3380 4670 3618 4738 quoniam
3644 4689 3744 4725 ver-

2172 4748 2288 4803 bum
2326 4760 2463 4805 tuum
2503 4752 2766 4822 viviﬁcavit
2806 4771 2901 4807 me.
2943 4754 3209 4826 Numquid
3249 4758 3479 4825 oblivio,
3523 4761 3663 4818 sicut
3701 4763 3750 4819 in

2170 4844 2435 4900 hominem
2459 4887 2472 4911 ,
2506 4847 2645 4900 cadit
2673 4847 2724 4901 in
2758 4847 2959 4903 Deum?
2998 4849 3105 4905 Cur
3146 4864 3274 4921 ergo
3304 4852 3352 4905 ei
3381 4851 3610 4921 dicitur,
3643 4854 3749 4908 Me-

2169 4948 2334 4992 mento
2357 4939 2383 4993 ?
2409 4939 2659 5007 Quamvis
2680 4942 2730 4995 in
2755 4942 2870 4995 aliis
2896 4950 3091 4997 sancta:
3115 4944 3399 5014 Scriptura}
3420 4947 3555 5003 locis
3579 4948 3748 5017 ipsum

2166 5036 2385 5091 verbum
2413 5038 2629 5091 omnino
2656 5050 2881 5107 ponatur
2902 5078 2917 5101 ,
2946 5046 3002 5091 ut
3030 5048 3109 5091 est
3127 5077 3142 5105 ,
3179 5038 3346 5103 Quare
3374 5042 3469 5094 mei
3495 5041 3679 5097 oblitus
3698 5059 3748 5097 es

2169 5128 2334 5201 (Psal.
2368 5146 2474 5196 xu,
2508 5128 2595 5202 10)
2621 5149 2634 5196 ;
2661 5129 3058 5198 et,0blivisceris
3083 5130 3303 5201 inapiam
3326 5145 3549 5188 nostram
3573 5134 3743 5205 (Psal.

2162 5241 2310 5291 xun,
2334 5224 2458 5289 24);
2484 5234 2537 5280 et
2558 5226 2671 5294 ipse
2695 5224 2831 5278 Deus
2854 5240 2947 5294 per
2964 5223 3300 5294 Prophetam,
3324 5225 3530 5293 Omnes,
3551 5228 3740 5297 inquit,

2166 5318 2450 5389 iniquitates
2482 5319 2588 5388 ejus
2616 5316 2876 5371 obliviscar
2907 5316 3133 5388 (Ezeclt.
3166 5332 3325 5383 xvm,
3356 5316 3465 5388 22)
3496 5335 3508 5371 :
3538 5326 3592 5372 et
3619 5318 3741 5374 alibi

2163 5422 2322 5483 atque
2350 5410 2477 5466 alibi
2507 5412 2698 5481 sa‘pius
2730 5410 2831 5465 hoc
2856 5411 3066 5481 legitur.
3094 5409 3196 5465 Sed
3226 5426 3328 5467 non
3355 5420 3412 5465 ut
3438 5400 3775 5469 bominibusl

2159 5505 2255 5559 ista
2295 5506 2641 5574 contingunt,
2683 5504 2750 5557 ita
2797 5504 3155 5573 intelliguntur
3194 5504 3244 5557 in
3282 5504 3410 5559 Deo.
3439 5502 3570 5558 Nam
3601 5504 3739 5559 sicut

2157 5603 2321 5658 Deum
2343 5602 2599 5671 poenitere
2618 5598 2829 5665 dicitur,
2850 5597 3060 5668 quando
3081 5606 3273 5668 praeter
3293 5597 3565 5661 hominum
3584 5614 3731 5669 spem

2154 5711 2239 5749 res
2267 5702 2455 5759 mutat,
2482 5692 2704 5748 consilio
2730 5709 2831 5746 non
2859 5700 3080 5756 mutato,
3109 5692 3228 5760 quia
3254 5691 3530 5746 consilium
3557 5692 3729 5747 Domi-

2154 5791 2209 5848 ni
2239 5795 2417 5845 manet
2453 5787 2505 5842 in
2542 5794 2797 5841 internum
2833 5783 3018 5856 (Psal.
3054 5798 3195 5838 χχιιι
3222 5826 3235 5854 ,
3268 5785 3323 5839 Η
3355 5784 3409 5854 );
3442 5785 3510 5837 ita
3539 5784 3727 5844 dicitur
