4188 6428
388 246 517 314 1541

383 372 650 440 oblivisci,
678 373 890 444 quando
918 373 1131 429 tardare
1162 373 1369 430 videtur
1397 376 1716 446 adjutorium
1746 374 1827 430 vel
1858 390 1977 446 pro-

383 465 632 532 missum,
664 466 749 521 vel
779 480 888 522 non
917 467 1211 523 retribuere
1237 467 1393 538 digna
1432 469 1792 537 peccantibus,
1826 460 1909 523 vel
1934 470 1979 524 si

390 556 517 626 quid
550 557 857 628 hujusmodi
883 601 898 627 ,
928 568 1176 629 tanquam
1205 559 1319 630 ejus
1347 563 1617 617 memoria:
1646 562 1714 616 sit
1740 563 1976 632 elapsum

382 651 529 721 quod
570 660 817 723 speratur
859 652 971 708 sive
1008 652 1254 720 timetur,
1286 662 1464 709 etnon
1491 655 1565 708 tit.
1597 656 1851 712 Dicuntur
1878 656 1977 710 ista

379 742 659 801 locutione
704 746 933 815 morali,
977 761 1079 816 qua
1120 745 1383 801 humanus
1426 758 1670 802 movetur
1714 747 1972 813 allectus;

368 838 626 903 quamvis
656 837 769 893 haec
798 838 938 894 Deus
967 838 1123 893 faciat
1150 848 1293 894 certa
1320 839 1692 909 dispositione,
1724 855 1826 896 non
1853 840 1977 895 deﬁ-

360 926 552 986 ciente
572 930 855 998 memoria,
876 945 974 987 nec
995 930 1274 987 obscurata
1293 932 1659 1003 intelligentia,
1679 949 1779 989 nec
1800 933 1978 988 volun-

354 1021 473 1089 tate
506 1031 742 1077 mutata.
773 1022 903 1089 Cum
934 1022 1111 1092 itaque
1139 1023 1331 1077 dicitur
1355 1024 1425 1091 ei,
1459 1023 1747 1093 Memento,
1776 1026 1976 1080 orantis

342 1107 743 1179 desiderium,
788 1115 911 1186 quia
944 1115 1268 1185 promissum
1306 1118 1515 1189 poscit,
1559 1118 1891 1183 ostenditur,
1923 1129 1977 1173 et

332 1207 718 1275 extenditur;
748 1190 853 1262 non
885 1208 1043 1275 Deus,
1074 1209 1223 1280 quasi
1252 1209 1300 1264 ei
1329 1208 1397 1265 de
1419 1219 1597 1266 mente
1624 1211 1675 1265 id
1697 1211 1973 1278 exciderit,

332 1298 718 1356 admonetur.
752 1299 1028 1369 Memento,
1062 1301 1261 1373 inquit,
1291 1301 1426 1356 verbi
1452 1303 1524 1357 tui
1550 1318 1689 1357 servo
1718 1314 1803 1358 tuo
1831 1320 1849 1359 :
1874 1303 1976 1359 hoc

340 1402 423 1448 est
444 1435 464 1458 ,
512 1394 689 1464 imple
725 1395 1045 1464 promissum
1071 1407 1232 1469 servo
1261 1403 1368 1449 tuo.
1401 1392 1470 1449 In
1500 1412 1600 1467 quo
1629 1412 1768 1466 spem
1794 1396 1976 1452 dedisti

335 1485 481 1537 mihi
517 1500 542 1539 :
571 1472 677 1540 hoc
706 1478 805 1550 est,
837 1485 891 1563 in
918 1501 1023 1556 quo
1055 1484 1241 1554 verbo,
1271 1486 1522 1559 quoniam
1553 1486 1857 1557 promisisti,
1890 1502 1976 1542 me

329 1594 593 1655 sperare
634 1579 821 1636 fecisti.
854 1562 857 1563 ν
948 1562 953 1569 1

403 1670 476 1725 2.
553 1669 713 1745 [vers.
755 1669 869 1746 50.]
921 1670 1046 1727 Hcce
1084 1690 1163 1728 me
1202 1674 1463 1729 consolata
1500 1681 1570 1729 est
1606 1676 1658 1729 in
1696 1675 1977 1729 humilitate

327 1779 490 1818 mea.
529 1763 664 1818 Hmc
689 1764 892 1831 scilicet
909 1779 1031 1837 spes
1054 1779 1169 1835 qua:
1192 1765 1311 1819 data
1333 1774 1416 1821 est
1435 1764 1745 1835 humilibus,
1767 1766 1976 1823 dicente

318 1853 650 1927 Scriptura
672 1897 686 1921 ,
724 1855 865 1909 Deus
889 1856 1115 1927 superbis
1142 1857 1360 1923 resistit,
1397 1859 1668 1913 humilibus
1694 1868 1859 1913 autem
1888 1860 1975 1912 dat

315 1948 592 2016 gratiam
622 1945 822 2018 (Jacobi
856 1962 928 2012 iv,
959 1946 1025 2010 6;
1059 1956 1102 2001 et
1129 1946 1151 2003 Ι
1179 1946 1324 2002 Petr.
1353 1965 1408 2016 ν,
1437 1947 1519 2020 5).
1545 1948 1698 2005 Unde
1725 1965 1817 2005 ore
1848 1966 1972 2020 pro-

314 2040 473 2108 prio
513 2041 686 2093 etiam
718 2039 830 2108 ipse
859 2037 1117 2102 Dominus
1146 2039 1217 2092 ait
1248 2056 1261 2094 :
1294 2038 1546 2104 Quoniam
1574 2042 1657 2112 qui
1686 2057 1738 2095 se
1764 2041 1972 2111 exultat,

315 2113 766 2197 humiliabitur';
797 2139 842 2184 et
872 2131 957 2201 qui
980 2146 1033 2184 se
1059 2129 1313 2195 humiliat,
1346 2130 1652 2185 exaltabitur
1683 2132 1831 2205 (Luc.
1864 2150 1970 2200 Iuv,

318 2224 391 2279 Il
440 2241 461 2287 ;
509 2232 561 2277 et
592 2238 723 2277 xvm
750 2265 764 2290 ,
800 2222 867 2277 Ill
890 2221 933 2294 ).
966 2222 1110 2277 Bene
1147 2221 1233 2277 hic
1264 2222 1604 2293 intelligimus
1640 2226 1797 2280 etiam
1827 2226 1973 2283 illam

318 2315 761 2393 humilitatem,
794 2330 900 2368 non
928 2329 1030 2384 qua
1058 2329 1116 2370 se
1141 2316 1367 2385 quisque
1394 2315 1640 2371 humiliat
1666 2317 1973 2385 conﬁtendo

320 2402 623 2481 peccata,
649 2424 745 2464 nec
764 2408 863 2463 sibi
886 2408 1182 2478 arrogando
1198 2408 1490 2479 justitiam;
1513 2410 1605 2465 sed
1625 2427 1725 2489 qua
1748 2412 1975 2483 quisque

322 2505 694 2561 humiliatur
730 2506 904 2576 aliqua
950 2505 1289 2561 tribulatione
1327 2505 1411 2559 vel
1442 2504 1740 2574 dejectione
1768 2547 1782 2571 ,
1814 2523 1973 2577 quam

322 2580 574 2653 meruit
618 2596 733 2667 ejus
764 2578 1035 2666 superbia,
1068 2607 1157 2650 aut
1187 2603 1467 2650 exercetur
1495 2596 1855 2668 probaturque
1886 2613 1977 2668 pa-

327 2690 559 2745 tientia
598 2708 613 2743 :
636 2692 773 2743 unde
789 2688 946 2758 paulo
973 2696 1092 2757 post
1117 2685 1245 2741 dicit
1270 2685 1357 2741 hic
1386 2687 1643 2756 psalmus,
1664 2687 1976 2761 Priusquam

332 2786 706 2853 humiliarer,
734 2801 825 2855 ego
852 2783 1059 2855 deliqui.
1090 2782 1153 2836 Et
1175 2780 1298 2836 illati
1324 2781 1375 2835 in
1406 2781 1538 2835 libro
1560 2780 1844 2851 Sapientiae
1871 2801 1882 2836 :
1910 2781 1975 2836 In

334 2879 556 2933 dolore
597 2878 820 2943 sustine,
863 2886 908 2930 et
947 2860 1001 2929 in
1041 2875 1323 2928 humilitate
1364 2884 1447 2927 tua
1490 2875 1782 2945 patientiam
1814 2876 1975 2941 habe;

341 2971 633 3043 quoniam
661 2970 713 3023 in
740 2971 853 3041 igne
883 2969 1123 3039 probatur
1149 2983 1330 3019 aurum
1357 2975 1401 3025 et
1431 2977 1722 3037 argentum,
1753 2967 1977 3021 homines

344 3080 495 3119 vero
522 3061 857 3130 acceptabiles
871 3061 922 3123 in
938 3060 1134 3113 camino
1152 3058 1512 3135 humiliationis
1535 3057 1721 3129 (Eccli.
1747 3075 1803 3126 tt,
1824 3060 1876 3126 4,
1896 3059 1971 3132 5).

347 3156 538 3226 Quod
565 3156 642 3210 ait
662 3155 1009 3224 acceptabiles,
1038 3154 1107 3208 ibi
1130 3169 1278 3225 spem
1302 3152 1447 3206 dedit
1470 3169 1587 3224 quae
1612 3154 1980 3209 consolaretur

348 3254 413 3307 in
475 3250 805 3305 humilitate.
857 3248 923 3319 Et
962 3248 1219 3301 Dominus
1257 3246 1409 3301 Jesus
1442 3247 1579 3300 hanc
1621 3247 1975 3301 humilitatem

353 3360 503 3401 cum
530 3342 809 3413 discipulis
841 3340 1157 3411 praediceret
1181 3354 1209 3393 a
1242 3338 1671 3408 persecutoribus
1699 3354 1819 3394 esse
1849 3356 1978 3394 ven-

358 3446 559 3492 turam
588 3478 604 3503 ,
638 3451 741 3489 non
778 3449 872 3489 eos
908 3434 1027 3487 sine
1066 3447 1162 3502 spe
1199 3430 1454 3499 reliquit;
1488 3430 1579 3485 sed
1613 3431 1747 3484 hanc
1776 3432 1933 3485 etiam
1961 3473 1975 3498 ,

361 3550 484 3607 qua
528 3533 968 3597 consolarentur,
1007 3529 1153 3585 dedit
1193 3526 1375 3583 dicens
1401 3569 1415 3591 ,
1446 3524 1511 3580 In
1546 3536 1707 3580 vestra
1739 3527 1980 3597 patientia

366 3624 703 3699 possidebitis
744 3625 940 3678 animas
982 3630 1169 3676 vestras
1199 3636 1217 3673 :
1241 3619 1308 3674 de
1348 3620 1462 3688 ipso
1504 3634 1715 3689 quoque
1756 3634 1979 3688 corpore

369 3720 527 3791 quod
553 3720 619 3773 ab
649 3719 881 3773 inimicis
914 3727 1093 3785 posset
1116 3714 1305 3781 occidi,
1335 3724 1385 3767 et
1410 3714 1556 3784 quasi
1587 3714 1793 3783 penitus
1818 3714 1981 3766 inter-

374 3814 461 3869 ire
484 3853 501 3879 ,
532 3810 761 3880 Capillus
788 3851 802 3875 ,
835 3810 1039 3878 inquit,
1073 3807 1250 3876 capitis
1281 3804 1432 3859 vestri
1466 3821 1565 3858 non
1596 3804 1773 3873 peribit
1810 3802 1975 3873 (Luc.

377 3920 499 3968 xxi,
533 3902 621 3966 19,
658 3901 767 3971 18).
798 3900 924 3955 Haec
954 3914 1076 3968 spes
1103 3898 1222 3953 data
1247 3906 1332 3953 est
1356 3897 1565 3966 corpori
1592 3895 1811 3962 Christi,
1839 3896 1979 3965 quod

380 4004 471 4051 est
496 3993 755 4059 Ecclesia,
782 4007 885 4063 qua
910 3992 1279 4047 consolaretur
1305 3990 1359 4042 in
1388 3987 1684 4041 humilitate
1705 4002 1820 4041 sua.
1846 3987 1979 4041 Pro-

385 4099 508 4162 pter
536 4102 694 4160 quam
724 4100 873 4156 spem
910 4084 1038 4139 dicit
1061 4094 1114 4137 et
1148 4080 1419 4152 apostolus
1446 4079 1643 4134 Paulus
1679 4095 1693 4133 :
1722 4076 1782 4132 Si
1815 4086 1981 4131 autem

386 4180 522 4251 quod
544 4195 646 4233 non
668 4177 891 4231 videmus
913 4191 1195 4248 speramus,
1220 4190 1309 4245 per
1325 4172 1616 4244 patientiam
1634 4182 1980 4241 exspectamus

392 4270 716 4345 (Rom._vm,
748 4270 863 4341 25).
897 4268 1000 4324 Sed
1024 4276 1345 4321 aeternorum
1367 4272 1450 4318 est
1470 4279 1591 4333 spes
1613 4262 1711 4316 ista
1738 4262 1981 4331 praemio-

390 4380 509 4421 rum
541 4382 555 4417 :
587 4372 670 4417 est
694 4373 747 4418 et
777 4362 878 4417 alia
904 4375 1030 4431 spes
1054 4374 1173 4429 qua:
1203 4358 1255 4411 in
1298 4356 1596 4410 humilitate
1624 4353 1981 4409 tribulationis

392 4458 678 4530 plurimum
725 4454 1033 4511 consolatur
1059 4493 1074 4518 ,
1112 4467 1230 4523 quae
1258 4450 1456 4504 sanctis
1481 4449 1599 4503 data
1625 4457 1709 4504 est
1738 4449 1789 4503 in
1820 4449 1981 4504 verbo

394 4549 485 4606 Dei
507 4548 832 4620 adjutorium
856 4545 1039 4617 gratia:
1065 4543 1384 4615 pollicentis,
1417 4558 1484 4597 ne
1504 4542 1726 4612 quisque
1748 4542 1977 4597 deﬁciat.

394 4643 468 4699 De
510 4658 615 4715 qua
658 4658 753 4712 spe
783 4642 800 4673 ¹
833 4640 958 4695 dicit
999 4638 1289 4708 Apostolus
1318 4654 1331 4691 :
1362 4635 1558 4689 Fidelis
1591 4634 1727 4694 Deus
1767 4636 1850 4706 qui
1881 4653 1983 4689 non

396 4734 647 4804 permittet
684 4749 770 4787 vos
802 4732 982 4785 tentari
1020 4746 1170 4800 super
1204 4729 1258 4783 id
1291 4727 1425 4798 quod
1454 4726 1691 4798 potestis;
1720 4728 1809 4780 sed
1834 4727 1983 4797 faciet

395 4843 506 4881 cum
530 4825 806 4880 tentatione
831 4824 981 4879 etiam
1001 4823 1208 4888 exitum,
1237 4830 1291 4873 ut
1313 4820 1513 4891 possitis
1534 4820 1779 4874 sustinere
1797 4819 1838 4891 (l
1861 4818 1979 4873 Cor.

398 4934 451 4987 ι,
478 4914 589 4992 15).
616 4918 761 4972 llanc
781 4931 928 4987 Spem
951 4914 1099 4971 dedit
1118 4913 1276 4968 etiam
1300 4910 1543 4966 Salvator
1564 4926 1657 4966 ore
1678 4925 1795 4977 suo,
1816 4927 1984 4979 quan-

344 5058 366 5080 .,
397 5011 463 5068 (10
493 5012 569 5065 ait
600 5028 613 5063 :
655 5009 771 5064 Hac
800 5020 943 5064 nocte
982 5007 1250 5080 postulavit
1288 5014 1491 5059 satanas
1528 5020 1706 5057 vexare
1746 5019 1829 5057 vos
1856 5004 1983 5057 sicut

358 5070 368 5098 ι
399 5106 658 5170 triticum;
682 5112 728 5157 et
754 5118 843 5174 ego
864 5070 1035 5171 roga'vi
1055 5116 1145 5170 pro
1164 5107 1231 5167 te,
1259 5096 1426 5163 Petre,
1453 5113 1513 5149 ne
1533 5094 1733 5165 deﬁciat
1758 5095 1882 5164 ﬁdes
1899 5105 1985 5150 tua

396 5198 415 5270 (
440 5197 565 5252 Luc.
599 5213 713 5252 xxxi
736 5238 751 5263 ,
784 5195 874 5261 51,
903 5194 971 5250 52
994 5194 1032 5263 ).
1063 5192 1209 5247 Hanc
1236 5206 1384 5261 spem
1413 5188 1558 5245 dedit
1584 5198 1637 5243 et
1665 5188 1716 5241 in
1746 5189 1985 5242 oratione

396 5308 556 5363 quam
588 5289 765 5349 docuit
792 5331 807 5357 ,
838 5288 925 5343 ubi
956 5288 1160 5343 monuit
1192 5294 1247 5340 ut
1269 5286 1506 5339 dicamus
1528 5325 1541 5351 ,
1574 5282 1655 5337 Ne
1679 5300 1767 5337 nos
1796 5284 1983 5354 inferas

395 5384 447 5437 in
489 5382 813 5435 tentationem
850 5380 869 5452 (
896 5380 1082 5447 Matth.
1113 5395 1202 5446 v1,
1234 5377 1340 5449 15)
1372 5395 1383 5431 :
1413 5375 1803 5446 quodammodo
1842 5378 1983 5431 enim

396 5476 647 5549 promisit
690 5488 748 5529 se
786 5473 1035 5528 daturum
1076 5472 1185 5527 suis
1225 5469 1643 5543 periclitantibus
1670 5511 1682 5535 ,
1716 5469 1855 5540 quod
1882 5470 1985 5524 dici

394 5567 565 5622 voluit
592 5566 661 5622 ab
688 5564 982 5621 orantibus.
1008 5563 1076 5618 Et
1096 5562 1344 5617 nimirum
1372 5561 1437 5617 de
1460 5560 1557 5615 hac
1578 5576 1672 5630 spe
1699 5561 1865 5631 magis
1886 5560 1985 5615 iste

395 5661 639 5734 psalmus
658 5655 1035 5729 intelligendus
1061 5663 1142 5712 est
1165 5655 1360 5721 dicere,
1390 5652 1515 5709 Ηωε
1542 5671 1616 5708 me
1637 5653 1893 5709 consolata
1915 5665 1984 5709 est

462 5777 478 5809 ⁸
516 5784 612 5825 ,‘m.
635 5778 710 5824 Er.
738 5776 790 5823 et
811 5781 983 5821 omnes
1004 5775 1132 5832 Mss,
1160 5781 1227 5819 re.

1416 256 1813 316 ENARRATIO
1852 260 1917 317 IN
1956 256 2283 329 PSALMUM
2321 261 2548 333 CXVIII.

3526 281 3674 340 1512

2091 378 2142 430 in
2174 378 2454 437 humilitate
2482 398 2608 449 utea,
2640 383 2874 451 quoniam
2902 386 3102 443 verbum
3129 395 3267 449 tuum
3289 390 3549 459 vivi/icarit
3574 413 3669 451 nte.

2086 470 2235 551 Quod
2260 474 2559 542 expressius
2583 474 2910 546 interpretati
2935 490 3053 537 sunt
3082 482 3169 551 qui
3197 498 3298 538 non
3323 486 3542 551 verbum,
3569 490 3661 545 sed

2089 561 2339 631 eloquium
2371 578 2659 633 posuerunt
2690 584 2707 621 :
2734 586 2934 637 graecus
2964 573 3103 627 enim
3135 582 3287 640 Myro»:
3315 578 3493 646 habet,
3523 582 3661 651 quod

2085 662 2167 705 est
2196 653 2479 725 eloquium;
2514 674 2613 712 non
2648 666 2773 722 λόγος
2799 662 2937 731 quod
2967 673 3047 719 est
3074 666 3291 720 verbum.

2155 741 2207 796 5.
2251 741 2395 816 [vers
2431 746 2542 819 5L]
2585 749 2830 819 Sequitur
2856 763 3029 813 autem
3061 774 3072 806 :
3103 756 3320 833 Superbi
3350 761 3517 833 inique
3553 782 3672 835 age-

2085 834 2203 889 bant
2239 854 2395 909 usque
2424 840 2601 906 valde;
2630 860 2663 896 a
2689 844 2796 914 lege
2820 855 2986 901 autem
3025 858 3110 902 tua
3140 868 3237 905 non
3268 853 3532 911 declinavi.
3567 834 3671 914 Sh-

2083 927 2278 996 perbos
2318 930 2539 1002 intelligi
2579 933 2742 989 voluit
2781 946 3148 1006 persecutores
3191 943 3435 1013 piorum;
3466 956 3519 1004 et
3547 949 3669 1006 ideo

2084 1021 2331 1092 subjecit,
2364 1025 2404 1077 Α
2434 1026 2543 1096 lege
2568 1038 2731 1082 autem
2759 1038 2844 1091 tua
2867 1047 2965 1085 non
2991 1033 3254 1103 declinavi,
3278 1038 3396 1108 quia
3424 1038 3525 1096 hoc
3546 1058 3667 1099 eum

2082 1111 2257 1170 facere
2307 1117 2517 1172 illorum
2568 1122 2866 1190 persecutio
2910 1126 3277 1195 compellebat.
3325 1132 3469 1198 Quos
3512 1150 3668 1207 usque

2081 1205 2227 1259 valde
2255 1207 2433 1291 inique
2462 1211 2590 1271 dicit
2618 1213 2811 1283 egisse,
2840 1216 2959 1286 quia
2988 1233 3093 1273 non
3120 1218 3290 1279 solum
3320 1234 3470 1278 erant
3495 1205 3663 1298 impii,

2082 1313 2263 1352 verum
2293 1302 2450 1355 etiam
2479 1304 2595 1372 pios
2623 1303 2813 1374 impios
2838 1322 2956 1379 esse
2982 1311 3259 1379 cogebant.
3288 1313 3344 1368 In
3370 1313 3466 1371 hac
3494 1317 3666 1374 humi-

2085 1392 2248 1461 litate,
2286 1397 2386 1453 hoc
2412 1409 2513 1466 est,
2543 1400 2593 1457 iu
2627 1400 2725 1457 hac
2752 1403 3087 1461 tribulatione
3114 1422 3236 1477 spes
3262 1412 3534 1467 consolata
3561 1423 3665 1481 est,

2080 1501 2197 1555 quin
2225 1489 2343 1543 data
2375 1500 2456 1545 est
2486 1493 2536 1547 in
2569 1494 2732 1549 verbo
2764 1496 2857 1551 Dei
2886 1499 3181 1568 pollicentis
3210 1502 3530 1573 adjutorium
3551 1550 3565 1572 ,
3599 1523 3667 1563 nc

2079 1580 2292 1649 deﬁciat
2323 1582 2455 1642 ﬁdes
2486 1596 2811 1660 martyrum;
2837 1599 2889 1649 et
2917 1594 3199 1663 praesentia
3227 1596 3454 1665 Spiritus
3480 1600 3559 1652 sui
3591 1601 3668 1654 vi-

2080 1686 2168 1729 res
2193 1672 2549 1743 inipertientis
2588 1677 2972 1751 laborantibus,
2996 1692 3052 1751 ut
3074 1684 3360 1743 evadentes
3382 1688 3445 1744 de
3468 1692 3665 1747 musci-

2080 1764 2202 1837 pula
2224 1769 2527 1833 venantium
2549 1769 2787 1837 dicereut
2810 1792 2820 1824 :
2848 1772 2963 1833 Nisi
2984 1778 3099 1849 quia
3120 1776 3370 1833 Dominus
3388 1792 3491 1835 erat
3508 1785 3557 1837 in
3578 1802 3668 1839 no-

2083 1855 2175 1924 bis,
2208 1861 2424 1928 fortasse
2448 1862 2582 1915 vivos
2607 1864 2973 1935 absorbuissent
2995 1885 3085 1931 nos
3108 1868 3276 1941 (Psal.
3304 1888 3485 1938 cxxnt,
3510 1875 3563 1939 2,
3590 1879 3665 1946 5).

2153 1950 2205 2007 4.
2238 1951 2318 2017 An
2343 1951 2477 2009 forte
2503 1956 2642 2025 quod
2670 1958 2762 2025 ait,
2794 1957 2918 2013 Ilwc
2946 1976 3022 2013 me
3046 1963 3303 2016 consolata
3326 1975 3394 2019 est
3423 1967 3471 2020 in
3500 1966 3668 2023 humi-

2082 2044 2224 2103 litate
2255 2063 2364 2101 mea
2383 2089 2395 2113 ,
2433 2048 2574 2103 illam
2602 2050 2732 2107 dicit
2762 2052 3111 2109 humilitatem
3142 2071 3244 2126 qua
3271 2054 3431 2113 homo
3458 2069 3538 2127 est
3564 2061 3661 2116 de-

2078 2134 2254 2217 jectus
2293 2146 2344 2197 et
2386 2140 2651 2209 projectus
2689 2142 2740 2196 in
2770 2152 2993 2211 mortem
3020 2187 3035 2211 ,
3067 2161 3129 2199 ex
3162 2157 3380 2216 peccato
3409 2150 3501 2207 illo
3527 2154 3669 2223 quod

2085 2227 2237 2283 valde
2264 2229 2541 2286 infeliciter
2567 2234 2617 2291 in
2649 2235 2873 2303 paradisi
2902 2236 3150 2299 felicitate
3174 2242 3514 2313 commissum
3543 2248 3668 2301 est?

2081 2317 2137 2374 In
2171 2318 2272 2387 hac
2297 2323 2490 2399 quippe
2518 2323 2831 2392 humilitate,
2857 2328 2905 2380 in
2930 2343 3033 2399 qua
3057 2328 3217 2401 homo
3243 2333 3457 2388 vanitati
3480 2336 3671 2395 similis

2082 2410 2251 2467 factus
2281 2422 2362 2469 est
2390 2424 2443 2470 et
2471 2414 2586 2475 dies
2615 2417 2730 2486 ejus
2760 2419 2896 2489 sicut
2926 2420 3108 2487 umbra
3143 2432 3465 2492 praetereunt
3496 2426 3662 2497 (Psul.

2082 2519 2239 2563 exuu
2261 2547 2274 2569 ,
2307 2506 2363 2578 4)
2388 2549 2400 2572 ,
2434 2523 2619 2569 omnes
2647 2510 2736 2577 lilii
2769 2510 2859 2581 irai:
2886 2524 3005 2571 sunt
3029 2554 3043 2579 ,
3078 2513 3176 2567 nisi
3206 2530 3300 2583 per
3328 2516 3665 2585 Mediatorcm

2082 2599 2496 2667 reconcilientur
2525 2601 2656 2668 Deo,
2687 2602 2774 2673 qui
2804 2603 3164 2673 prmdestipati
3193 2614 3318 2663 sunt
3341 2608 3391 2663 in
3414 2617 3667 2679 (eternam

2083 2689 2307 2745 salutem
2338 2701 2460 2745 ante
2492 2692 2673 2747 mundi
2706 2694 3137 2763 constitutionem
3171 2697 3383 2768 (Ephes.
3413 2716 3448 2765 ι,
3479 2702 3532 2767 4,
3562 2703 3619 2772 5)
3655 2722 3666 2756 :

2085 2780 2137 2849 ip
2186 2796 2289 2850 quo
2331 2782 2623 2843 Metliatore
2663 2793 2717 2839 et
2753 2788 2954 2856 antiqui
2994 2788 3121 2861 justi
3168 2804 3316 2858 spem
3359 2791 3669 2861 habebant,

2083 2873 2296 2945 quando
2317 2890 2436 2931 eum
2462 2876 2512 2930 in
2535 2891 2693 2937 carne
2715 2886 2993 2935 Venturum
3016 2879 3305 2949 prophetiae
3324 2882 3509 2950 spiritu
3534 2902 3671 2953 prae-

2084 2964 2353 3025 videbant.
2384 2965 2539 3035 Quod
2580 2983 2706 3037 ergo
2748 2969 2967 3039 verbum
3015 2970 3081 3041 ad
3125 2986 3215 3027 eos
3256 2972 3413 3037 ﬁebat
3443 2974 3508 3029 de
3540 2976 3666 3043 illo,

2086 3055 2243 3117 etiam
2272 3056 2372 3111 hoc
2399 3057 2532 3113 bene
2564 3058 2649 3114 hic
2676 3060 2983 3131 intelligitur
3007 3061 3245 3129 verbum,
3278 3065 3320 3118 si
3350 3075 3401 3119 et
3429 3066 3663 3138 ipsorum

2085 3144 2375 3218 accipimus
2420 3149 2573 3217 istam
2618 3165 2838 3219 vocem;
2883 3152 2950 3206 de
2990 3168 3094 3223 quo
3136 3155 3295 3209 verbo
3323 3155 3519 3233 dictum
3548 3168 3629 3217 est
3656 3203 3668 3226 ,

2086 3238 2340 3305 Memento
2369 3242 2503 3295 verbi
2531 3243 2602 3307 tui
2630 3260 2770 3313 servo
2797 3253 2879 3297 tuo
2901 3287 2915 3309 ,
2948 3246 3000 3300 in
3027 3263 3124 3316 quo
3152 3264 3291 3317 spem
3317 3248 3495 3317 dedisti
3524 3253 3667 3307 mihi.

2087 3330 2213 3384 Haec
2236 3348 2312 3385 me
2327 3334 2584 3387 consolata
2608 3346 2676 3388 est
2694 3335 2744 3387 in
2767 3334 3050 3390 humilitate
3072 3353 3213 3403 mea;
3234 3338 3335 3395 hoc
3358 3350 3455 3405 est,
3490 3342 3541 3396 in
3568 3343 3668 3399 ista

2085 3424 2406 3483 mortalitate
2451 3440 2566 3483 mea
2602 3426 2758 3497 :quia
2799 3426 3050 3501 eloquium
3091 3439 3230 3493 tuum
3267 3431 3527 3503 viviﬁcavit
3554 3451 3631 3487 me
3654 3452 3670 3499 ,-

2086 3523 2143 3581 ut
2173 3530 2320 3584 spem
2366 3516 2487 3573 vita:
2516 3516 2765 3577 haberem
2798 3517 3066 3589 projectus
3095 3520 3146 3575 in
3174 3532 3418 3577 mortem.
3453 3524 3673 3597 Superbi

2085 3605 2253 3676 inique
2283 3608 2495 3677 agebant
2525 3625 2677 3681 usque
2700 3609 2881 3673 valde:
2905 3610 3113 3680 quando
3137 3613 3348 3682 quidem
3374 3630 3555 3679 eorum
3585 3633 3673 3672 su-

2086 3700 2321 3768 perbiam
2346 3715 2443 3754 nec
2466 3700 2731 3755 humilitas
2752 3703 3084 3757 mortalitatis
3106 3704 3360 3758 edomuit.
3390 3706 3427 3757 A
3453 3706 3557 3777 lege
3578 3726 3673 3761 au-

2087 3799 2183 3845 tem
2227 3801 2312 3846 tua
2342 3808 2440 3855 non
2471 3794 2715 3847 declinavi
2743 3811 2759 3848 :
2791 3794 2929 3864 quod
2968 3811 3052 3850 me
3089 3794 3265 3851 facere
3302 3798 3560 3869 cogebant
3586 3818 3672 3855 su-

2088 3884 2257 3951 perbi.

2158 3977 2209 4031 5.
2242 3973 2387 4046 [vers.
2413 3975 2525 4047 52.]
2560 3974 2755 4029 Memor
2776 3976 3175 4047 [uijudiciorum
3198 3987 3395 4032 tuorum
3416 3996 3445 4032 a
3464 3983 3669 4049 swculo,

2088 4066 2324 4132 Domine,
2356 4076 2401 4122 et
2431 4067 2715 4129 consolatus
2746 4084 2854 4142 sum
2882 4084 2898 4120 :
2922 4068 3025 4134 vel,
3056 4068 3191 4122 sicut
3220 4070 3305 4123 alii
3334 4070 3550 4127 codices
3581 4072 3672 4128 ha-

2087 4159 2236 4224 bent,
2268 4169 2311 4213 et
2338 4159 2628 4221 exhortatus
2649 4174 2798 4223 sum;
2828 4157 3000 4225 idest,
3027 4158 3447 4216 exhortationem
3472 4166 3671 4235 accepi.

2088 4254 2380 4323 Utrumque
2412 4253 2551 4317 enim
2593 4252 2759 4323 potuit
2806 4252 3138 4323 interpretari
3170 4254 3234 4317 de
3266 4254 3428 4310 verbo
3457 4272 3631 4326 graeco
3657 4300 3672 4324 ,

2087 4344 2227 4417 quod
2266 4353 2345 4399 est
2376 4352 2683 4414 negat-eam.
2717 4343 2755 4396 Α
2786 4344 2967 4397 sarculo
2995 4359 3120 4416 ergo
3150 4360 3214 4399 ex
3251 4362 3354 4415 quo
3382 4362 3548 4416 genus
3580 4348 3675 4404 hu-

2087 4452 2299 4499 manum
2332 4435 2555 4505 sumpsit
2585 4433 2881 4497 Ulitll‘tllllm,
2912 4451 3099 4499 memor
3125 4436 3199 4506 fui
3217 4437 3529 4506 judiciorum
3562 4449 3673 4494 tuo-

2088 4548 2200 4585 rum
2237 4545 2395 4598 super
2432 4543 2555 4581 vasa
2593 4528 2703 4595 ira),
2741 4545 2858 4598 qua}
2889 4528 3119 4597 perlecta
3148 4531 3161 4559 ¹
3188 4540 3307 4585 sunt
3333 4533 3379 4584 in
3416 4532 3670 4601 perditio-

2090 4640 2210 4681 tteln
2244 4641 2254 4675 :
2286 4632 2331 4676 et
2357 4622 2642 4677 consolatus
2671 4638 2780 4675 sum
2800 4662 2814 4687 ,
2845 4622 2965 4693 quia
2997 4638 3089 4691 per
3122 4624 3232 4675 hare
3258 4639 3462 4693 quoque
3489 4634 3673 4677 osten-

2090 4716 2212 4770 disti
2260 4713 2470 4769 divitias
2513 4712 2695 4783 gloriae
2737 4723 2839 4768 tua:
2886 4713 2934 4767 in
2983 4728 3105 4775 vasa
3149 4713 3524 4767 miscricordim
3572 4724 3673 4769 tua:

2091 4809 2264 4877 (Rom,
2299 4822 2369 4870 ιχ,
2398 4805 2469 4861 2'3
2495 4815 2539 4859 et
2559 4806 2669 4876 25).

2161 4900 2212 4956 6.
2248 4898 2395 4971 [vers.
2424 4899 2511 4963 55,
2544 4896 2685 4969 Si}:
2724 4897 2959 4952 Tutilium
2986 4896 3209 4955 detinuit
3254 4912 3337 4951 me
3368 4910 3394 4949 a
3428 4907 3672 4966 peccato-

2090 4993 2235 5049 ribus
2274 4991 2696 5061 reliuquentihus
2748 4991 2917 5059 legem
2968 4998 3127 5042 tuam.
3178 4986 3479 5043 Cautabiles
3522 5000 3674 5044 erant

2090 5087 2219 5147 milii
2242 5086 2648 5156 justiﬁcationes
2685 5092 2783 5137 tua:
2816 5083 2865 5137 in
2899 5083 3013 5135 loco
3049 5080 3307 5135 inculatus
3338 5082 3438 5139 mei
3468 5098 3479 5133 :
3518 5098 3541 5136 ι
3567 5084 3669 5151 vel,

2091 5183 2229 5237 sicut
2261 5180 2349 5236 alii
2378 5180 2586 5235 codices
2613 5178 2827 5241 habent,
2855 5175 2907 5237 in
2948 5174 3053 5227 loco
3085 5174 3495 5244 peregrinationis
3527 5192 3669 5231 meat.

2092 5274 2207 5344 ipsa
2226 5282 2307 5327 est
2328 5271 2413 5326 illa
2430 5270 2698 5325 humilitas
2722 5268 2769 5323 in
2800 5266 2914 5321 loco
2932 5264 3269 5320 mortalitatis
3288 5268 3674 5337 peregrinantis

2092 5366 2321 5422 hominis
2350 5364 2416 5420 de
2462 5360 2703 5433 paradiso
2731 5366 2783 5412 et
2810 5358 2877 5413 dc
2908 5358 2994 5411 illa
3031 5372 3256 5425 superna
3284 5356 3577 5414 Jerusalem
3610 5362 3629 5389 ²
3655 5400 3669 5425 ,

2092 5459 2233 5515 unde
2274 5456 2485 5528 quidam
2515 5450 2844 5509 descendens
2889 5449 2940 5504 in
2971 5447 3184 5505 Jericho
3212 5450 3396 5506 incidit
3428 5449 3479 5505 in
3509 5449 3669 5503 latro-

2160 5642 2170 5671 ¹
2203 5648 2302 5689 Am.
2327 5643 2400 5686 Er.
2429 5642 2480 5685 et
2503 5633 2609 5683 lere
2629 5643 2799 5681 omnes
2818 5637 2945 5690 uss,
2966 5634 3149 5698 paratu.
3192 5690 3217 5698 Α
3373 5688 3382 5698 ι
3483 5685 3491 5693 1
3534 5686 3542 5693 ⁸

2159 5705 2176 5732 ²
2204 5688 2275 5749 sic
2313 5707 2415 5748 Mss.
2461 5702 2607 5760 Atillr.
2636 5700 2832 5753 (πων,
2860 5700 2903 5743 et
2928 5688 3319 5760 peregrinatioms
3366 5688 3565 5739 hominis
3613 5688 3671 5746 de

2097 5762 2323 5831 paradiso
2355 5767 2398 5811 et
2423 5760 2481 5810 de
2504 5756 2588 5809 illa
2612 5769 2820 5823 superna
2844 5753 3108 5805 Jerusalem
3133 5753 3285 5815 ωιτη.

2360 5895 2396 5903 -ο
