4188 6444
557 302 696 361 1545
1761 304 1821 360 S.
1861 303 2229 364 AUGUSTINI
2268 312 2565 373 EPISCOPI

548 432 647 474 nes
678 434 691 470 :
721 413 819 471 sed
859 422 1079 486 propter
1124 412 1546 468 misericordiam
1589 428 1708 485 quae
1739 430 1835 484 per
1862 417 2007 471 illum
2039 418 2137 473 Sa-

550 511 872 566 maritanum
900 524 1019 565 cum
1048 507 1138 562 illo
1158 507 1293 562 faeta
1321 514 1402 562 est
1419 504 1568 578 (Luc.
1603 524 1661 573 x,
1689 508 1781 575 30,
1808 508 1921 580 37),
1955 521 2142 565 canta-

546 601 681 659 biles
704 602 775 657 illi
790 599 1362 669 erantjustiticationes
1382 598 1473 653 Dei
1493 600 1541 653 in
1561 600 1677 654 loco
1693 602 2142 672 peregrinationis

544 709 693 759 suae;
724 691 970 764 quamvis
1014 705 1137 745 eum
1186 688 1401 744 taedium
1448 699 1656 745 teneret
1698 706 1727 744 a
1774 694 2141 760 peccatoribus

544 782 965 856 relinquentibus
993 781 1165 851 legem
1194 781 1309 847 Dei,
1334 781 1457 849 quia
1486 796 1605 836 cum
1634 782 1713 837 eis
1743 786 2056 839 conversari
2087 786 2139 840 in

542 877 643 933 hac
665 877 769 932 vita
794 876 879 931 vel
901 875 969 931 ad
1001 884 1210 945 tempus
1232 875 1457 945 cogitur,
1486 875 1658 931 donec
1678 891 1801 931 area
1824 878 2132 933 ventiletur.

543 967 773 1023 Possunt
796 977 976 1023 autem
995 967 1082 1022 isti
1102 966 1210 1022 duo
1234 981 1420 1021 versus
1434 966 1501 1022 ad
1524 967 1758 1037 singulas
1788 982 1965 1039 partes
1984 972 2138 1026 unius

539 1059 830 1129 superioris
864 1057 1034 1128 aptari
1064 1074 1078 1112 :
1114 1066 1171 1111 ut
1198 1056 1341 1128 quod
1367 1056 1458 1123 ait,
1493 1056 1690 1112 Memor
1726 1060 1801 1127 [ui
1819 1061 2136 1129 judiciorum

540 1164 743 1209 tuorum
771 1170 802 1205 a
830 1152 1035 1218 sazculo,
1073 1151 1324 1215 Domine,
1355 1150 1419 1204 ad
1452 1150 1553 1205 hoc
1592 1150 1872 1217 referatur,
1910 1152 1952 1205 Τ
1951 1154 2137 1207 mdium

539 1246 751 1301 detinuit
768 1261 845 1299 me
863 1260 895 1296 a
917 1243 1284 1312 pecccatoribus
1300 1242 1749 1306 derelinquentibus
1775 1243 1933 1313 legem
1957 1252 2097 1298 tuam
2116 1262 2135 1299 :

539 1338 678 1409 quod
701 1352 828 1394 vero
856 1336 925 1390 ibi
953 1336 1047 1400 ait,
1072 1333 1141 1391 Et
1160 1334 1446 1389 consolatus
1462 1350 1573 1387 sum
1596 1352 1613 1398 ;
1635 1333 1700 1387 ad
1724 1334 1826 1389 hoc
1847 1335 2132 1403 referatur,

538 1430 821 1486 Cantabiles
842 1428 965 1481 nti/ii
985 1436 1124 1481 erant
1144 1427 1534 1496 justi/icationes
1556 1435 1657 1479 tuw
1685 1426 1736 1479 in
1781 1427 1891 1480 loco
1914 1428 2134 1498 peregri-

541 1521 758 1576 nationis
784 1535 925 1575 mete.

609 1613 659 1667 7.
701 1612 849 1686 [vers.
879 1610 992 1682 55.]
1021 1609 1247 1676 Memor,
1279 1609 1482 1681 inquit,
1527 1611 1605 1680 fui
1640 1610 1691 1664 in
1737 1620 1881 1665 nocte
1911 1613 2131 1667 nominis

540 1706 633 1772 tui,
664 1704 901 1768 Domine,
935 1714 980 1758 et
1010 1703 1254 1757 custodivi
1283 1702 1440 1773 legem
1472 1712 1628 1755 tuam.
1664 1702 1776 1757 Nox
1805 1712 1888 1757 est
1918 1704 2004 1758 illa
2036 1704 2133 1757 hu-

540 1798 739 1854 militas
765 1837 779 1862 ,
815 1796 903 1851 ubi
941 1804 1023 1850 est
1052 1794 1385 1849 mortalitatis
1412 1810 1684 1859 aerumna;
1718 1811 1821 1849 nox
1850 1805 1932 1850 est
1962 1797 2012 1850 in
2043 1813 2132 1851 su-

537 1890 718 1961 perbis
745 1889 925 1958 inique
956 1886 1233 1958 agentibus
1263 1900 1429 1956 usque
1458 1886 1640 1952 valde,
1688 1902 1788 1941 nox
1832 1889 1883 1941 in
1915 1888 2072 1943 taedio
2101 1905 2130 1943 a

536 1981 907 2055 peccatoribus
943 1977 1365 2049 relinquentibus
1400 1977 1570 2048 legem
1613 1978 1738 2045 Dei;
1772 1995 1873 2033 nox
1904 1988 2131 2049 estpos-

3711 332 3859 392 15ιό

2249 440 2355 480 non
2389 428 2472 484 lex
2499 471 2513 494 ,
2557 431 2793 499 proiecto
2822 447 2923 488 nox
2950 444 3033 490 est
3057 449 3175 507 quae
3206 437 3341 495 facta
3366 449 3450 496 est
3474 442 3568 498 illi.
3593 444 3746 513 Quid
3776 457 3865 505 εει

2248 518 2427 588 igitur,
2457 520 2569 575 Nox
2614 524 2740 578 mihi
2792 524 2924 582 facta
2972 538 3071 593 est,
3126 530 3245 599 quia
3288 532 3687 603 justiﬁcaliones
3743 544 3865 592 tua;

2248 613 2532 681 exquisivi?
2567 614 2678 669 Lux
2720 618 2914 687 quippe
2944 621 3123 689 potius
3148 630 3230 676 est
3264 623 3312 679 ei
3351 623 3521 692 facta,
3566 642 3681 681 non
3712 642 3865 693 nox,

2245 702 2367 771 quia
2381 702 2786 772 justiiicationes
2801 710 3084 780 exquisivit
3098 712 3209 767 Dei.
3227 715 3301 769 Ac
3321 715 3396 769 sic
3424 726 3570 771 recte
3595 717 3647 772 in
3658 718 3868 790 telligi-

2248 801 2353 857 tur,
2385 798 2522 865 facta
2541 807 2615 851 est
2642 800 2787 863 mihi,
2819 816 2882 855 ac
2908 802 2952 856 si
2975 801 3274 870 diceretur,
3306 806 3439 861 facta
3475 817 3561 864 est
3590 824 3696 879 pro
3729 826 3825 867 me
3850 853 3866 880 ,

2246 883 2297 938 id
2325 895 2407 940 est
2435 886 2629 943 factum
2658 902 2741 946 est
2764 901 2822 946 ut
2848 894 3127 962 prodesset
3148 897 3297 951 mihi.
3321 899 3375 955 Si
3397 902 3540 957 enim
3570 901 3867 962 humilitas

2246 974 2337 1029 illa
2382 979 2719 1035 mortalitatis
2773 1000 2876 1038 non
2925 986 3154 1042 absurde
3203 988 3514 1061 intelligitur
3553 1010 3712 1061 nox,
3774 995 3869 1053 ubi

2246 1065 2471 1123 invicem
2493 1068 2659 1126 latent
2678 1074 2840 1128 corda
2864 1078 3188 1145 mortalium,
3213 1090 3270 1135 ut
3291 1080 3359 1137 de
3382 1082 3580 1139 talibus
3608 1085 3867 1144 tenebris

2243 1157 2657 1218 innumerabiles
2696 1174 2750 1219 et
2788 1180 2977 1236 graves
3008 1171 3328 1226 tentationes
3359 1174 3643 1242 oriantur,
3691 1177 3773 1231 ita
3810 1184 3869 1233 ut

2240 1252 2293 1307 in
2336 1254 2521 1310 eadem
2567 1267 2722 1313 nocte
2789 1268 3159 1329 pertranseant
3202 1265 3361 1319 etiam
3420 1266 3618 1322 bestiae
3659 1268 3865 1337 silvze,

2239 1347 2399 1400 catuli
2425 1348 2638 1403 leonum
2672 1352 2943 1421 rugientes
2961 1396 2975 1418 ,
3002 1366 3303 1423 quaerentes
3333 1372 3361 1410 a
3392 1358 3505 1414 Deo
3533 1375 3733 1415 escam
3760 1362 3871 1417 sibi

2238 1438 2407 1507 (Psal.
2441 1457 2547 1506 cm,
2581 1442 2709 1512 2i);
2740 1445 2879 1499 unde
2904 1448 3061 1500 etiam
3098 1447 3164 1502 de
3204 1449 3295 1504 illo
3317 1451 3471 1506 leone
3508 1452 3781 1523 rngiente
3812 1464 3872 1510 et

2236 1541 2510 1601 quaerente
2538 1549 2697 1603 quem
2734 1534 2958 1592 devoret
2988 1535 3007 1611 (
3026 1537 3043 1590 Ι
3075 1537 3215 1592 Petr.
3249 1556 3312 1606 v,
3342 1541 3427 1613 8),
3470 1542 3759 1598 Dominus
3792 1544 3872 1600 ait

2233 1625 2376 1693 quod
2411 1625 2520 1693 jam
2568 1641 2727 1697 supra
2771 1633 3207 1698 commemoravi,
3244 1632 3355 1687 Hac
3389 1645 3531 1689 nocte
3564 1638 3870 1707 postulavit

2234 1728 2439 1773 satanas
2463 1736 2646 1774 vexare
2684 1737 2771 1775 vos
2798 1722 2931 1776 sicut
2959 1725 3212 1790 triticum;
3245 1726 3293 1780 id
3324 1737 3435 1794 est,
3470 1727 3574 1783 hac
3607 1739 3785 1785 nocte
3814 1730 3868 1785 in

2232 1823 2333 1878 qua
2367 1820 2740 1879 pertranseunt
2778 1811 2963 1867 bestia:
3002 1813 3184 1881 silvae,
3232 1831 3327 1871 vos
3363 1818 3448 1872 leo
3490 1818 3589 1873 ille
3621 1834 3870 1890 magnus

2232 1902 2477 1970 quaesivit
2504 1917 2533 1955 a
2564 1903 2672 1958 Deo
2699 1918 2875 1958 escam
2909 1905 3011 1961 sibi
3039 1925 3051 1960 :
3078 1908 3317 1976 profecto
3358 1908 3473 1965 haec
3508 1910 3637 1980 ipsa
3676 1911 3869 1968 humi-

2233 1994 2356 2050 litas
2401 1996 2452 2049 in
2506 1997 2622 2051 loco
2657 1999 3097 2069 peregrinationis
3143 2001 3330 2072 hujus,
3376 2019 3494 2073 qua:
3537 2020 3667 2059 nox
3713 2014 3873 2061 recte

540 2086 713 2130 tremo
755 2074 807 2127 in
861 2072 977 2128 loco
1024 2070 1465 2143 peregrinationis
1514 2070 1690 2140 hujus,
1737 2071 1907 2125 donec
1954 2072 2132 2126 veniat

537 2168 834 2233 Dominus,
876 2175 928 2221 et
976 2164 1239 2220 illuminet
1288 2163 1598 2219 abscondita
1650 2165 2024 2229 tenebrarum,
2075 2174 2131 2220 et

535 2258 897 2315 manifestabit
939 2256 1287 2328 cogitationes
1333 2254 1543 2321 cordis,
1595 2264 1650 2310 et
1695 2266 1820 2311 tunc
1864 2257 1979 2311 laus
2026 2257 2130 2312 erit

535 2351 819 2421 unicuique
857 2364 886 2402 a
928 2348 1037 2402 Deo
1079 2345 1138 2411 (l
1178 2346 1295 2401 Cor.
1343 2362 1427 2411 ιν,
1470 2346 1546 2417 5).
1591 2345 1646 2400 In
1690 2346 1789 2401 hac
1816 2362 1943 2417 ergo
1974 2358 2129 2404 nocte

538 2459 745 2499 memor
776 2443 934 2495 homo
960 2454 1079 2495 esse
1108 2438 1267 2493 debet
1294 2437 1523 2491 nominis
1570 2438 1695 2502 Dei,
1729 2446 1786 2491 ut
1812 2438 1901 2508 qui
1929 2438 2127 2509 gloria-

534 2544 642 2601 tur,
678 2535 729 2590 in
761 2532 987 2588 Domino
1010 2530 1267 2601 glorietur
1296 2526 1407 2598 (Id.
1438 2545 1475 2591 ι,
1508 2527 1598 2599 3i)
1627 2545 1639 2582 :
1664 2537 1880 2599 pr0pter
1908 2529 2047 2599 quod
2075 2540 2129 2585 et

533 2625 663 2682 illud
690 2625 943 2695 scriptum
970 2630 1071 2688 est,
1106 2620 1227 2675 Non
1250 2620 1410 2683 nobis,
1439 2617 1675 2685 Domine,
1706 2637 1805 2674 non
1839 2621 2011 2687 nobis,
2039 2622 2129 2675 sed

535 2716 727 2772 nomini
772 2725 855 2769 tuo
901 2713 968 2768 da
1022 2713 1237 2784 gloriam
1284 2710 1468 2787 (Psal.
1518 2726 1664 2775 cxm,
1715 2710 1807 2781 i).
1855 2709 1943 2765 Sic
1983 2712 2126 2766 enim

538 2808 760 2879 quisque
780 2820 884 2861 non
909 2805 963 2859 in
984 2819 1099 2871 sua,
1123 2802 1214 2859 sed
1238 2802 1291 2857 in
1318 2800 1412 2856 Dei
1438 2801 1601 2871 gloria
1629 2802 1771 2871 (quia
1804 2817 1901 2857 nec
1929 2803 1979 2855 in
2007 2816 2123 2869 sua,

535 2900 627 2956 sed
659 2899 713 2953 in
741 2897 834 2952 Dei
860 2895 1085 2967 justitia,
1114 2894 1165 2949 id
1191 2905 1292 2959 est,
1324 2908 1355 2947 a
1388 2893 1495 2947 Deo
1519 2893 1619 2947 sibi
1648 2890 1866 2963 donata)
1896 2892 2128 2947 custodit

536 2994 707 3063 legem
748 2990 874 3055 Dei;
916 2990 1051 3044 sicut
1077 2989 1179 3042 iste
1206 2987 1316 3052 ait,
1348 2984 1544 3039 Memor
1563 2989 1642 3056 fui
1668 2986 1721 3039 in
1746 2994 1889 3040 nocte
1913 2987 2127 3040 nominis

536 3086 629 3151 tui,
656 3083 894 3147 Domine,
925 3089 969 3135 et
991 3078 1234 3135 custodivi
1258 3078 1416 3149 legem
1436 3086 1591 3129 tuam.
1620 3077 1787 3144 Quam
1814 3092 1919 3130 non
1943 3086 2124 3131 custo—

538 3178 724 3243 disset,
755 3176 799 3230 si
828 3175 879 3229 in
910 3188 1006 3228 sua
1033 3172 1225 3226 virtute
1249 3168 1543 3234 conlidens,
1562 3168 1791 3223 nominis
1811 3168 1899 3222 Dei
1922 3182 2127 3223 memor

536 3287 642 3328 non
694 3270 879 3325 fuisset
912 3286 926 3321 :
958 3265 1279 3336 adjutorium
1328 3263 1470 3319 enim
1522 3271 1762 3317 nostrum
1806 3260 1858 3314 in
1912 3263 2127 3316 nomine

537 3361 747 3419 Domini
779 3357 948 3432 (Psal.
981 3373 1161 3424 cxxni,
1194 3354 1271 3427 8).

610 3455 663 3508 8.
696 3450 845 3525 [vers.
879 3446 993 3520 56.]
1029 3447 1251 3516 Propter
1279 3443 1419 3515 quod
1453 3451 1667 3500 secutus
1700 3442 1942 3511 adjunxit
1963 3458 1977 3496 :
2002 3440 2127 3496 Haec

536 3549 674 3619 facta
704 3552 774 3598 est
802 3540 949 3608 mihi,
972 3539 1210 3609 quoniam
1224 3536 1453 3607 justitias
1484 3544 1593 3588 tuas
1613 3534 1872 3604 exquisivi.
1893 3532 2126 3588 Justitias

536 3641 719 3710 utique
750 3646 883 3703 tuas,
910 3632 1101 3705 quibus
1116 3630 1376 3702 justilicas
1398 3628 1649 3697 impium;
1681 3642 1784 3682 non
1814 3641 1977 3690 meas,
2008 3640 2125 3695 qua:

538 3743 807 3801 nunquam
837 3742 923 3781 me
949 3724 1091 3796 pium
1124 3721 1340 3784 iaciunt,
1373 3718 1467 3775 sed
1498 3718 1804 3787 superbum.
1837 3716 1953 3771 Non
1982 3716 2125 3770 enim

536 3832 653 3879 erat
682 3822 780 3876 iste
809 3816 999 3888 aliquis
1028 3828 1214 3871 eorum
1253 3811 1343 3881 qui
1385 3812 1673 3881 ignorantes
1714 3808 1807 3861 Dei
1846 3808 2122 3875 iustitiam,

536 3926 584 3973 et
606 3912 751 3970 suam
773 3912 990 3966 volentes
1016 3906 1316 3962 constituere
1333 3946 1347 3972 ,
1370 3902 1587 3974 justitite
1612 3900 1706 3954 Dei
1735 3916 1835 3954 non
1860 3908 1974 3953 sunt
1999 3898 2121 3954 sub-

530 4009 651 4085 jecti
675 4006 848 4077 (Rom.
872 4020 929 4070 x,
956 3998 1035 4074 5).
1056 3999 1164 4056 Has
1189 4013 1315 4069 ergo
1332 3995 1564 4067 justitias
1580 4034 1595 4060 ,
1618 3994 1807 4064 quibus
1833 3992 2125 4085 justiﬁcan-

536 4084 622 4157 tur
650 4100 813 4172 gratis
840 4112 935 4167 per
961 4094 1185 4166 gratiam
1215 4090 1344 4157 Dei,
1374 4089 1460 4158 qui
1486 4103 1583 4159 per
1610 4087 1816 4156 seipsos
1849 4084 1978 4154 justi
2008 4100 2127 4139 esse

535 4212 642 4252 non
673 4198 925 4264 possunt,
971 4186 1158 4243 melius
1196 4183 1284 4238 alii
1328 4178 1661 4251 interpretati
1706 4188 1829 4232 sunt
1859 4176 2121 4247 justi/ica-

536 4290 695 4343 tiones
719 4301 735 4338 :
755 4284 878 4354 quia
906 4295 1089 4335 revera
1119 4292 1223 4331 non
1262 4279 1557 4335 δικαιοσύνας
1578 4314 1593 4340 ,
1640 4269 1691 4325 id
1723 4278 1804 4325 est
1826 4311 1841 4335 ,
1865 4268 2125 4339 justitias;

534 4379 630 4436 sed
661 4382 961 4442 δικαιώματα
987 4384 1193 4441 grascus
1216 4367 1393 4430 habet,
1422 4379 1541 4435 quae
1567 4370 1692 4417 sunt
1704 4360 2118 4432 justiﬁeationes.

535 4471 642 4529 Sed
671 4468 795 4539 quid
822 4467 920 4521 sibi
951 4463 1061 4518 vult
1087 4460 1227 4532 quod
1256 4460 1361 4526 ait,
1398 4456 1521 4512 Haec
1552 4460 1685 4529 facta
1709 4463 1780 4509 est
1810 4452 1973 4506 mihi?
2001 4450 2127 4506 Hac

535 4562 697 4636 quid?
729 4564 809 4615 An
849 4558 982 4613 forte
1019 4552 1139 4619 lex,
1166 4551 1288 4622 quia
1328 4549 1565 4612 dixerat,
1610 4545 1676 4599 Et
1699 4544 1943 4598 custodivi
1970 4542 2128 4613 legem

535 4635 714 4721 tuam;
746 4650 936 4725 quibus
967 4646 1146 4703 verbis
1184 4642 1479 4713 subjunxit,
1518 4638 1638 4694 ch
1678 4643 1813 4710 facta
1852 4645 1923 4691 est
1961 4635 2126 4690 mihi:

536 4759 786 4820 tanquam
808 4744 1029 4807 diceret,
1063 4739 1185 4794 Haec
1214 4738 1295 4791 lex
1310 4735 1460 4811 facta
1486 4742 1567 4788 est
1594 4731 1756 4785 mihi?
1781 4730 1885 4785 Sed
1913 4745 2016 4785 non
2043 4738 2127 4785 est

465 4826 471 4841 ’
537 4835 914 4897 remorandum
945 4831 997 4887 in
1031 4826 1345 4899 exponendo
1374 4822 1641 4899 quomodo
1668 4822 1737 4877 sit
1780 4821 1827 4876 ei
1868 4820 2004 4876 facta
2042 4821 2127 4874 lex

535 4931 652 4988 Dei.
682 4928 866 4985 Grmca
897 4923 1039 4980 enim
1066 4898 1262 4975 locutio
1288 4916 1427 4972 unde
1454 4898 1830 4971 isla'translata
1861 4920 1961 4977 est,
1993 4911 2126 4966 satis

538 5021 736 5080 indicat
761 5034 865 5073 non
892 5015 958 5072 de
986 5015 1102 5084 lege
1127 5012 1324 5067 dictum
1361 5022 1479 5064 esse
1500 5047 1514 5072 ,
1561 5004 1683 5060 Haec
1709 5008 1845 5076 facta
1868 5011 1939 5056 est
1967 5002 2090 5055 mihi
2104 5016 2125 5065 ;

537 5114 658 5186 quia
690 5113 777 5167 lex
824 5110 874 5164 in
922 5107 1107 5163 eadem
1154 5105 1329 5174 lingua
1369 5099 1581 5173 generis
1620 5094 1897 5186 masculini
1926 5102 2042 5163 est,
2072 5103 2127 5150 et

541 5184 793 5261 leminino
816 5198 1128 5272 pronomine
1149 5196 1306 5251 etiam
1334 5194 1405 5248 ibi
1434 5190 1687 5260 scriptum
1716 5196 1816 5255 est,
1840 5184 1965 5241 ch
1986 5186 2123 5256 facta

540 5305 613 5353 est
645 5294 787 5348 mihi.
814 5292 1077 5359 Quaeritur
1100 5303 1227 5359 ergo
1254 5285 1400 5357 prius
1426 5298 1541 5353 qua:
1564 5281 1637 5336 illi
1661 5281 1794 5335 facta
1817 5278 1905 5343 sit,
1935 5276 2126 5332 deinde

541 5386 808 5466 quomodo
837 5385 909 5441 illi
940 5385 1074 5439 facta
1106 5385 1209 5448 sit,
1246 5392 1590 5451 quaecumque
1621 5375 1709 5429 illa
1738 5374 1824 5427 sit.
1862 5370 2013 5466 Hac,
2047 5371 2129 5424 in-

540 5462 672 5556 quit,
705 5479 841 5552 facta
870 5486 942 5531 est
968 5474 1090 5529 mihi
1115 5490 1131 5527 :
1155 5487 1262 5528 non
1290 5472 1467 5542 utique
1488 5511 1501 5536 ,
1536 5469 1658 5523 Huic
1685 5466 1767 5520 lex
1787 5506 1801 5533 ,
1835 5464 1956 5535 quia
1985 5462 2125 5517 hunc

542 5593 783 5645 scnsum,
814 5574 951 5631 sicut
976 5562 1108 5635 dixi,
1138 5581 1342 5639 graecus
1370 5562 1606 5636 expellit.
1636 5560 1795 5616 Forte
1821 5572 1969 5629 ergo,
1998 5556 2125 5612 Haic

544 5689 645 5734 nox
670 5689 681 5726 :
702 5669 822 5742 quia
850 5674 958 5722 tota
984 5661 1226 5733 superior
1252 5656 1507 5713 sententia
1540 5656 1613 5709 sic
1644 5668 1701 5707 se
1728 5650 1908 5716 habet,
1932 5647 2126 5742 Memor

544 5768 616 5838 fui
646 5768 698 5819 in
721 5740 869 5818 nocte
909 5758 1121 5814 neminis
1158 5753 1231 5806 tui
1256 5795 1268 5812 .
1315 5748 1561 5813 Domine,
1604 5757 1649 5799 et
1689 5743 1933 5838 custodivi
1968 5740 2126 5809 legem

541 5833 713 5915 iitum;
746 5862 797 5909 et
839 5852 1106 5922 sequitur,
1155 5844 1275 5899 llarr
1323 5843 1454 5911 facta
1493 5848 1559 5893 cst
1592 5838 1709 5890 mihi
1738 5851 1753 5888 :
1780 5833 1900 5903 quia
1946 5834 2124 5901 itaque

2232 2087 2575 2159 intelligitur,
2622 2090 2839 2159 prodest
2865 2092 2943 2146 eis
2980 2093 3068 2162 qui
3114 2094 3397 2149 salubriter
3423 2107 3781 2153 exercentur
3811 2100 3867 2154 in

2231 2196 2291 2237 ca
2318 2226 2332 2247 ,
2365 2192 2422 2237 ut
2450 2183 2659 2238 discant
2701 2200 2808 2240 non
2852 2187 3157 2256 superbire;
3206 2196 3421 2258 propter
3455 2190 3610 2260 quod
3649 2192 3866 2248 malum

2234 2276 2285 2329 in
2329 2276 2483 2331 istam
2512 2290 2721 2333 noctem
2752 2280 2934 2348 pulsus
2970 2290 3057 2335 est
3097 2280 3277 2337 homo.
3320 2282 3526 2337 Initium
3566 2284 3736 2339 enim
3769 2301 3867 2340 su-

2230 2370 2428 2441 perbiae
2459 2371 2691 2427 hominis
2734 2380 3036 2442 apostatare
3062 2389 3091 2427 a
3126 2375 3235 2429 Deo
3264 2373 3445 2446 (Eccli.
3473 2393 3506 2430 x
3527 2416 3541 2439 ,
3582 2376 3721 2449 14).
3754 2378 3866 2434 Sed

2228 2464 2391 2533 gratis
2413 2463 2762 2533 justiﬁcatus,
2793 2474 2953 2534 atque
2983 2466 3106 2519 utin
3132 2465 3232 2520 ista
3259 2464 3557 2522 humilitate
3589 2470 3864 2537 proﬁciat

2230 2555 2391 2608 variis
2432 2554 2813 2610 tentatiouibus
2864 2555 3020 2625 hujus
3052 2556 3221 2611 noctis
3251 2559 3522 2628 oppositus
3544 2601 3558 2622 ,
3611 2559 3743 2629 jam
3777 2561 3865 2615 iu-

2231 2647 2474 2717 telligens
2514 2648 2687 2714 dicat,
2730 2649 2873 2719 quod
2918 2649 2970 2703 in
3013 2650 3113 2704 hoc
3154 2651 3359 2719 psalmo
3401 2652 3701 2722 aliquanto
3740 2665 3866 2725 post

2228 2738 2454 2805 dicitur,
2496 2739 2695 2794 Bonum
2733 2750 2804 2795 est
2848 2741 2973 2794 mihi
3015 2742 3253 2811 quoniam
3294 2742 3579 2797 humiliasti
3626 2762 3757 2811 nte,
3809 2758 3864 2800 ut

2228 2832 2420 2885 discam
2454 2833 2840 2903 iustiﬁcationes
2859 2841 2991 2887 tuas.
3019 2832 3150 2887 Nam
3177 2833 3301 2904 quid
3322 2842 3402 2890 est
3427 2834 3597 2901 aliud,
3638 2832 3861 2894 Bonan:

2228 2934 2301 2980 est
2342 2924 2464 2978 mihi
2497 2927 2739 2995 quoniam
2778 2926 3055 2979 humiliasti
3096 2942 3208 2989 me,
3241 2926 3338 2980 nisi
3362 2967 3375 2990 ,
3407 2925 3521 2981 haec
3548 2926 3877 2984 humilitas

2227 3031 2344 3086 qua:
2386 3032 2491 3071 nox
2518 3027 2771 3082 vocatur,
2816 3020 2952 3088 facta
2979 3026 3053 3071 est
3094 3018 3249 3083 mihi,
3292 3018 3341 3072 id
3372 3027 3486 3085 est,
3518 3018 3749 3075 factum
3775 3029 3862 3077 cst

2228 3119 2286 3163 ut
2316 3110 2592 3180 prodesset
2616 3109 2745 3165 mihi
2761 3109 2783 3163 ?
2798 3108 2905 3165 Sed
2932 3125 3097 3179 quare
3118 3109 3256 3165 hoc?
3281 3110 3412 3177 Quia
3434 3111 3649 3167 scilicet
3667 3115 3857 3184 justi-

2229 3202 2487 3271 ﬁcationes
2512 3211 2646 3268 tuas,
2677 3216 2783 3255 non
2815 3215 2962 3256 meas
2986 3201 3244 3272 exquisivi.

2299 3317 2351 3372 9.
2382 3318 2673 3372 Possumus
2715 3317 2872 3371 etiam
2918 3315 3061 3387 quod
3105 3315 3302 3371 dictum
3351 3325 3460 3381 est,
3506 3314 3642 3371 Hau:
3709 3323 3861 3391 facta

2227 3422 2299 3464 est
2327 3409 2448 3463 mihi
2470 3451 2483 3474 ,
2529 3410 2606 3463 sic
2646 3400 2941 3479 intelligere
2961 3448 2976 3473 ,
3018 3417 3073 3461 ut
3105 3422 3201 3462 nec
3226 3407 3339 3473 lex,
3368 3423 3467 3462 nec
3492 3424 3601 3463 nox
3629 3411 3861 3466 suban-

2227 3501 2437 3567 diatnr,
2482 3501 2573 3554 sed
2607 3499 2707 3553 hoc
2734 3514 3028 3569 pronomen
3055 3497 3196 3568 quod
3238 3507 3319 3554 est
3362 3496 3503 3562 Hac,
3536 3515 3650 3555 non
3689 3503 3857 3558 acci-

2226 3593 2401 3662 piatur
2429 3592 2580 3645 aliter
2606 3606 2763 3662 quam
2794 3606 2851 3645 se
2895 3590 3054 3645 habet
3084 3590 3171 3643 ille
3199 3591 3251 3643 in
3294 3589 3399 3646 alio
3435 3590 3646 3661 psalmo
3683 3595 3859 3651 locus

2229 3684 2315 3738 ubi
2344 3683 2553 3753 legitur,
2579 3682 2745 3737 Unam
2772 3684 2889 3754 petii
2909 3682 3191 3749 aDomino,
3220 3684 3349 3737 hanc
3374 3684 3631 3753 requiram
3650 3684 3675 3759 (
3689 3686 3852 3743 Psal.

2228 3793 2387 3840 xxvr,
2426 3778 2501 3846 4).
2530 3775 2639 3831 Nec
2673 3776 2800 3831 dicit
2829 3775 2953 3845 quid
2997 3790 3153 3829 unam
3175 3815 3190 3840 ,
3233 3776 3313 3829 vel
3343 3791 3501 3844 quam
3529 3792 3741 3845 unam,
3785 3780 3857 3836 de

2227 3883 2328 3938 qua
2371 3867 2585 3933 dixerit,
2645 3866 2793 3921 Hanc
2836 3867 3118 3937 requiram;
3162 3866 3253 3921 sed
3301 3866 3614 3922 femininum
3656 3886 3855 3939 genus

2226 3962 2374 4031 quasi
2404 3970 2499 4031 pro
2529 3972 2718 4015 neutro
2738 3960 2966 4031 positum
2993 3967 3093 4014 est.
3124 3957 3376 4013 Inusitate
3401 3958 3596 4029 quippe
3617 3960 3852 4019 dicuun

2226 4064 2329 4121 est,
2364 4052 2531 4108 Unam
2558 4053 2714 4124 petii,
2763 4053 2894 4106 hanc
2934 4053 3222 4121 requiram;
3254 4050 3343 4105 ubi
3371 4065 3472 4105 non
3504 4051 3853 4123 subauditur

2227 4164 2345 4218 qua:
2372 4148 2461 4202 illa
2486 4162 2588 4202 una
2617 4148 2715 4200 sit:
2737 4146 2877 4216 quod
2903 4145 3145 4201 usitatius
3171 4143 3461 4210 diceretur,
3498 4144 3674 4199 Unum
3705 4149 3850 4217 petii

2228 4259 2256 4297 a
2284 4242 2533 4307 Domino,
2577 4240 2680 4296 hoc
2708 4237 2974 4308 requiram
3001 4280 3016 4305 ,
3050 4245 3105 4291 ut
3132 4236 3419 4293 inhabitem
3446 4236 3499 4291 in
3523 4235 3697 4293 domo
3734 4240 3850 4294 Do-

2227 4337 2379 4391 mini.
2422 4336 2478 4390 ln
2512 4335 2593 4388 his
2630 4333 2772 4388 enim
2812 4332 3015 4386 neutris
3060 4346 3166 4385 non
3208 4330 3346 4385 solet
3382 4330 3519 4400 exigi
3564 4344 3845 4388 neutrum

2226 4430 2365 4501 quod
2398 4427 2821 4485 subaudiendum
2866 4426 2962 4489 sit,
2997 4435 3054 4479 ut
3088 4435 3242 4494 puta,
3275 4440 3435 4479 unum
3468 4423 3703 4491 bonum,
3745 4438 3845 4481 aut

2228 4540 2388 4578 unum
2420 4521 2615 4576 donum
2639 4563 2653 4585 ,
2697 4520 2783 4575 vel
2827 4519 2870 4572 si
2900 4517 3027 4589 quid
3063 4516 3399 4587 hujusmodi;
3432 4515 3524 4572 sed
3559 4516 3839 4588 quidquid

2228 4616 2354 4671 illud
2403 4624 2521 4681 est,
2575 4613 2782 4670 etiamsi
2833 4610 3126 4666 masculino
3174 4610 3255 4665 vel
3311 4609 3565 4665 feminino
3619 4626 3840 4680 genere

2229 4720 2561 4781 nuncupetur
2582 4751 2596 4775 ,
2626 4708 2714 4764 vel
2742 4709 2855 4762 sine
2887 4706 2992 4759 ullo
3024 4706 3237 4759 neruine
3267 4704 3424 4759 ullius
3451 4705 3669 4775 generis
3697 4706 3836 4776 qni-

2227 4804 2455 4860 buslibet
2487 4802 2661 4858 verbis
2705 4801 3003 4854 insinuetur
3028 4840 3042 4862 ,
3084 4796 3239 4852 solita
3286 4796 3503 4851 omnino
3545 4795 3839 4852 locutione

2229 4896 2328 4951 sub
2347 4909 2542 4965 genere
2570 4901 2756 4946 neutro
2782 4889 3110 4959 intelligitur.
3139 4887 3214 4941 Ita
3236 4902 3365 4957 ergo
3387 4897 3437 4941 et
3459 4884 3544 4940 hic
3566 4901 3634 4940 eo
3656 4886 3836 4943 modo

2228 4988 2332 5043 dici
2381 4986 2569 5058 potuit,
2629 4983 2750 5038 Hazc
2804 4986 2939 5053 facta
2990 4988 3060 5034 est
3115 4979 3257 5040 mihi.
3306 4987 3552 5049 tanquam
3610 4977 3835 5033 dictum
3878 5018 3905 5067 ε

2229 5090 2401 5146 esset,
2432 5079 2543 5133 Hoc
2570 5076 2766 5130 factum
2794 5083 2877 5128 est
2903 5071 3052 5125 mihi.
3082 5070 3136 5125 Si
3163 5079 3339 5125 autem
3366 5083 3670 5139 qumramus
3691 5069 3833 5137 quid

2229 5172 2358 5228 illud
2387 5170 2492 5237 sit,
2537 5166 2768 5223 occurrit
2794 5163 2932 5233 quod
2969 5178 3129 5232 supra
3158 5161 3401 5216 dixerat:
3431 5159 3630 5214 Memor
3658 5162 3735 5229 fni
3769 5162 3834 5215 in

2228 5276 2370 5321 nocte
2413 5261 2628 5317 nominis
2659 5260 2751 5326 tui,
2797 5256 3031 5319 Domine,
3079 5263 3126 5308 et
3161 5252 3405 5307 custodivi
3447 5252 3606 5322 legem
3653 5262 3826 5307 tuam.

2228 5359 2341 5413 Hoc
2368 5355 2559 5410 factum
2586 5362 2668 5408 cst
2693 5349 2852 5414 mihi;
2883 5348 2933 5403 id
2955 5354 3058 5411 est,
3081 5345 3183 5400 hoc
3198 5344 3339 5416 quod
3357 5344 3616 5399 custodivi
3644 5343 3828 5413 legem

2229 5461 2372 5506 tuam
2395 5492 2409 5517 ,
2452 5462 2556 5502 non
2585 5460 2677 5515 per
2702 5444 2962 5512 meipsnm
3008 5439 3137 5505 feci,
3182 5438 3275 5493 sed
3316 5436 3509 5492 factum
3537 5446 3618 5491 est
3647 5436 3779 5491 mihi
3803 5477 3822 5501 ,

2230 5545 2409 5615 utique
2436 5542 2530 5597 abs
2558 5550 2609 5596 te
2632 5556 2647 5593 :
2669 5537 2787 5607 quia
2812 5534 3215 5606 iustiﬁcationes,
3244 5546 3348 5585 non
3376 5544 3541 5595 meas,
3570 5529 3672 5584 sed
3703 5538 3825 5582 ams

2231 5636 2493 5710 exquisivi.
2513 5635 2649 5690 Deus
2675 5641 2745 5687 est
2771 5632 2923 5698 enim,
2950 5628 3119 5698 inquit
3136 5629 3439 5697 Apostolus,
3470 5626 3552 5695 qui
3580 5630 3813 5695 operatur

2229 5731 2282 5786 in
2310 5730 2446 5785 vobis
2473 5738 2517 5783 et
2543 5728 2668 5782 velle
2692 5735 2737 5779 et
2765 5722 2984 5795 operari,
3011 5736 3100 5789 pro
3128 5718 3257 5773 bona
3277 5718 3533 5772 voluntate
3551 5714 3819 5787 (Philipp.

2237 5844 2294 5890 ις.
2329 5827 2437 5897 15').
2480 5823 2589 5878 l-loc
2615 5820 2773 5875 etiam
2810 5833 2902 5888 per
2929 5813 3235 5885 prophetam
3275 5811 3411 5867 Deus
3438 5808 3602 5865 dicit:
3633 5806 3700 5861 Et
3722 5810 3821 5878 fa-
