4188 6428
382 493 526 549 ciam
556 500 616 548 ut
642 493 697 548 in
716 490 1165 564 justiﬁeationibus
1205 488 1328 545 meis
1363 486 1628 543 ambuletis
1650 526 1667 556 ,
1709 495 1756 541 et
1782 484 1986 556 judicia

379 601 501 642 mea
537 584 840 652 observetis,
884 594 935 641 et
979 584 1181 656 faciatis
1227 581 1443 665 (Eucti;
1482 596 1666 649 xxxvr,
1696 576 1814 651 27).
1845 578 1990 647 Qua-

377 687 615 749 propter
638 676 752 734 Deo
774 676 1007 744 dicente,
1036 675 1147 748 Ego
1174 675 1360 748 faciam
1387 682 1442 737 ut
1469 672 1662 738 iudicia
1686 687 1800 729 mea
1817 670 1987 726 obser-

372 771 511 827 vetis
527 811 545 839 ,
570 779 621 826 et
646 770 885 842 faciatis;
911 769 1211 826 rectissime
1238 768 1339 823 iste
1361 766 1511 835 dicit,
1543 765 1659 822 Hoc
1680 763 1878 821 factum
1901 772 1990 822 est

371 860 519 919 mihi
553 880 568 917 :
599 871 657 918 ut
692 876 815 918 cum
855 860 1134 933 quaesieris
1174 859 1302 931 quid
1342 857 1474 915 illud
1516 857 1617 925 sit,
1659 856 1986 928 respondeat

368 955 533 1025 quod
563 970 729 1027 supra
757 955 1001 1022 dixerat,
1045 953 1116 1011 Ut
1153 951 1477 1010 custodirem
1506 951 1680 1023 legem
1722 951 1837 1008 Dei.
1879 950 1989 1007 Sed

364 1045 513 1116 quia
544 1046 653 1102 iste
678 1048 731 1102 in
757 1045 974 1117 longum
1003 1058 1183 1102 sermo
1208 1043 1489 1114 processit,
1518 1058 1581 1098 ea
1605 1057 1725 1114 quae
1749 1057 1987 1114 sequun-

352 1140 502 1202 tur,
556 1137 789 1195 Domino
816 1136 1049 1195 donante
1071 1178 1087 1206 ,
1128 1136 1197 1194 ab
1238 1135 1346 1193 alio
1382 1134 1575 1192 melius
1621 1133 1989 1192 tractabuntur

344 1227 642 1285 exordio.

1030 1352 1203 1403 εωο
1242 1354 1358 1395 XVI.

432 1479 469 1534 I
492 1521 510 1533 .
542 1477 706 1552 [vers.
736 1474 853 1549 57.]
879 1473 989 1531 Hos
1012 1488 1203 1531 versus
1234 1471 1423 1544 psalmi
1455 1471 1614 1543 hujus
1638 1470 1816 1542 magni
1842 1483 1989 1526 nunc

327 1569 734 1641 aggredimur
774 1566 828 1621 in
875 1565 969 1622 Dei
1015 1565 1292 1620 voluntate
1338 1562 1665 1630 tractandos,
1712 1561 1848 1617 Pars
1874 1577 1989 1616 mea

331 1658 678 1723 Dominus;
704 1654 848 1728 quod
875 1654 1070 1710 habent
1092 1653 1330 1725 quidam,
1356 1651 1564 1708 Portio‘
1586 1668 1716 1718 mea,
1748 1650 1984 1705 Domine.

334 1749 543 1819 Quod
591 1757 772 1805 utrum
816 1746 938 1803 ideo
984 1746 1226 1814 dicatur,
1273 1745 1396 1817 quia
1446 1744 1714 1816 particeps
1763 1744 1879 1814 ejus
1926 1745 1988 1800 ﬁt

322 1842 639 1914 quisquis
666 1841 715 1897 ei
740 1839 1009 1906 adbazret,
1040 1837 1182 1894 sicut
1215 1837 1471 1909 scriptum
1509 1845 1625 1902 est,
1658 1835 1790 1890 Mihi
1819 1844 1988 1891 autem

316 1933 657 1988 disserere
679 1929 791 1987 Deo
818 1931 1006 1986 bonum
1034 1938 1108 1985 est
1136 1927 1309 2003 (Psal.
1338 1944 1485 1985 mur
1506 1968 1522 1995 ,
1553 1928 1682 2000 28);
1711 1942 1816 1983 non
1841 1928 1987 1984 enim

315 2023 681 2082 existendo
717 2030 843 2079 sunt
877 2021 1123 2078 homines
1150 2019 1225 2076 dii
1248 2060 1264 2086 ,
1309 2019 1405 2076 sed
1444 2019 1579 2075 ﬁunt
1622 2018 1987 2090 participando

321 2118 540 2176 illius
574 2116 730 2173 unius
758 2115 851 2187 qui
878 2129 1036 2171 verus
1078 2121 1162 2169 est
1187 2112 1331 2168 Deus
1354 2129 1368 2167 :
1392 2126 1460 2166 an
1485 2111 1643 2182 quia’
1675 2118 1850 2181 partes
1886 2109 1988 2167 sibi

316 2210 605 2282 eligunt
632 2208 875 2264 homines
898 2205 951 2262 in
976 2205 1081 2261 hoc
1108 2203 1330 2271 mundo,
1362 2203 1477 2259 sive
1504 2203 1819 2269 sortiuntur,
1848 2202 1986 2260 alius

325 2300 485 2358 hoc
513 2342 531 2368 ,
576 2300 716 2356 alius
740 2297 872 2355 illud
894 2338 912 2365 ,
950 2297 1095 2354 unde
1121 2296 1345 2369 quisque
1386 2295 1564 2361 vivat;
1594 2293 1986 2366 quodammodo

325 2392 572 2466 portio
604 2392 809 2464 piorum
839 2391 982 2447 Deus
1006 2397 1093 2446 est
1115 2388 1258 2445 unde
1284 2403 1501 2460 semper
1525 2387 1705 2443 vivant
1726 2406 1742 2445 :
1764 2396 1987 2459 uterque

331 2499 490 2543 non
535 2492 627 2541 est
657 2496 845 2539 sensus
878 2480 1160 2538 absurdus.
1202 2479 1311 2537 Sed
1353 2479 1495 2551 quod
1533 2480 1772 2551 sequitur
1796 2480 1987 2536 audia-

329 2590 507 2632 nsus
537 2593 554 2631 :
580 2573 742 2640 Dixi,
787 2573 1039 2629 custodire
1077 2572 1239 2644 legem
1266 2581 1425 2626 tuam.
1463 2571 1601 2640 Quid
1645 2580 1756 2641 est,
1803 2572 1985 2629 Portio

337 2686 525 2736 mea,
560 2667 783 2725 Domine
806 2707 822 2733 ,
866 2666 977 2721 dixi
997 2706 1015 2733 ,
1068 2664 1324 2720 custodire
1348 2665 1509 2737 legem
1536 2673 1708 2729 tuam;
1734 2664 1836 2721 nisi
1861 2665 1985 2736 quia

337 2761 443 2817 ita
483 2760 603 2817 erit
630 2758 805 2830 portio
844 2757 1107 2829 cujusque
1149 2756 1441 2823 Dominus,
1485 2771 1609 2813 cum
1652 2756 1827 2828 legem
1867 2758 1985 2828 ejus

343 2850 711 2909 custodierit
722 2851 747 2905 ἲ

437 2942 515 2997 2.
544 2940 699 3013 [vers.
730 2939 821 3007 58,
862 2935 980 3012 59.]
1018 2937 1124 2995 Sui
1168 2935 1438 3009 quomodo
1466 2935 1730 3002 custodit,
1757 2935 1859 2992 nisi
1884 2936 1988 2995 hoc

345 3036 560 3093 donet.
586 3042 747 3103 atque
786 3031 854 3088 ad
895 3031 996 3087 hoc
1042 3030 1259 3101 adjuvet
1293 3029 1522 3101 Spiritus
1560 3029 1869 3096 viviﬁcans;
1917 3044 1987 3086 ne

353 3129 574 3185 ﬁttera
607 3124 814 3183 occidat
841 3124 912 3196 (ll
938 3123 1059 3181 Cor.
1092 3138 1169 3190 ιιι,
1200 3122 1282 3194 6),
1315 3130 1372 3178 et
1401 3131 1675 3194 peccatum
1704 3122 1988 3179 occasione

349 3226 613 3290 accepta
640 3232 736 3290 per
763 3215 1072 3274 mandatum
1113 3224 1369 3285 operetur
1410 3214 1465 3269 in
1514 3213 1732 3269 homine
1763 3227 1983 3269 onmem

354 3309 879 3381 concupiscentiam
901 3306 1081 3378 (Rom.
1104 3321 1200 3373 vu,
1221 3306 1302 3377 8).
1327 3303 1658 3361 lnvocandus
1676 3311 1762 3360 est
1787 3303 1944 3375 igitur
1967 3320 1983 3359 :

363 3406 467 3463 sic
493 3403 640 3460 enim
663 3401 732 3458 ab
757 3416 825 3458 eo
849 3400 981 3458 ﬁdes
1010 3400 1262 3470 impetrat
1285 3396 1427 3469 quod
1454 3397 1543 3453 lex
1566 3395 1823 3468 imperat;
1853 3409 1988 3465 quo-

375 3499 546 3555 niam
600 3495 691 3567 qui
739 3492 1069 3551 invocaverit
1113 3505 1310 3548 nomen
1360 3489 1609 3557 Domini,
1658 3490 1838 3545 salvus
1878 3489 1985 3543 erit

374 3588 442 3664 (1
446 3588 534 3646 oel
557 3602 622 3655 tt,
647 3585 751 3653 39.;
774 3585 927 3641 Rom.
958 3599 1013 3649 ι,
1035 3583 1147 3654 15).
1164 3581 1232 3638 Ει
1248 3580 1369 3637 ideo
1385 3579 1505 3636 vide
1520 3578 1646 3650 quid
1666 3578 1982 3650 subiungat:

385 3680 650 3737 Precatus
674 3692 789 3732 sum
816 3675 998 3746 facient
1024 3684 1164 3728 tuam
1201 3672 1258 3726 in
1285 3681 1389 3727 toto
1409 3671 1561 3726 corde
1579 3669 1781 3725 meo.Et
1801 3669 1988 3726 dicens

378 3767 663 3843 modo
685 3767 756 3823 sit
784 3773 1063 3837 precatus:
1084 3763 1346 3830 Miserere,
1369 3762 1559 3832 inquit,
1592 3759 1694 3817 mei
1711 3761 1988 3817 secundum

382 3862 651 3932 eloquium
678 3869 844 3914 tuum.
885 3856 956 3913 Et
982 3865 1231 3928 tanquam
1275 3855 1557 3910 exauditus
1585 3862 1747 3925 atque
1772 3854 1987 3924 adjutus

384 3956 462 4011 ab
480 3968 548 4011 eo
572 3967 731 4023 quem
758 3958 1006 4021 precatus
1032 3956 1151 4006 est:
1174 3948 1423 4019 Cogitavi,
1453 3946 1661 4017 inquit,
1694 3947 1800 4001 vias
1829 3963 1988 4017 meas,

388 4055 440 4104 et
464 4044 621 4100 averti
650 4042 802 4115 pedes
831 4057 969 4097 meos
996 4041 1050 4095 in
1076 4040 1365 4095 testimonia
1392 4047 1501 4093 tua.
1532 4038 1702 4093 Averti
1726 4039 1931 4095 scilicet
1956 4054 1990 4095 a

390 4138 498 4196 viis
525 4136 681 4201 meis,
709 4150 830 4207 qua:
857 4134 1246 4205 displicuerunt
1270 4131 1434 4200 mihi,
1465 4139 1525 4187 ut
1561 4131 1702 4187 irent
1736 4133 1793 4186 in
1836 4132 1990 4188 testi-

392 4228 576 4287 monia
620 4240 707 4283 tua
733 4267 749 4294 ,
798 4235 959 4298 atque
994 4226 1065 4282 ibi
1095 4224 1359 4282 haberent
1400 4222 1565 4278 viam.
1611 4222 1797 4280 Plures
1843 4223 1990 4279 cnim

390 4321 611 4379 codices
627 4335 736 4377 non
758 4318 979 4388 habent,
1006 4318 1141 4388 Quia
1164 4318 1400 4390 cogitavi,
1425 4316 1564 4373 sicut
1589 4316 1642 4371 in
1669 4314 1990 4387 quibusdam

394 4412 616 4484 legitur;
657 4410 753 4468 sed
793 4408 1186 4477 tantummodo,
1215 4407 1465 4480 Cogitavi.
1492 4405 1647 4475 Quod
1687 4414 1866 4463 autem
1902 4404 1991 4462 hic

394 4503 628 4575 positum
654 4511 772 4569 est,
803 4500 869 4557 Et
910 4500 1071 4557 averti
1100 4499 1249 4571 pedes
1277 4515 1453 4565 meos;
1478 4497 1721 4554 nonnulli
1751 4497 1985 4567 habent,

398 4595 534 4663 Quia
553 4593 789 4666 cogitavi,
811 4600 859 4648 et
878 4592 1104 4648 avertisti
1129 4591 1280 4662 pedes
1305 4607 1442 4646 meos
1460 4607 1480 4645 :
1498 4599 1556 4647 ut
1574 4591 1677 4647 hoc
1698 4591 1789 4647 Dei
1814 4591 1990 4661 potius

395 4686 584 4759 gratiae
610 4684 900 4749 tribuatur,
932 4682 1227 4739 secundum
1256 4681 1383 4737 illud
1407 4681 1549 4752 quod
1578 4681 1867 4753 Apostolus
1890 4682 1987 4751 ait,

398 4782 539 4839 Deus
564 4789 639 4838 est
667 4783 800 4836 enim
827 4779 913 4851 qui
951 4788 1193 4849 aperatur
1216 4776 1271 4831 in
1296 4776 1432 4831 vobis
1461 4775 1720 4847 (Philipp.
1756 4790 1792 4831 ll
1812 4817 1828 4842 ,
1857 4775 1987 4848 13):

397 4876 482 4931 cui
506 4876 669 4933 etiam
696 4874 910 4940 dicitur,
934 4872 1115 4928 Averte
1137 4870 1309 4926 oculos
1335 4885 1491 4934 meos,
1525 4885 1589 4924 ne
1615 4868 1814 4924 videant
1842 4868 1989 4922 vani-

400 4976 571 5021 tatem.
602 4965 659 5022 Si
687 4964 902 5039 oculos,
950 4978 1019 5018 ne
1062 4959 1278 5017 videant
1303 4959 1625 5025 vanitatem,
1667 4974 1764 5013 cur
1790 4973 1895 5013 non
1933 4966 1990 5013 et

397 5056 563 5129 pedes
584 5098 600 5125 ,
633 5072 702 5112 ne
738 5063 1011 5112 sectentur
1039 5051 1316 5109 errorem?
1344 5051 1572 5121 Propter
1600 5048 1740 5121 quod
1768 5057 1823 5105 et
1860 5048 1990 5105 illud

398 5150 656 5221 scriptum
678 5156 765 5205 est
788 5164 801 5200 :
824 5145 972 5202 Oculi
998 5144 1094 5200 mei
1114 5158 1310 5214 semper
1333 5142 1401 5196 ad
1427 5141 1719 5207 Dominum,
1750 5142 1990 5212 quoniam

397 5243 505 5311 ipse
532 5239 707 5295 evellet
736 5238 799 5293 de
826 5238 1002 5308 laqueo
1030 5234 1180 5307 pedes
1200 5249 1335 5289 meos
1362 5232 1536 5304 (Psal.
1567 5248 1717 5298 xxrv,
1748 5233 1860 5303 15).
1882 5231 1989 5288 Sed

397 5333 510 5388 sive
541 5329 766 5385 avertisti
814 5330 963 5399 pedes
1003 5343 1173 5391 meos,
1223 5324 1338 5380 sive
1372 5324 1530 5379 averti
1566 5324 1716 5395 pedes
1745 5340 1878 5379 meos
1907 5324 1987 5380 le-

396 5432 551 5494 gatur
570 5461 584 5487 ,
617 5420 685 5475 ab
714 5420 804 5475 illo
831 5419 890 5474 ﬁt
913 5427 972 5473 ut
997 5418 1249 5473 iaciamus
1274 5456 1288 5481 ,
1326 5416 1480 5485 cujus
1526 5415 1713 5471 faciem
1742 5424 1988 5487 precatus

393 5516 480 5563 est
505 5507 558 5560 in
590 5503 755 5560 corde
781 5518 879 5558 suo
900 5544 913 5570 ,
945 5511 1001 5558 et
1025 5501 1110 5557 cui
1142 5501 1291 5567 dixit,
1327 5499 1569 5555 Miserere
1591 5502 1687 5555 mei
1711 5500 1988 5556 secundum

396 5596 657 5668 eloquium
699 5604 861 5660 tuum,
894 5594 995 5649 hoc
1035 5601 1152 5661 est,
1184 5592 1480 5649 secundum
1505 5593 1725 5649 verbum
1756 5594 1987 5663 promis-

456 5755 476 5788 ¹
504 5754 731 5817 Plerique
752 5760 881 5813 Mss,
909 5762 1046 5817 Pars.

392 5819 490 5938 κέ
506 5822 581 5867 Er.
618 5814 670 5867 ei
712 5823 854 5877 Lov.,
890 5814 1013 5866 sicut
1056 5820 1232 5879 partes.
1281 5816 1459 5879 Abest,
1497 5816 1653 5883 sicut,
1694 5818 1754 5869 ab
1798 5825 1895 5873 Am.
1936 5822 1988 5868 et

726 5963 953 6039 Stator.
1001 5964 1276 6030 Aususr.
1324 5964 1429 6029 ιν.
1845 5986 1873 6033 ε

1838 6049 1882 6057 ἡ

1480 366 1876 427 ENARRATIO
1903 364 1969 423 IN
2006 366 2329 427 PSALMUM
2356 365 2584 426 CXVIII.

2093 484 2262 542 sionis
2290 494 2413 540 tum.
2442 484 2561 540 Filii
2580 484 2777 556 quippe
2792 484 3163 556 promissionis
3192 484 3246 541 in
3276 485 3482 543 semine
3509 485 3687 559 depu-

2094 582 2276 631 tantur
2299 575 2548 632 Abrahaa.
2576 576 2755 649 (Rom.
2785 593 2861 645 rx,
2888 576 2922 633 8
2948 587 2993 632 et
3014 577 3094 645 9).

2168 667 2224 722 3.
2254 665 2405 740 [vers.
2435 666 2551 741 60.]
2581 667 2817 737 Denique
2846 667 2950 723 hoc
2993 668 3278 739 impetrato
3304 667 3494 741 gratiae
3519 668 3687 727 bene-

2096 756 2254 825 ﬁcio,
2302 758 2525 814 Paratus
2554 775 2666 814 sum
2684 798 2700 826 ,
2732 758 2934 831 inquit,
2978 769 3027 815 et
3068 777 3172 816 non
3195 758 3308 815 sum
3337 761 3563 817 turbatus
3585 801 3601 829 ,
3631 769 3692 816 ut

2096 848 2378 904 custodiam
2403 849 2646 904 mandata
2672 858 2761 904 tua
2782 865 2800 903 :
2821 848 2964 921 quod
2990 850 3152 922 aliqui
3176 851 3510 922 interpretati
3536 860 3688 916 sunt.

2096 940 2167 994 ad
2184 940 2572 996 custodiendum
2607 940 2853 994 mandata
2882 950 3005 1006 tua;
3045 942 3227 1012 aliqui,
3260 951 3315 995 ut
3345 942 3645 997 custodirem
3667 958 3692 1007 ;

2095 1031 2289 1103 aliqui,
2320 1032 2573 1087 custodire
2595 1047 2614 1086 :
2633 1031 2776 1103 quod
2804 1046 3011 1103 graecus
3037 1031 3231 1102 posuit,
3261 1043 3345 1088 τοῦ
3372 1040 3687 1105 φυλάεοωθαι.

2165 1125 2222 1182 ι.
2251 1124 2401 1198 [vers.
2432 1124 2552 1201 61.]
2580 1124 2749 1194 Quam
2776 1140 2904 1181 vero
2932 1132 3146 1196 paratus
3171 1125 3339 1180 lactus
3365 1126 3436 1180 sit
3475 1126 3541 1181 ad
3585 1142 3689 1182 cu-

2094 1216 2372 1274 stodienda
2414 1217 2591 1273 divina
2632 1217 2880 1274 mandata
2929 1216 3197 1286 subdidit,
3236 1218 3420 1274 dicens
3462 1236 3475 1273 :
3514 1218 3689 1274 Funes

2094 1318 2411 1381 peccatorum
2452 1310 2781 1382 circumplexi
2820 1318 2937 1364 sunt
2979 1325 3077 1377 me,
3106 1320 3153 1364 et
3175 1310 3301 1382 legis
3321 1319 3421 1364 tua:
3446 1327 3546 1365 non
3572 1328 3689 1365 sum

2091 1402 2295 1457 oblitus.
2331 1401 2505 1459 Funes
2552 1412 2874 1473 peccatorum
2913 1402 3293 1482 impedimenta
3342 1411 3467 1458 sunt
3504 1403 3690 1459 inimi-

2092 1511 2301 1565 corum,
2329 1496 2442 1552 sive
2467 1495 2843 1567 spiritualium,
2872 1495 3008 1551 sicut
3036 1491 3233 1551 diaboli
3274 1503 3330 1551 et
3369 1496 3689 1566 angelorum

2093 1588 2228 1658 ejus,
2255 1589 2369 1645 sive
2396 1589 2709 1652 carnalium,
2736 1588 2789 1643 in
2819 1586 3013 1659 quibus
3042 1586 3166 1642 [iliis
3206 1586 3534 1643 inﬁdelitatis
3563 1587 3685 1643 dia-

2093 1680 2248 1736 bolus
2285 1689 2538 1751 operatur
2570 1680 2783 1752 (Ephes.
2816 1696 2871 1746 ιι,
2899 1677 2981 1751 2).
3010 1678 3125 1735 Non
3163 1678 3309 1735 enim
3337 1678 3439 1735 hoc
3486 1695 3690 1739 nomen

2092 1771 2234 1843 quod
2262 1772 2461 1830 dictum
2495 1783 2578 1829 est
2606 1782 2944 1844 peccatorum,
2966 1771 3034 1827 ab
3061 1787 3127 1828 eo
3150 1771 3292 1843 quod
3317 1781 3440 1827 sunt
3466 1782 3687 1843 peccata

2092 1862 2415 1920 declinatum
2463 1873 2577 1930 est,
2624 1863 2718 1919 sed
2762 1864 2830 1919 ab
2874 1877 2940 1919 eo
2977 1862 3119 1934 quod
3164 1871 3289 1918 sunt
3327 1871 3635 1934 peccatores
3667 1884 3687 1921 :

2091 1954 2237 2026 quod
2279 1955 2332 2010 in
2376 1970 2554 2027 graeco
2596 1954 2872 2011 evidenter
2912 1963 3131 2026 apparet
3168 1954 3287 2025 (a).
3325 1954 3460 2011 Cum
3507 1956 3689 2027 itaque

2093 2047 2365 2103 minantur
2407 2048 2566 2113 mala,
2590 2047 2784 2117 quibus
2823 2056 3059 2102 terreant
3096 2045 3289 2116 justos,
3332 2062 3400 2102 ne
3446 2062 3543 2117 pro
3590 2048 3689 2105 Dei

2092 2139 2209 2211 lege
2236 2141 2522 2211 patiantur,
2555 2139 2948 2211 quodammodo
2974 2138 3221 2194 funibus‘
3250 2139 3540 2209 implicant,
3574 2140 3687 2195 vel-

2091 2233 2170 2289 uti
2196 2233 2368 2290 valida
2409 2242 2464 2289 et
2501 2233 2717 2288 robusta
2747 2241 2889 2288 reste
2934 2246 3049 2287 sua.
3078 2230 3318 2286 Trahunt
3361 2231 3503 2286 enim
3553 2246 3683 2301 pec-

2091 2333 2209 2381 cata
2236 2325 2375 2380 sicut
2398 2332 2597 2381 restem
2622 2325 2833 2395 longam
2867 2322 3027 2393 (Isai.
3050 2338 3104 2390 v,
3126 2322 3249 2392 I8).
3273 2322 3340 2377 Ει
3383 2320 3510 2378 hinc
3553 2338 3684 2378 san-

2090 2427 2207 2474 ctos
2227 2417 2502 2488 implicare
2545 2425 2826 2484 conantur,
2852 2424 2908 2472 et
2949 2414 3235 2486 aliquando
3278 2414 3679 2485 permittuntur.

2089 2508 2197 2567 Sed
2220 2510 2267 2566 si
2293 2509 2566 2580 implicant
2590 2523 2807 2580 corpus,
2836 2522 2942 2563 non
2987 2506 3263 2577 implicant
3299 2505 3557 2573 animum,
3591 2507 3684 2562 ubi

2091 2618 2197 2659 non
2226 2612 2309 2659 est
2333 2602 2436 2658 iste
2463 2601 2557 2657 Dei
2600 2602 2734 2673 legis
2776 2600 3003 2667 oblitus;
3031 2598 3154 2670 quia
3201 2613 3381 2654 sermo
3429 2599 3524 2654 Dei
3572 2614 3684 2656 non

2090 2702 2176 2751 est
2202 2694 2446 2766 alligatus
2474 2693 2552 2765 (ll
2578 2692 2715 2749 Tim.
2745 2709 2802 2758 ιι,
2832 2691 2922 2765 9).

2162 2786 2215 2843 5.
2244 2784 2395 2859 [vers.
2427 2784 2540 2859 62.]
2569 2784 2744 2839 Media
2768 2793 2931 2851 nocte,
2956 2782 3147 2853 inquit,
3176 2783 3441 2854 surgebam
3460 2783 3527 2836 ad
3551 2799 3682 2837 con-

2091 2878 2333 2947 ﬁtendum
2363 2876 2472 2944 tibi,
2496 2888 2649 2947 super
2673 2876 2875 2947 judicia
2908 2875 3124 2948 justitia:
3160 2883 3278 2930 tute.
3309 2873 3445 2943 Quia
3485 2884 3539 2930 et
3577 2874 3685 2931 hoc

2092 2972 2265 3043 ipsum
2294 2970 2438 3043 quod
2478 2970 2633 3026 funes
2670 2978 3010 3040 peccatorum
3057 2967 3561 3039 circumplectuntur
3591 2969 3685 3038 ju-

2090 3069 2269 3127 stum,
2309 3061 2507 3132 judicia
2545 3068 2671 3116 sunt
2713 3059 2932 3130 justitize
2959 3059 3072 3114 Dei.
3101 3059 3326 3129 Propter
3371 3058 3511 3129 quod
3553 3058 3689 3115 dicit

2091 3157 2364 3227 apostolus
2380 3155 2592 3222 Petrus,
2624 3162 2833 3224 tempus
2847 3168 2966 3210 esse
2991 3161 3046 3207 ut
3068 3153 3325 3223 judicium
3335 3154 3449 3224 jam
3472 3155 3688 3225 incipiat

2092 3262 2125 3300 a
2152 3246 2301 3300 domo
2330 3245 2558 3301 Domini.
2586 3244 2655 3298 Et
2681 3245 2727 3300 si
2764 3245 2983 3311 initium,
3036 3245 3223 3315 inquit,
3250 3261 3282 3297 a
3312 3244 3485 3309 nobis;
3518 3246 3686 3316 qualis

2093 3340 2211 3410 finis
2250 3341 2345 3395 erit
2385 3341 2459 3396 eis
2495 3340 2581 3411 qui
2604 3356 2705 3394 non
2729 3340 2938 3394 credunt
2964 3338 3171 3394 Domini
3205 3339 3519 3412 Evangelia?
3547 3340 3615 3395 Et
3640 3343 3689 3396 si

2084 3432 2255 3503 justus
2282 3430 2483 3501 quidem
2507 3430 2591 3484 vix
2627 3430 2795 3485 salvus
2841 3430 2955 3497 erit,
3006 3438 3238 3500 peccator
3276 3440 3323 3484 et
3370 3431 3554 3501 impius
3600 3431 3691 3487 ubi

2094 3523 2337 3595 parebunt
2356 3521 2408 3596 (ι
2431 3521 2574 3578 Petr.
2604 3539 2676 3589 ιν,
2704 3522 2793 3590 17,
2814 3522 2930 3591 l8)?
2946 3522 3059 3578 Hoc
3076 3522 3218 3578 enim
3235 3523 3310 3578 ait
3336 3523 3402 3580 de
3428 3539 3690 3595 persecu-

2094 3615 2328 3673 tionibus
2357 3631 2489 3685 quas
2520 3615 2819 3687 patiebatur
2848 3614 3107 3682 Ecclesia,
3137 3631 3260 3670 cum
3302 3616 3456 3672 funes
3495 3631 3689 3687 pecca-

2094 3716 2269 3764 torum
2314 3708 2875 3779 circumplecterentur
2902 3723 3040 3763 eam.
3066 3706 3294 3762 Proinde
3323 3707 3553 3763 mediam
3583 3724 3689 3763 no-

2093 3810 2235 3856 ctem
2271 3801 2513 3872 graviora
2561 3799 2917 3855 tribulationis
2955 3798 3299 3869 intelligenda
3329 3799 3594 3854 existimo.
3625 3800 3687 3855 ln

2094 3907 2197 3962 qua
2223 3893 2356 3947 dixit
2385 3892 2666 3961 Surgebam
2693 3907 2712 3945 :
2739 3891 2859 3961 quia
2888 3905 2994 3944 non
3030 3905 3151 3945 eum
3179 3890 3257 3945 sic
3297 3889 3591 3959 afﬂigebat,
3625 3900 3686 3947 nt

2095 3981 2383 4051 dejiceret;
2411 3980 2507 4035 sed
2551 3979 2854 4046 exercebat,
2897 3988 2957 4033 ut
2998 3987 3260 4049 surgeret,
3306 3979 3357 4033 id
3385 3988 3485 4043 est,
3538 3990 3686 4037 utea

2096 4073 2208 4142 ipsa
2239 4070 2580 4126 tribulatione
2604 4069 2669 4124 ad
2693 4068 2880 4125 fortius
2902 4068 3262 4125 conﬁtendum
3289 4072 3590 4140 proﬁceret.

2166 4165 2220 4220 6.
2254 4162 2404 4235 [vers.
2436 4163 2523 4228 63,
2559 4160 2673 4234 64.]
2707 4160 2825 4216 Jam
2870 4175 2998 4216 vero
3037 4161 3157 4231 quia
3205 4160 3306 4216 ista
3347 4162 3478 4217 ﬁunt
3516 4164 3686 4234 gratia

2098 4257 2195 4313 Del
2221 4272 2317 4328 per
2338 4255 2521 4312 Iesum
2549 4253 2821 4310 Christum
2859 4253 3142 4310 Dominum
3185 4265 3449 4322 nostrum,
3494 4270 3687 4313 vocem

2096 4364 2338 4421 personae
2363 4363 2474 4403 sua:
2498 4364 2596 4418 per
2622 4346 2762 4403 hanc
2806 4346 3140 4419 prophetiam
3187 4362 3286 4403 suo
3332 4348 3544 4419 corpori
3592 4349 3687 4405 ad-

2090 4444 2266 4515 jnngit
2291 4444 2404 4513 ipse
2438 4442 2700 4498 Salvator.
2733 4440 2816 4496 Ad
2866 4442 3039 4512 ipsum
3080 4449 3241 4512 caput
3284 4441 3426 4498 enim
3466 4443 3689 4514 proprie

2095 4535 2237 4608 quod
2282 4534 2520 4606 sequitur
2560 4534 2832 4606 pertinere
2874 4534 3127 4601 arbitror,
3167 4533 3431 4607 Particeps
3456 4553 3547 4607 ego
3573 4554 3690 4592 sum

2096 4627 2321 4683 omnium
2363 4626 2642 4681 timentium
2678 4634 2759 4692 te,
2804 4634 2853 4679 et
2878 4625 3265 4679 custodientium
3296 4626 3537 4679 mandata
3574 4636 3685 4681 tua.

2097 4720 2245 4777 Sicut
2270 4722 2353 4775 est
2380 4718 2433 4773 in
2461 4717 2697 4788 Epistola
2743 4733 2862 4789 quae
2909 4718 2977 4773 ad
3022 4718 3275 4773 Hebraeos
3324 4718 3633 4775 inscribitur
3669 4736 3683 4774 :

2101 4810 2201 4877 Qui
2219 4810 2351 4865 enim
2366 4810 2669 4879 sanctiﬁcat,
2695 4818 2742 4865 et
2757 4810 2844 4880 qui
2855 4809 3259 4878 sanctiﬁcantur,
3282 4824 3345 4862 ea:
3361 4825 3460 4862 uno
3473 4825 3645 4865 omnes
3667 4827 3686 4875 ;

2098 4913 2305 4975 propter
2319 4919 2469 4973 quam
2487 4919 2691 4956 causam
2707 4918 2806 4956 non
2818 4900 3146 4973 confunditur
3161 4904 3347 4970 fratres
3376 4916 3458 4955 eos
3480 4916 3685 4958 vocare.

2097 4997 2166 5052 Et
2208 4993 2365 5067 paulo
2404 5002 2569 5066 post:
2616 4993 2895 5062 PrOpterea
2921 5008 3059 5063 ergo,
3103 4992 3305 5063 inquit,
3359 4992 3479 5063 quia
3533 4995 3687 5063 pueri

2096 5091 2625 5146 communicaverunt
2648 5089 2795 5144 carni
2817 5096 2871 5143 et
2896 5085 3157 5156 sanguini,
3186 5094 3240 5141 et
3269 5086 3384 5156 ipse
3410 5102 3687 5158 ρνορεηιυ-

2098 5182 2222 5236 dum
2267 5198 2438 5237 eorum
2476 5178 2794 5250 participavit
2823 5175 3010 5248 (Hebr.
3037 5190 3093 5241 tt,
3126 5176 3214 5241 Il,
3245 5174 3355 5248 14).
3379 5176 3531 5244 Quod
3560 5178 3689 5248 quid

2097 5286 2183 5333 est
2206 5277 2369 5344 aliud,
2397 5290 2573 5346 quam,
2606 5273 2805 5328 Eorum
2850 5271 3116 5342 particeps
3157 5268 3328 5325 factus
3349 5270 3463 5325 est?
3504 5268 3688 5344 Neque

2101 5370 2243 5425 enim
2270 5368 2607 5424 eiliceremur
2632 5363 2915 5435 participes
2946 5360 3237 5417 divinitatis
3262 5362 3380 5431 ejus
3397 5403 3412 5428 ,
3441 5362 3542 5418 nisi
3574 5363 3687 5433 ipse

2100 5460 2434 5517 mortalitatis
2463 5466 2659 5512 nostrae
2686 5454 2952 5526 particeps
2970 5454 3139 5509 ﬁeret.
3177 5453 3311 5509 Nam
3352 5463 3406 5509 et
3433 5454 3483 5509 in
3507 5453 3685 5509 Evan-

2095 5556 2252 5626 gelio,
2276 5552 2416 5625 quod
2442 5566 2541 5609 nos
2561 5549 2853 5605 divinitatis
2878 5547 2992 5620 ejus
3023 5548 3307 5618 participes
3328 5546 3448 5601 facti
3475 5561 3677 5613 sumus,

2098 5648 2170 5702 ita
2210 5646 2443 5701 dicitur:
2474 5643 2626 5698 Dedit
2668 5641 2739 5695 eis
2786 5646 3080 5713 potestatem
3126 5638 3262 5707 filios
3305 5635 3406 5690 Dei
3431 5635 3575 5706 ﬁeri;
3604 5637 3685 5690 liis

2097 5745 2183 5815 qui
2212 5740 2419 5795 credunt
2465 5740 2520 5792 in
2550 5742 2751 5792 nomine
2799 5750 2926 5807 ejus,
2976 5732 3060 5803 qui
3103 5747 3203 5785 non
3240 5746 3303 5784 ex
3333 5729 3683 5802 sanguinibus,

2161 5838 2176 5868 ί
2199 5834 2425 5896 Plerique
2443 5838 2571 5890 uss,
2600 5834 2753 5896 times.

2161 5838 2176 5868 ί
2199 5834 2425 5896 Plerique
2443 5831 2713 5948 Mss.,‘£me

2160 5898 2232 5963 (τι)
2263 5906 2408 5951 Graec.
2432 5907 2569 5948 amur
2635 5894 2713 5945 ὁη.

2758 5951 3366 6039 (Quarunte-muf.)
