4188 6468
558 325 723 381 .1557

578 454 738 508 neque
763 453 825 492 ea:
852 437 1107 492 voluntate
1131 431 1299 487 carnis
1318 472 1332 498 ,
1360 444 1515 500 neque
1539 444 1603 483 ea:
1644 426 1900 481 voluntate
1921 426 2036 492 viri,
2082 425 2170 478 sed

578 550 642 587 ex
672 530 774 585 Deo
802 532 908 584 nati
937 537 1073 583 sunt.
1102 524 1173 582 Ut
1216 532 1391 578 autem
1434 520 1541 575 boc
1584 518 1754 586 ﬁeret,
1801 519 1921 589 quia
1964 527 2017 571 et
2052 517 2169 587 ipse

578 627 749 680 factus
780 630 861 677 est
890 620 1151 690 particeps
1198 612 1535 670 mortalitatis
1565 620 1783 676 nostra),
1803 610 1875 663 ita
1898 608 1966 665 ibi
1982 608 2171 678 'sequi-

580 729 665 773 tur
700 736 710 770 :
746 713 811 768 Et
846 712 1063 766 Verbum
1120 725 1237 762 caro
1268 710 1458 779 factum
1495 710 1588 771 est,
1614 713 1660 759 et
1701 702 1940 756 habitarit
1978 703 2035 755 in
2080 717 2174 755 no-

578 810 651 862 bis
686 806 859 878 (Joan.
888 819 924 871 ι,
954 800 1163 871 12-14).
1218 788 1324 855 Per
1366 797 1508 853 lianc
1544 796 1664 867 'ejus
1712 794 2171 865 partitipaﬁoner'n

578 900 730 953 nobis
755 897 921 967 gratia
952 892 1407 954 subministratur,
1428 897 1484 943 ut
1506 896 1650 943 caste
1674 887 1954 941 timeamus
1976 884 2167 951 Deum,

567 1002 623 1045 ct
658 988 1018 1064 custodiamus
1063 982 1310 1038 mandata
1332 981 1466 1051 ejus.
1485 976 1716 1035 Proinde
1746 978 1858 1047 ipSe
1887 974 2041 1031 Jesbs
2084 974 2171 1029 lo-

577 1084 758 1152 quitur
805 1081 858 1134 in
906 1078 1003 1133 ista
1054 1073 1377 1146 prophetia:
1409 1072 1500 1127 sed
1547 1069 1788 1141 quaedam
1818 1069 1871 1123 in
1914 1066 2171 1124 membris

580 1174 693 1229 suis
723 1182 775 1228 et
804 1172 1004 1225 unitate
1032 1167 1274 1237 corporis
1297 1165 1406 1231 'sui,
1442 1166 1690 1233 tanquam
1719 1162 1770 1216 in
1804 1176 1913 1216 uno
1940 1158 2169 1230 quodam

575 1264 797 1320 liomine
844 1261 1034 1315 diffuso
1066 1270 1177 1314 toto
1221 1257 1350 1312 orbe
1392 1265 1674 1318 terrarum,
1709 1260 1763 1309 et
1801 1256 2172 1307 succrcseente

581 1375 675 1429 per
717 1356 983 1415 volumina
1029 1352 1381 1414 surculorum;
1435 1348 1677 1419 quaedam
1727 1361 1859 1400 vero
1899 1345 1951 1399 in
1995 1345 2171 1413 seipéo

577 1452 751 1521 capite
778 1455 981 1503 nostro.
1008 1443 1159 1501 Unde
1181 1451 1234 1498 et
1262 1441 1366 1495 hoc
1392 1450 1473 1495 cst
1502 1439 1641 1509 quod
1673 1439 1767 1505 ait,
1797 1434 2060 1506 I’articeps
2083 1448 2172 1506 ego

575 1564 687 1601 smn
733 1544 955 1599 omnium
1000 1540 1277 1595 timentium
1304 1548 1379 1603 te,
1412 1548 1456 1589 et
1506 1534 1889 1589 custodientium
1932 1532 2173 1584 mandata

576 1648 681 1691 tua.
709 1638 775 1692 Et
802 1636 923 1707 quia
970 1641 1186 1703 propter
1229 1630 1329 1683 hoc
1372 1627 1514 1699 quod
1566 1626 1829 1697 particeps
1875 1624 2044 1679 factus
2090 1633 2174 1678 est

573 1732 798 1787 fratrum
826 1743 1043 1784 suorum
1069 1768 1083 1790 ,
1117 1722 1257 1779 Deus
1301 1722 1597 1788 hominum,
1632 1718 1944 1775 immortalis
1970 1726 2172 1771 morta-

572 1824 728 1887 lium,
764 1821 885 1875 ideo
915 1833 1135 1889 granum
1161 1814 1355 1869 cecidit
1381 1814 1432 1867 in
1464 1820 1682 1877 terram,
1715 1819 1772 1864 ut
1798 1807 2173 1863 mortiﬁcatum

574 1915 803 1971 multum
866 1912 1093 1965 fructum
1150 1906 1378 1971 faceret;
1431 1904 1497 1960 de
1553 1904 1670 1974 ipso
1726 1903 1897 1957 fructu
1961 1908 2173 1956 secutus

575 2007 839 2078 adjunxit,
875 2001 1232 2059 Misericordia
1276 2010 1381 2064 tua,
1423 1998 1659 2061 Domine,
1711 1996 1862 2066 plena
1902 2003 1971 2049 est
2018 2000 2169 2047 terra.

534 2101 648 2179 \Et
693 2099 832 2154 unde
877 2097 997 2159 hoc,
1041 2095 1140 2149 nisi
1189 2110 1308 2148 cum
1333 2086 1994 2163 justiﬁeaturimpius?ln
2023 2085 2172 2155 cujus

575 2193 760 2265 gratia:
788 2189 1008 2247 scientia
1037 2199 1096 2243 ut
1122 2186 1447 2258 proliciatur,
1497 2182 1758 2254 adiungit,
1807 2178 1873 2233 Et
1909 2179 2170 2251 justi/ica-

578 2287 739 2340 tiones
761 2295 872 2338 tuas
899 2283 1022 2336 doce
1047 2296 1143 2335 me.

1205 2385 1377 2427 SERMO
1407 2384 1533 2424 XVII.

652 2494 703 2547 1.
739 2490 889 2563 [vers.
918 2488 986 2544 65
1015 2485 1051 2559 .]
1078 2485 1141 2541 Hi
1189 2498 1375 2539 versus
1417 2481 1607 2552 psalmi
1651 2479 1831 2549 hujus,
1875 2477 1943 2534 de
1982 2476 2173 2547 quibus

575 2599 721 2639 nunc
774 2583 827 2637 in
870 2581 1145 2635 voluntate
1195 2577 1288 2631 Dei
1327 2571 1649 2644 disputaturi
1693 2584 1899 2637 sumus,
1953 2569 2021 2625 ab
2067 2570 2171 2624 hoc

576 2675 837 2745 incipiunt
879 2714 897 2740 ,
964 2671 1271 2725 Suuvitatem
1320 2666 1483 2739 feciin
1534 2680 1648 2717 cum
1694 2679 1834 2719 servo
1886 2671 1968 2716 tuo
1997 2702 2011 2727 ,
2064 2660 2173 2715 Do-

576 2769 745 2832 mine,
794 2763 1071 2820 secundum
1116 2762 1319 2814 verbum
1367 2769 1543 2820 tuum;
1592 2755 1678 2811 vel
1726 2755 1935 2824 potius,
1984 2770 2169 2808 secun-

581 2860 705 2912 dum
734 2857 980 2931 eloquium
1007 2865 1168 2906 tuum.
1199 2849 1303 2905 Sed
1336 2848 1476 2918 quod
1505 2847 1579 2902 ait
1622 2860 1830 2916 grtncus
1868 2852 2172 2916 χρηστότητα

577 2949 863 3019 aliquando
929 2945 1269 3006 suavitatem,
1322 2936 1608 3009 aliquando
1681 2936 1951 2990 bonitatem
2003 2937 2171 2990 nostri

575 3045 899 3112 interpretes
954 3036 1361 3091 transtulerunt.
1387 3032 1585 3086 Verum
1636 3029 1758 3100 quia
1795 3029 2025 3082 suavitas
2076 3034 2175 3096 po-

573 3144 681 3189 test
736 3146 856 3187 esse
879 3138 933 3184 et
980 3128 1031 3182 in
1074 3127 1236 3191 malo,
1264 3123 1477 3195 quando
1518 3121 1698 3177 illicita
1733 3135 1956 3190 quaeque
1986 3128 2041 3174 et
2069 3119 2171 3173 im-

574 3224 776 3281 munda
818 3221 1107 3286 delectant,
1156 3224 1331 3286 potest
1378 3214 1539 3269 etiam
1585 3226 1705 3266 esse
1750 3218 1805 3266 et
1848 3210 1900 3264 in
1949 3225 2009 3265 ea
2052 3225 2172 3281 qua:

581 3316 896 3374 conceditur
922 3313 1197 3381 voluptate
1224 3308 1454 3371 carnali;
1488 3307 1565 3361 sic
1594 3305 1850 3361 debemus
1876 3304 2172 3374 intelligere

581 3410 898 3469 suavitatem,
928 3419 1089 3475 quam
1121 3410 1425 3472 χρηστότητα
1445 3397 1839 3461 Grmcivocant,
1869 3396 1993 3450 utin
2018 3395 2170 3450 bonis

574 3496 947 3571 Spiritualibus
996 3493 1279 3564 deputetur
1310 3508 1322 3543 :
1358 3498 1573 3559 propter
1616 3488 1719 3542 hoc
1768 3486 1910 3541 enim
1957 3502 2075 3541 eam
2116 3494 2171 3540 et

574 3592 850 3646 bonitatem
876 3586 1045 3642 nostri
1080 3582 1347 3653 appellare
1388 3580 1688 3633 voluerunt.
1722 3577 1864 3632 Nihil
1918 3577 2005 3631 hic
2042 3582 2168 3646 ergo

574 3683 718 3741 aliud
754 3682 953 3737 dictum
999 3676 1265 3739 existimo,
1314 3671 1625 3727 Suavitatem
1669 3668 1831 3740 fecisti
1871 3684 1986 3721 cum
2026 3683 2170 3722 serva

576 3786 683 3839 tuo,
718 3773 842 3839 nisi,
889 3770 1059 3825 fecisti
1107 3775 1167 3821 ut
1206 3780 1289 3820 me
1337 3762 1629 3818 delectaret
1674 3764 1894 3816 bonum.
1943 3757 2169 3826 Quando

574 3868 719 3924 enim
771 3863 1001 3919 delectat
1056 3860 1276 3924 bonum,
1328 3869 1575 3925 magnum
1625 3860 1707 3908 est
1760 3850 1855 3906 Dei
1907 3849 2165 3906 donum‘.

576 3956 801 4027 Quando
830 3962 1007 4009 autem
1031 3950 1229 4005 bonum
1258 3961 1393 4017 opus
1422 3942 1561 4016 quod
1607 3943 1687 3998 lcx
1723 3942 1967 4012 imperat,
2005 3940 2062 3996 ﬁt
2101 3941 2168 3995 ti-

571 4065 727 4107 more
777 4060 967 4116 pcenaa,
1014 4056 1118 4097 non
1169 4037 1522 4094 delectatione
1559 4034 1811 4105 iustitiae,
1861 4050 1982 4089 cum
2030 4033 2170 4089 Deus

573 4140 865 4201 metuitur,
898 4151 1005 4190 non
1033 4139 1269 4196 amatur;
1299 4129 1561 4184 serviliter
1590 4126 1666 4192 lit,
1712 4140 1815 4179 non
1858 4124 2167 4179 liberaliter.

578 4234 780 4287 Servus
805 4238 984 4281 autem
1016 4240 1121 4278 non
1153 4228 1329 4275 manet
1368 4219 1420 4273 in
1447 4217 1606 4272 domo
1636 4217 1687 4271 in
1715 4225 1994 4278 teternum,
2032 4213 2171 4269 [ilius

576 4328 764 4388 manet
793 4320 843 4372 in
867 4327 1125 4371 aeternum
1146 4311 1321 4381 (Joan.
1342 4326 1454 4374 vni,
1474 4308 1597 4378 '55);
1631 4307 1754 4377 quia
1801 4314 2171 4361 consummata

577 4416 812 4471 charitas
830 4412 970 4465 foras
988 4409 1149 4462 mittit
1165 4406 1405 4458 timorem
1426 4400 1509 4473 (1.1
1517 4418 1634 4454 οαη.
1652 4398 1838 4469 tv,18).
1860 4398 2171 4453 Suavitatem

576 4510 760 4578 itaque
783 4503 945 4575 fecisti
968 4517 1080 4553 cum
1123 4512 1263 4551 servo
1291 4505 1397 4559 tuo,
1427 4492 1661 4556 Domine,
1715 4489 1954 4544 faciendo
2007 4489 2169 4543 lilium

576 4602 667 4673 qui
716 4612 902 4653 servus
948 4594 1044 4648 fuit
1081 4589 1395 4646 :sccundum
1441 4586 1693 4653 eloquium
1734 4594 1893 4649 tuum,
1937 4582 2040 4637 hoc
2066 4592 2166 4650 est,

571 4672 871 4752 siccandum
923 4684 1249 4756 promissum
1317 4687 1495 4741 tuum;
1556 4685 1613 4731 ut
1664 4673 1953 4730 secundum
2012 4672 2169 4729 {idem

574 4790 727 4844 ﬁrma
752 4785 820 4839 sit
850 4777 1136 4853 promissio
1163 4772 1309 4829 omni
1339 4771 1525 4826 semini
1560 4767 1734 4839 (Rom.
1767 4785 1834 4835 tv,
1864 4767 1973 4838 16).

644 4881 700 4933 9..
733 4878 884 4951 [rem
915 4869 1031 4945 66.]
1059 4868 1395 4930 Suuvitatem,
1427 4868 1473 4916 et
1518 4859 1867 4925 eruditionem,
1917 4869 1961 4912 et
2009 4858 2170 4912 scien-

574 4973 697 5025 tiam
725 4949 848 5023 doce
872 4982 965 5029 me,
1000 4960 1190 5032 inquit,
1239 4955 1476 5029 quoniam
1520 4951 1770 5006 mandatis
1816 4950 1911 5003 tuis
1955 4949 2173 5005 credidi.

574 5061 771 5131 Augcri
798 5058 897 5112 sibi
925 5057 1021 5109 ista
1050 5051 1221 5124 poscit
1249 5060 1303 5104 et
1328 5045 1508 5117 perlici
1544 5062 1555 5097 :
1588 5059 1711 5097 nam
1739 5042 1917 5112 utique
1943 5041 2032 5111 qui
2056 5041 2164 5110 jam

575 5130 805 5215 dixerat,
852 5147 1164 5204 Suavitatem
1214 5140 1373 5211 fecisti
1423 5153 1535 5191 cum
1572 5150 1712 5189 servo
1753 5142 1870 5196 tuo;
1900 5130 2167 5201 quomodo

576 5244 726 5307 dicit,
755 5241 1063 5295 Suavitutem
1103 5237 1225 5289 doce
1255 5249 1354 5298 me,
1385 5229 1484 5285 nisi
1527 5236 1585 5283 ut
1610 5226 1657 5284 ei
1684 5224 1851 5296 gratia
1880 5222 1973 5278 Dei
2004 5223 2168 5294 magis

575 5338 852 5407 magisque
906 5333 1204 5386 innotescat
1246 5324 1527 5382 dulcedine
1564 5319 1849 5377 bonitatis?
1893 5317 2170 5373 Habebunt

574 5432 724 5491 enim
755 5427 909 5483 ﬁdem
937 5426 1024 5495 qui
1055 5424 1302 5478 dixerunt
1332 5438 1345 5473 :
1377 5418 1611 5483 Domine,
1662 5430 1792 5485 auge
1835 5411 1974 5467 nobis
2016 5409 2166 5479 fidem

575 5524 729 5596 xI.uc.
782 5536 912 5584 xvn,
959 5516 1031 5587 5).
1066 5515 1133 5568 Et
1175 5510 1423 5581 quamdiu
1474 5509 1671 5563 vivitur
1714 5506 1766 5559 in
1807 5504 1907 5558 hoc
1947 5500 2165 5565 mundo,

576 5613 966 5689 proﬁcientium
995 5618 1074 5662 est
1103 5607 1199 5660 ista
1220 5602 1469 5658 cantatio.
1501 5598 1715 5654 Addidit
1742 5605 1940 5662 autem,
1961 5604 2005 5649 et
2046 5610 2164 5649 ern-

581 5687 857 5771 ditionem;
884 5704 989 5769 vel,
1020 5702 1154 5755 sicut
1195 5698 1372 5768 plures
1420 5693 1631 5747 codices
1674 5689 1890 5751 habent,
1939 5687 2166 5757 discipli-

580 5821 717 5858 nam.
748 5799 849 5855 Sed
882 5797 1222 5866 disciplinam,
1261 5802 1418 5860 quam
1440 5781 1895 5852 Graeciappellant
1925 5784 2161 5846 παιδείαν,

646 5914 667 5951 ⁸
691 5916 763 5966 Si:
787 5921 885 5962 Am.
906 5916 956 5960 et
979 5916 1083 5958 Mss.
1114 5913 1163 5956 Αι
1187 5913 1317 5964 t.ov.,
1340 5910 1564 5965 magnum
1592 5893 1677 5946 Dei
1702 5892 1871 5943 bonum
1895 5898 1977 5942 est.

1826 312 1885 369 S.
1923 308 2285 369 AUGUSTINI
2326 310 2625 370 EPISCOPI

2289 424 2359 479 ibi
2391 426 2678 496 Scriptura:
2706 434 2901 484 nostra:
2931 442 3131 500 ponere
3170 443 3567 503 consueverunt,
3590 437 3671 493 ubi
3698 426 3824 498 intel-

2280 516 2496 607 lig'cnda
2524 522 2605 574 'es’t
2630 522 3019 591 permulestias
3068 524 3325 591 eruditio;
3357 528 3632 584 ScCundUm
3679 518 3821 591 illud-

2288 608 2448 675 Quem
2488 612 2622 665 enim
2663 613 2827 683 diligit
2865 610 3132 681 Dominus,
3165 619 3403 690 Corripit;
3434 622 3652 691 ﬂagellat
3691 630 3828 684 autem

2283 712 2483 757 amnem
2523 704 2686 771 [ilium
2730 710 2877 776 quem
2907 709 3101 780 recipit.
3137 709 3267 766 ﬂare
3306 713 3443 783 apud
3488 714 3829 777 ecclesiasticas

2280 793 2513 852 Litteras
2540 798 2644 853 dici
2662 800 2863 855 assolet
2892 801 3192 872 disciplina,
3224 804 3560 876 interpretata
3581 808 3641 864 de
3663 824 3825 881 ξιξερο,

2282 884 2373 940 ubi
2390 888 2609 959 legitur,
2632 895 2854 945 statariae.
2876 892 2987 948 Hec
3021 895 3164 949 enim
3193 895 3412 951 verbum
3444 899 3494 953 in
3521 907 3680 970 graeco
3700 908 3825 972 posi-

2262 980 2393 1034 tum
2426 993 2504 1036 est
2535 982 2584 1035 in
2616 974 2850 1053 Epistula
2874 986 2937 1041 ad
2970 986 3242 1054 llebrtcos,
3268 988 3357 1044 ubi
3384 990 3573 1046 latinus
3601 995 3823 1066 interpres

2274 1070 2356 1127 an
2387 1091 2399 1125 :
2432 1072 2609 1128 Omnis
2652 1076 2923 1147 disciplina
2965 1079 3033 1131 ad
3074 1086 3293 1148 prtesr’ns
3333 1098 3433 1136 non
3476 1085 3636 1153 gaudii
3672 1087 3830 1141 videtur

2276 1176 2407 1233 esse,
2432 1167 2521 1221 sed
2538 1169 2776 1233 tristitice;
2794 1178 2966 1237 postea
2986 1179 3151 1225 autem
3172 1175 3391 1242 fructum
3406 1175 3661 1244 paciﬁcum
3677 1179 3742 1231 Itis
3765 1182 3829 1248 qui

2283 1276 2493 1327 peream
2514 1271 2790 1329 certarunt,
2817 1264 2982 1317 reddit
2988 1265 3206 1334 justitiw
3224 1266 3404 1338 (Hebr.
3432 1284 3517 1334 xtt,
3542 1268 3591 1335 6,
3616 1270 3830 1340 li).Cum

2281 1368 2386 1423 quo
2416 1369 2543 1424 ergo
2570 1354 2694 1409 facit
2724 1356 2861 1409 Deus
2888 1357 3227 1425 suavitatem,
3260 1358 3310 1413 id
3337 1368 3440 1426 est,
3483 1362 3564 1416 cui
3610 1365 3831 1433 propitius

2281 1444 2507 1517 inspirat
2536 1446 2661 1500 boni
2702 1447 3149 1517 delectationem;
3200 1459 3380 1522 atque,
3433 1461 3492 1508 ut
3536 1457 3747 1524 apertius
3790 1459 3831 1514 id

2281 1539 2559 1609 explicem,
2603 1539 2686 1594 cui
2714 1540 2944 1596 donatur
2970 1557 2999 1595 a
3031 1542 3141 1598 Deo
3167 1542 3401 1599 charitas
3432 1545 3545 1613 Dei,
3575 1556 3625 1602 et
3650 1560 3832 1619 propter

2280 1632 2449 1688 Deum
2508 1632 2739 1688 Charitas
2800 1634 3346 1706 pmximizprofecto
3413 1637 3659 1695 instanter
3706 1658 3833 1703 orare

2282 1722 2458 1785 debet,
2492 1738 2596 1793 quo
2625 1732 2827 1778 tantum
2859 1724 2961 1779 sibi
2987 1735 3244 1796 augeatur
3271 1726 3374 1782 hoc
3413 1727 3629 1797 donum,
3657 1739 3710 1785 ut
3746 1748 3831 1788 non

2264 1821 2451 1876 solum
2478 1836 2573 1891 pro
2598 1822 2691 1876 illo
2737 1830 3045 1878 contemnat
3069 1823 3452 1880 delectationes
3495 1834 3719 1888 catteras.
3756 1828 3832 1885 sed

2280 1914 2439 1968 etiam
2472 1928 2567 1983 pro
2612 1914 2704 1968 illo
2742 1915 3007 1984 quaslibet
3042 1914 3279 1984 perferat
3318 1917 3608 1985 passiones.
3640 1918 3709 1973 lta
3731 1933 3831 1976 sua-

2279 2006 2431 2061 vitati
2455 2006 2739 2062 salubriter
2768 2006 2979 2061 additur
3021 2007 3325 2077 disciplina.
3354 2007 3474 2063 Non
3516 2009 3652 2064 enim
3691 2026 3831 2081 quan-

2280 2100 2633 2173 tulascumque
2673 2099 2921 2153 suavitati
2956 2098 3039 2153 vel
3088 2099 3313 2165 bonitati
3336 2139 3352 2164 ,
3378 2100 3481 2155 hoc
3501 2109 3597 2166 est,
3623 2100 3831 2158 cbaritati

2262 2200 2478 2246 'sanctm
2516 2190 2781 2261 poscenda
2821 2198 2876 2245 et
2900 2189 3129 2259 optanda
3156 2198 3267 2257 est;
3302 2190 3398 2247 sed
3426 2199 3530 2245 tam
3560 2206 3763 2262 magnae,
3787 2202 3831 2248 ut

2278 2286 2379 2341 sub
2424 2285 2541 2354 ejus
2586 2298 2834 2355 pressura
2877 2298 2983 2338 non
3025 2282 3193 2353 possit
3244 2283 3545 2354 exstingui,
3583 2284 3669 2339 sed
3721 2285 3830 2341 sicut

2278 2375 2464 2446 ingens
2491 2375 2701 2429 ﬂamma
2729 2374 2828 2429 sub
2854 2374 3055 2443 impetu
3101 2374 3271 2440 venti,
3321 2384 3521 2445 quanto
3569 2376 3724 2446 magis
3757 2391 3828 2432 re-

2266 2471 2555 2543 primitur,
2593 2479 2739 2525 tanto
2786 2470 3059 2525 ardentius
3098 2469 3344 2525 excitari.
3391 2469 3514 2525 Ideo
3550 2484 3717 2540 parum
3752 2468 3828 2524 iuit

2276 2562 2477 2631 dicere,
2507 2563 2821 2619 Suavitatem
2844 2562 3006 2633 fecisti
3044 2577 3159 2615 cum
3201 2572 3347 2616 servo
3386 2570 3502 2627 tuo;
3546 2561 3639 2617 nisi
3678 2574 3827 2616 rursus

2279 2664 2485 2726 peteret
2522 2666 2581 2712 ut
2624 2672 2746 2712 eum
2790 2655 3352 2719 doceat‘suavitatem,
3380 2662 3581 2711 tantam
3610 2654 3766 2725 utique
3783 2663 3829 2709 ut

2277 2747 2612 2817 disciplinam
2643 2747 2809 2817 possit
2838 2745 3538 2817 patientissimesuSIinere.
3564 2744 3727 2799 Tertia
3757 2757 3833 2814 po-

2280 2842 2424 2897 nitur
2448 2841 2703 2907 scientia;
2735 2840 2983 2911 quoniam
3005 2840 3050 2895 si
3078 2839 3454 2910 magnitudine
3498 2852 3589 2895 sua
3621 2836 3832 2908 praeedit

2262 2934 2499 2990 scientia
2547 2932 2964 3005 magnitudinem
3008 2930 3305 2998 cbaritatis,
3361 2945 3468 2986 non
3512 2929 3736 2993 aediﬁcat,
3756 2925 3830 2982 sed

2277 3027 2428 3081 inﬂat
2457 3026 2511 3098 (Ι
2536 3025 2653 3080 Cor.
2685 3041 2799 3091 vm,
2827 3025 2917 3095 1).
2945 3024 3081 3079 Cum
3100 3034 3229 3093 ergo
3256 3032 3413 3078 tanta
3452 3021 3607 3078 fuerit
3640 3019 3831 3077 charitas

2262 3120 2330 3174 'in
2360 3119 2595 3174 bonitate
2610 3117 2789 3182 suavi,
2807 3124 2866 3171 ut
2891 3115 3318 3171 tribulationibus
3334 3128 3455 3169 non
3483 3112 3643 3183 possit
3666 3109 3831 3166 esstin-

2270 3212 2386 3283 gui,
2400 3226 2536 3283 quas
2554 3209 2768 3268 adhibet
2780 3208 3085 3278 disciplina;
3100 3217 3224 3265 tunc
3234 3206 3393 3262 utilis
3406 3207 3507 3263 erit
3522 3204 3833 3273 scientia,qtta

2264 3305 2566 3361 "innotescit
2590 3305 2751 3359 etiam
2786 3303 2889 3362 sibi
2917 3303 3077 3357 homo
3091 3301 3217 3372 quid
3243 3301 3369 3371 ipse
3386 3300 3649 3365 meruerit,
3676 3306 3723 3353 et
3739 3310 3833 3367 qua:

2260 3412 2307 3452 -a
2346 3399 2461 3453 Deo
2478 3397 2672 3451 donata
2706 3396 2816 3451 sint
2839 3395 2909 3460 ei,
2933 3409 3029 3465 per
3064 3406 3185 3464 quae
3204 3406 3374 3463 posse
3408 3408 3467 3449 se
3504 3391 3634 3447 sciat
3665 3402 3834 3460 qumsc

2264 3505 2436 3562 posse
2462 3487 2753 3557 nesciebat,
2778 3495 2834 3542 et
2860 3502 2955 3557 per
2978 3486 3218 3556 seipsum
3256 3484 3485 3540 omnino
3502 3497 3607 3540 non
3636 3489 3825 3552 poterat.

2348 3583 2401 3638 5.
2432 3581 2585 3650 Quod
2627 3589 2804 3635 autem
2850 3592 2959 3633 non
3004 3577 3097 3645 ait,
3144 3577 3218 3631 Da
3250 3575 3418 3643 mihi;
3447 3574 3557 3640 sed,
3583 3572 3713 3628 Doce
3731 3584 3828 3624 me:

2277 3673 2546 3747 quomodo
2602 3671 2836 3727 suavitas
2876 3670 3115 3737 docetur,
3154 3668 3203 3723 si
3239 3683 3351 3723 non
3397 3666 3590 3723 detur?
3616 3660 3826 3732 Quando-

2276 3766 2494 3837 quidem
2528 3764 2694 3819 ‘multi
2738 3762 2883 3833 quod
2919 3776 3014 3817 eos
3037 3776 3144 3815 non
3171 3758 3412 3816 delectat
3436 3758 3625 3823 sciunt,
3652 3763 3700 3811 et
3720 3766 3826 3824 qua-

2278 3873 2397 3915 rum
2448 3871 2627 3912 rerum
2668 3856 2865 3911 habent
2914 3852 3306 3923 cognitionem,
3350 3866 3460 3906 non
3510 3849 3693 3904 habent
3730 3857 3827 3898 sua-

2277 3953 2517 4009 vitatem.
2535 3949 2781 4006 Suavitas
2803 3947 2945 4003 enim
2967 3945 3101 4001 disci
3117 3947 3244 3999 ’non
3271 3952 3469 4013 potest,
3490 3941 3589 3996 nisi
3607 3934 3823 3994 delectet.

2281 4044 2411 4099 Item
2441 4041 2739 4110 disciplina,
2768 4053 2889 4109 qum
2924 4035 3192 4106 signiﬁcat
3232 4032 3647 4089 emendatoriam
3689 4024 3825 4082 tribu-

2274 4137 2553 4200 latirmem,
2594 4130 2903 4202 accipiendo
2942 4130 3196 4193 discitur;
3241 4127 3293 4182 id
3327 4137 3430 4193 est,
3474 4140 3575 4181 non
3604 4115 3827 4177 audiendo

2280 4229 2361 4283 vel
2391 4226 2635 4298 legendo,
2664 4223 2748 4278 vel
2774 4220 3079 4292 cogitando,
3114 4218 3208 4275 sed
3253 4216 3604 4288 experiendo.
3627 4216 3688 4268 At
3725 4220 3827 4263 vero

2262 4320 2521 4385 scientia,
2551 4332 2709 4389 quam
2736 4315 2947 4369 tertiam
2993 4312 3170 4382 posuit
3209 4312 3261 4365 in
3304 4309 3391 4364 his
3433 4322 3551 4379 quae
3595 4305 3680 4369 ait,
3718 4299 3827 4354 Doce

2277 4433 2375 4479 me,
2401 4411 2643 4469 docendo
2668 4410 2844 4465 datur.
2862 4408 2992 4462 Nam
3022 4404 3149 4476 quid
3179 4413 3263 4459 est
3284 4402 3432 4457 aliud
3462 4401 3671 4463 ducere,
3697 4398 3823 4463 quam

2268 4508 2553 4565 scientiam
2584 4504 2750 4559 dare?
2781 4504 2845 4558 Et
2884 4502 2996 4555 haec
3042 4499 3148 4553 duo
3190 4499 3263 4552 ita
3304 4497 3407 4552 sibi
3449 4505 3677 4551 connexa
3708 4491 3822 4546 sunt,

2280 4609 2341 4655 ut
2363 4600 2588 4654 alterum
2619 4596 2735 4651 sine
2756 4595 2927 4649 altero
2953 4602 3072 4646 esse
3121 4604 3227 4643 non
3278 4586 3465 4657 possit.
3512 4584 3671 4640 Nemo
3710 4575 3822 4631 enim

2279 4696 2499 4751 docetur
2548 4691 2648 4747 nisi
2690 4689 2894 4755 discat,
2939 4696 2994 4739 et
3033 4696 3191 4739 nemo
3228 4680 3392 4735 discit
3448 4677 3547 4732 nisi
3588 4674 3821 4729 doceatur.

2266 4790 2348 4845 iEt
2375 4788 2495 4843 ideo
2520 4786 2565 4840 si
2605 4781 2896 4851 discipulus
2919 4791 3087 4847 capax
3113 4789 3219 4830 non
3254 4772 3323 4827 sit
3353 4784 3535 4827 eorum
3563 4779 3672 4837 qua:
3699 4776 3724 4813 a
3744 4758 3824 4812 do-

2266 4890 2428 4937 ctore
2463 4878 2733 4937 dicuntur,
2780 4886 2887 4927 non
2938 4875 3112 4939 potest
3131 4865 3321 4921 doctor
3349 4863 3547 4926 dicere,
3587 4857 3689 4926 Ego
3725 4860 3822 4906 eum

2268 4976 2461 5040 'doeui,
2514 4971 2609 5028 sed
2660 4971 2775 5040 ipse
2822 4980 2928 5021 non
2972 4962 3194 5018 didicit:
3224 4960 3403 5014 dicere
3446 4964 3623 5010 autem
3659 4951 3819 5019 potest:

2280 5071 2395 5139 Ego
2425 5037 2473 5122 ei
2509 5064 2619 5120 dixt
2646 5037 2787 5133 quod
2818 5055 3101 5113 dicendum
3132 5053 3251 5116 fuit,
3282 5049 3375 5105 sed
3402 5048 3493 5103 ille
3518 5060 3617 5100 non
3642 5037 3821 5139 didicit;

2280 5125 2403 5232 quia
2432 5170 2538 5213 non
2560 5125 2817 5226 percepit,
2851 5160 2955 5203 nou
2982 5141 3410 5214 comprehendit,
3435 5152 3539 5193 non
3576 5125 3816 5232 intellexit.

2435 5211 2697 5321 proiecto
2723 5211 2921 5299 .et'ille
2960 5211 3257 5299 didicisset,
3290 5233 3335 5289 si
3354 5233 3456 5287 iste
3480 5224 3742 5321 docuismt.
3768 5211 3824 5268 El

2264 5348 2399 5403 ‘ideo
2430 5314 2589 5406 licus,
2607 5335 2825 5409 quando
2853 5332 2964 5387 vult
2985 5330 3201 5394 docere,
3230 5326 3374 5397 prius
3398 5321 3489 5377 dat
3508 5314 3819 5409 intellectual»

2262 5440 2395 5495 'siue
2441 5450 2546 5506 quo
2594 5402 2657 5487 ea
2701 5442 2820 5497 quae
2858 5424 2923 5479 ad
2966 5421 3204 5477 divinam
3250 5413 3543 5473 doctrinam
3567 5402 3817 5506 pertinent,

2278 5490 2587 5587 lro‘rno'non
2634 5490 2810 5593 potest
2843 5516 3090 5572 discere:
3120 5511 3262 5568 unde
3296 5516 3351 5565 et
3393 5506 3492 5559 iste
3533 5495 3678 5593 paulo
3722 5490 3819 5593 post

2270 5626 2428 5689 dicit,
2470 5618 2553 5675 Da
2597 5589 2721 5670 mihi
2765 5611 3095 5675 intellectum,
3145 5614 3201 5659 ut
3242 5603 3428 5657 discam
3471 5589 3817 5689 mandatam:

2280 5674 2462 5778 Potest
2485 5714 2661 5781 itaque
2685 5708 2866 5770 homo,
2890 5717 3010 5757 cum
3036 5674 3229 5756 docere
3253 5695 3474 5764 aliquem
3495 5682 3651 5754 cupit,
3668 5674 3820 5732 dicere

2347 5862 2363 5892 ι
2391 5855 2614 5917 Plerique
2636 5854 2764 5907 Mss,
2791 5840 2907 5897 dici.
