4188 6470
421 354 557 412 1549

419 465 504 523 illa
552 483 675 538 quae
714 466 847 523 dixit
898 465 1154 521 Dominus
1200 464 1475 536 discipulis
1504 465 1636 532 suis,
1669 472 2015 534 posteaquam

416 560 718 616 resurrexit
761 575 792 614 a
844 559 1101 623 mortuis;
1155 557 1250 612 sed
1307 557 1483 612 facere
1531 554 1672 626 quod
1726 555 1815 610 ille
1858 553 2013 619 fecit,

414 668 523 709 non
581 661 780 724 potest.
827 652 918 707 Ait
964 652 1107 706 enim
1163 649 1513 720 Eva’ngelium
1566 666 1580 704 :
1636 646 1779 703 Tunc
1816 648 2017 718 aperuit

410 748 485 800 eis
516 762 759 811 sensum,
792 752 846 798 ut
890 743 1227 813 intelligerent
1270 741 1603 812 Scripturas,
1648 749 1694 795 et
1738 739 1863 793 dixit
1913 739 2017 793 illis

407 837 570 906 (Luc.
591 849 741 900 XXIV,
764 834 982 906 45,46).
1004 833 1139 913 Quid
1157 840 1331 888 autem
1353 832 1455 887 illis
1473 831 1686 899 dixerit,
1707 831 1775 886 ibi
1790 830 2012 901 legitur:

400 931 504 985 sed
526 930 658 985 ideo
687 936 946 999 ceperunt
966 925 1107 998 quod
1121 925 1273 991 dixit,
1298 925 1417 995 quia
1440 923 1579 978 unde
1594 930 1873 992 caperetur
1893 934 2019 991 ape-

396 1026 543 1078 ruit.
592 1023 762 1079 Docet
810 1036 938 1091 ergo
992 1020 1130 1075 Deus
1175 1018 1488 1073 suavitatem
1528 1012 1838 1086 inspiraudo
1866 1015 2015 1070 dele-

388 1117 738 1181 Ctationem,
798 1113 953 1169 docet
1010 1111 1346 1181 disciplinam
1395 1107 1741 1180 temperando
1798 1107 2018 1162 tribula-

377 1211 649 1273 itionem,
672 1209 829 1265 docet
844 1207 1118 1263 scientiam
1138 1204 1456 1260 insinuando
1479 1203 1860 1274 cognitionem.
1885 1201 2017 1257 Cum

377 1298 597 1373 itaque
651 1301 754 1357 alia
803 1300 1055 1370 sintquse
1102 1297 1223 1352 ideo
1248 1296 1503 1352 discimus
1543 1304 1600 1350 ut
1647 1292 2018 1349 tantummodo

379 1395 661 1449 sciamus
688 1434 703 1460 ,
733 1393 833 1447 alia
876 1406 1003 1447 vero
1030 1398 1087 1445 ut
1114 1391 1272 1444 etiam
1315 1388 1608 1455 faciamus;
1635 1387 1848 1458 quando
1876 1383 2017 1443 Deus

369 1501 449 1540 ea
493 1486 693 1550 docet,
720 1483 797 1538 sic
824 1481 980 1538 docet
1005 1490 1061 1535 ut
1081 1478 1297 1537 scienda
1326 1480 1578 1545 sciamus,
1604 1477 1893 1548 aperiendo
1920 1493 2011 1532 vc-

363 1576 634 1631 ritatem
663 1618 677 1642 ,
710 1574 788 1630 sic
831 1572 988 1628 docet
1032 1580 1089 1627 ut
1117 1571 1355 1627 facienda
1380 1570 1636 1626 faciamus
1661 1613 1675 1638 ,
1707 1569 2017 1639 inspirando

366 1670 762 1725 suavitatem.
792 1667 976 1736 Neque
1020 1666 1163 1721 enim
1211 1664 1406 1720 frustra
1436 1664 1484 1719 ei
1514 1663 1707 1719 dicitur
1730 1705 1743 1727 ,
1775 1661 1914 1717 Doce
1939 1677 2017 1718 me

366 1772 439 1816 ut
466 1762 680 1834 faciam
697 1759 999 1814 voluntatem
1016 1768 1152 1812 tuam
1168 1756 1336 1831 (Psal.
1362 1772 1526 1823 CXLII,
1552 1752 1663 1829 10).
1684 1754 1792 1823 Sic,
1824 1755 2012 1826 inquit,

359 1854 533 1907 doce
564 1864 625 1907 ut
648 1850 853 1923 faciam,
870 1866 975 1905 non
1000 1848 1366 1904 tantummodo
1390 1856 1448 1902 ut
1474 1848 1658 1903 sciam.
1681 1847 1798 1917 lpsa
1820 1846 2017 1918 quippe

350 1957 558 2001 recte
587 1944 729 2000 facta
752 1985 769 2011 ,
802 1942 1005 1998 fructus
1032 1950 1114 1997 est
1160 1948 1342 1996 noster
1381 1955 1539 2010 quem
1575 1939 1849 1994 reddimus
1878 1939 2017 2010 agri-

350 2037 547 2092 cola:
606 2043 790 2091 nostro
842 2052 855 2088 :
916 2032 1011 2089 sed
1060 2032 1334 2102 Scriptura
1382 2031 1545 2098 dicit,
1578 2029 1827 2085 Dominus
1875 2030 2016 2085 dabit

351 2128 748 2192 suavitatem,
782 2134 826 2179 et
852 2134 985 2179 terra
1024 2136 1198 2178 nostra
1225 2122 1363 2176 dabit
1402 2125 1624 2195 fructum
1650 2139 1793 2176 suum
1823 2120 2010 2193 (Psal.

353 2234 656 2282 Lxxxw,
685 2216 812 2287 15).
841 2214 969 2282 Quae
999 2222 1176 2269 autem
1211 2214 1309 2267 ista
1344 2222 1482 2266 terra
1519 2221 1602 2267 est
1630 2254 1644 2277 ,
1688 2212 1788 2265 nisi
1815 2212 1881 2267 de
1911 2226 2015 2283 qua

352 2310 609 2365 dicitur
653 2307 826 2364 eidem
879 2308 980 2375 ipsi
1031 2307 1119 2376 qui
1151 2305 1240 2359 dat
1289 2304 1645 2371 suavitatem,
1673 2303 1860 2358 Anima
1902 2320 2014 2358 mea

354 2403 541 2457 velut
572 2411 713 2455 terra
738 2400 845 2454 sine
869 2415 1002 2469 aqua
1028 2398 1115 2452 tibi
1142 2399 1159 2469 (
1189 2396 1333 2452 Psal.
1365 2412 1527 2463 CXLII,
1554 2396 1587 2450 6
1610 2396 1650 2467 ).

455 2494 531 2548 4.
569 2492 725 2559 Quod
768 2506 896 2546 vero
941 2507 1060 2545 cum
1090 2490 1339 2554 dixisset,
1371 2490 1686 2555 suavitatem,
1709 2496 1756 2543 et
1782 2488 2011 2559 discipli-

359 2602 545 2649 nam,
581 2594 634 2637 et
683 2583 940 2637 scientiam
965 2581 1089 2635 doce
1139 2597 1250 2645 me;
1280 2580 1520 2650 adjunxit
1550 2590 1709 2650 atque
1743 2581 1833 2645 ait,
1869 2579 2011 2647 Quo-

362 2679 549 2732 uiam
580 2676 831 2731 mandatis
862 2675 959 2729 tuis
1006 2674 1197 2727 credidi
1220 2690 1238 2727 :
1266 2689 1371 2728 non
1405 2673 1673 2727 immerito
1700 2674 1865 2743 QII'JEI‘I
1912 2689 2011 2743 po-

366 2781 514 2828 test.
539 2787 643 2826 cur
672 2784 777 2824 non
807 2768 1024 2832 dixerit,
1050 2765 1258 2821 obedivi
1288 2784 1301 2832 ;
1335 2765 1451 2830 sed,
1481 2765 1694 2819 credidi.
1731 2766 1843 2819 Alia
1877 2774 2001 2820 sunt

370 2866 553 2920 enim
586 2860 832 2915 mandata
854 2902 868 2923 ,
900 2859 1003 2913 alia
1036 2858 1317 2928 promissa.
1347 2848 1590 2911 Mandata
1620 2854 1859 2912 facienda
1883 2872 2008 2914 sus-

371 2955 676 3026 cipimus,
702 2961 761 3007 ut
789 2952 1031 3020 accipere
1066 2950 1325 3020 promissa
1362 2964 1685 3004 mereamur.
1721 2949 2007 3005 Promissis

375 3066 541 3122 ergo
602 3048 892 3113 credimus,
947 3045 1212 3100 mandatis
1264 3043 1719 3113 obtemperamus.
1758 3042 1897 3111 Quid
1926 3052 2014 3098 est

380 3158 562 3214 ergo,
603 3141 855 3195 mandatis
885 3141 983 3194 tuis
1013 3138 1223 3205 credidi,
1257 3138 1379 3203 nisi,
1409 3137 1613 3192 credidi
1643 3137 1783 3208 quod
1840 3146 1894 3192 tu
1920 3138 2011 3193 illa

382 3235 773 3299 mandaveris,
806 3248 912 3288 non
933 3233 1123 3303 aliquis
1154 3231 1334 3297 homo,
1367 3232 1610 3302 quamvis
1647 3247 1741 3301 per
1767 3231 2013 3288 homines

386 3328 718 3385 hominibus
733 3327 1031 3381 ministrata
1058 3325 1200 3380 sint?
1216 3325 1346 3393 Quia
1367 3328 1542 3395 itaque
1568 3324 1768 3379 credidi
1788 3334 1871 3379 tua
1893 3340 2013 3381 esse

390 3420 684 3484 mandata,
710 3421 821 3491 ipsa
848 3419 978 3475 fides
1008 3434 1127 3475 mea
1152 3434 1256 3488 qua
1303 3417 1355 3473 id
1380 3417 1606 3485 credidi,
1640 3418 1889 3488 impetret
1916 3418 2012 3475 abs

395 3524 461 3571 te
499 3513 726 3585 gratiam
752 3527 855 3582 qua
884 3511 1072 3566 faciam
1106 3509 1247 3581 quod
1277 3509 1561 3565 mandasti.
1590 3510 1646 3566 Si
1673 3512 1819 3566 enim
1850 3511 2012 3567 homo

397 3606 547 3663 mihi
577 3605 691 3659 Ilch
734 3605 951 3675 juberet
983 3602 1278 3657 forinsecus
1304 3618 1318 3667 ;
1352 3602 1630 3672 numquid,
1662 3604 1903 3657 utetiam
1932 3602 2012 3658 fa-

403 3712 597 3754 cerem
613 3696 752 3766 quod
777 3695 1016 3765 jubebat,
1041 3694 1315 3765 adjuvaret
1332 3694 1690 3750 intrinsecus?
1719 3695 1861 3750 Doce
1882 3710 2010 3767 ergo

404 3804 503 3846 me
552 3789 867 3844 suavitatem
896 3786 1206 3857 inspirando
1231 3786 1545 3842 charitatem
1572 3829 1587 3853 ,
1637 3787 1769 3843 doce
1794 3804 1882 3845 me
1920 3789 2007 3844 di-

408 3883 694 3952 sciplinam
721 3880 971 3937 donando
1025 3881 1365 3950 patientiam,
1415 3880 1549 3936 doce
1593 3896 1679 3935 me
1730 3882 2008 3936 scientiam

409 3975 770 4031 illuminando
820 3975 1222 4045 intelligentiam
1273 3994 1286 4029 :
1333 3975 1586 4041 Quoniam
1627 3975 1881 4030 mandatis
1909 3977 2010 4031 tuis

413 4068 631 4123 credidi.
665 4067 741 4122 Te
772 4067 858 4121 illa
905 4066 1107 4121 credidi
1158 4065 1444 4121 mandasse
1497 4066 1588 4136 qui
1642 4067 1783 4121 Deus
1822 4082 1900 4133 es,
1956 4075 2010 4122 et

415 4159 620 4215 homini
656 4159 824 4214 donas
850 4157 990 4213 unde
1019 4157 1185 4214 facias
1206 4173 1328 4214 eum
1358 4157 1531 4212 facere
1569 4157 1712 4227 quod
1760 4158 2003 4213 mandas.

486 4253 541 4309 5.
558 4250 708 4324 [vers.
732 4249 847 4323 67.]
869 4248 1175 4319 Priusquam
1201 4248 1514 4315 ltumiliarer,
1544 4249 1733 4320 inquit,
1763 4266 1853 4321 ego
1881 4248 2011 4303 deli-

414 4345 539 4415 qui;
568 4352 835 4415 propterea
863 4344 1065 4397 verbum
1089 4352 1254 4409 tuum,
1285 4342 1391 4409 vel,
1425 4343 1560 4398 sicut
1585 4342 1674 4396 alii
1703 4343 2007 4413 expressius

416 4435 634 4500 habent,
662 4444 925 4506 prapterea
949 4435 1205 4505 eloquium
1230 4443 1369 4488 tuum
1399 4436 1641 4489 custodivi
1669 4451 1687 4489 :
1712 4436 1894 4507 utique
1936 4450 2004 4492 ne

414 4544 632 4585 rursum
692 4528 1021 4583 humiliarer.
1068 4526 1223 4596 Quod
1277 4526 1343 4581 ad
1404 4527 1546 4581 illam
1587 4527 2007 4583 humiliationem

418 4622 610 4676 melius
666 4619 913 4684 refertur,
958 4635 1077 4689 quae
1129 4618 1262 4673 faeta
1306 4626 1390 4673 est
1434 4619 1486 4672 in
1538 4618 1744 4684 Adam,
1800 4619 1854 4673 in
1902 4633 2007 4689 quo

417 4715 593 4770 omnis
619 4719 863 4769 creatura
908 4712 1141 4767 humana
1176 4722 1424 4781 tanquam
1466 4712 1519 4765 in
1569 4710 1749 4765 radice
1777 4710 1956 4765 vitiata
1987 4752 2005 4779 ,

418 4810 675 4880 quoniam
721 4808 929 4864 veritati
977 4807 1216 4876 subjecta
1263 4821 1383 4861 esse
1409 4820 1514 4859 non
1541 4804 1731 4870 voluit,
1764 4803 2007 4874 subjecta

419 4911 500 4958 est
526 4900 746 4956 vanitati
774 4901 949 4971 (Rom.
981 4915 1095 4967 vui,
1124 4898 1238 4969 20).
1277 4897 1428 4965 Quod
1456 4898 1597 4951 vasis
1624 4896 2004 4952 misericordiae

419 4995 619 5066 profuit
644 4994 875 5066 experiri
896 5036 911 5061 ,
940 5001 999 5047 ut
1052 4992 1258 5061 dejecta
1316 4991 1564 5061 superbia
1594 4990 1844 5060 diligatur
1872 4989 2006 5045 obe-

417 5088 642 5155 dientia,
673 5096 729 5143 et
752 5096 936 5157 pereat
960 5100 1067 5140 non
1096 5085 1328 5139 reditura
1358 5084 1593 5138 miseria.

487 5180 544 5235 6.
584 5178 733 5252 [rem
764 5176 880 5251 68.]
911 5177 1093 5233 Suavis
1121 5193 1192 5241 es,
1235 5175 1486 5240 Domine;
1514 5175 1598 5229 vel
1623 5217 1637 5238 ,
1665 5175 1801 5229 sicut
1831 5176 2008 5244 plures

422 5271 642 5337 habent,
670 5269 852 5326 Suavis
874 5286 925 5324 es
945 5278 1019 5335 tu,
1057 5268 1271 5323 Domine
1302 5283 1319 5321 :
1345 5266 1507 5337 aliqui
1531 5267 1712 5333 etiam,
1744 5265 1931 5323 Suavis
1956 5283 2009 5322 es

424 5372 503 5430 tu,
538 5363 647 5429 vel,
702 5361 877 5417 Bonus
923 5378 974 5416 es
1030 5372 1119 5425 tu;
1157 5360 1293 5415 sicut
1321 5359 1389 5414 de
1442 5359 1544 5414 hoc
1572 5359 1736 5414 verbo
1765 5358 2010 5429 superius

420 5456 791 5511 tractavimus.
821 5452 893 5508 Et
915 5454 967 5507 in
998 5462 1084 5508 tua
1108 5452 1351 5509 suavitate
1381 5452 1505 5506 doce
1528 5451 2011 5523 mejustiﬁcationes

423 5557 559 5601 tuas.
591 5546 730 5601 Vere
754 5545 880 5601 vult
897 5545 1071 5601 facere
1094 5544 1505 5615 justilicationes
1532 5543 1647 5610 Dei,
1678 5544 1892 5615 quando
1917 5559 2009 5600 eas

422 5640 478 5694 in
504 5639 621 5709 ejus
657 5639 919 5693 suavitate
948 5639 1061 5693 vult
1088 5638 1299 5692 discere
1338 5636 1406 5692 ab
1430 5636 1546 5707 ipso
1573 5637 1657 5692 cui
1683 5637 1836 5705 dixit,
1867 5636 2008 5692 Sua-

418 5749 493 5789 vis
530 5749 583 5787 es
606 5743 657 5787 tu
682 5773 697 5799 ,
743 5730 978 5787 Domine.

502 5827 553 5880 7.
576 5823 728 5898 (vers.
761 5824 875 5898 69.]
904 5824 1140 5895 Denique
1158 5824 1417 5895 sequitur,
1452 5823 1795 5895 Multiplicata
1824 5833 1893 5877 est
1920 5840 2008 5879 su-

1489 348 1886 410 ENARRATIO
1920 346 1989 403 IN
2027 347 2350 409 PSALMUM
2388 353 2618 414 CXVIII.

3576 361 3715 418 1550

2126 479 2217 533 per
2245 482 2324 519 me
2369 468 2608 539 iniquitas
2656 472 2984 541 superborum
3014 488 3033 527 :
3061 487 3248 530 eorum
3288 474 3495 531 scilicet
3520 477 3715 546 quibus

2125 571 2230 611 non
2262 557 2476 628 profuit,
2508 562 2651 633 quod
2682 566 3024 635 posteaquam
3056 565 3295 637 deliquit,
3330 567 3606 623 humiliata
3628 578 3715 627 est

2127 647 2353 705 humana
2376 660 2582 707 natura.
2614 654 2724 726 Ego
2751 666 2916 710 autem
2944 657 2997 711 in
3018 665 3120 712 toto
3145 659 3295 714 corde
3318 674 3428 714 meo
3450 662 3714 718 κεῖνται)ογ

2124 742 2366 797 mandata
2400 754 2506 798 tua.
2536 744 2894 813 Quantalibet,
2926 749 3115 820 inquit,
3142 750 3373 806 abundet
3417 751 3669 824 iniquitas
3692 795 3709 822 ,

2123 850 2231 889 non
2260 835 2311 890 in
2340 853 2426 892 me
2448 838 2998 909 refrigescetcharitas
3021 841 3230 913 (Matth.
3249 858 3394 910 xxw,
3426 844 3539 916 12).
3570 846 3713 904 Tan-

2126 943 2285 998 quam
2312 928 2399 984 illc
2428 928 2530 984 hoc
2556 930 2706 997 dicit,
2739 933 2829 1001 qui
2858 932 2909 987 in
2937 933 3054 1003 ejus
3094 934 3354 991 suavitate
3374 935 3713 1005 iustificatio-

2125 1034 2221 1073 nes
2250 1019 2342 1075 Dei
2391 1020 2567 1077 discit.
2610 1021 2820 1090 Quanto
2866 1026 3035 1094 magis
3059 1024 3201 1080 enim
3232 1028 3411 1081 suavia
3437 1037 3559 1083 sunt
3588 1044 3710 1099 qua:

2110 1112 2270 1183 jubet
2296 1114 2382 1184 qui
2429 1115 2611 1184 juvat,
2642 1124 2791 1171 tanto
2820 1117 2988 1187 magis
3008 1132 3069 1173 ea
3104 1126 3370 1173 scrutatur
3389 1134 3573 1176 amans
3597 1160 3611 1186 ,
3654 1130 3713 1177 ut

2124 1204 2334 1275 cognita
2365 1203 2521 1260 faciat
2549 1215 2601 1261 et
2633 1205 2877 1263 faciendo
2907 1217 3230 1279 cognoscat;
3272 1210 3392 1280 quia
3424 1210 3711 1282 perfectius

2124 1307 2537 1366 cognoscuntur,
2568 1314 2688 1354 cum
2722 1299 2873 1354 fiunt.

2195 1388 2248 1443 8.
2280 1386 2428 1461 [vers.
2460 1388 2574 1463 70.]
2603 1390 2937 1463 Coagulatum
2957 1400 3030 1447 est
3049 1402 3104 1447 ut
3131 1392 3212 1448 lac
3237 1410 3325 1449 cor
3354 1409 3543 1450 eorum.
3568 1395 3712 1465 Quo-

2123 1496 2241 1536 rum
2267 1523 2281 1547 ,
2321 1482 2421 1537 nisi
2448 1482 2798 1552 superborum
2830 1499 3058 1555 quorum
3100 1499 3261 1557 super
3297 1500 3357 1543 se
3387 1487 3713 1558 multiplica-

2123 1580 2233 1626 tam
2258 1571 2393 1627 dixit
2438 1573 2805 1644 iniquitatem?
2830 1573 3160 1630 Obduruisse
3188 1584 3366 1633 autem
3392 1592 3488 1633 cor
3513 1593 3702 1635 eorum

2121 1663 2469 1736 vultintelligi
2499 1664 2601 1719 hoc
2630 1666 2793 1721 verbo
2819 1674 2874 1721 et
2899 1665 3002 1722 hoc
3022 1667 3163 1723 loco.
3193 1666 3325 1723 Nam
3354 1668 3549 1724 dicitur
3570 1677 3627 1726 et
3656 1670 3709 1726 in

2122 1754 2286 1824 bono,
2314 1756 2453 1812 sicut
2503 1757 2558 1811 in
2611 1758 2819 1828 psalmo
2863 1761 3198 1830 sexagesimo
3235 1762 3466 1832 septimo
3492 1762 3709 1831 dicitur,

2124 1848 2274 1904 Mons
2312 1849 2614 1916 incaseatus,
2662 1868 2805 1905 mons
2830 1851 2949 1905 uber
2975 1850 3143 1923 (Psal.
3168 1867 3332 1920 LXVII,
3365 1853 3454 1924 16)
3480 1871 3493 1920 ;
3525 1863 3579 1910 et
3623 1855 3711 1911 in-

2122 1942 2382 2013 telligitur
2409 1943 2576 2014 gratia
2607 1943 2797 2013 plenus
2830 1962 2843 1997 :
2873 1960 2992 1999 nam
3019 1955 3072 2000 et
3113 1945 3239 2000 illud
3262 1945 3496 2016 quidam,
3521 1961 3713 2020 coagu-

2120 2033 2273 2101 latus,
2305 2034 2637 2103 interpretati
2668 2044 2811 2089 sunt.
2841 2035 2945 2091 Sed
2990 2035 3109 2091 vide
3136 2037 3262 2107 quid
3286 2053 3316 2092 a
3367 2052 3426 2094 se
3470 2050 3709 2111 opponat

2120 2123 2331 2180 duritiae
2356 2126 2533 2181 cordis
2560 2127 2774 2181 illorum
2802 2144 2814 2180 :
2840 2124 2953 2199 Ego
2982 2144 3119 2194 vero,
3167 2130 3359 2199 inquit,
3392 2131 3549 2202 legem
3573 2120 3713 2187 tuam

2120 2220 2388 2272 meditatus
2417 2235 2548 2273 sum.
2579 2219 2748 2288 Quam
2800 2218 3016 2290 legem?
3047 2220 3607 2291 Utiquejustissimam
3655 2235 3713 2280 et

2118 2309 2681 2365 misericordissimam
2710 2329 2721 2365 :
2755 2310 2893 2366 unde
2922 2311 2994 2365 illi
3021 2310 3237 2376 dicitur,
3260 2309 3330 2367 Et
3356 2314 3464 2385 lege
3484 2324 3570 2368 tua
3613 2316 3712 2370 Ini-

2118 2416 2283 2456 serere
2300 2401 2416 2455 mei.
2444 2400 2706 2471 Superbis
2734 2401 2955 2469 resistit,
2983 2411 3043 2457 ut
3066 2404 3432 2470 obdurentur;
3480 2405 3703 2462 humili-

2117 2492 2217 2549 bus
2237 2502 2415 2549 autem
2431 2493 2521 2548 dat
2543 2495 2766 2565 gratiam
2791 2492 2995 2567 (Jacobi
3019 2511 3093 2561 tv,
3126 2496 3188 2562 6;
3220 2506 3267 2551 et
3306 2495 3492 2553 lPetr.
3520 2515 3573 2567 v,
3620 2498 3705 2572 5),

2119 2596 2179 2641 ut
2203 2586 2426 2657 diligant
2453 2587 2811 2643 obedientiam
2832 2630 2846 2654 ,
2881 2597 2935 2643 et
2961 2589 2979 2620 ¹
3012 2587 3269 2659 recipiant
3299 2591 3701 2649 excellentiam.

2118 2677 2461 2733 Meditatione
2488 2679 2685 2748 quippe
2714 2678 2845 2748 legis
2874 2677 3032 2749 hujus
3052 2720 3065 2744 ,
3121 2666 3701 2738 voluIItaria‘servatur

2118 2771 2410 2839 humilitas,
2434 2779 2493 2827 ut
2523 2773 2750 2843 poenalis
2770 2771 3042 2829 humilitas
3065 2772 3346 2840 evadatur,
3366 2774 3434 2831 de
3452 2790 3555 2846 qua
3572 2790 3701 2833 mox

2117 2865 2265 2921 dicit.

2189 2956 2242 3011 9.
2273 2955 2422 3030 [vers.
2452 2953 2565 3029 71.]
2586 2956 2788 3011 Bonum
2814 2956 2939 3010 milii
2981 2957 3218 3027 quoniam
3259 2958 3540 3015 humiliasti
3577 2977 3658 3016 me
3680 3004 3698 3030 ,

2115 3058 2171 3104 ut
2200 3049 2389 3103 discam
2410 3048 2802 3118 justiﬁcationes
2828 3059 2959 3103 tuas.
2999 3047 3245 3104 Vicinum
3274 3050 3471 3122 aliquid
3512 3060 3567 3108 et
3606 3067 3703 3109 su-

2116 3140 2296 3212 perius
2338 3139 2447 3209 jam
2501 3138 2726 3202 dixerat,
2757 3137 3069 3209 Priusquam
3096 3138 3412 3207 humiliarer,
3444 3158 3537 3213 ego
3576 3143 3705 3197 deli~

2119 3232 2242 3302 qui;
2275 3240 2540 3301 propterea
2585 3228 2836 3300 eloquium
2866 3238 3006 3283 tuum
3033 3230 3296 3284 custodivi.
3352 3229 3472 3301 Ipso
3501 3232 3703 3303 quippe
3760 3300 3763 3303 δ

2116 3323 2290 3378 fructu
2322 3321 2557 3377 ostendit
2578 3322 2719 3391 quod
2750 3321 2949 3375 bonum
2987 3322 3063 3376 illi
3092 3323 3248 3377 fuerit
3272 3322 3535 3379 humiliari
3561 3342 3576 3390 ;
3608 3326 3706 3383 sed

2117 3415 2227 3469 illic
2257 3414 2397 3468 dixit
2428 3422 2481 3467 et
2510 3427 2747 3479 causam,
2773 3413 2912 3483 quod
2938 3413 3288 3470 humilitatem
3317 3416 3581 3486 pmnalem
3608 3415 3708 3472 de-

2116 3505 2410 3577 linqucudo
2440 3504 2794 3574 prmcesserit.
2827 3502 2981 3573 Quod
3009 3520 3139 3560 vero
3168 3505 3239 3559 ibi
3269 3506 3382 3572 ait,
3416 3504 3708 3577 PI'Opterea

2116 3600 2368 3669 eloquium
2420 3608 2560 3652 tuum
2610 3597 2895 3665 custodivi;
2969 3597 3055 3653 hic
3109 3607 3331 3667 autem,
3384 3598 3453 3655 Ut
3508 3600 3706 3659 discam

2105 3693 2502 3765 justi/icationes
2556 3701 2667 3747 tuas
2700 3707 2718 3746 :
2747 3690 2877 3746 satis
2919 3691 3247 3763 significasse
3296 3692 3427 3747 mihi
3484 3694 3694 3750 videtur

2115 3786 2219 3841 hoc
2249 3800 2367 3840 esse
2396 3785 2493 3839 ista
2549 3797 2708 3838 nosse
2744 3782 2886 3853 quod
2925 3782 3215 3846 custodire,
3274 3782 3375 3836 hoc
3422 3784 3698 3841 custodire

2114 3878 2254 3949 quod
2282 3892 2459 3931 nosse.
2489 3874 2672 3945 Neque
2700 3873 2841 3928 enim
2880 3869 3124 3927 Christus
3166 3887 3271 3925 non
3301 3879 3523 3925 noverat
3553 3875 3698 3942 quod

2114 3970 2396 4042 arguebat;
2437 3976 2491 4022 ct
2542 3977 2719 4020 tamen
2762 3966 3015 4032 arguebat
3062 3970 3383 4032 peceatum,
3438 3976 3558 4017 cum
3614 3963 3701 4020 di-

2113 4073 2256 4117 ctum
2280 4061 2347 4115 de
2387 4059 2477 4115 illo
2511 4058 2580 4111 sit
2607 4056 2750 4127 quod
2801 4072 2902 4109 non
2946 4064 3149 4108 noverat
3177 4063 3434 4125 peccatum
3478 4052 3544 4127 (ll
3574 4054 3693 4111 Cor.

2112 4171 2165 4220 γ,
2196 4153 2312 4223 2i).
2343 4152 2574 4207 Noverat
2602 4162 2729 4219 ergo
2758 4146 2985 4218 quadam
3014 4145 3199 4201 notitia
3227 4188 3242 4212 ,
3273 4155 3326 4201 et
3352 4162 3539 4201 rursus
3564 4164 3703 4221 qua-

2114 4248 2235 4305 dam
2262 4244 2555 4317 ignorantia
2584 4257 2691 4297 non
2718 4248 2957 4296 noverat.
2984 4239 3073 4294 Sic
3098 4248 3150 4294 et
3170 4238 3577 4309 iustificationes
3594 4240 3695 4299 Dei

2115 4344 2266 4400 multi
2300 4342 2544 4407 discunt,
2584 4346 2638 4394 et
2663 4352 2771 4393 non
2811 4336 3043 4391 discunt.
3095 4333 3368 4389 Noverunt
3410 4333 3553 4389 enim
3599 4349 3693 4391 eas

2112 4436 2339 4509 quadam
2370 4433 2589 4496 notitia;
2621 4438 2677 4485 et
2702 4444 2888 4485 rursus
2913 4426 3139 4499 quadam
3186 4426 3483 4497 ignorantia
3510 4466 3526 4492 ,
3553 4440 3696 4497 quo.

2114 4534 2256 4588 niam
2282 4545 2389 4584 non
2431 4526 2652 4592 faciunt,
2680 4540 2790 4581 non
2816 4530 3101 4578 noverunt.
3135 4519 3213 4575 Eo
3252 4517 3414 4575 modo
3444 4517 3533 4574 hic
3560 4535 3691 4592 ergo

2112 4621 2485 4694 intelligendus
2506 4629 2587 4676 est
2604 4618 2821 4685 dixisse,
2849 4616 2916 4672 Ut
2933 4616 3125 4671 discam
3137 4614 3530 4686 justiﬁcationes
3554 4622 3702 4678 tuas;

2113 4732 2175 4774 ea
2200 4716 2385 4771 notitia
2415 4728 2516 4783 qua
2547 4712 2697 4766 fiunt.

2185 4809 2270 4863 10.
2314 4806 2463 4879 [υενσ.
2494 4802 2606 4877 72.]
2636 4803 2747 4858 lloc
2770 4808 2952 4856 autem
2982 4798 3103 4870 quia
3136 4812 3241 4855 non
3274 4796 3329 4850 lit
3367 4794 3467 4849 nisi
3495 4808 3591 4864 per
3615 4793 3693 4850 di-

2112 4901 2419 4963 lectionem,
2444 4896 2533 4952 ubi
2558 4898 2647 4967 qui
2679 4894 2805 4950 facit
2822 4893 2984 4947 habet
3013 4888 3443 4952 delectationem,
3474 4893 3699 4956 propter

2113 4993 2256 5067 quod
2283 4992 2484 5048 dictum
2514 4998 2596 5046 est
2621 5029 2637 5056 ,
2686 4986 2753 5040 In
2785 4994 2874 5039 tua
2897 4982 3140 5038 suavitate
3178 4978 3301 5033 doce
3328 4993 3407 5031 me
3435 4975 3698 5067 justi/ica-

2037 5127 2045 5135 .
2118 5065 2275 5141 tiones
2320 5095 2470 5150 tuas;
2516 5095 2744 5152 sequens
2788 5091 2973 5132 versus
3011 5069 3272 5137 ostendit,
3308 5067 3399 5123 ubi
3424 5067 3518 5132 ait,
3551 5065 3701 5123 Bona

2116 5180 2238 5233 mihi
2264 5179 2344 5232 lea:
2373 5176 2474 5231 oris
2502 5174 2594 5239 tui,
2618 5186 2772 5242 super
2798 5167 2957 5221 millia
2983 5163 3099 5218 auri
3143 5170 3188 5216 et
3226 5159 3421 5231 argenti
3444 5174 3462 5212 :
3487 5166 3545 5213 ut
3574 5172 3693 5214 am-

2115 5273 2254 5344 plius
2283 5271 2469 5339 diligat
2493 5264 2723 5322 charitas
2751 5261 2923 5331 legem
2963 5256 3078 5322 Dei,
3108 5268 3268 5326 quam
3295 5249 3467 5322 diligit
3491 5250 3697 5322 cupidi-

2113 5374 2197 5422 tas
2236 5363 2400 5421 millia
2428 5358 2543 5416 auri
2568 5364 2627 5414 et
2652 5351 2876 5426 argenti.

2748 5481 2919 5525 Βειιιιο
2949 5480 3101 5524 ινιιι.

2190 5618 2239 5671 1.
2272 5614 2422 5687 [vers.
2457 5606 2572 5681 75.]
2617 5602 2840 5674 Quando
2868 5603 3010 5659 Deus
3037 5598 3310 5657 hominem
3338 5595 3462 5653 fecit
3482 5607 3549 5651 ex
3576 5594 3700 5665 pul-

2118 5727 2263 5773 vere,
2289 5718 2339 5762 et
2361 5702 2616 5760 animavit
2644 5699 2791 5765 ﬂatu,
2824 5712 2932 5753 non
2981 5695 3051 5751 ibi
3084 5696 3557 5749 commemoratum
3605 5692 3691 5745 est

2185 5850 2198 5880 ί
2229 5844 2361 5900 add,
2381 5848 2426 5894 et
2444 5852 2501 5892 ne
2526 5835 2778 5899 recipiant.
2799 5827 3045 5891 Particula,
3073 5839 3151 5877 ne.
3176 5824 3319 5875 abest
3335 5835 3366 5875 a
3388 5828 3493 5874 uss.
