4188 6454
628 403 763 461 ιδξίι

624 515 772 587 quod
815 510 1059 567 manibus
1086 503 1289 562 fecerit.
1336 501 1455 555 Cur
1491 499 1666 568 itaque
1694 491 2013 565 quibusdam
2039 488 2212 543 visum

623 585 799 667 fuerit
817 605 981 661 verbo
1029 602 1192 655 Deum
1236 595 1425 651 fecisse
1470 599 1663 647 caetera
1690 629 1705 655 ,
1767 585 2038 641 hominem
2076 594 2208 636 vero

627 702 775 757 velut
800 693 997 765 aliquid
1035 689 1365 762 praecipuum
1407 683 1598 739 fecisse
1646 678 1896 736 manibus
1934 674 2067 738 suis,
2099 686 2208 726 non

624 790 785 846 video
817 805 830 841 :
863 764 961 840 nisi
1000 781 1134 836 forte
1179 777 1302 849 quia
1351 791 1418 831 ex
1448 774 1673 844 pulvere
1703 769 1987 825 formatum
2017 764 2211 834 legitur

624 877 863 935 hominis
904 887 1101 942 corpus
1144 868 1295 942 (Gen.
1353 882 1411 930 ιι,
1435 864 1512 935 7),
1550 878 1658 918 non
1690 860 1925 931 potuisse
1955 856 2068 913 ﬁeri
2108 852 2211 909 nisi

624 970 874 1027 inanibus
904 965 1267 1026 arbitrantur;
1298 973 1396 1014 nec
1422 954 1706 1012 attendunt
1751 950 1896 1023 quod
1937 950 1988 1004 in
2029 948 2208 1001 Evan-

622 1064 768 1134 gelio
816 1060 884 1115 de
914 1056 1090 1112 Verbo
1139 1054 1232 1109 Dei
1266 1051 1524 1120 scriptum
1552 1056 1655 1113 est,
1688 1044 1874 1099 Omnia
1923 1059 2012 1112 per
2041 1041 2211 1112 ipsum

629 1159 765 1228 facta
786 1159 904 1205 sunt
934 1148 1116 1219 (Joun.
1140 1161 1174 1211 ι,
1201 1142 1279 1217 3),
1311 1158 1416 1197 non
1441 1155 1597 1212 posse
1620 1146 1889 1201 constare,
1907 1134 1953 1190 si
1980 1147 2084 1187 non
2116 1145 2213 1200 per

627 1222 865 1301 Verbum
892 1242 1087 1297 factum
1117 1247 1199 1294 est
1223 1238 1384 1293 etiam
1410 1248 1603 1304 corpus
1624 1231 1937 1286 humanum.
1968 1224 2074 1281 Sed
2113 1222 2210 1278 ad-

630 1337 821 1391 hihent
852 1330 1217 1388 testimonium
1244 1326 1310 1383 de
1340 1325 1444 1380 hoc
1470 1324 1696 1394 psalmo,
1724 1330 1779 1375 et
1820 1319 2007 1374 dicunt
2032 1334 2046 1371 :
2079 1316 2215 1369 Ecce

630 1428 721 1483 ubi
750 1423 1086 1495 apertissime
1114 1421 1309 1477 clamat
1328 1416 1511 1480 homo,
1535 1413 1722 1467 Manus
1746 1421 1846 1466 tua:
1866 1414 2093 1482 fecerunt
2113 1422 2214 1475 me,

629 1529 677 1572 et
712 1519 971 1586 ﬁnxerunt
993 1530 1088 1567 me.
1122 1511 1285 1580 Quasi
1315 1524 1421 1567 non
1449 1517 1635 1577 aperte
1686 1504 1846 1560 etiam
1876 1502 2080 1557 dictum
2107 1499 2216 1565 sit,

639 1609 828 1664 Videbo
855 1608 1029 1672 cazlos,
1066 1620 1222 1675 opera
1254 1604 1529 1673 digitorum
1552 1609 1753 1653 tuorum
1775 1596 1944 1668 (Psal.
1970 1610 2084 1659 vut,
2116 1593 2172 1665 4)
2202 1608 2218 1659 ;

630 1715 734 1756 uec
760 1699 933 1753 minus
960 1697 1160 1766 aperte,
1187 1692 1257 1748 Et
1286 1709 1442 1762 Opera
1470 1706 1714 1744 manuum
1740 1698 1944 1742 tuarum
1969 1694 2086 1741 sunt
2110 1684 2222 1739 caeli

633 1791 807 1860 (Psal.
837 1806 904 1855 Cl,
937 1788 1048 1859 26)
1074 1803 1089 1853 ;
1122 1785 1395 1852 multoque
1425 1782 1684 1852 apertius,
1713 1779 1779 1833 Et
1808 1779 2008 1835 aridam
2034 1786 2221 1832 terram

632 1899 814 1937 manus
836 1882 945 1952 ejus
978 1880 1238 1949 ﬁnxerunt
1268 1875 1439 1946 (Psal.
1462 1889 1606 1937 xeiv,
1636 1872 1711 1943 5).
1760 1871 1946 1926 Manus
1972 1885 2099 1940 ergo
2130 1867 2224 1923 Dei

638 1983 763 2032 sunt
791 1981 1030 2044 potestas
1073 1970 1189 2025 Dei.
1221 1968 1327 2023 Aut
1365 1967 1410 2023 si
1440 1964 1663 2037 pluralis
1689 1976 1946 2018 numerus
1969 1976 2063 2017 eos
2104 1975 2226 2015 mos

634 2078 745 2136 vel,
771 2066 892 2138 quia
915 2079 1022 2120 non
1048 2062 1246 2118 dictum
1263 2067 1366 2127 est,
1394 2072 1585 2112 manus
1608 2065 1715 2121 tua,
1745 2054 1859 2119 sed,
1888 2070 2070 2107 manus
2087 2062 2187 2109 tua:
2203 2068 2225 2117 ;

638 2162 902 2231 accipiant
931 2171 1119 2212 manus
1164 2157 1274 2218 Dei,
1326 2153 1576 2207 virtutem
1618 2158 1673 2204 et
1722 2146 2038 2217 sapientiam
2086 2145 2217 2209 Dei,

643 2252 785 2325 quod
808 2261 1090 2320 utrumque
1115 2261 1250 2302 unus
1264 2244 1439 2300 dictus
1458 2253 1543 2297 est
1564 2238 1809 2295 Christus
1836 2238 1878 2309 (Ι
1901 2237 2017 2293 Cor.
2042 2253 2081 2302 ι,
2106 2232 2219 2307 24);

640 2346 731 2416 qui
763 2344 927 2399 etiam
966 2338 1276 2407 intelligitur
1302 2334 1577 2390 brachium
1605 2330 1838 2395 Domini,
1871 2329 1957 2383 ubi
2009 2328 2220 2397 legitur,

638 2435 711 2491 Et
738 2433 999 2489 brachium
1040 2428 1247 2483 Domini
1273 2425 1357 2479 cui
1380 2424 1655 2479 revelatum
1694 2430 1765 2475 est
1792 2418 1942 2489 (Isai.
1976 2434 2088 2481 LIII,
2122 2418 2225 2486 1)?

636 2527 747 2583 Aut
762 2524 1027 2595 accipiant
1042 2532 1231 2576 manus
1254 2517 1369 2583 Dei,
1391 2515 1587 2570 Filium
1610 2511 1936 2582 etSpiritum
1952 2519 2222 2573 sanctum;

637 2617 763 2688 quia
787 2623 841 2670 et
861 2613 1093 2683 Spiritus
1139 2618 1361 2665 sanctus
1394 2612 1712 2675 cooperator
1740 2610 1823 2657 est
1844 2601 2020 2656 Patris
2046 2608 2102 2655 et
2141 2599 2228 2654 Fi-

633 2709 734 2764 lii:
765 2706 905 2761 unde
950 2705 1026 2759 ait
1074 2701 1392 2771 Apostolus,
1441 2698 1626 2751 Omnia
1669 2697 1777 2750 haec
1812 2702 2051 2765 aperatur
2096 2710 2228 2748 unus

640 2808 788 2868 atque
814 2796 947 2850 idem
985 2794 1213 2863 Spiritus
1234 2791 1279 2853 (l
1301 2790 1420 2846 Cor.
1455 2805 1549 2855 xu,
1575 2786 1687 2859 il).
1720 2787 2012 2857 Propterea
2032 2787 2228 2855 quippe

637 2889 791 2953 dixit,
824 2886 970 2942 Unus
989 2894 1137 2952 atque
1163 2882 1331 2946 idem;
1356 2895 1425 2934 ne
1454 2888 1532 2933 tot
1550 2878 1769 2947 spiritus
1788 2885 1917 2947 quot
1938 2891 2105 2946 opera
2125 2891 2225 2945 pu-

635 2986 901 3043 tarentur,
931 2991 1034 3031 non
1057 2973 1199 3044 quod
1221 2974 1335 3026 sine
1359 2971 1518 3025 Patre
1538 2977 1591 3023 et
1612 2968 1748 3024 Filio
1782 2966 2013 3037 Spiritus
2038 2980 2229 3035 opere-

636 3083 747 3128 tm'.
770 3070 1019 3125 Liberum
1049 3075 1131 3121 est
1153 3064 1313 3134 igitur
1336 3058 1607 3132 quomodo
1648 3057 2010 3128 intelligantur
2036 3071 2227 3112 manus

624 3164 735 3225 .Dei
764 3181 777 3217 :
802 3162 927 3217 dum
953 3169 1133 3214 tamen
1160 3171 1259 3211 nec
1281 3171 1345 3210 ea
1365 3170 1482 3224 qua:
1511 3152 1638 3207 facit
1658 3151 1921 3215 manibus,
1944 3150 2123 3206 Verbo
2145 3150 2225 3205 fa-

636 3270 762 3312 cere
783 3262 1041 3324 negetur;
1085 3264 1183 3305 nec
1206 3263 1271 3303 ea
1296 3261 1415 3316 qua:
1439 3244 1571 3299 facit
1615 3242 1793 3298 Verbo
1818 3284 1833 3310 ,
1864 3241 2113 3297 manibus
2143 3242 2226 3296 fa-

638 3364 763 3404 cere
783 3363 889 3401 non
913 3352 1127 3416 putetur
1152 3359 1167 3408 ;
1190 3356 1290 3396 nec
1312 3346 1530 3409 propter
1550 3350 1741 3391 manus
1766 3334 1937 3389 forma
1961 3333 2223 3403 corporis,

644 3448 733 3494 aut
766 3438 871 3492 alia
912 3450 1101 3493 manus
1131 3433 1349 3487 sinistra
1379 3470 1393 3493 ,
1442 3429 1547 3482 alia
1592 3427 1805 3488 dextra,
1862 3440 1963 3479 nec
2007 3432 2226 3493 pr0pter

624 3530 877 3602 .Verbum
909 3539 1072 3581 sonus
1100 3524 1228 3588 oris,
1252 3522 1338 3575 vel
1360 3526 1536 3575 motus
1556 3518 1719 3571 animi
1743 3515 2080 3570 transitorius
2098 3530 2227 3585 ope-

644 3621 787 3677 ranti
809 3619 918 3673 Deo
944 3618 1120 3670 inesse
1147 3611 1419 3668 credatur.

715 3710 771 3765 2.
794 3708 905 3764 Nec
932 3703 1219 3761 defuerunt
1244 3701 1333 3771 qui
1375 3700 1482 3754 duo
1504 3697 1608 3753 ista
1642 3696 1828 3760 verba,
1879 3697 2099 3765 fecerunt
2127 3710 2223 3761 me,

641 3811 690 3857 et
737 3801 989 3868 ﬁnxerunt
1028 3810 1125 3859 me,
1156 3792 1235 3847 sic
1278 3790 1685 3860 distinguerent,
1718 3794 1774 3840 ut
1794 3786 2029 3840 animam
2060 3785 2227 3838 Deum

643 3891 863 3955 fecisse,
885 3900 1079 3956 corpus
1104 3892 1282 3938 autem
1312 3880 1535 3935 ﬁnxisse
1564 3878 1837 3941 dicerent;
1870 3876 1993 3944 quia
2014 3875 2079 3929 de
2107 3874 2225 3928 ani-

642 3997 734 4038 ma
753 3980 885 4036 dixit
910 3978 1072 4042 Deus,
1100 3972 1312 4029 Omnem
1339 3973 1517 4042 ﬂatum
1539 3984 1630 4039 ego
1661 3968 1757 4038 feci
1778 3965 1931 4038 (Isai.
1960 3980 2082 4030 Lvu,
2110 3964 2221 4033 16);

645 4074 713 4130 de
738 4085 964 4141 corpore
1008 4076 1187 4122 autem
1238 4063 1449 4134 legitur,
1502 4059 1566 4114 Et
1607 4060 1753 4128 ﬁnxit
1796 4059 1935 4113 Deus
1976 4058 2227 4112 hominem

650 4163 904 4234 pulverem
934 4159 997 4213 de
1041 4168 1173 4212 terra
1199 4154 1355 4226 (Gen.
1391 4168 1450 4217 ιι,
1473 4152 1568 4222 7):
1600 4160 1850 4220 tanquam
1880 4149 1970 4202 ﬁat
2009 4147 2226 4218 quidem

646 4268 810 4308 omne
836 4250 977 4321 quod
1028 4248 1263 4318 ﬁngitur,
1295 4260 1399 4299 non
1429 4252 1604 4297 tamen
1641 4241 1870 4311 ﬁngatur
1898 4254 2055 4294 omne
2082 4237 2225 4309 quod

647 4342 728 4395 ﬁt.
761 4340 829 4395 Et
858 4339 977 4393 ideo
998 4339 1227 4391 animam
1260 4334 1457 4388 factam
1490 4332 1666 4402 potius
1710 4330 1893 4385 dicunt
1918 4344 2039 4384 esse
2064 4344 2224 4398 quam

657 4435 860 4497 ﬁctam,
892 4430 1017 4500 quia
1043 4443 1146 4482 non
1174 4436 1256 4481 est
1279 4440 1493 4495 corpus,
1524 4423 1617 4478 sed
1645 4423 1861 4490 spiritus
1890 4438 1905 4487 ;
1937 4421 2093 4491 quasi
2119 4437 2224 4476 non

646 4526 903 4595 scriptum
934 4524 1021 4587 sit,
1048 4520 1147 4587 Qui
1176 4519 1321 4588 ﬁnxit
1374 4517 1607 4587 spiritum
1655 4515 1871 4568 hominis
1890 4514 1943 4567 in
1967 4514 2077 4583 ipso
2104 4513 2228 4584 (Za-

646 4624 789 4678 char.
822 4635 916 4685 xu,
946 4617 1032 4687 1).
1085 4613 1470 4669 Verumtamen
1538 4606 1751 4679 quando
1801 4617 2085 4677 utrumque
2123 4606 2226 4662 hoc

648 4715 868 4770 verbum
897 4711 966 4766 de
996 4708 1211 4763 homine
1242 4704 1295 4759 iu
1339 4705 1457 4758 loco
1496 4716 1604 4755 uno
1642 4699 1889 4770 ponitur,
1936 4709 1990 4754 et
2015 4708 2225 4754 utrum-

561 4791 593 4811 ”
643 4822 750 4878 que
804 4801 1056 4865 hominis,
1089 4799 1142 4856 id
1186 4807 1306 4865 est,
1348 4805 1401 4852 et
1429 4795 1606 4850 anima
1655 4803 1708 4848 et
1737 4808 1930 4863 corpus
1973 4792 2225 4847 divinitus

644 4898 921 4954 conditum
948 4909 1054 4950 non
1098 4898 1356 4962 negatur;
1398 4903 1501 4943 non
1528 4886 1856 4957 ineleganter
1896 4884 2224 4941 distribuun-

651 5003 737 5046 tur
757 4989 979 5061 singulis
1007 4985 1242 5055 singula,
1294 4990 1351 5036 ut
1392 4981 1573 5036 anima
1627 4979 1790 5044 facta,
1822 4993 2015 5048 corpus
2045 4987 2225 5033 autem

646 5084 836 5138 ﬁctum
871 5078 1219 5148 intelligatur,
1250 5074 1363 5129 sive
1407 5073 1715 5135 formatum,
1739 5072 1851 5125 sive
1881 5070 2222 5139 plasmatum.

653 5173 789 5227 Nam
812 5170 1028 5240 quidam
1060 5170 1380 5236 interpretes
1410 5165 1695 5219 noluerunt
1742 5161 1939 5228 dicere,
1974 5162 2229 5231 ﬁnxerunt

650 5279 760 5326 me;
788 5260 915 5325 sed,
949 5259 1322 5330 plasmaverunt
1362 5271 1478 5310 me:
1509 5254 1678 5325 magis
1734 5251 2013 5323 diligentes
2053 5251 2228 5307 minus

648 5354 821 5410 latine
858 5351 1130 5407 declinare
1173 5348 1240 5403 de
1290 5361 1466 5420 graeco
1489 5389 1503 5414 ,
1555 5361 1717 5417 quam
1741 5344 1923 5400 dicere
1952 5345 2224 5413 ﬁnxerunt,

649 5442 791 5517 quod
820 5440 1107 5512 aliquando
1147 5439 1309 5495 etiam
1335 5438 1403 5493 de
1446 5438 1783 5494 simulatione
1821 5435 1927 5491 dici
1964 5435 2120 5491 solet.

724 5537 779 5593 ὅ.
826 5532 931 5590 Sed
964 5540 1140 5586 utrum
1166 5530 1270 5585 hoc
1290 5528 1585 5584 secundum
1623 5527 1792 5582 Adam
1823 5526 2019 5581 dictum
2041 5534 2142 5594 est,
2163 5540 2229 5582 ex

650 5643 758 5701 quo
777 5642 896 5684 cum
928 5625 1035 5681 siut
1074 5637 1262 5678 omnes
1304 5621 1551 5675 homines
1575 5619 1873 5690 prOpagati,
1901 5619 2020 5689 quis
2057 5617 2231 5674 homi-

656 5738 808 5786 num,
835 5718 1049 5791 quando
1081 5717 1172 5771 ille
1199 5715 1369 5769 factus
1391 5721 1492 5779 est,
1522 5713 1685 5767 etiam
1705 5727 1765 5767 se
1786 5712 1980 5767 factum
2004 5726 2109 5766 non
2136 5725 2231 5781 po-

649 5824 759 5883 test
786 5814 961 5881 dicere
981 5810 1201 5887 originis
1226 5804 1551 5885 semiuisque
1577 5804 1827 5869 ratione?
1856 5805 1937 5869 An
1964 5804 2126 5867 etiam
2147 5818 2233 5872 se-

1869 376 1925 433 S.
1966 365 2332 430 AUGUSTINI
2360 364 2661 422 EPISCUPI

3729 375 3844 433 1552

2321 503 2553 561 cundum
2585 503 2687 557 hoc
2734 509 2881 557 recte
2919 500 3023 557 dici
3075 502 3264 572 potuit,
3310 504 3491 559 Manus
3532 514 3623 560 tua:
3656 508 3846 576 fecerunt

2319 612 2417 660 me,
2447 602 2496 649 et
2540 594 2916 664 plasmauerunt
2958 610 3057 659 me,
3100 596 3352 664 quoniam
3405 599 3740 668 unusquisque
3762 618 3850 658 non

2320 688 2438 743 sine
2458 701 2620 757 opere
2651 686 2741 740 Dei
2769 685 2932 740 etiam
2960 685 3028 741 de
3048 687 3357 755 parentibus
3386 688 3476 754 ﬁt,
3507 689 3615 759 ipso
3648 701 3852 759 creante,

2320 778 2424 833 illis
2455 775 2867 850 generantibus?
2892 775 3155 844 Quoniam
3182 778 3225 832 si
3269 779 3565 847 operatoria
3585 778 3668 833 Dei
3693 790 3855 849 poten-

2323 871 2395 925 tia
2476 871 2638 927 rebus
2710 868 3054 925 subtrahatur
3089 908 3106 935 ,
3169 869 3465 935 intereunt;
3534 885 3629 926 nec
3691 873 3856 945 aliquid

2322 961 2540 1017 omnino
2584 961 2696 1016 sive
2738 959 2806 1015 de
2855 959 3041 1014 mundi
3082 961 3382 1028 elementis,
3426 960 3536 1016 sive
3575 961 3641 1017 de
3678 965 3856 1033 genito-

2321 1055 2491 1120 ribus,
2535 1054 2650 1109 sive
2678 1053 2746 1108 de
2797 1051 3108 1135 seminibus
3142 1053 3399 1120 nascitur,
3448 1054 3495 1109 si
3518 1069 3578 1108 ea
3627 1069 3722 1110 non
3751 1071 3858 1127 ope-

2321 1153 2470 1199 retur
2515 1143 2675 1199 Deus.
2733 1142 2958 1213 Propter
2996 1143 3139 1213 quod
3191 1144 3263 1198 ait
3294 1142 3566 1213 propheta:
3610 1142 3854 1213 Jeremite,

2321 1232 2628 1303 Priusquam
2684 1241 2733 1286 te
2786 1233 3058 1301 formarem
3100 1233 3152 1286 in
3196 1242 3337 1287 utero
3370 1274 3386 1300 ,
3430 1234 3542 1287 novi
3587 1242 3631 1288 te
3678 1233 3856 1303 (Imm.

2324 1339 2365 1392 ι,
2411 1324 2491 1395 5).
2541 1323 2647 1379 Sed
2718 1323 2977 1394 numquid
3038 1324 3154 1379 sine
3215 1324 3487 1380 intellectu
3539 1325 3658 1381 fecit
3716 1326 3901 1391 ιιοιιιί·ἰ

2322 1430 2445 1471 nem
2481 1415 2646 1480 Deus,
2679 1414 2792 1470 sive
2815 1414 3067 1484 primum,
3095 1415 3207 1470 sive
3235 1430 3656 1486 unumquemque
3671 1432 3861 1472 nascen-

2327 1506 2483 1571 tium,
2534 1515 2589 1561 et
2619 1519 2759 1560 nunc
2783 1504 2930 1560 dicat
2956 1505 3027 1574 ei,
3063 1505 3253 1561 Manus
3310 1515 3411 1560 tute
3461 1510 3668 1577 fecerunt
3712 1524 3796 1573 me,
3826 1518 3863 1563 et

2326 1597 2706 1666 plasmaverunt
2748 1611 2864 1660 me;
2910 1596 2977 1649 da
3012 1595 3140 1650 mihi
3178 1595 3535 1651 intellectum?
3575 1597 3744 1652 Nonne
3783 1598 3863 1668 ipsi

2327 1697 2534 1743 naturae
2556 1688 2804 1743 humanae
2832 1688 3138 1744 intellectus
3163 1696 3248 1744 est
3275 1688 3492 1757 inditus,
3524 1698 3579 1744 ut
3614 1705 3673 1746 eo
3695 1689 3864 1746 discer-

2327 1789 2487 1836 natur
2525 1796 2558 1835 a
2578 1782 2814 1852 pecore?
2841 1782 2924 1837 An
2968 1781 3047 1836 sic
3071 1789 3156 1837 est
3181 1781 3479 1837 deformata
3507 1783 3778 1852 peccando,
3820 1792 3865 1840 ut

2335 1874 2499 1928 etiam
2547 1872 2650 1927 hoc
2677 1873 2730 1927 in
2767 1889 2831 1928 ea
2858 1871 3264 1929 reformandum
3296 1874 3413 1929 sit?
3442 1874 3655 1944 Propter
3674 1874 3793 1945 quod
3823 1884 3865 1932 ct

2331 1965 2622 2036 Apostolus
2646 1965 2897 2019 omnibus
2923 1964 2991 2020 ad
3021 1964 3492 2036 regenerationem
3531 1965 3866 2035 pertinentibus

2335 2057 2484 2121 dicit,
2509 2056 2846 2111 Renovamini
2883 2058 3065 2128 spiritu
3090 2057 3271 2112 mentis
3298 2066 3473 2112 vestrae
3502 2072 3519 2110 :
3548 2069 3599 2112 et
3621 2057 3783 2127 utique
3802 2057 3865 2111 in-

2332 2147 2578 2203 tellectus
2599 2148 2653 2201 in
2679 2154 2858 2202 mente
2895 2156 2998 2202 est.
3040 2146 3177 2203 Hinc
3206 2162 3400 2203 rursus
3425 2151 3518 2214 ait,
3546 2146 3865 2219 Reformamim'

2328 2238 2381 2291 in
2422 2238 2640 2291 novitate
2692 2254 2866 2293 sensus
2893 2238 3042 2292 vestri
3070 2237 3250 2309 (Rom.
3278 2254 3388 2306 xu,
3409 2237 3467 2309 2)
3496 2255 3510 2295 :
3537 2238 3602 2295 de
3625 2237 3699 2293 bis
3720 2248 3864 2293 autem

2328 2329 2417 2397 qui
2446 2328 2604 2399 hujus
2632 2328 3053 2399 regenerationis
3080 2337 3367 2384 consortes
3396 2344 3500 2384 non
3521 2338 3682 2394 erant,
3709 2328 3860 2383 «Hoc:

2330 2419 2501 2489 inquit
2532 2461 2547 2486 ,
2602 2438 2621 2471 ι
2650 2418 2773 2473 dico
2798 2427 2854 2475 et
2898 2418 3157 2475 testiﬁcor
3186 2420 3242 2473 in
3289 2418 3535 2485 Domino,
3580 2429 3633 2474 ut
3658 2433 3750 2474 non
3777 2418 3862 2487 jam

2329 2510 2615 2566 ambuletis
2641 2510 2779 2566 sicut
2798 2518 2853 2566 et
2874 2508 3074 2567 Gentes
3093 2510 3373 2566 ambulant
3394 2510 3447 2564 in
3473 2510 3690 2565 vanitate
3709 2509 3863 2565 tuentis

2330 2621 2441 2661 sua:
2472 2646 2486 2670 ,
2515 2604 2786 2659 obscurati
2834 2603 3186 2675 intelligentia
3210 2644 3225 2669 ,
3261 2603 3478 2659 alienati
3504 2618 3535 2657 a
3573 2603 3650 2657 via
3681 2602 3757 2657 Dei
3788 2615 3864 2671 per

2330 2695 2711 2765 ignorantiam,
2743 2711 2864 2766 qua:
2893 2705 2976 2751 est
3004 2696 3058 2751 in
3090 2695 3198 2751 illis
3239 2703 3460 2766 propter
3480 2696 3753 2749 caecitatem
3770 2707 3863 2749 oor-

2330 2787 2414 2843 dis
2438 2802 2622 2841 eorum
2650 2805 2667 2838 »
2702 2786 2920 2858 (Ep/ws.
2952 2803 3026 2855 tv,
3065 2789 3152 2853 l7,
3180 2787 3272 2854 18,
3305 2786 3423 2859 25).
3453 2787 3665 2858 Propter
3690 2783 3863 2854 hosigi-

2331 2888 2417 2933 tur
2453 2878 2739 2934 interiores
2762 2879 2969 2946 oculos,
2999 2893 3228 2949 quorum
3256 2879 3474 2935 caecitas
3514 2887 3594 2935 est
3618 2893 3709 2933 non
3734 2875 3857 2931 intel-

2330 2970 2517 3042 ligere,
2548 2979 2605 3025 ut
2630 2972 2962 3040 aperiantur,
2991 2980 3046 3027 et
3069 2972 3242 3044 magis
3272 2972 3547 3042 magisque
3573 2978 3859 3037 serenentur,

2331 3062 2436 3118 ﬁde
2464 3062 2628 3117 corda
2657 3061 2984 3117 mundantur
3016 3062 3150 3133 (Act.
3187 3079 3281 3130 xv,
3328 3062 3412 3131 9).
3452 3064 3690 3133 Quamvis
3711 3060 3859 3126 enim,

2330 3154 2433 3211 nisi
2454 3154 2653 3224 aliquid
2680 3154 2962 3226 intelligat,
2992 3170 3152 3211 nemo
3184 3157 3359 3226 possit
3392 3156 3607 3212 credere
3625 3156 3672 3211 in
3695 3155 3859 3219 Deum;

2330 3254 2511 3301 tamen
2568 3246 2683 3316 ipsa
2737 3245 2841 3302 ﬁde
2888 3262 2997 3317 qua
3027 3246 3238 3313 credit,
3283 3256 3520 3313 sanatur,
3562 3256 3617 3303 ut
3650 3245 3862 3316 intelligat

2331 3339 2614 3407 ampliora.
2646 3337 2765 3392 Alia
2791 3349 2914 3393 sunt
2951 3339 3094 3394 enim
3116 3355 3235 3410 qua:
3273 3341 3380 3396 nisi
3404 3341 3754 3411 intelligamus,
3777 3350 3861 3393 non

2330 3428 2637 3495 credimus;
2670 3438 2724 3482 et
2750 3429 2856 3484 alia
2886 3438 3010 3484 sunt
3036 3444 3157 3499 quae
3183 3430 3290 3485 nisi
3338 3432 3641 3499 credamus,
3685 3444 3776 3484 non
3797 3428 3860 3483 in-

2330 3521 2638 3592 telligimus.
2666 3519 2801 3575 Nam
2839 3536 2962 3576 cum
2993 3520 3124 3577 ﬁdes
3155 3521 3225 3576 sit
3255 3536 3326 3577 ex
3355 3521 3551 3588 auditu,
3587 3520 3773 3576 auditus
3788 3532 3861 3572 au-

2332 3622 2438 3667 tem
2478 3629 2573 3682 per
2622 3612 2847 3667 verbum
2882 3610 3081 3667 Christi
3130 3609 3336 3683 (Rom.
3366 3630 3422 3677 x,
3455 3614 3520 3669 17
3545 3614 3594 3682 );
3632 3607 3857 3681 quomodo

2331 3703 2507 3758 credit
2536 3702 2851 3773 praedicanti
2904 3703 3061 3758 fidem
3089 3745 3103 3768 ,
3132 3703 3262 3774 qui,
3307 3713 3367 3758 ut
3395 3704 3497 3759 alia
3532 3712 3739 3765 taceam,
3778 3701 3858 3755 lin.

2331 3810 2489 3865 gnam
2518 3796 2688 3865 ipsam
2710 3810 2869 3865 quam
2901 3794 3133 3865 loquitur
3173 3811 3283 3851 non
3332 3796 3611 3868 intelligit?
3651 3794 3743 3851 Sed
3778 3788 3857 3846 nisi

2331 3898 2512 3945 essent
2551 3902 2735 3943 rursus
2761 3888 2939 3957 aliqua
2967 3902 3086 3957 qua:
3123 3887 3427 3960 intelligere
3452 3904 3556 3944 non
3581 3899 3854 3958 possumus,

2331 3979 2432 4034 nisi
2463 3988 2587 4033 ante
2608 3977 2907 4042 credamus,
2937 3976 3197 4047 propheta
3220 3994 3329 4033 non
3356 3979 3573 4045 diceret,
3598 3976 3705 4031 Nisi
3723 3972 3856 4029 (redi-

2332 4071 2528 4135 deritis,
2559 4086 2658 4124 non
2686 4069 2974 4140 intelligetis
3004 4068 3160 4139 (Isai.
3186 4086 3286 4137 vu,
3318 4071 3373 4137 9,
3404 4088 3503 4127 sec.
3532 4067 3702 4138 LXX).
3721 4062 3858 4121 Proﬁ-

2284 4175 2301 4195 ο
2332 4160 2404 4216 cit
2432 4174 2557 4230 ergo
2587 4167 2769 4214 noster
2796 4159 3093 4215 intellectus
3109 4160 3175 4215 ad
3194 4160 3532 4234 intelligenda
3556 4175 3666 4230 qua:
3688 4154 3854 4219 credat,

2331 4262 2387 4305 ct
2406 4249 2540 4306 ﬁdes
2562 4249 2770 4320 proﬁcit
2794 4249 2861 4304 ad
2885 4249 3151 4305 credenda
3176 4267 3298 4321 quae
3323 4252 3611 4323 intelligat;
3636 4258 3685 4304 et
3703 4244 3855 4304 eadem

2332 4342 2448 4413 ipsa
2487 4351 2542 4395 ut
2568 4342 2737 4408 magis
2768 4341 3044 4414 magisque
3082 4343 3468 4415 intelligantur,
3516 4344 3564 4399 in
3591 4344 3696 4413 ipso
3728 4336 3854 4394 intel-

2332 4431 2472 4486 lectu
2504 4430 2719 4500 proﬁcit
2768 4446 2940 4486 mens.
2993 4431 3100 4488 Sed
3144 4433 3247 4488 hoc
3289 4450 3396 4489 non
3428 4434 3485 4488 ﬁt
3526 4430 3734 4503 propriis
3760 4436 3851 4480 tan-

2332 4536 2491 4591 quam
2523 4521 2849 4577 naturalibus
2876 4522 3079 4578 viribus
3099 4564 3115 4590 ,
3160 4524 3253 4579 scd
3302 4524 3413 4581 Deo
3438 4522 3706 4594 adjuvante
3729 4526 3853 4585 atque

2332 4614 2593 4677 donante;
2627 4612 2764 4667 sicut
2809 4613 3076 4669 medicina
3103 4614 3192 4680 ﬁt,
3240 4630 3350 4670 non
3378 4624 3581 4679 natura,
3607 4620 3660 4666 ut
3681 4609 3852 4663 vitiatus

2332 4705 2515 4761 oculus
2542 4705 2647 4758 vim
2678 4704 2931 4760 cernendi
2961 4705 3209 4775 recipiat.
3237 4706 3338 4774 Qui
3360 4721 3485 4777 ergo
3504 4704 3626 4760 dicit
3655 4702 3764 4761 Deo,
3790 4693 3853 4748 Da

2333 4797 2457 4849 mihi
2486 4796 2807 4860 intellectum,
2842 4805 2896 4849 ut
2923 4796 3117 4851 discam
3145 4796 3386 4850 mandata
3424 4807 3528 4860 tua,
3578 4808 3672 4848 non
3715 4783 3853 4844 omni-

2332 4888 2494 4943 modo
2520 4902 2713 4959 expers
2742 4886 2858 4957 ejus
2885 4896 2988 4953 est,
3016 4888 3163 4943 velut
3198 4903 3397 4958 pecus;
3429 4902 3525 4942 nec
3548 4885 3634 4950 ita,
3653 4873 3854 4952 quamvis

2334 4980 2515 5046 homo,
2545 4989 2601 5034 ut
2628 4980 2679 5034 in
2710 4995 2896 5035 eorum
2928 4995 3155 5036 numero
3175 4978 3511 5050 deputandus
3543 4976 3638 5039 sit,
3664 4971 3739 5043 qui
3762 4981 3853 5021 ant-

2334 5068 2507 5123 bulant
2550 5070 2601 5123 in
2630 5071 2850 5123 vanitate
2877 5070 3056 5125 mentis
3084 5085 3191 5125 sure
3208 5109 3222 5132 ,
3256 5068 3503 5122 obscurati
3527 5058 3848 5134 intelligentia.

2333 5162 2539 5217 alienati
2565 5178 2597 5215 a
2624 5162 2707 5215 via
2724 5161 2843 5217 Dei.
2873 5161 3004 5217 Nam
3035 5162 3081 5217 si
3123 5161 3242 5216 talis
3276 5170 3457 5227 esset,
3490 5157 3697 5216 nechoc
3732 5151 3850 5207 dioc-

2333 5263 2436 5309 ret.
2490 5252 2605 5308 Non
2659 5261 2838 5307 autem
2879 5252 3026 5322 parvi
3057 5260 3140 5308 est
3168 5252 3499 5316 intellectus,
3549 5259 3693 5303 nosse
3717 5250 3850 5306 aquo

2336 5345 2634 5416 poscendus
2658 5345 2728 5400 sit
2752 5345 3079 5402 intellectus.
3103 5346 3168 5400 Et
3209 5343 3542 5417 cogitandum
3580 5347 3655 5395 est
3687 5337 3847 5405 quanto

2335 5438 2441 5494 sint
2460 5437 2618 5492 altius
2644 5436 2984 5507 intelligenda
3008 5436 3184 5492 divina
3211 5436 3488 5501 mandata;
3518 5427 3711 5504 quando
3730 5421 3847 5478 adea

2335 5529 2589 5586 discenda
2633 5529 2731 5585 sibi
2759 5530 2934 5585 adhuc
2967 5530 3083 5586 dari
3132 5531 3456 5586 intellectum
3487 5526 3637 5597 petit,
3661 5518 3735 5590 qui
3756 5516 3845 5585 jam

2337 5623 2416 5678 sic
2440 5622 2717 5692 intelligit,
2749 5632 2805 5678 et
2847 5622 2938 5692 qui
2967 5623 3176 5693 eloquia
3206 5622 3298 5678 Dei
3342 5635 3402 5676 se
3433 5614 3710 5674 custodisse
3746 5611 3845 5659 ante

2334 5713 2441 5785 jam
2467 5712 2619 5768 dixit.
3656 5788 3677 5791 4

2412 5805 2465 5865 ἆυ
2505 5803 2656 5878 ρυοά
2696 5813 2871 5866 autem
2920 5803 3245 5877 interpretati
3286 5809 3406 5867 sunt
3448 5795 3618 5864 nostri,
3644 5788 3715 5857 Da
3745 5780 3845 5844 miltt'
