4188 6446
414 418 567 476 1555

414 535 763 600 intellectum;
808 529 1027 587 bI‘CVIIIS
1072 524 1205 583 dixit
1231 536 1455 596 grzecus,
1496 530 1727 577 συνέτισον
1765 519 2006 589 μιτψιὶἒὶ

417 645 531 688 ιιιιο
562 627 730 685 verbo
766 623 1077 694 complexus
1109 628 1212 687 est,
1247 618 1329 672 Da
1363 618 1487 671 mihi
1515 616 1836 679 intellectum,
1866 611 2007 683 quod

417 730 503 778 est
528 727 782 785 σννιτισον,
812 714 953 786 quod
984 712 1145 768 latine
1179 724 1286 765 uno
1313 708 1478 764 verbo
1511 707 1614 762 dici
1644 721 1753 760 non
1791 711 2004 775 potest:

418 822 677 883 tanquam
703 809 751 864 si
780 822 886 863 non
915 812 1096 878 posset
1120 803 1281 858 latine
1305 800 1429 867 dici,
1463 814 1593 854 sana
1629 813 1755 864 me;
1785 804 1841 852 et
1864 795 2010 852 dice-

418 914 595 970 retur,
640 901 710 959 da
738 900 871 957 mihi
910 898 1212 962 sanitatem,
1249 896 1387 951 sicut
1415 893 1502 948 hic
1547 891 1745 948 dictum
1780 899 1882 955 est,
1926 888 2010 943 Da

417 1000 550 1055 mihi
583 997 927 1059 intellectum;
950 1001 1062 1059 aut,
1088 1005 1276 1047 sanum
1317 1002 1407 1044 me
1435 985 1539 1054 fac,
1569 986 1707 1041 sicut
1739 984 1899 1040 etiam
1923 982 2011 1038 hic

420 1092 532 1148 dici
557 1096 756 1162 potest,
782 1086 1165 1157 intelligentem
1190 1097 1277 1137 me
1305 1083 1405 1136 fac.
1428 1078 1580 1148 Quod
1604 1078 1816 1148 quidem
1839 1075 2011 1146 potuit

420 1192 478 1240 et
497 1181 723 1253 angelus
744 1178 949 1243 facere;
979 1191 1102 1232 nam
1127 1174 1267 1231 dixit
1295 1172 1518 1236 Danieli,
1560 1170 1684 1226 Veni
1704 1169 2011 1225 intellectum

424 1276 551 1330 dare
570 1274 659 1328 tibi
689 1270 851 1344 (Dan.
883 1286 937 1336 x,
970 1269 1099 1338 ως
1144 1274 1198 1322 et
1230 1265 1333 1321 hoc
1365 1264 1584 1319 verbum
1614 1270 1697 1317 est
1733 1262 1786 1317 in
1811 1274 2007 1330 graeco,

421 1367 564 1440 quod
600 1367 767 1423 etiam
794 1364 881 1419 hic
917 1370 1021 1429 est,
1064 1369 1297 1415 συνετίσαι
1331 1372 1411 1423 es;
1443 1364 1693 1431 tanquam
1738 1352 1783 1408 si
1810 1352 2013 1407 diceret

424 1461 645 1524 latinus,
692 1457 974 1513 sanitatem
1004 1452 1136 1509 dare
1180 1450 1300 1517 tibi,
1331 1447 1472 1520 quod
1522 1458 1727 1518 graecus
1768 1443 2009 1510 dixisset,

419 1567 618 1609 sanare
656 1558 729 1606 te.
760 1548 878 1604 Non
924 1545 1065 1602 enim
1093 1543 1605 1611 circumloqueretur
1627 1538 1822 1595 latinus
1847 1537 2013 1592 inter-

419 1658 544 1715 pres
571 1639 825 1706 dicendo,
865 1637 1194 1694 intellectum
1238 1633 1367 1689 dare
1414 1631 1550 1688 tibi:
1584 1631 1629 1686 si
1669 1628 2014 1700 quemadmo-

421 1736 549 1791 dum
582 1732 695 1790 dici
726 1739 902 1803 potest
927 1744 955 1783 a
986 1728 1233 1794 sanitate,
1257 1738 1447 1780 sanare
1489 1731 1577 1789 te;
1610 1722 1680 1777 ita
1706 1720 1810 1776 dici
1834 1727 2015 1791 posset

416 1826 483 1883 ab
503 1825 806 1890 intellectu,
833 1821 1195 1878 intellectuare
1221 1824 1291 1872 te.
1316 1814 1421 1872 Sed
1440 1814 1483 1869 si
1504 1821 1681 1885 potest
1707 1813 1809 1868 hoc
1834 1820 1889 1868 et
1915 1825 2015 1866 an-

408 1920 573 1992 gelus
604 1916 805 1982 facere,
836 1913 967 1987 quid
992 1920 1077 1969 est
1102 1909 1243 1983 quod
1270 1910 1371 1965 iste
1403 1907 1505 1963 hoc
1526 1922 1556 1961 a
1579 1906 1691 1962 Deo
1717 1905 1819 1961 sibi
1846 1904 2017 1974 poscit

408 2024 475 2069 ut
500 2011 640 2067 fiat?
666 2012 749 2065 An
780 2010 903 2080 quia
940 2007 1082 2061 Deus
1119 2004 1307 2075 angelo
1330 2001 1564 2072 jusserat
1597 2006 1656 2054 ut
1682 1997 1910 2053 faceret?
1939 1996 2015 2052 lta

405 2119 552 2161 vero
586 2121 601 2157 :
632 2115 758 2157 nam
778 2099 1022 2155 Christus
1049 2094 1359 2165 intelligitur
1377 2092 1479 2148 hoc
1498 2091 1721 2162 jussisse
1748 2088 1934 2160 angelo
1959 2095 2017 2142 ut

400 2200 653 2261 faceret,
696 2209 762 2251 eo
790 2194 909 2248 loco
946 2190 1038 2247 ubi
1081 2190 1157 2244 ait
1194 2188 1477 2258 Propheta,
1518 2204 1538 2237 ι
1571 2184 1639 2240 Ει
1676 2184 1871 2239 factum
1911 2192 2011 2248 est,

399 2306 541 2347 cum
579 2286 823 2343 viderem
864 2299 965 2356 ego
995 2282 1181 2338 Daniel
1210 2281 1404 2346 visum,
1431 2277 1818 2349 et..qua3rebam
1860 2275 2016 2331 intel-

397 2382 652 2443 lectum,
681 2386 735 2432 et
762 2390 888 2431 ecce
911 2355 1061 2429 Stetit
1088 2372 1140 2427 in
1170 2377 1460 2441 conspectu
1488 2382 1609 2423 meo
1639 2376 1695 2422 ut
1722 2367 1868 2421 visus
1889 2355 2074 2439 viridi

2066 2447 2207 2537 f‘vel
2256 2446 2392 2502 sicut
2446 2447 2536 2502 alii
2596 2447 2897 2519 diligentius
2964 2457 3382 2518 expresserunt,
3436 2466 3708 2520 superspe-

395 2482 459 2527 et
490 2469 695 2525 audivi
717 2481 902 2523 vocem
934 2465 1033 2519 viri
1056 2464 1197 2518 inter
1216 2461 1370 2527 Ubal,
1398 2469 1453 2515 et
1479 2460 1708 2525 vocavit,
1737 2467 1790 2514 et
1817 2457 1955 2513 dixit
1974 2458 2013 2523 ¹,

395 2564 524 2620 Fac
556 2561 862 2632 intelligere
888 2559 1037 2614 illum
1054 2557 1313 2612 visionem
1344 2573 1362 2607 ι
1391 2552 1503 2623 (Id.
1517 2568 1632 2619 vni,
1658 2552 1783 2609 i5et
1810 2547 1899 2623 l6)
1926 2567 1939 2604 :
1963 2556 2019 2606 et

396 2659 481 2733 ibi
508 2659 573 2713 in
603 2669 779 2727 graeco
802 2652 1025 2709 verbum
1052 2648 1153 2705 hoc
1178 2657 1260 2704 est
1289 2646 1429 2718 quod
1459 2656 1514 2701 et
1549 2645 1655 2710 hic,
1684 2644 1737 2700 id
1776 2653 1858 2698 est
1885 2651 2018 2697 mt-

396 2772 575 2807 τισον.
610 2747 754 2802 Deus
775 2745 952 2815 itaque
979 2757 1077 2815 per
1104 2740 1360 2810 seipsum,
1402 2738 1524 2808 quia
1552 2738 1643 2791 lux
1666 2744 1749 2792 est
1775 2733 1950 2807 (Joan.
1976 2749 2015 2801 l,

395 2841 462 2907 4,
497 2839 591 2910 9),
624 2836 887 2891 illuminat
913 2834 1029 2903 pias
1054 2839 1283 2898 mentes,
1311 2838 1370 2884 ut
1388 2843 1448 2883 ea
1478 2843 1597 2898 quze
1621 2827 1803 2882 divina
1830 2824 2048 2913 dicun—i

399 2938 503 2987 tur
528 2931 622 2985 vel
658 2926 1032 2992 ostenduntur,
1064 2924 1379 2993 intelligant.
1412 2919 1519 2976 Sed
1555 2920 1600 2974 si
1641 2918 1707 2973 ad
1733 2918 1836 2972 hoc
1864 2916 2022 2971 mini-

400 3034 536 3080 stro
568 3023 740 3078 utitur
764 3019 973 3092 angelo,
1004 3025 1176 3088 potest
1202 3015 1417 3087 quidem
1446 3011 1642 3083 aliquid
1673 3026 1831 3082 agere
1858 3025 2022 3082 ange-

403 3118 502 3172 lus
546 3115 603 3171 in
655 3122 835 3168 mente
873 3109 1126 3176 hominis,
1167 3117 1225 3163 ut
1260 3107 1433 3177 capiat
1467 3105 1638 3159 lucem
1670 3104 1786 3171 Dei,
1827 3111 1881 3158 et
1922 3116 2019 3173 per

408 3208 573 3262 hanc
608 3203 909 3273 intelligat:
935 3202 1028 3257 sed
1071 3202 1142 3255 ita
1172 3198 1366 3255 dicitur
1409 3196 1735 3253 intellectum
1765 3195 1893 3251 dare
1923 3196 2021 3249 ho-

413 3299 588 3364 mini,
616 3305 673 3351 et
700 3295 871 3366 quasi,
904 3302 961 3348 ut
990 3293 1060 3347 ita
1089 3292 1283 3355 dicam,
1329 3288 1693 3344 intellectuare
1721 3285 2014 3353 hominem,

419 3387 885 3463 quemadmodum
909 3385 1186 3455 quisquam
1221 3381 1415 3437 dicitur
1442 3379 1619 3435 lucem
1644 3377 1774 3433 dare
1811 3376 2015 3442 domui,

424 3484 516 3539 vel
542 3480 845 3536 illuminare
874 3476 1113 3541 domum,
1144 3473 1229 3529 cui
1255 3471 1539 3527 fenestram
1570 3469 1726 3535 facit;
1750 3482 1870 3523 cum
1897 3481 2018 3522 eam

430 3590 540 3630 non
583 3586 679 3629 sua
716 3573 834 3626 luce
872 3574 1118 3640 penetret
1157 3576 1213 3621 et
1248 3566 1494 3629 illustret,
1528 3563 1622 3619 sed
1653 3560 2020 3618 tantummodo

435 3666 640 3723 aditum
663 3677 768 3734 quo
792 3670 1101 3732 penetretur
1130 3666 1289 3729 atque
1312 3658 1624 3721 illustretur,
1656 3656 1879 3725 aperiat.
1912 3653 2020 3709 Sed

438 3772 536 3812 nec
566 3755 648 3811 sol
680 3755 767 3825 qui
794 3768 888 3823 per
908 3752 1193 3807 fenestram
1220 3747 1450 3805 illustrat
1473 3747 1713 3813 domum,
1744 3747 1857 3816 ipse
1883 3760 2027 3801 crea-

440 3848 515 3902 vit
546 3845 791 3903 eamdem
817 3844 1057 3911 domum,
1088 3850 1179 3896 aut
1216 3840 1485 3895 hominem
1516 3838 1606 3909 qui
1632 3838 1920 3893 fenestram
1949 3835 2026 3891 fe-

444 3940 513 3995 cit
538 3938 591 3993 in
619 3936 803 4002 domo,
831 3941 922 3989 aut
950 3934 1064 4003 ipse
1093 3931 1169 3987 illi
1189 3930 1347 4002 jussit
1366 3938 1423 3984 ut
1449 3929 1671 3995 faceret,
1700 3938 1790 3982 aut
1819 3927 2023 3996 adjuvit

445 4032 554 4101 ipse
579 4028 887 4093 facientem,
912 4033 1003 4081 aut
1017 4023 1211 4094 aliquid
1229 4024 1337 4093 egit
1362 4029 1419 4076 ut
1435 4021 1731 4090 aperiretur
1746 4034 1849 4089 qua
1867 4034 2021 4074 suum

448 4122 623 4178 lumen
658 4119 959 4175 infunderet
987 4135 1000 4172 :
1030 4116 1174 4173 Deus
1212 4122 1390 4169 autem
1434 4122 1489 4168 et
1523 4110 1755 4167 hominis
1791 4120 2024 4165 mentem

448 4211 758 4267 rationalem
788 4217 947 4280 atque
974 4204 1384 4262 intellectualem
1420 4202 1566 4268 fecit,
1594 4217 1699 4273 qua
1727 4209 1906 4272 posset
1933 4215 2025 4255 ea.

448 4319 573 4375 pere
601 4304 782 4358 lumen
810 4300 956 4371 ejus;
987 4306 1041 4354 et
1065 4296 1311 4368 angelum
1339 4294 1499 4350 talem
1530 4292 1673 4360 fecit,
1701 4292 1790 4363 qui
1816 4291 2026 4363 operari

448 4402 628 4466 posset
655 4392 857 4462 aliquid
897 4389 1036 4445 unde
1074 4388 1140 4444 ad
1169 4386 1486 4458 capiendum
1526 4385 1704 4439 lumen
1734 4383 1830 4439 Dei
1876 4397 2027 4438 mens

448 4490 787 4560 adjuvaretur
811 4485 1040 4539 humana
1060 4500 1075 4549 ;
1098 4491 1151 4538 et
1167 4480 1411 4538 eamdem
1441 4480 1519 4536 sic
1537 4478 1750 4549 adjuvat
1770 4484 2023 4541 mentem,

448 4591 504 4636 ut
542 4579 841 4650 angelicam
868 4575 1090 4646 recipiat
1124 4573 1525 4645 operationem;
1565 4580 1620 4627 et
1643 4585 1759 4625 eam
1802 4570 1879 4624 sic
1909 4569 2029 4623 illu-

448 4673 613 4727 minat
640 4672 708 4726 de
749 4670 948 4740 seipso,
991 4676 1048 4723 ut
1092 4682 1196 4722 non
1222 4666 1395 4722 solum
1435 4665 1524 4719 illa
1567 4678 1685 4734 qua:
1729 4678 1758 4717 a
1805 4662 2028 4718 veritate

448 4770 830 4828 monstrantur,
874 4760 968 4817 sed
1008 4759 1177 4830 ipsam
1219 4772 1432 4829 quoque
1470 4753 1797 4826 proticiendo
1826 4754 2030 4823 perSpi-
2100 4795 2103 4797 .

448 4859 546 4913 ciat
570 4856 872 4913 veritatem.
897 4852 1001 4909 Sed
1028 4852 1277 4923 quoniam
1315 4863 1402 4905 res
1429 4847 1642 4919 quidem
1679 4846 2025 4913 necessarias,

447 4958 702 5020 quantum
729 4946 995 5011 existimo,
1020 4952 1197 4999 tamen
1223 4943 1424 5013 prolixa
1448 4940 1805 5010 diSputatione
1831 4947 2028 4993 tracta-

450 5042 643 5108 vimus,
699 5039 881 5093 dilatis
932 5037 1278 5108 sequentibus
1319 5034 1508 5104 psalmi
1560 5033 1718 5103 hujus
1765 5032 2027 5098 versibus,

449 5144 755 5187 sermonem
785 5130 945 5185 istum
973 5128 1077 5185 isto
1107 5128 1212 5183 line
1238 5124 1568 5181 claudamus.

1086 5235 1255 5277 SEBIO
1294 5236 1405 5275 XIX.

521 5316 575 5371 l.
616 5313 769 5388 [vers.
799 5313 914 5388 75.]
953 5314 1211 5370 Dominus
1248 5313 1403 5370 Jesus
1446 5314 1500 5368 in
1550 5313 1652 5368 hoc
1695 5313 1900 5384 psalmo
1936 5327 2033 5383 per

453 5409 796 5480 Prophetam,
831 5416 1081 5479 tanquam
1127 5407 1248 5473 sibi,
1282 5407 1467 5478 petivit
1505 5407 1829 5462 intellectum
1859 5406 1971 5461 dari
2001 5422 2031 5462 a

455 5501 565 5556 Deo
605 5500 821 5571 corpori
847 5514 944 5555 suo
971 5499 1111 5571 quod
1141 5508 1224 5555 est
1262 5499 1523 5568 Ecclesia,
1564 5498 1632 5553 ad
1664 5498 1759 5554 Dei
1785 5499 2032 5553 mandata

454 5593 726 5649 discenda.
752 5590 885 5647 Cum
925 5593 1041 5663 ipso
1068 5592 1208 5649 enim
1236 5593 1342 5647 vita
1372 5591 1612 5663 corporis
1647 5588 1784 5661 ejus,
1819 5590 1921 5645 hoc
1954 5600 2036 5645 est

456 5685 637 5757 populi
664 5685 804 5756 ejus,
830 5684 1136 5741 abscondita
1167 5693 1250 5741 est
1277 5686 1331 5741 in
1362 5685 1472 5741 Deo
1500 5684 1715 5758 (Coloss.
1757 5698 1835 5751 ut,
1872 5681 1949 5755 5),
1980 5691 2038 5737 et

460 5818 861 5944 n;q:::9tSMv.,
884 5824 931 5870 et
953 5817 1080 5871 dixit
1111 5818 1232 5872 Utai.
1258 5819 1419 5881 Abest,
1452 5817 1573 5882 viai,
1596 5820 1658 5871 ab
1680 5827 1781 5870 Am.
1809 5825 1861 5870 et
1878 5830 1905 5867 a
1927 5815 2035 5881 ple-

1472 399 1864 460 ENARRATIO
1902 397 1967 455 IN
2006 395 2327 456 PSALMUM
2366 400 2596 459 CXVIII.

3554 401 3698 468 issi

2114 519 2228 589 ipse
2266 521 2320 575 in
2366 521 2555 576 eodem
2594 535 2819 593 corpore
2859 534 2957 578 suo
3001 522 3342 594 indigentiam
3378 526 3594 596 patitur,
3638 538 3697 585 et

2112 616 2283 682 poscit
2309 614 2449 684 quod
2496 616 2751 671 membris
2791 617 2904 672 suis
2946 628 3027 674 est
3074 619 3457 674 necessarium.
3501 619 3692 673 Manus

2115 716 2232 775 tute,
2261 707 2450 778 inquit,
2476 712 2697 778 fecerunt
2721 728 2819 778 me,
2850 719 2895 765 et
2928 712 3302 781 ptasmaverunt
3332 728 3443 779 me;
3470 713 3537 767 da
3565 714 3691 767 mihi

2112 799 2438 866 intellectum,
2469 810 2525 854 ut
2565 802 2756 856 discam
2794 804 3036 859 mandata
3081 813 3186 860 tua.
3215 805 3350 874 Quia
3394 815 3471 873 tu,
3501 807 3695 877 inquit,

2113 888 2373 957 formasti,
2399 901 2454 947 tu
2478 892 2744 959 relorma;
2777 904 2836 949 ut
2864 896 2953 950 liat
2978 897 3031 951 in
3060 912 3285 968 corpore
3304 898 3523 965 Christi,
3549 899 3694 970 quod

2113 984 2189 1039 ait
2214 985 2522 1054 Apostolus,
2570 984 2936 1058 Reformamini
2972 989 3027 1042 in
3069 991 3285 1045 novitate
3328 1008 3502 1047 sensus
3545 992 3697 1047 vestri

2114 1069 2291 1147 (Ront
2322 1076 2522 1147 xn,su.

2185 1165 2239 1219 2.
2284 1165 2432 1238 [υενδ.
2476 1167 2589 1240 74.]
2631 1168 2731 1235 Qui
2767 1171 2939 1225 timent
2987 1179 3053 1237 te,
3099 1172 3289 1241 inquit,
3336 1172 3568 1230 videbunt
3597 1193 3698 1239 me,

2116 1267 2163 1314 et
2177 1259 2634 1329 jucundabuntur;
2656 1262 2763 1327 vel,
2799 1262 2935 1318 sicut
2957 1262 3155 1318 habent
3178 1263 3265 1317 alii
3291 1263 3527 1333 codices,
3550 1267 3700 1321 tarta-

2118 1350 2317 1415 buntur,
2341 1351 2575 1418 quoniam
2601 1351 2653 1405 in
2682 1353 2827 1407 verba
2846 1362 2933 1407 tua
2954 1355 3147 1424 speravi
3173 1370 3192 1408 :
3219 1354 3270 1410 id
3291 1363 3392 1421 est,
3418 1356 3470 1410 in
3499 1370 3559 1411 ea
3582 1372 3704 1426 qua:

2115 1443 2421 1512 promisisti,
2453 1452 2511 1497 ut
2539 1444 2645 1497 sint
2671 1445 3041 1514 promissionis
3082 1445 3194 1509 lilii,
3227 1459 3412 1500 semen
3448 1446 3700 1514 Abrahae,

2117 1532 2172 1587 in
2223 1548 2329 1604 quo
2375 1533 2760 1590 benedicuntur
2803 1551 2991 1592 omnes
3038 1545 3223 1607 gentes
3276 1536 3440 1610 (Gen.
3493 1554 3585 1603 xu,
3636 1539 3700 1604 ὃς

2117 1635 2165 1680 et
2185 1641 2329 1692 xxvi,
2351 1624 2428 1697 4).
2453 1626 2552 1693 Qui
2569 1635 2695 1681 sunt
2718 1637 2893 1683 autem
2916 1628 3005 1698 qui
3037 1629 3225 1683 timent
3249 1628 3440 1694 Deum,
3469 1637 3524 1684 et
3541 1642 3704 1699 quem

2117 1716 2373 1772 videbunt
2391 1726 2444 1772 et
2473 1718 2812 1786 laetabuntur,
2840 1720 3089 1789 quoniam
3126 1720 3177 1775 in
3204 1720 3363 1777 verba
3394 1722 3484 1777 Dei
3513 1735 3704 1791 spera-

2118 1808 2233 1863 vit?
2270 1808 2324 1864 Si
2360 1823 2554 1880 corpus
2579 1808 2777 1865 Christi
2807 1819 2911 1877 est,
2953 1811 3006 1865 id
3034 1819 3118 1865 est
3149 1811 3409 1877 Ecclesia,
3441 1812 3592 1882 cujus
3621 1820 3705 1867 est

2118 1913 2225 1954 vox
2255 1899 2355 1953 ista
2400 1915 2498 1970 per
2523 1898 2811 1966 Christum,
2855 1901 2940 1955 vel
2984 1900 3037 1955 in
3068 1901 3181 1971 ipsa
3224 1911 3280 1956 et
3324 1902 3391 1957 de
3421 1902 3556 1972 ipsa,
3588 1913 3707 1958 tan-

2121 2006 2277 2061 quam
2313 1991 2380 2046 de
2412 1993 2589 2062 seipso
2628 1993 2728 2047 ista
2755 2007 2857 2047 vox
2896 1992 3090 2047 Christi
3138 2000 3257 2057 est;
3302 1992 3559 2063 numquid
3596 2008 3705 2049 non

2120 2081 2223 2151 ipsi
2249 2088 2373 2136 sunt
2411 2082 2462 2136 in
2485 2083 2599 2137 eis‘
2631 2084 2719 2152 qui
2749 2084 2937 2137 timent
2959 2084 3168 2138 Deum?
3198 2083 3328 2152 Quis
3353 2093 3435 2139 est
3468 2098 3596 2154 ergo
3618 2084 3708 2141 ille

2121 2186 2281 2240 quem
2306 2171 2507 2238 vident,
2537 2182 2592 2227 et
2614 2172 3014 2243 jucundantur?
3039 2175 3121 2228 An
3149 2174 3376 2244 p0pulus
3406 2175 3519 2244 ipse
3549 2190 3608 2230 se
3637 2176 3710 2230 vi-

2122 2264 2231 2331 det,
2264 2274 2317 2319 et
2338 2265 2677 2334 jucundatur,
2710 2276 2765 2321 et
2808 2267 2887 2322 sic
2918 2266 3120 2322 dictum
3161 2276 3265 2332 est,
3299 2267 3400 2334 Qui
3425 2268 3599 2322 timent
3634 2276 3704 2333 te,

2121 2354 2356 2410 videbunt
2382 2372 2480 2423 me,
2507 2365 2552 2411 et
2577 2357 2901 2422 (relabuntur,
2932 2359 3051 2427 quia
3088 2360 3140 2412 in
3176 2359 3323 2413 verba
3354 2368 3439 2413 tua
3468 2362 3709 2430 speravi;

2122 2540 2232 2593 ι·αυὶ
2259 2538 2335 2610 (a)
2367 2558 2379 2594 :
2412 2548 2662 2609 tanquam
2706 2540 2946 2606 diceret,
2993 2539 3091 2605 Qui
3135 2540 3307 2593 timent
3345 2549 3423 2606 te,
3472 2540 3712 2595 videbunt

2124 2632 2417 2688 Ecclesiam
2456 2641 2621 2698 tuam,
2654 2641 2701 2686 et
2728 2632 3165 2702 jucundabuntur,
3192 2632 3311 2703 quia
3337 2634 3392 2686 in
3429 2633 3578 2687 verba
3620 2642 3712 2686 tua

2125 2725 2505 2795 supersperavi;
2548 2739 2669 2778 cum
2712 2724 2810 2794 ipsi
2844 2725 2951 2779 sint
2980 2724 3240 2790 Ecclesia,
3286 2725 3377 2795 qui
3402 2724 3584 2780 vident
3610 2726 3712 2781 Ec-

2126 2816 2345 2871 clesiam
2382 2824 2437 2870 et
2460 2815 2858 2885 jucundantur?
2896 2815 3001 2872 Sed
3045 2831 3142 2871 cur
3188 2832 3295 2871 non
3335 2818 3489 2885 dixit,
3526 2818 3617 2888 qui
3645 2819 3714 2873 ti-

2127 2916 2275 2962 ment
2318 2916 2388 2973 te,
2418 2907 2599 2962 vident
2642 2922 2745 2973 me,
2790 2915 2845 2962 et
2876 2906 3237 2976 jucundantur
3265 2924 3278 2960 :
3310 2907 3405 2963 sed
3437 2908 3608 2962 timent
3639 2918 3708 2976 te,

2127 2998 2349 3053 verbum
2380 2998 2658 3067 praesentis
2701 2997 2954 3068 temporis
3001 2999 3207 3067 posuit;
3254 2998 3489 3053 uidebunt
3531 3009 3711 3054 autem

2129 3096 2185 3145 et
2197 3088 2636 3160 jucundabuntur,
2664 3087 2820 3143 futuri
2845 3090 3097 3157 temporis
3122 3088 3281 3144 verba
3304 3088 3466 3144 sunt?
3486 3092 3565 3143 An
3587 3091 3711 3159 quia

2130 3181 2183 3235 in
2208 3181 2457 3250 praesenti
2496 3190 2736 3250 tempore
2761 3180 2919 3235 timor
2959 3189 3062 3245 est,
3092 3179 3346 3250 quamdiu
3382 3180 3602 3235 teutatio
3628 3190 3713 3236 est

2128 3272 2235 3327 vita
2284 3272 2511 3326 humana
2558 3286 2718 3342 super
2759 3280 2952 3327 terram
2991 3270 3112 3344 (Job
3144 3288 3248 3339 vu,
3289 3273 3381 3343 l);
3407 3272 3714 3342 jucunditas

2108 3372 2305 3419 autem
2330 3378 2486 3433 quam
2515 3363 2680 3418 voluit
2707 3363 2793 3417 hic
2820 3362 3064 3433 intelligi,
3100 3371 3227 3417 tunc
3255 3361 3358 3417 erit
3386 3361 3599 3432 quando
3625 3362 3716 3431 ju-

2129 3454 2194 3509 sti
2218 3453 2491 3525 fulgebunt
2518 3454 2569 3507 in
2594 3468 2759 3524 regno
2781 3453 2953 3509 Patris
2977 3454 3059 3509 sui
3079 3454 3211 3509 sicut
3239 3454 3319 3509 sol
3350 3451 3562 3525 (Matth.
3591 3468 3712 3518 xtu,

2130 3545 2260 3618 45)?
2287 3546 2421 3601 Hinc
2459 3545 2601 3600 enim
2640 3544 2799 3600 etiam
2846 3544 2973 3599 illud
3018 3546 3073 3599 in
3118 3545 3223 3599 alio
3261 3543 3468 3614 psalmo
3498 3543 3713 3613 legitur,

2137 3657 2155 3691 ι
2184 3638 2353 3705 Quam
2390 3652 2579 3708 magna
2624 3636 2908 3692 multitudo
2949 3636 3243 3691 duicedinis
3285 3646 3408 3702 tum,
3461 3635 3712 3702 Domine,

2131 3746 2287 3802 quam
2314 3729 2638 3785 abscondisti
2679 3729 2986 3785 timentibus
3015 3730 3103 3785 te!
3140 3747 3160 3781 ι
3193 3728 3343 3783 Nunc
3370 3741 3499 3798 ergo
3527 3742 3718 3797 quam-

2131 3824 2223 3880 diu
2272 3826 2477 3889 timent,
2530 3823 2766 3879 nondum
2811 3822 3027 3885 vident;
3086 3821 3179 3876 sed
3225 3840 3244 3872 ι
3275 3818 3547 3882 videbunt,
3584 3836 3605 3870 ι
3660 3828 3720 3873 et

2140 3937 2159 3970 ι
2181 3918 2649 3987 jucundabuntur:
2681 3934 2701 3968 ι
2734 3916 2855 3984 quia
2878 3924 2932 3969 et
2958 3915 3064 3967 illic
3090 3912 3352 3982 sequitur,
3385 3930 3403 3962 ι
3434 3911 3717 3966 Perfecisti

2131 4018 2306 4063 autem
2329 4007 2661 4077 sperantibus
2683 4006 2734 4060 in
2760 4015 2813 4060 te
2841 4023 2859 4056 ι
2888 4004 3060 4075 (Psal.
3088 4019 3224 4069 xxx,
3246 4002 3336 4067 20,
3363 4001 3495 4071 2i);
3522 4012 3577 4056 et
3605 4000 3711 4066 hic,

2138 4120 2156 4152 ι
2181 4100 2303 4171 quia
2330 4101 2381 4153 in
2409 4098 2569 4154 verba
2598 4108 2685 4152 tua
2724 4097 2955 4167 speravi,
2984 4114 3003 4148 ι
3043 4095 3148 4162 vel,
3186 4112 3204 4145 ι
3238 4093 3653 4164 supersperavi:
3687 4112 3709 4145 ι

2131 4204 2190 4249 ιιι
2216 4194 2269 4247 in
2297 4192 2462 4247 verbo
2492 4192 2564 4245 ita
2590 4188 2884 4259 composito
2909 4196 2964 4243 et
3002 4202 3126 4241 cura
3157 4185 3461 4255 interpretis
3486 4184 3717 4256 diligen-

2134 4285 2284 4343 tioris
2312 4297 2588 4353 expresso,
2620 4281 2777 4336 etiam
2808 4278 2934 4334 illud
2962 4278 3341 4349 intelligamus,
3371 4276 3513 4347 quod
3541 4286 3716 4347 potens

2133 4388 2207 4433 est
2256 4376 2395 4430 Deus
2447 4378 2612 4447 facere
2657 4388 2812 4441 supra
2862 4387 3011 4439 quam
3052 4370 3264 4441 petimus
3304 4377 3351 4422 et
3389 4368 3716 4439 intelligimus

2135 4470 2349 4544 (Ep/tes.
2382 4484 2459 4532 Ill,
2496 4467 2620 4537 20);
2653 4474 2709 4520 ut
2734 4466 2855 4535 quia
2885 4481 3043 4534 supra
3070 4480 3221 4534 quam
3251 4464 3463 4534 petimus
3489 4472 3536 4517 et
3562 4461 3715 4516 intel-

2135 4565 2335 4637 ligimus
2359 4569 2503 4625 sunt,
2531 4574 2719 4631 parum
2749 4558 2818 4613 sit
2842 4572 2903 4613 ea
2930 4571 3168 4627 sperare,
3194 4556 3289 4612 sed
3313 4555 3602 4612 debeamus
3623 4571 3716 4611 su-

2133 4673 2466 4731 persperare.

2206 4753 2259 4807 '5.
2302 4750 2468 4823 [vers.
2499 4747 2585 4812 75,
2610 4745 2697 4802 76.
2722 4743 2741 4817 ]
2782 4744 2912 4813 Quia
2939 4758 3068 4814 ergo
3093 4741 3265 4797 adhuc
3295 4741 3443 4796 timet
3468 4738 3712 4794 Ecclesia

2136 4861 2253 4917 quae
2283 4845 2335 4898 in
2362 4845 2462 4897 hac
2495 4842 2599 4895 vita
2640 4848 2740 4906 est,
2768 4847 2819 4892 et
2854 4836 3086 4891 nondum
3119 4849 3177 4889 se
3216 4832 3361 4888 videt
3386 4832 3437 4886 in
3463 4845 3717 4900 eoreguo

2136 4940 2223 4995 ubi
2259 4939 2360 4993 erit
2387 4936 2504 5008 ejus
2529 4948 2714 4991 secura
2735 4929 3062 5002 jucunditas,
3094 4925 3188 4981 sed
3218 4926 3354 4979 inter
3392 4923 3717 4993 periculosas

2138 5031 2456 5088 tentationes
2486 5030 2539 5082 in
2582 5028 2684 5081 hoc
2712 5023 2912 5078 mundo
2952 5020 3176 5084 laborat,
3208 5016 3295 5071 ubi
3327 5016 3493 5077 audit,
3525 5014 3624 5081 Qui
3662 5032 3717 5069 se

2139 5132 2280 5196 putat
2308 5131 2461 5184 stare,
2487 5119 2648 5174 videat
2670 5132 2731 5170 ne
2754 5113 2900 5168 cadat
2926 5111 2967 5181 (l
2996 5110 3113 5164 Cor.
3138 5124 3190 5175 x,
3218 5107 3344 5175 12);
3371 5105 3717 5160 considerans

2140 5216 2293 5288 hujus
2324 5209 2657 5269 mortalitatis
2687 5204 2975 5267 miseriam,
3009 5201 3059 5255 in
3089 5214 3191 5270 qua
3214 5198 3399 5269 jugum
3424 5212 3588 5268 grave
3619 5210 3715 5250 su-

2138 5327 2235 5383 per
2276 5309 2411 5364 filios
2439 5304 2625 5367 Adam,
2668 5316 2698 5354 a
2739 5298 2825 5353 die
2864 5296 3037 5352 exitus
3078 5293 3144 5348 de
3181 5301 3370 5348 ventre
3409 5290 3593 5345 matris
3623 5304 3717 5345 eo-

2140 5380 2277 5467 rum,
2308 5400 2385 5454 sic
2411 5398 2463 5451 in
2485 5391 2728 5449 omnibus
2753 5386 3081 5458 portenditur
3105 5397 3272 5454 usque
3292 5384 3343 5437 in
3370 5380 3510 5437 diem
3536 5380 3715 5448 sepul-

2142 5506 2274 5552 turzc
2317 5493 2368 5547 in
2408 5496 2631 5543 matrem
2676 5482 2913 5537 omnium
2954 5475 3143 5549 (Eccti.
3175 5491 3260 5543 xc,
3288 5476 3365 5546 l),
3405 5482 3463 5528 ut
3504 5481 3719 5542 propter

2143 5597 2356 5641 carnem
2394 5577 2856 5645 concupiscentem
2884 5570 3140 5625 adversus
3164 5568 3409 5637 spiritum
3437 5562 3630 5633 (Gatet.
3659 5577 3717 5628 γ.

2145 5678 2259 5749 i7),
2286 5674 2445 5730 etiam
2483 5666 2776 5741 regenerati
2807 5677 3020 5737 gemere
3064 5660 3164 5717 sub
3191 5658 3308 5728 ejus
3330 5654 3586 5728 gravitate
3625 5668 3719 5709 eo-

3714 5761 3750 5819 β

2208 5812 2225 5842 ι
2250 5809 2469 5869 Quinque
2493 5812 2620 5869 MSS”
2648 5814 2740 5852 non
2762 5800 2866 5865 ipsa
2887 5805 2955 5850 est
2978 5794 3028 5846 in
3050 5794 3134 5854 eis,
3162 5799 3254 5842 etc.

2209 5864 2281 5935 (a)
2303 5864 2472 5930 Graia,
2492 5864 2717 5931 epélipsa.
