4188 6450
575 376 717 436 I555

564 2237 751 2296 soletur
775 2257 874 2297 me.

634 2332 689 2387 4.
725 2330 873 2405 [vers.
906 2333 1019 2408 77.]
1045 2335 1153 2392 Sed
1176 2338 1299 2408 quia
1343 2350 1462 2411 post
1492 2341 1605 2397 haec
1641 2353 1696 2399 et
1730 2358 1824 2413 per
1849 2343 1964 2400 hmc
1992 2346 2153 2400 etiam

564 2421 655 2478 illa
684 2434 904 2481 ventura
933 2440 1090 2495 sunt;
1132 2430 1254 2486 ideo
1291 2433 1549 2504 sequitur,
1601 2433 1819 2490 Veniant
1846 2438 1970 2492 mihi
2004 2440 2154 2493 mise-

560 2513 780 2571 rationes
806 2527 924 2585 tute,
953 2530 998 2573 et
1023 2522 1205 2575 vivam.
1234 2523 1383 2580 Tunc
1407 2526 1550 2580 enim
1570 2542 1697 2584 vere
1718 2529 1911 2595 vivam,
1939 2530 2153 2600 quando

561 2602 692 2658 nihil
724 2615 910 2675 potero
940 2610 1149 2679 timere,
1178 2630 1246 2669 ne
1265 2616 1480 2672 moriar.
1511 2617 1625 2689 ipsa
1649 2621 1790 2675 enim
1820 2631 1875 2676 et
1898 2622 2015 2677 sine
2038 2623 2150 2678 ullo

462 2706 471 2713 ‘
559 2695 924 2756 additamento
949 2703 1142 2760 dicitur
1165 2707 1305 2774 vita,
1338 2724 1437 2764 nec
1468 2710 1776 2782 intelligitur
1801 2713 1903 2768 nisi
1948 2724 2147 2772 aeterna

556 2795 611 2839 et
640 2786 813 2856 beata,
839 2798 1087 2863 tanquam
1113 2796 1226 2851 sola
1255 2798 1479 2855 dicenda
1502 2801 1571 2856 sit
1593 2803 1720 2871 vita,
1748 2804 1801 2858 in
1829 2805 1979 2875 cujus
1997 2821 2148 2861 com-

556 2881 832 2946 paratione
858 2884 957 2940 ista
987 2903 1147 2957 quam
1177 2890 1421 2948 ducimus
1440 2935 1455 2959 ,
1488 2911 1633 2951 mors
1662 2897 1838 2969 potius
1862 2900 1931 2954 sit
1959 2902 2144 2971 appel-

554 2967 712 3027 landa
739 2988 898 3044 quam
928 2976 1033 3032 vita
1059 2998 1071 3033 :
1105 2982 1263 3051 quale
1288 2983 1416 3039 illud
1443 2994 1526 3041 est
1552 2988 1604 3041 in
1632 2967 1921 3060 Evangelio
1940 3032 1954 3057 ,
2069 2994 2143 3048 vis

502 3092 508 3097 -
550 3066 717 3120 venire
743 3068 812 3121 ad
836 3070 1005 3137 vitam,
1035 3089 1176 3127 serva
1199 3076 1439 3131 mandata
1466 3078 1676 3149 (Matth.
1705 3097 1814 3149 xix,
1839 3084 1951 3154 17).
1978 3083 2145 3140 Num-

551 3157 677 3226 quid
702 3161 919 3230 addidit,
953 3173 1206 3222 aeternam
1226 3209 1242 3233 ,
1269 3170 1353 3224 vel
1373 3210 1388 3235 ,
1414 3170 1664 3228 beatam?
1693 3174 1822 3230 item
1852 3174 1921 3231 de
1954 3193 2138 3233 resur-

549 3249 789 3307 rectione
814 3254 989 3311 carnis
1011 3272 1130 3313 cum
1158 3258 1484 3330 loqueretur,
1516 3264 1617 3330 Qui
1637 3266 1757 3321 bene
1781 3270 2026 3340 fecerunt,
2056 3271 2141 3326 in-

547 3349 663 3408 quit
681 3382 694 3405 ,
725 3349 777 3396 in
803 3349 1217 3404 resurrectionem
1244 3354 1359 3407 vitae
1399 3353 1576 3426 (Joan.
1606 3373 1657 3426 v,
1690 3359 1783 3431 29)
1808 3377 1823 3415 :
1852 3377 2024 3432 neque
2049 3364 2138 3420 hic

544 3624 804 3673 internum
835 3622 1007 3679 vivam
1027 3667 1042 3691 ,
1084 3628 1202 3700 vel,
1236 3628 1391 3687 beate
1419 3633 1627 3701 vivam;
1670 3638 1819 3707 quasi
1849 3639 1993 3695 aliud
2023 3657 2131 3698 non

541 3707 612 3762 sit
640 3710 837 3779 vivere,
863 3729 1021 3785 quam
1049 3718 1165 3774 sine
1193 3720 1301 3776 ullo
1326 3721 1431 3779 ﬁne
1450 3734 1504 3780 et
1533 3726 1649 3781 sine
1677 3728 1783 3782 ulla
1811 3730 2025 3787 miseria
2051 3734 2130 3787 vi-

539 3813 683 3857 vere.
712 3801 817 3859 Sed
846 3804 948 3864 hoc
971 3825 1078 3880 quo
1108 3813 1340 3869 merito?
1372 3815 1505 3882 Quia
1535 3818 1636 3887 lex,
1666 3820 1862 3891 inquit,
1904 3833 1990 3878 tua
2018 3843 2126 3881 me-

538 3890 717 3947 ditatio
747 3912 856 3951 mea
876 3908 968 3954 est.
998 3898 1126 3959 Haec
1154 3905 1427 3962 meditatio
1453 3909 1554 3964 nisi
1585 3890 1809 3967 essetin
1843 3912 1976 3983 ﬁde,
2007 3933 2126 3987 quae

535 3995 633 4051 per
682 3983 1023 4045 dilectionem
1074 4004 1327 4063 operatur
1376 3996 1570 4070 (Galat.
1618 4018 1671 4069 v,
1720 4003 1803 4073 6),
1854 3983 2124 4077 nunquam

533 4082 752 4144 propter
779 4092 896 4133 eam
922 4092 1100 4149 posset
1127 4084 1192 4139 ad
1219 4085 1363 4141 illam
1394 4089 1555 4145 vitam
1583 4092 1845 4163 quispiam
1872 4098 2123 4166 perveni-

531 4178 614 4219 re.
640 4164 753 4222 iioc
780 4167 1062 4228 dicendum
1098 4178 1312 4245 putavi,
1356 4194 1424 4235 ne
1452 4182 1732 4254 quisquam
1753 4226 1766 4251 ,
1803 4164 1923 4241 cuin
1958 4197 2121 4244 totam

532 4255 703 4327 legem
732 4263 1004 4319 memoria:
1030 4266 1394 4337 mandaverit,
1430 4288 1654 4345 eamque
1680 4279 2004 4334 creberrima
2034 4296 2121 4336 re-

533 4347 845 4411 cordatione
868 4358 1185 4423 cantavcrit,
1218 4376 1322 4415 non
1352 4370 1532 4420 tacens
1562 4368 1701 4436 quod
1734 4371 1989 4440 praecipit,
2019 4387 2120 4427 nec

527 4449 709 4498 tamen
734 4443 914 4503 vivens
935 4458 991 4503 ut
1008 4452 1271 4522 praecipit,
1292 4455 1581 4513 arbitretur
1596 4474 1655 4514 se
1679 4460 1868 4517 fecisse
1884 4465 2022 4534 quod
2044 4466 2119 4521 leo

523 4535 628 4606 git,
660 4535 794 4602 Quia
820 4540 905 4595 tea:
928 4550 1018 4596 tua
1042 4545 1300 4601 meditatio
1326 4564 1436 4603 mea
1461 4560 1572 4616 est;
1596 4562 1649 4607 et
1674 4553 1799 4610 hinc
1821 4570 1878 4611 se
1894 4558 2115 4629 adeptu-

519 4643 640 4684 rum
665 4630 967 4701 existimet,
1010 4637 1152 4707 quod
1182 4640 1359 4696 verbis
1386 4644 1749 4713 superioribus
1771 4660 1985 4720 propter
2009 4652 2115 4710 hoc

516 4720 769 4777 meritum
799 4725 1115 4793 postulavit,
1144 4728 1231 4783 ubi
1262 4731 1463 4787 dictum
1483 4744 1584 4803 est,
1616 4735 1832 4795 Veniant
1857 4755 2005 4814 super
2029 4762 2111 4800 me

518 4812 861 4871 miserationes
879 4824 1009 4886 tute,
1047 4828 1093 4873 et
1115 4825 1297 4877 vivam.
1326 4822 1453 4880 Haec
1477 4827 1751 4886 meditatio
1775 4812 2001 4891 amantis
2025 4846 2108 4893 est

516 4904 788 4974 cogitatio,
815 4914 871 4963 et
888 4916 1094 4965 tantum
1122 4914 1369 4983 amantis,
1393 4925 1451 4971 ut
1478 4916 1711 4975 Charitas
1733 4938 1836 4978 non
1860 4924 2107 4996 {rigescat

515 4993 673 5068 hujus
713 5000 1071 5060 meditationis
1096 5020 1233 5073 suae,
1269 5010 1594 5078 quantalibet
1627 4993 1950 5073 abundantia
1976 5036 2104 5079 con-

515 5089 740 5159 stipetur
765 5093 1055 5166 iniquitatis
1079 5099 1267 5155 alienae
1304 5101 1513 5174 (Matth.
1538 5122 1680 5173 xxiv,
1701 5108 1813 5181 12).

584 5181 636 5233 5.
669 5180 817 5253 [vers.
847 5187 959 5262 78.]
986 5190 1223 5263 Denique
1242 5196 1499 5265 sequitur,
1524 5208 1578 5254 et
1598 5199 1745 5268 dicit,
1771 5180 2099 5275 Con/undan-

514 5280 596 5324 tur
619 5276 839 5343 superbi,
862 5284 1099 5351 quoniam
1123 5285 1309 5355 injuste
1326 5288 1639 5361 iniquitatem
1664 5298 1887 5365 fecerunt
1907 5300 1959 5353 in
1979 5318 2058 5356 me
2077 5320 2098 5358 :

512 5376 600 5433 ego
629 5373 798 5421 auum
825 5374 1088 5427 exercebar
1112 5376 1167 5430 in
1192 5382 1442 5437 mandatis
1469 5385 1585 5440 tuis.
1615 5386 1754 5444 Ecce
1783 5392 1922 5461 quod
1949 5395 2024 5450 ait
2049 5399 2091 5465 ’,

513 5453 785 5514 meditatio
814 5460 945 5532 legis
976 5462 1088 5532 Dei,
1123 5468 1209 5523 vel
1236 5474 1409 5539 potius
1438 5477 1713 5534 meditatio
1738 5453 1820 5537 leti
1848 5483 1963 5540 Dei.

576 5550 631 5605 ϐ.
666 5548 815 5624 [υεη.
845 5553 958 5629 79.]
990 5555 1372 5633 Convertuntur,
1402 5567 1590 5640 inquit,
1617 5575 1686 5627 ad
1708 5593 1787 5630 me
1809 5580 1896 5649 qui
1920 5581 2093 5639 timent

513 5648 576 5709 te,
605 5651 652 5697 et
676 5646 763 5715 qui
787 5661 1095 5719 cognoscunt
1121 5655 1403 5714 testimonia
1430 5670 1536 5716 tua.
1565 5665 1621 5720 ln
1648 5646 1917 5727 nonnullis
1944 5675 2091 5731 codi-

562 5782 587 5875 ἒ
605 5786 917 5875 ἔμειξε
930 5799 1045 5875 nisi...
1054 5796 1194 5861 juxta
1213 5806 1339 5854 LXX.
1364 5811 1422 5875 At
1450 5806 1563 5859 Md.
1579 5843 1595 5873 ,
1618 5814 1667 5864 et
1689 5811 1743 5866 in
1764 5815 1957 5871 veritate
1980 5824 2083 5875 tua.

702 5845 712 5847 _
1054 5845 1194 5861 ,ἠὼ
1213 5845 1339 5854 ---...
1364 5845 1422 5858 υ-
1450 5845 1563 5859 mw
1579 5845 1595 5873 υ
1618 5845 1665 5864 w
1689 5845 1743 5866 su
1765 5845 1832 5868 νυ
1845 5845 1955 5871 sm
1980 5845 2061 5874 tua

566 5845 587 5877 ⁸
610 5851 780 5902 Plures
798 5857 925 5917 Mss,
947 5864 1062 5921 agit.
1398 5872 1401 5877 ‘
2056 5909 2061 5913 -

2076 6042 2159 6055 λκιο-

1817 384 1875 441 S.
1917 384 2287 446 AUGUSTINI
2324 388 2624 450 EPISCOPI

576 504 769 566 cantur
798 513 814 555 :
840 496 943 554 hoc
983 512 1113 570 ergo
1150 497 1517 567 considerans,
1570 516 1589 550 ι
1618 497 1874 571 Cognovi,
1911 522 1931 555 ι
1964 504 2155 575 inquit,

579 606 601 642 ι
630 589 872 658 Domine,
905 594 1028 662 quia
1050 591 1258 661 iustitia
1298 591 1494 661 judicia
1530 600 1641 661 tua,
1691 604 1745 650 et
1771 600 2027 652 veritate‘
2055 598 2159 653 hu-

572 682 791 739 miliasti
819 698 925 741 me.
958 684 1075 739 Fiat
1099 684 1469 741 misericordia
1506 696 1615 755 tua,
1647 696 1703 743 et
1740 689 2045 745 consoletur
2074 706 2162 747 me

573 774 865 837 secundum
906 775 1177 845 eloquium
1218 786 1366 833 tuum
1396 793 1554 834 servo
1592 787 1703 835 tuo.
1739 799 1758 833 ι
1793 780 2160 837 Misericordia

572 872 626 918 et
660 865 851 919 veritas
882 864 954 921 ita
983 865 1163 923 divino
1189 868 1403 938 eloquio
1449 870 1910 938 commendantur,
1944 880 2003 926 ut
2037 886 2161 927 cum

571 955 625 1012 in
651 956 829 1012 multis
851 956 1189 1013 inveniantur
1218 958 1369 1021 locis,
1403 962 1632 1017 maxime
1660 961 1712 1017 in
1744 962 1989 1031 Psalmis,
2022 978 2157 1034 quo-

569 1047 692 1103 dam
720 1050 878 1104 etiam
908 1050 1025 1106 loco
1062 1052 1289 1121 legatur,
1321 1051 1578 1109 Universa:
1605 1056 1697 1109 via:
1734 1055 1943 1110 Domini
1967 1058 2161 1112 miseri-

565 1140 744 1196 :tordia
768 1150 814 1194 et
838 1141 1019 1196 veritas
1046 1141 1216 1212 (Paul.
1240 1160 1387 1211 xxxv,
1408 1145 1517 1211 10).
1547 1146 1615 1200 Et
1645 1146 1729 1201 hic
1755 1147 1968 1217 quidem
1988 1148 2159 1218 primo

565 1232 851 1288 veritatem
883 1234 1081 1302 pesuit,
1124 1248 1226 1305 qua
1273 1234 1539 1292 humiliati
1581 1254 1765 1293 sumus
1808 1239 1861 1293 in
1906 1246 2157 1307 mortem,

563 1321 839 1391 judicante
869 1323 959 1379 illo
987 1323 1137 1395 cujus
1156 1324 1351 1395 judicia
1373 1326 1575 1397 justitia
1619 1338 1737 1383 est:
1766 1329 1957 1385 deinde
1993 1331 2158 1387 mise-

569 1412 882 1480 ricordiam,
926 1431 1028 1485 qua
1072 1416 1432 1473 instauramur
1478 1418 1544 1473 ad
1582 1421 1765 1489 vitam,
1814 1423 2159 1492 promittente

567 1502 661 1559 illo
700 1505 853 1576 cujus
880 1506 1197 1564 beneﬁcium
1239 1512 1407 1580 gratia
1449 1519 1551 1567 est.
1583 1511 1707 1568 ideo
1747 1514 1841 1581 ait,
1882 1516 2160 1569 secundum

568 1593 824 1664 eloquium
846 1607 987 1654 tuum
1012 1616 1153 1655 servo
1175 1610 1261 1655 tuo
1284 1618 1302 1655 :
1332 1603 1383 1657 id
1411 1610 1514 1668 est,
1546 1604 1837 1660 secundum
1864 1606 2008 1678 quod
2034 1622 2160 1677 pro-

566 1687 761 1744 misiin
801 1705 958 1747 servo
1000 1703 1109 1748 tuo.
1154 1694 1276 1750 Sive
1305 1711 1434 1766 ergo
1461 1700 1795 1767 regeneratio
1825 1715 1929 1770 qua
1969 1700 2056 1755 hic
2100 1700 2157 1755 in

569 1777 665 1835 Dei
709 1778 874 1837 Filios
912 1781 1250 1850 adoptamur,
1292 1786 1406 1841 sive
1434 1786 1567 1842 ﬁdes
1597 1798 1652 1843 et
1696 1804 1819 1858 spes
1849 1800 1901 1845 et
1925 1789 2157 1848 charitas

568 1885 688 1940 qua:
715 1872 816 1926 tria
842 1871 1173 1930 adiﬁcantur
1200 1876 1253 1930 in
1283 1877 1458 1944 nobis,
1489 1879 1728 1949 quamvis
1753 1879 1821 1935 de
1848 1880 2157 1937 misericor-

569 1962 654 2019 dia
681 1964 778 2021 Dei
803 1967 1055 2035 veniant;
1092 1978 1268 2025 tamen
1310 1971 1363 2025 in
1390 1970 1491 2027 hac
1532 1988 1831 2029 aerumnosa
1858 1983 1912 2029 et
1934 1972 2159 2045 procel-

568 2054 683 2111 losa
721 2056 829 2112 vita
868 2059 1058 2114 solatia
1084 2069 1210 2116 sunt
1236 2062 1574 2131 miserorum,
1602 2081 1708 2119 non
1754 2066 1942 2136 gaudia
1968 2067 2156 2123 beato-

577 2162 699 2203 rum.
730 2166 742 2201 :
772 2149 894 2205 ideo
921 2150 1119 2208 dictum
1146 2161 1248 2222 est,
1282 2152 1403 2209 Fiat
1431 2156 1775 2213 misericordia
1815 2167 1921 2225 tua,
1954 2168 2009 2213 ut
2036 2175 2156 2214 con-

3692 430 3813 494 1556

2274 502 2423 561 cibus
2467 507 2767 566 invenimus
2806 521 2860 569 et
2905 518 3093 588 graecis
3132 529 3188 577 et
3232 523 3438 598 latinis,
3489 532 3821 607 Convertuntur

2269 600 2427 665 mihi;
2461 604 2603 672 quod
2635 608 2964 666 tantumdem
2991 615 3172 673 valere
3205 622 3471 695 existimo,
3515 646 3747 701 quantum
3783 647 3821 701 si

2270 689 2492 759 dicatur,
2525 696 2593 749 ad
2628 714 2725 753 me.
2768 702 2875 757 Sed
2912 706 3032 774 quis
3058 718 3139 763 est
3164 711 3263 767 iste
3302 718 3388 786 qui
3418 689 3515 776 hoc
3531 689 3823 793 .diciti‘i‘io'ti

2270 783 2413 838 enim
2443 787 2726 859 quisquam
2756 793 3032 853 hominum
3076 801 3177 857 hoc
3205 804 3383 864 dicere
3412 814 3619 872 audebit
3640 862 3652 886 ,
3680 834 3761 881 aut
3785 830 3825 885 si

2268 872 2431 939 dicat,
2462 879 2757 938 audiendus
2788 895 2889 941 est.
2917 888 3177 948 Nimirum
3210 912 3336 968 ergo
3362 900 3452 957 ille
3480 917 3559 961 est
3582 872 3826 981 (ιιίὶξῇᾎῶ

2268 970 2514 1037 superius
2540 971 2859 1045 interposuit
2885 985 3263 1053 proprietatem
3289 994 3433 1049 vocis
3457 1012 3567 1053 suae
3586 970 3615 1065 ,.
3630 1004 3825 1067 dicens:

2268 1055 2535 1131 Particeps
2571 1080 2664 1135 ego
2693 1084 2807 1122 sum
2842 1074 3065 1129 omnium
3109 1080 3391 1137 timentium
3417 1095 3480 1141 te.
3517 1090 3643 1159 Quia
3681 1096 3828 1159 factus

2269 1156 2352 1202 est
2373 1153 2635 1225 particeps
2660 1163 2997 1221 mortalitatis
3022 1180 3219 1227 nostra:
3239 1215 3253 1240 ,
3284 1185 3342 1229 ut
3365 1188 3420 1233 et
3449 1153 3561 1237 nos
3572 1190 3829 1262 participes

2272 1238 2552 1262 ,με-,μυί
2604 1247 2615 1259 .
2688 1250 2698 1261 .
2820 1253 2845 1262 η

2267 1238 2558 1300 divinitatis
2601 1247 2767 1317 ipsius
2814 1253 3096 1326 ﬁeremus;
3139 1278 3238 1320 nos
3278 1268 3437 1324 unius
3479 1238 3829 1350 pariicipeslad

2269 1333 2454 1404 vitam,
2483 1341 2548 1392 ad
2580 1352 2810 1399 mortem
2842 1363 2970 1404 vero
3001 1354 3267 1427 particeps
3293 1358 3380 1415 ille
3403 1333 3701 1425 multorum.
3730 1376 3830 1447 ipse

2266 1432 2350 1481 est
2390 1428 2531 1483 enim
2570 1432 2637 1485 ad
2675 1449 2831 1504 quem
2861 1454 3244 1503 convertuntur
3272 1452 3524 1512 timentes
3555 1460 3709 1518 Deum
3729 1428 3831 1529 ,τοι

3729 1510 3742 1535 θ

2268 1518 2360 1585 qui
2388 1534 2719 1590 cognoscunt
2745 1530 2839 1585 Dei
2868 1536 3192 1607 testimonia,
3226 1542 3295 1599 de
3327 1545 3421 1602 illo
3449 1565 3544 1619 per
3567 1518 3831 1628 PrOpliettis

2267 1615 2415 1665 tanto
2454 1624 2577 1670 ante
2604 1620 2857 1688 praedicta
2880 1666 2893 1691 ,
2934 1629 2987 1682 in
3016 1629 3131 1701 ejus
3169 1615 3465 1705 prtesentia
3479 1658 3575 1715 per
3604 1615 3830 1712 miracula

2266 1704 2426 1771 paulo
2455 1717 2580 1765 ante
2602 1724 2914 1774 monstrata.

2266 1995 2383 2086 cem
2409 1990 2651 2057 corporis
2678 1994 2794 2064 sui,
2837 2002 3007 2057 sancti
3043 2005 3244 2064 scilicet
3288 2015 3471 2084 populi
3510 2021 3623 2087 sui,
3666 2033 3713 2079 et
3732 2026 3829 2097 jam

2264 2072 2662 2138 immaculatum
2707 2085 2823 2142 ﬁeri
2864 2105 2959 2146 cor
2996 2110 3150 2152 suum
3192 2114 3467 2176 precatur,
3515 2108 3614 2167 hoc
3639 2072 3829 2176 estacor

2263 2168 2626 2228 membrorum
2649 2190 2895 2249 suorum;
2929 2184 2980 2239 in
3006 2185 3477 2256 justiﬁeationibus
3505 2202 3625 2271 Dei,
3662 2222 3757 2262 non
3785 2210 3827 2267 in

2265 2258 2468 2316 viribus
2492 2278 2678 2322 eorum
2706 2286 2717 2322 :
2752 2277 2993 2343 poposcit
3017 2281 3158 2335 enim
3190 2282 3326 2354 hoc,
3359 2304 3468 2344 non
3501 2303 3825 2370 praesumpsit.

2261 2348 2413 2455 Quod
2450 2364 2626 2412 autem
2656 2360 2884 2433 addidit,
2920 2366 2987 2423 Ut
3029 2388 3130 2427 non
3167 2348 3826 2463 con/undar;.tale

2261 2450 2314 2497 et
2357 2444 2409 2499 in
2455 2451 2640 2517 primis
2685 2454 2845 2527 hujus
2886 2463 3077 2531 psalmi
3121 2472 3370 2530 versibus
3418 2478 3705 2552 invenitur,
3752 2489 3825 2544 ubi

2260 2534 2420 2606 dixit,
2456 2540 2663 2599 Utinam
2700 2550 2986 2621 dirigantur
3008 2559 3102 2614 via:
3127 2579 3252 2619 mea:
3283 2569 3358 2621 ad
3390 2576 3728 2633 custodiendas
3741 2584 3824 2651 ju-

2261 2628 2322 2651 -ιέ
2335 2630 2363 2651 Β
2376 2646 2391 2651 Α
2406 2633 2467 2651 -.ΑΡ
2482 2650 2488 2651 κ
2622 2647 2629 2651 ι

3590 2628 3797 2651 -ηηη-),

2256 2628 2587 2697 sti/icationes
2613 2647 2724 2694 tuas
2746 2658 2765 2695 :
2797 2653 2915 2699 tunc
2943 2665 3043 2705 non
3073 2656 3384 2726 confundar,
3419 2680 3533 2719 cum
3562 2668 3755 2740 inspicio
3779 2674 3821 2728 in

2257 2724 2428 2777 omnia
2453 2730 2693 2785 mandata
2719 2744 2825 2790 tua.
2850 2738 3002 2805 Quod
3026 2742 3119 2812 ibi,
3153 2750 3275 2817 quia
3302 2751 3459 2822 dixit,
3494 2724 3709 2827 Utina'm,
3732 2780 3820 2823 uno

2255 2816 2422 2872 verbo
2449 2822 2767 2892 signiﬁcavit
2787 2835 3057 2902 optantis;
3092 2816 3194 2895 hoc
3221 2842 3325 2899 isto
3357 2847 3478 2904 loco
3498 2856 3819 2922 apertioribus

2254 2910 2431 2965 verbis
2460 2919 2723 2984 expressit
2748 2924 2972 2991 orantis,
3005 2927 3255 3001 dicendo,
3286 2935 3417 2993 Fiat
3447 2957 3532 2996 cor
3562 2962 3712 3000 meum
3733 2950 3816 3002 im-

2253 3002 2562 3060 maculatum
2586 3023 2605 3061 :
2629 3018 2686 3063 ut
2713 3027 2812 3067 nec
2842 3014 2894 3069 in
2921 3017 3030 3085 illa,
3064 3037 3164 3078 nec
3188 3024 3237 3078 in
3270 3027 3375 3083 ista
3404 3037 3656 3091 sententia
3677 3080 3691 3105 ,
3716 3055 3814 3112 quae

2251 3099 2473 3163 utraque
2504 3113 2606 3152 una
2636 3110 2736 3168 est,
2762 3104 3064 3166 inveniatur
3090 3116 3310 3173 audacia
3339 3122 3409 3179 de
3432 3124 3597 3184 libero
3622 3099 3815 3189 arbiirio

2249 3193 2436 3241 contra
2462 3192 2685 3258 gratiam
2719 3197 3053 3258 conﬁdentis.
3085 3205 3239 3273 Quod
3267 3224 3453 3271 autem
3479 3219 3551 3274 ait
3577 3220 3661 3288 ibi,
3696 3222 3814 3279 Tunc

2248 3293 2350 3332 non
2389 3286 2707 3354 confundor;
2738 3287 2839 3346 hoc
2875 3294 2948 3349 ait
2989 3297 3106 3367 hic,
3159 3300 3226 3356 Ut
3262 3322 3369 3362 non
3412 3286 3706 3384 confundor.
3743 3317 3814 3372 Fit

2240 3746 2507 3813 praeterita
2550 3760 2764 3817 peccata
2810 3766 3028 3825 nostra;
3079 3777 3173 3831 per
3210 3767 3432 3836 spiritus
3474 3774 3803 3845 adjutorium,

2237 3847 2336 3903 per
2370 3836 2510 3906 quod
2538 3842 2965 3911 concupiscimus
2991 3850 3245 3910 adversus
3279 3872 3500 3917 carnem
3539 3836 3729 3939 (Galat.
3754 3883 3801 3935 v,

2234 3925 2350 3993 17),
2394 3945 2462 3984 ne
2504 3930 2781 3989 vincamur
2821 3936 2874 3991 in
2915 3956 3089 4013 pugna
3134 3957 3354 4017 nostra;
3406 3969 3501 4024 per
3544 3925 3800 4014 dominica:

2235 4020 2490 4077 orationis
2516 4023 2763 4083 eil'eetum
2790 4032 2832 4099 ί,
2860 4032 2911 4086 in
2939 4048 3039 4103 qua
3069 4036 3314 4108 dicimus,
3347 4020 3558 4102 Dimitte
3576 4050 3704 4103 nobis
3726 4050 3800 4104 de-

2235 4109 2337 4163 bita
2362 4123 2533 4169 nostra
2563 4116 2788 4185 (Matth.
2818 4138 2897 4189 v1,
2932 4125 3045 4196 12).
3079 4127 3153 4184 ita
3179 4129 3375 4189 donata
3408 4138 3563 4195 nobis
3598 4156 3796 4211 regene-

2231 4202 2441 4260 ratione
2460 4248 2473 4275 ,
2502 4208 2679 4279 adjuta
2706 4214 3045 4275 conﬂictione
3072 4221 3114 4289 ⁸,
3143 4222 3256 4278 fusa
3285 4230 3612 4297 precatione,
3638 4202 3692 4287 ﬁt
3716 4248 3794 4288 cor

2230 4306 2473 4354 nostrum
2501 4303 2917 4377 immaculatum,
2944 4322 3002 4366 ut
3027 4328 3131 4369 non
3161 4318 3585 4380 confundamur:
3615 4327 3724 4397 quia
3748 4335 3794 4381 et

2228 4387 2333 4445 hoc
2360 4392 2425 4446 ad
2449 4392 2855 4462 iustiﬁcationes
2888 4401 2981 4458 Dei
3009 4409 3268 4475 pertinet,
3297 4415 3512 4482 quando
3538 4387 3668 4473 inter
3692 4418 3790 4489 ejus

2226 4483 2329 4538 alia
2356 4499 2617 4558 prazccpta
2646 4494 2972 4565 praecipitur,
3000 4497 3233 4568 Dimitte,
3263 4515 3310 4558 et
3340 4508 3617 4566 dimittetur
3642 4483 3788 4578 vobis;

2225 4574 2360 4646 date,
2392 4586 2439 4632 et
2467 4579 2669 4636 dabitur
2696 4585 2832 4641 vobis
2857 4585 3007 4658 (Luc.
3028 4606 3100 4660 vt,
3135 4594 3202 4649 57
3223 4605 3270 4651 et
3293 4597 3407 4671 58).

2859 4759 3031 4804 SEBIIO
3067 4765 3155 4804 XX.

2289 4874 2342 4929 1.
2384 4874 2533 4949 [υενε.
2559 4877 2673 4953 81.]
2700 4881 2997 4954 Adjuvante
3031 4888 3256 4948 Domino
3276 4933 3290 4959 ,
3320 4858 3474 4952 istam
3502 4898 3672 4969 magni
3693 4898 3781 4955 hu-

2209 4965 2298 5037 jus
2347 4970 2536 5038 psalmi
2586 4984 2791 5043 partem
2838 4980 3277 5041 considerandam
3328 4965 3778 5061 exponendamque

2212 5061 2546 5130 suscepimus
2565 5106 2579 5131 ,
2613 5065 2701 5120 ubi
2727 5067 2874 5137 dicit,
2905 5070 3103 5142 Deiecit
3133 5076 3186 5131 in
3207 5079 3432 5136 salutare
3460 5091 3598 5137 tuum
3624 5083 3775 5135 anima

2165 5203 2173 5212 ,
2212 5166 2324 5203 mea
2344 5193 2359 5215 ,
2400 5162 2447 5205 et
2473 5154 2525 5207 in
2552 5156 2753 5211 verbum
2786 5168 2928 5214 tuum
2965 5166 3181 5233 speravi.
3212 5166 3328 5223 Non
3360 5172 3530 5225 omnis
3557 5169 3773 5225 defectus

2208 5241 2294 5296 vel
2321 5242 2489 5314 culpae
2516 5248 2780 5315 putandus
2804 5261 2883 5306 est
2907 5268 3046 5321 esse,
3074 5258 3155 5312 vel
3183 5275 3354 5329 poenae
3378 5280 3391 5316 :
3415 5271 3497 5318 est
3515 5264 3663 5319 etiam
3689 5261 3771 5316 de.

2208 5331 2377 5388 fectus
2407 5335 2684 5395 laudabilis
2713 5342 2795 5397 vel
2827 5345 3098 5413 optabilis.
3128 5348 3259 5405 Nam
3288 5368 3405 5407 cum
3435 5354 3539 5409 sint
3567 5356 3695 5408 inter
3714 5367 3768 5406 se

2207 5424 2313 5479 duo
2358 5426 2456 5481 ista
2499 5432 2798 5498 contraria,
2842 5435 3101 5505 proﬁcere
3145 5448 3199 5495 et
3240 5441 3499 5509 deﬁcere;
3548 5444 3765 5499 usitatius

2204 5515 2478 5586 profectus
2506 5520 2557 5575 in
2584 5520 2723 5581 bono
2749 5526 3025 5597 accipitur,
3048 5529 3289 5588 deiectus
3312 5536 3361 5589 in
3385 5536 3540 5598 malo,
3569 5533 3762 5605 quando

2204 5622 2311 5663 non
2338 5608 2549 5667 additur
2573 5615 2659 5669 vel
2690 5617 3102 5693 subinteiligitur
3126 5624 3180 5680 in
3206 5622 3330 5698 quid
3367 5628 3662 5700 proﬁciatur
3686 5626 3759 5681 vel

2271 5766 3180 5856 ξὲἔὲἓέἓῗοῆἱξδέησίὶεξξειίηκ..
3306 5854 3332 5856 _
3437 5854 3487 5856 ,_
3668 5846 3697 5856 ..

2269 5829 2517 5916 :rsiegi‘tnsns.
2542 5840 2599 5885 At.
2621 5829 2744 5901 Am,
2789 5829 2959 5901 a'djuta
2980 5829 3284 5916 confessione.
3305 5854 3378 5901 Er.
3399 5855 3449 5901 et
3470 5854 3595 5913 ων..
3614 5843 3755 5912 nam

2206 5890 2510 5954 confessimw.
