4188 6446
345 429 494 488 1557

345 548 673 607 deiciatur:
704 559 827 601 cum
856 556 986 600 vero
1022 542 1252 614 additur,
1293 540 1471 617 potest
1506 554 1563 602 et
1598 542 1799 599 malum
1828 553 1948 597 esse

344 646 650 719 proﬁcere,
698 642 1004 716 bonumque
1041 644 1294 701 deﬁcere.
1340 645 1540 715 Aperte
1579 645 1773 717 quippe
1815 644 1949 700 dixit

345 738 671 810 Apostolus,
710 737 973 806 Profanas
1011 746 1176 793 autem
1212 739 1474 792 verborum
1511 739 1753 793 novitates
1779 738 1947 795 evita:

298 895 319 917 ‘
346 834 570 887 multum
601 831 735 885 enim
764 831 1029 902 proﬁcient
1051 833 1119 885 ad
1138 830 1444 899 impietatem
1472 830 1538 903 (ll
1565 831 1695 885 Tim.
1724 847 1782 898 II,
1818 830 1906 903 16)
1932 851 1945 887 :

348 928 427 982 ait
444 936 502 983 et
520 926 588 982 de
607 926 947 998 quibusdam,
972 924 1251 995 Proﬁcient
1266 926 1319 979 in
1340 927 1485 998 pejus
1503 925 1613 996 (Id.
1635 943 1714 993 ιιι,
1735 927 1847 996 15).
1870 924 1947 981 Ita

349 1020 663 1077 etdefectus
680 1035 707 1073 a
726 1019 869 1075 bono
890 1019 939 1073 in
958 1020 1156 1073 malum
1174 1020 1347 1074 malus
1362 1028 1461 1084 est,
1481 1034 1507 1072 a
1524 1020 1666 1074 malo
1680 1019 1734 1073 in
1749 1020 1947 1075 bonum

348 1111 525 1167 bonus
539 1120 640 1167 est.
661 1109 811 1166 Bono
828 1110 1023 1182 quippe
1043 1109 1253 1165 defectu
1270 1110 1472 1165 dictum
1494 1119 1594 1177 est,
1614 1109 1881 1181 Desiderat
1901 1120 1949 1167 et

353 1202 523 1272 deﬁcit
552 1203 726 1257 animo
764 1219 876 1257 mea
912 1202 966 1256 in
1006 1202 1135 1256 atria
1176 1201 1386 1258 Domini
1414 1201 1583 1273 (Psal.
1613 1220 1839 1270 LXXXIII,
1864 1202 1943 1275 5).

353 1294 440 1351 Sic
465 1304 521 1350 et
547 1294 633 1351 hic
665 1310 771 1349 non
793 1295 887 1361 ait,
919 1293 1123 1350 Deiecit
1149 1311 1179 1350 a
1206 1296 1423 1352 salutari
1451 1305 1576 1363 tuo;
1609 1297 1722 1365 sed,
1751 1297 1949 1367 Defecit

352 1388 405 1441 in
432 1387 659 1441 salutare
685 1395 858 1453 tuum,
890 1385 993 1442 hoc
1035 1396 1146 1454 est,
1174 1387 1240 1443 ad
1278 1388 1511 1443 salutare
1551 1397 1695 1443 tuum
1717 1431 1732 1456 ,
1777 1391 1949 1444 anima

354 1493 481 1532 mea.
509 1477 695 1532 Bonus
719 1485 802 1532 est
829 1492 956 1549 ergo
985 1477 1085 1534 iste
1109 1477 1347 1536 defectus
1374 1499 1387 1535 :
1417 1479 1616 1535 indicat
1640 1481 1779 1535 enim
1807 1482 1950 1537 desi-

351 1572 557 1629 derium
594 1572 742 1639 boni,
775 1572 1011 1627 nondum
1040 1571 1255 1645 quidem
1282 1573 1493 1645 adepti,
1521 1574 1614 1630 sed
1642 1575 1948 1632 avidissime

326 1678 411 1718 Iac
440 1662 922 1719 vehementissime
951 1664 1241 1735 concupiti.
1272 1665 1378 1720 Sed
1409 1664 1525 1736 quis
1555 1664 1658 1721 hoc
1688 1664 1816 1720 dicit
1845 1666 1947 1722 nisi

349 1767 511 1826 genus
538 1756 802 1823 electum,
830 1756 1009 1827 regale
1034 1757 1411 1824 sacerdotium,
1442 1772 1574 1829 gens
1600 1766 1782 1814 sancta
1801 1800 1815 1824 ,
1844 1773 1945 1829 po-

341 1846 498 1916 pulus
525 1847 903 1918 acquisitionis
935 1848 979 1920 (l
1008 1847 1150 1905 Patr.
1180 1865 1248 1917 II,
1276 1849 1352 1919 9),
1397 1849 1464 1913 ab
1492 1850 1698 1921 origine
1735 1851 1948 1921 generis

330 1938 566 1995 humani
619 1955 793 2011 usque
821 1940 887 1995 ad
916 1941 1071 2011 hujus
1098 1941 1277 1997 sreculi
1309 1928 1465 1997 ﬁnem
1487 1984 1503 2011 ,
1536 1944 1589 1997 in
1628 1943 1706 1998 eis
1733 1944 1821 2014 qui
1850 1958 1948 2017 suo

326 2032 542 2102 quique
594 2039 840 2102 tempore
884 2032 970 2086 hic
1011 2032 1287 2097 vixerunt,
1320 2033 1536 2099 vivunt,
1568 2033 1759 2089 victuri
1789 2043 1944 2102 sunt,

320 2123 673 2180 desiderans
700 2123 1004 2179 Christum?
1031 2123 1191 2180 Teste
1218 2125 1556 2181 sanctissimo
1581 2140 1710 2182 sene
1734 2127 1946 2184 Simeo-

320 2223 419 2282 ne,
452 2217 556 2288 qui
582 2231 709 2271 cum
732 2231 852 2271 eum
879 2215 1134 2271 infantem
1156 2217 1451 2287 accepisset
1470 2217 1524 2272 in
1551 2233 1761 2287 manus,
1784 2219 1943 2287 dixit,

314 2308 491 2364 Nunc
520 2309 747 2363 dimittis
768 2350 781 2374 ,
818 2307 1068 2375 Domine,
1100 2324 1297 2364 servum
1325 2318 1496 2376 tuum,
1529 2311 1806 2365 secundum
1832 2327 1947 2366 ver-

310 2401 447 2456 bum
473 2410 637 2455 tuum
666 2403 721 2454 in
748 2416 908 2471 pace;
933 2401 1170 2472 quoniam
1191 2401 1417 2463 viderunt
1444 2403 1577 2457 oculi
1603 2404 1701 2458 mei
1723 2404 1948 2461 salutare

310 2504 499 2549 tuum.
548 2495 857 2565 Acceperat
898 2494 1040 2549 enim
1081 2510 1402 2565 reaponsum
1438 2495 1706 2563 divinum,
1751 2513 1859 2553 non
1888 2512 1948 2569 se

306 2596 690 2659 g'ustaturum
734 2593 961 2641 mortem
984 2627 999 2651 ,
1046 2586 1149 2641 nisi
1179 2586 1400 2643 vidisset
1438 2585 1707 2643 Christum
1736 2588 1948 2655 Domini

312 2683 483 2753 (Luc.
520 2700 595 2753 ιι,
626 2682 721 2749 29,
751 2682 840 2749 50,
870 2682 978 2755 26).
1011 2683 1177 2752 Quale
1203 2693 1380 2740 autem
1408 2684 1731 2743 desiderium
1770 2686 1946 2742 fuitin

306 2776 427 2832 isto
463 2790 649 2843 sene,
685 2775 789 2831 tale
830 2776 995 2833 fuisse
1023 2777 1348 2841 credendum
1387 2787 1469 2835 est
1495 2780 1550 2834 in
1580 2780 1827 2842 omnibus
1854 2795 1944 2836 su«

310 2870 629 2941 periurum
661 2877 960 2940 temporum
1005 2870 1222 2929 sanctis.
1254 2870 1410 2927 Unde
1454 2880 1508 2929 et
1550 2872 1663 2943 ipse
1689 2872 1947 2928 Dominus

308 2961 623 3033 discipulis
651 2962 746 3029 ait,
777 2961 933 3016 Multi
953 2963 1212 3034 prapliette
1240 2973 1286 3018 et
1317 2981 1458 3036 reges
1488 2965 1752 3020 voluerunt
1776 2966 1947 3023 videre

310 3073 439 3128 qua:
471 3073 579 3111 vos
602 3055 803 3129 videtis,
826 3065 873 3109 et
903 3072 1004 3115 non
1030 3057 1293 3123 viderunt;
1321 3068 1367 3112 et
1391 3058 1570 3114 audire
1596 3076 1707 3132 qua:
1735 3060 1940 3130 auditis,

314 3149 365 3203 et
394 3166 514 3205 non
560 3147 835 3205 audierunt
864 3146 1077 3214 (Matt/2.
1109 3166 1227 3219 xm,
1258 3151 1346 3222 t7)
1378 3169 1392 3207 :
1424 3161 1480 3207 ut
1520 3152 1755 3223 ipsorum
1785 3155 1947 3212 etiam

318 3248 435 3296 Vox
491 3241 609 3301 hoc
650 3240 769 3294 loco
811 3249 1149 3309 agnoscatur,
1196 3241 1394 3314 Deiecit
1441 3244 1495 3309 in
1532 3244 1753 3299 salutare
1804 3255 1945 3309 tuum

328 3335 520 3389 anima
566 3348 700 3386 mea.
748 3331 857 3388 Nec
890 3342 1013 3389 tunc
1057 3348 1185 3404 ergo
1231 3334 1436 3405 quievit
1476 3334 1579 3391 hoc
1619 3335 1946 3399 desiderium

336 3434 683 3492 sanctorum,
712 3439 812 3481 nec
842 3440 983 3481 nunc
1005 3426 1227 3496 quiescit
1255 3426 1307 3480 in
1333 3425 1527 3481 Christi
1550 3442 1775 3500 corpore
1801 3428 1946 3501 quod

344 3524 428 3574 est
452 3516 722 3583 Ecclesia,
752 3533 921 3589 usque
940 3518 1006 3573 ad
1035 3519 1324 3574 terminum
1347 3519 1549 3586 saeculi,
1575 3520 1746 3577 donec
1768 3523 1949 3580 veniat

352 3609 683 3666 Desideratus
705 3612 899 3665 cunctis
924 3611 1171 3683 gentibus,
1198 3612 1336 3669 sicut
1359 3613 1687 3683 promittitur
1708 3630 1802 3684 per
1822 3629 1947 3686 pro-

356 3703 568 3774 phetam
597 3703 795 3775 (Aggwi
836 3720 908 3770 II,
939 3705 1017 3776 8).
1051 3704 1272 3776 Propter
1295 3706 1437 3778 quod
1462 3707 1588 3763 dicit
1616 3709 1903 3780 Apostolus
1928 3727 1943 3765 :

370 3814 386 3847 ι
414 3797 669 3869 Superest
711 3797 841 3853 mihi
868 3813 1066 3855 corona
1102 3799 1353 3869 justitiae,
1399 3815 1559 3872 quam
1587 3800 1778 3858 reddet
1811 3803 1946 3858 mihi

364 3885 610 3969 Dominus
640 3888 694 3943 in
736 3889 829 3944 illo
872 3889 957 3943 die
993 3888 1385 3959 justusjudex;
1416 3907 1523 3947 non
1564 3892 1735 3947 solum
1766 3902 1944 3950 autem

366 3979 518 4049 mihi,
558 3980 656 4037 sed
694 3992 749 4036 et
777 3982 1025 4051 omnibus
1062 3983 1152 4053 qui
1192 3983 1417 4055 diligunt
1458 3984 1945 4043 manifestalioncm

366 4071 474 4141 ejus
499 4093 516 4126 ι
552 4072 617 4147 (ll
648 4071 779 4129 Tim.
809 4089 881 4141 Iv,
913 4073 991 4147 8).
1024 4074 1136 4131 lloc
1176 4075 1353 4146 itaque
1380 4075 1704 4133 desiderium
1743 4078 1811 4133 de
1837 4093 1945 4149 quo

369 4180 497 4222 nunc
525 4169 748 4240 agimus,
780 4168 849 4225 de
871 4167 1156 4223 dilectione
1185 4170 1459 4238 consurgit
1486 4169 1943 4228 manifestationis

366 4257 503 4328 ejus;
534 4260 600 4316 de
629 4275 734 4331 qua
764 4261 890 4315 item
918 4259 1081 4315 dicit:
1115 4259 1241 4316 Cum
1268 4259 1498 4316 Christus
1523 4263 1818 4331 apparuerit
1843 4264 1945 4319 vita

367 4361 535 4417 vestra,
565 4362 683 4405 tunc
702 4360 748 4406 et
771 4368 858 4406 vos
881 4368 996 4406 cum
1018 4352 1109 4407 illo
1133 4353 1437 4429 apparebitis
1463 4354 1514 4407 in
1538 4354 1701 4425 gloria
1722 4353 1940 4428 (Coloss.

370 4458 438 4511 ιιι,
468 4445 542 4515 4).
574 4444 753 4500 Prima
799 4460 927 4514 ergo
971 4453 1215 4516 tempora
1259 4446 1513 4503 Ecclesia:
1554 4456 1681 4503 ante
1712 4448 1942 4523 Virginis

370 4545 585 4606 partum,
618 4547 834 4594 sanctos
859 4536 1157 4593 habuerunt
1181 4538 1269 4609 qui
1297 4538 1667 4598 desiderarent
1691 4540 1943 4597 incarna-

370 4627 514 4694 tionis
562 4629 680 4701 ejus
725 4630 1059 4684 adventum:
1102 4629 1202 4685 ista
1256 4644 1385 4684 vero
1434 4638 1675 4700 tempora
1719 4646 1784 4686 ex
1837 4647 1943 4702 quo

366 4719 597 4785 ascendit
644 4720 697 4774 in
740 4721 968 4788 coelum,
1001 4728 1215 4775 sanctos
1258 4718 1455 4774 habent
1501 4721 1591 4791 qui
1636 4720 1943 4777 desiderent

367 4810 471 4881 ejus
491 4813 975 4870 manifestationem
999 4812 1066 4870 ad
1093 4814 1242 4870 vivus
1263 4823 1316 4870 et
1340 4823 1579 4875 mortuos
1603 4815 1941 4887 judicandos.

364 4903 535 4977 Neque
563 4908 668 4964 hoc
712 4907 966 4969 Ecelesiae
1009 4906 1332 4983 desiderium
1361 4908 1429 4967 ab
1466 4909 1623 4965 initio
1676 4925 1846 4981 usque
1888 4912 1945 4967 in

365 4995 512 5053 ﬁnem
544 4998 729 5055 saeculi
758 4998 1019 5069 requievit
1056 4992 1383 5070 aliquantum
1402 5040 1416 5067 ,
1448 5000 1549 5057 nisi
1576 5001 1827 5071 quamdiu
1854 5001 1945 5058 hic

364 5102 473 5143 cum
503 5089 775 5160 discipulis
803 5091 856 5145 in
883 5105 1045 5147 carne
1072 5100 1313 5147 versatus
1337 5102 1419 5148 est
1441 5133 1456 5158 ,
1486 5100 1545 5151 ut
1570 5093 1730 5149 totius
1754 5108 1945 5165 corpo-

362 5179 429 5233 ris
453 5181 649 5237 Christi
691 5182 743 5237 in
788 5181 888 5237 hac
931 5182 1037 5237 vita
1078 5183 1339 5252 gementis
1382 5198 1482 5238 vox
1507 5184 1524 5215 ¹
1565 5186 1946 5243 convenienter

362 5269 697 5345 intelligatur,
726 5273 926 5344 Deiecit
955 5275 1009 5330 in
1033 5274 1254 5330 salutare
1276 5284 1415 5330 tuum
1444 5276 1616 5330 anima
1642 5294 1751 5331 mea
1771 5319 1785 5344 ,
1817 5288 1862 5333 et
1888 5279 1945 5334 in

360 5364 552 5421 verbum
572 5376 714 5422 tuum
733 5369 931 5438 speravi
958 5384 976 5421 :
1002 5368 1103 5425 hoc
1122 5369 1271 5424 estin
1292 5369 1647 5441 promissum;
1680 5387 1799 5441 qua:
1820 5387 1943 5443 spes

369 5452 479 5511 "acit
515 5468 573 5513 ut
601 5475 695 5529 per
722 5460 1028 5530 patientiam
1060 5470 1395 5531 exspectetur
1421 5461 1561 5532 quod
1596 5476 1627 5515 a
1669 5463 1939 5519 credenti-

390 5554 452 5602 us
481 5551 833 5609 non-videtur
870 5551 1047 5623 (Rom.
1082 5568 1210 5622 vnn,
1256 5551 1372 5626 25).
1411 5553 1584 5610 Etiam
1613 5554 1701 5611 hic
1736 5571 1940 5628 grzecus

397 5628 480 5699 “Id
510 5646 733 5703 verbum
760 5646 921 5703 habet
944 5647 1041 5720 (a),
1070 5649 1211 5721 quod
1236 5650 1452 5722 quidam
1481 5653 1649 5710 nostri
1677 5653 1941 5726 interpre-

392 5782 640 5908 ’άᾶἓηξιεε
667 5811 766 5850 non
790 5804 886 5860 est,
910 5811 1020 5864 vox,
1043 5801 1182 5867 cujus
1194 5798 1301 5854 loco
1324 5799 1629 5867 subintelligi
1652 5810 1829 5868 potest,
1848 5800 1936 5855 de-

461 5904 652 5976 (άέιῖέἑο.
675 5921 904 5990 epetpisa.

1832 6040 1962 6054 ﬂ-”

1422 416 1816 478 ENABRATIO
1853 415 1919 475 IN
1957 415 2279 479 PSALMUM
2315 420 2545 479 CXVIII.

3506 432 3644 490 i558

2057 545 2141 595 tes
2178 541 2531 611 supersperavi
2575 540 2864 599 transferre
2905 543 3241 612 maluerunt;
3291 546 3415 617 quia
3460 552 3646 617 procul

2055 630 2217 711 dubio
2244 632 2362 700 plus
2385 632 2617 689 futurum
2644 642 2744 699 est,
2774 651 2930 706 quam
2958 636 3060 691 dici
3090 646 3284 708 potest.

2125 721 2181 775 2.
2214 720 2364 794 [vers.
2392 723 2507 797 82.]
2545 724 2881 796 Defecerunt,
2922 728 3125 799 inquit,
3158 730 3289 784 oculi
3325 732 3419 785 mei
3452 733 3505 786 in
3543 734 3648 788 elo-

2054 817 2227 887 quium
2254 825 2431 884 tuum,
2468 818 2714 887 dicentes,
2750 820 2963 886 Quando
3001 822 3331 878 consolaberis
3360 825 3477 877 mc?
3508 825 3648 881 Ecce

2054 926 2243 967 rursus
2266 911 2322 967 in
2348 912 2535 978 oculis,
2564 912 2663 969 sed
2688 913 2869 983 utique
2900 914 3262 980 interioribus,
3290 915 3571 971 laudabilis
3592 926 3648 971 et

2054 1003 2184 1059 felix
2221 1004 2312 1059 ille
2336 1003 2607 1069 defectus,
2640 1020 2748 1060 non
2772 1005 2993 1060 veniens
3024 1020 3089 1060 ex
3120 1006 3424 1062 inﬁrmitate
3450 1009 3643 1076 animi,

2054 1095 2150 1151 sed
2194 1111 2260 1152 ex
2299 1096 2609 1154 fortitudine
2641 1096 2891 1153 desiderii
2930 1097 2981 1152 in
3015 1098 3336 1168 promissum
3380 1100 3510 1153 Dei:
3544 1100 3649 1155 hoc

2055 1189 2197 1244 enim
2236 1189 2344 1255 ait,
2386 1191 2444 1244 in
2485 1191 2737 1261 eloquium
2767 1200 2929 1245 tuum.
2975 1191 3255 1260 Quomodo
3296 1200 3491 1261 autem.
3516 1194 3650 1249 tales

2053 1281 2199 1349 oculi
2240 1282 2457 1351 dicunt,
2501 1284 2717 1349 Quando
2755 1284 3093 1339 consolaberis
3121 1284 3237 1339 me?
3268 1284 3369 1339 nisi
3404 1299 3526 1339 cum
3558 1286 3651 1340 tali

2055 1373 2352 1429 intentione
2372 1382 2428 1430 et
2452 1376 2852 1446 exspectatione
2877 1385 3061 1443 oratur
3081 1383 3136 1432 et
3153 1376 3415 1449 gemitur?
3446 1376 3650 1447 Lingua

2055 1466 2199 1521 enim
2226 1467 2392 1538 loqui,
2422 1483 2529 1523 non
2555 1468 2696 1523 oculi
2720 1468 2929 1525 solent:
2958 1470 3051 1524 sed
3079 1469 3357 1525 oculorum
3386 1469 3650 1540 quodam-

2056 1556 2216 1612 modo
2245 1572 2347 1612 vox
2370 1568 2452 1613 est
2469 1557 2794 1617 desiderium
2815 1560 3091 1617 orationis.
3118 1560 3314 1629 Verum
3342 1560 3393 1615 in
3416 1576 3480 1616 eo
3505 1560 3652 1632 quod

2056 1649 2149 1713 ait,
2187 1648 2402 1715 Quando
2430 1651 2766 1706 consoleberis
2792 1653 2910 1707 me?
2940 1662 3185 1721 tanquam
3225 1667 3404 1707 moras
3432 1668 3490 1707 se
3518 1668 3650 1724 per-

2055 1744 2164 1812 peti
2192 1743 2447 1798 ostendit.
2477 1743 2630 1802 Unde
2656 1754 2740 1801 est
2778 1746 2939 1803 etiam
2969 1746 3096 1801 illud
3115 1788 3129 1813 ,
3172 1746 3241 1799 Et
3271 1757 3324 1801 tu
3345 1788 3359 1814 ,
3397 1747 3646 1813 Domine,

2054 1851 2315 1907 quousque
2342 1836 2513 1909 (Psat.
2548 1853 2631 1903 vI,
2663 1838 2758 1909 4)?
2788 1837 2941 1904 Quod
2977 1848 3070 1897 aut
3110 1838 3229 1893 ideo
3270 1839 3328 1893 ﬁt
3361 1848 3416 1909 ut
3446 1839 3650 1895 dulcior

2054 1931 2233 1986 veniat
2260 1931 2421 1987 dilata
2455 1931 2795 2003 jucunditas,
2827 1941 2919 1986 aut
2959 1932 3060 1988 iste
3096 1948 3289 1988 sensus
3327 1944 3409 1989 est
3436 1933 3651 1989 deside-

2056 2024 2307 2092 rantium,
2341 2039 2463 2079 cum
2492 2024 2723 2094 spatium
2754 2025 3046 2096 temporis,
3087 2027 3247 2087 etiam
3286 2026 3427 2096 quod
3455 2028 3652 2082 subve-

2055 2114 2221 2171 nienti
2249 2117 2268 2147 ί
2303 2116 2467 2172 b‘reve
2502 2126 2604 2185 est,
2652 2117 2869 2188 longum
2898 2127 2977 2173 est
3009 2118 3228 2173 amanti.
3270 2118 3427 2173 Novit
3474 2128 3651 2175 autem

2056 2207 2316 2263 Dominus
2340 2208 2467 2278 quid
2503 2208 2718 2280 quando
2742 2208 2930 2278 iaciat,
2962 2210 3053 2280 qui
3096 2210 3150 2264 in
3190 2225 3437 2265 mensura
3465 2218 3520 2265 et
3548 2226 3651 2265 nu-

2055 2315 2204 2355 mero
2231 2309 2287 2357 et
2310 2301 2547 2371 pondere
2570 2310 2763 2358 cuncta
2792 2301 3027 2372 disponit
3057 2301 3213 2373 (Sap.
3241 2318 3294 2356 ιι
3312 2344 3327 2369 ,
3354 2301 3469 2372 21).

2124 2394 2180 2448 3.
2214 2392 2364 2467 [vers.
2397 2392 2511 2467 85.]
2541 2392 2868 2450 Ardeatibus
2894 2402 3073 2450 autem
3112 2393 3474 2464 spiritualibus
3504 2394 3650 2450 desi-

2056 2484 2238 2552 deriis,
2270 2486 2502 2541 carnalia
2529 2485 2791 2543 desideria
2817 2486 2936 2541 sine
2958 2485 3289 2541 dubitatione
3318 2484 3607 2555 frigescunt
3632 2504 3646 2539 :

2054 2587 2273 2648 propter
2316 2578 2418 2634 hoc
2462 2579 2703 2649 sequitur
2726 2620 2741 2646 ,
2778 2580 3031 2646 Quoniam
3060 2578 3225 2648 factus
3250 2596 3363 2633 sum
3410 2588 3648 2649 tanquam

2054 2681 2164 2727 uter
2192 2673 2244 2726 in
2274 2673 2486 2742 pruina;
2504 2673 2898 2744 justiﬁcationes
2921 2680 3034 2727 tuas
3063 2688 3164 2726 non
3188 2688 3300 2725 sum
3322 2670 3526 2725 oblitus.
3552 2670 3649 2726 Ni-

2054 2764 2247 2819 mirum
2266 2765 2407 2819 cnim
2438 2779 2532 2833 per
2557 2772 2729 2820 utrem
2746 2780 2963 2821 carnem
2981 2764 3168 2820 mortis
3195 2764 3372 2835 hujus,
3392 2780 3487 2834 per
3502 2765 3649 2834 pruis

2055 2871 2177 2912 nam
2203 2871 2333 2912 vero
2360 2857 2579 2931 caeleste
2618 2858 2937 2915 beneficium
2964 2858 3078 2913 vult
3102 2857 3321 2927 intelligi
3346 2898 3360 2923 ,
3394 2872 3500 2927 quo
3526 2872 3649 2913 car-

2052 2942 2137 3021 nis
2154 2949 2600 3020 concupiscentia:
2625 2949 2768 3004 velut
2793 2949 2992 3020 frigore
3004 2948 3289 3005 cohibente
3317 2956 3646 3018 torpescunt;

2054 3050 2110 3097 et
2134 3041 2193 3097 ﬁt
2238 3041 2361 3096 hinc
2390 3049 2448 3096 ut
2469 3041 2877 3112 iustiﬁcationes
2904 3041 2997 3097 Dei
3040 3041 3108 3096 de
3133 3041 3391 3096 memoria
3434 3057 3537 3096 non
3568 3042 3648 3095 la-

2054 3134 2287 3201 bantur,
2342 3134 2467 3190 dum
2516 3149 2621 3189 non
2672 3135 2935 3204 cogitatur
2981 3133 3233 3199 aliunde;
3288 3135 3538 3204 quoniam
3588 3134 3648 3189 ﬁt

2054 3223 2195 3297 quod
2240 3225 2314 3280 ait
2340 3225 2665 3295 Apostolus,
2716 3225 2896 3280 Carnis
2939 3224 3304 3296 providentiam
3330 3241 3392 3278 ne
3434 3225 3648 3295 feceritis

2051 3302 2107 3371 in
2133 3318 2550 3388 concupiscentiis
2576 3316 2753 3388 (Rom.
2786 3333 2882 3371 xm
2907 3359 2921 3383 ,
2954 3314 3064 3388 14).
3089 3316 3213 3371 Iden
3239 3332 3361 3371 cum
3387 3315 3647 3382 dixisset,

2058 3410 2308 3479 Quoniam
2335 3412 2497 3480 factus
2543 3426 2652 3464 sum
2685 3418 2922 3480 tanquam
2952 3417 3062 3464 uter
3088 3409 3141 3462 in
3192 3408 3418 3477 pruina;
3466 3407 3650 3477 subje-

2052 3505 2147 3571 cit,
2176 3504 2575 3575 Justi/icationes
2606 3514 2717 3559 tuas
2743 3520 2843 3557 non
2868 3520 2977 3556 sum
3008 3487 3191 3557 oblitus
3220 3517 3239 3556 :
3270 3500 3373 3556 hoc
3399 3509 3503 3564 est,
3528 3500 3648 3557 ideo

2052 3598 2159 3654 non
2189 3612 2307 3653 sum
2350 3596 2545 3651 oblitus
2567 3638 2581 3664 ,
2614 3596 2864 3668 quoniam
2914 3594 3035 3650 talis
3078 3594 3246 3659 iactus
3273 3609 3411 3649 sum.
3444 3593 3649 3648 Fcrvor

2054 3688 2196 3745 enim
2221 3689 2522 3761 cupiditatis
2546 3688 2818 3760 obtorpuit
2844 3731 2858 3756 ,
2890 3696 2949 3743 ut
2974 3687 3205 3743 ferveret
3232 3685 3491 3742 memoria
3519 3686 3649 3740 cha-

2053 3783 2245 3851 ritatis.

2124 3875 2177 3928 4.
2212 3872 2360 3947 [vers.
2393 3871 2507 3945 84.]
2541 3871 2675 3939 Quot
2698 3879 2815 3925 sunt
2840 3869 2946 3923 dies
2971 3869 3101 3921 servi
3128 3867 3237 3921 tui?
3261 3866 3463 3934 quando
3489 3869 3645 3939 facies

2054 3964 2117 4033 de
2141 3963 2545 4035 persequentibus
2573 3979 2654 4018 me
2668 3962 2920 4033 judicium
2940 3960 2967 4015 ?
2989 3959 3044 4013 In
3074 3958 3396 4028 Apocalypsi
3434 3967 3518 4013 est
3544 3959 3646 4015 ista

2052 4071 2157 4112 vox
2183 4065 2475 4127 martyrum
2502 4098 2517 4122 ,
2550 4063 2603 4110 et
2628 4053 2707 4109 eis
2732 4053 3025 4122 imperatur
3052 4048 3306 4121 patientia
3336 4048 3507 4105 donec
3538 4048 3646 4103 fra-

2053 4157 2193 4203 trum
2223 4162 2407 4202 eorum
2438 4161 2691 4201 numerus
2728 4142 3012 4213 impleatur
3049 4142 3232 4214 (Apoc.
3268 4157 3319 4197 vi
3344 4181 3360 4208 ,
3394 4141 3461 4197 10
3485 4182 3498 4207 ,
3529 4140 3642 4215 il).

2053 4244 2131 4301 De
2155 4242 2343 4298 diebus
2369 4256 2497 4312 ergo
2520 4241 2631 4296 suis
2655 4240 2947 4309 interrogat
2970 4251 3165 4308 corpus
3187 4235 3406 4303 Christi,
3437 4236 3525 4306 qui
3558 4234 3646 4291 fu-

2052 4332 2157 4395 turi
2188 4344 2311 4393 sunt
2338 4336 2391 4391 in
2426 4335 2527 4391 hoc
2551 4334 2766 4391 saeculo.
2796 4334 2861 4388 Et
2887 4348 2953 4388 ne
2982 4332 3261 4404 quisquam
3288 4338 3498 4401 putaret
3521 4338 3647 4387 ante

2053 4431 2140 4486 hic
2165 4428 2459 4486 Ecclesiam
2487 4443 2591 4483 non
2622 4428 2849 4482 futuram
2875 4468 2888 4492 ,
2928 4441 3086 4497 quam
3118 4424 3240 4481 ﬁnis
3268 4424 3450 4480 saeculi
3478 4439 3645 4481 vene-

2052 4525 2160 4591 rit,
2190 4536 2244 4579 et
2272 4522 2469 4594 aliquid
2495 4520 2752 4595 temporis
2780 4520 3013 4574 futurum
3058 4519 3112 4574 in
3144 4517 3245 4573 hoc
3270 4517 3471 4573 saeculo
3495 4558 3511 4583 ,
3539 4532 3647 4587 quo

2053 4616 2294 4675 Ecclesia
2318 4614 2427 4685 jam
2472 4628 2578 4669 non
2608 4612 2677 4668 sit
2704 4611 2757 4666 in
2802 4610 2998 4677 terris;
3032 4619 3311 4681 propterea
3353 4623 3473 4663 cum
3502 4623 3648 4679 qua:-

2054 4712 2212 4781 sisset
2237 4709 2304 4764 de
2334 4706 2525 4781 diebus
2554 4705 2685 4774 suis,
2714 4703 2954 4775 adjunxit
2981 4702 3141 4758 etiam
3173 4700 3240 4755 de
3264 4700 3483 4771 judicio,
3518 4713 3647 4768 pro~

2053 4804 2194 4859 fecto
2220 4802 2594 4859 demonstrans
2624 4814 2793 4871 usque
2822 4796 2889 4852 ad
2912 4796 3188 4867 judicium,
3222 4794 3274 4849 in
3301 4808 3406 4864 quo
3431 4793 3499 4847 de
3524 4806 3646 4861 per-

2053 4896 2387 4954 secutoribus
2412 4894 2526 4966 ejus
2548 4902 2629 4949 est
2653 4892 2828 4948 futura
2853 4889 3082 4947 vindicta
3108 4930 3122 4953 ,
3156 4889 3321 4957 ipsam
3349 4899 3561 4955 quoque
3590 4884 3643 4939 in

2054 4991 2213 5048 terris
2238 4989 2491 5045 futuram.
2521 4985 2579 5042 Si
2623 4994 2805 5041 autem
2831 4994 3148 5053 quemquam
3175 4986 3353 5031 movet
3380 4992 3475 5032 cur
3501 4990 3645 5045 quae-

2046 5091 2139 5143 rat
2174 5080 2317 5154 quod
2342 5095 2464 5137 cum
2492 5076 2739 5148 discipuli
2776 5079 3077 5145 qurererent
3099 5109 3115 5136 ,
3147 5068 3395 5139 Magister
3422 5080 3646 5138 reSpon-

2054 5178 2170 5246 dit,
2220 5175 2343 5233 Non
2386 5183 2459 5232 est
2486 5180 2703 5229 vestrum
2745 5168 2873 5224 scire
2898 5174 3161 5235 tempora,
3208 5176 3319 5231 qua:
3349 5157 3504 5213 Pater
3548 5176 3643 5230 po-

2044 5273 2155 5330 suit
2182 5272 2238 5327 in
2272 5287 2367 5327 sua
2395 5274 2635 5339 potestate
2661 5262 2682 5333 (
2704 5261 2818 5317 Act.
2850 5276 2907 5326 ι,
2938 5254 3050 5329 7);
3081 5269 3177 5309 cur
3218 5268 3323 5308 non
3363 5250 3644 5307 credamus

2046 5366 2158 5423 isto
2202 5364 2322 5421 loco
2352 5358 2539 5432 psalmi
2569 5354 2727 5426 hujus
2771 5365 2892 5407 esse
2919 5345 3293 5420 prepbetatum
3338 5343 3440 5398 hoc
3470 5343 3644 5413 ipsum

2038 5461 2175 5517 illos
2202 5458 2367 5515 fuisse
2393 5450 2710 5526 quaesituros
2732 5489 2747 5516 ,
2779 5454 2834 5503 et
2860 5441 3116 5501 Ecclesiae
3140 5454 3324 5494 vocem
3350 5478 3365 5505 ,
3396 5452 3513 5507 quin
3556 5434 3644 5487 hic

2038 5563 2202 5612 tanto
2227 5561 2352 5609 ante
2377 5546 2630 5621 praedicta
2658 5551 2743 5602 est
2764 5582 2781 5611 ,
2813 5539 3029 5597 illorum
3055 5531 3467 5604 interrogatione
3495 5540 3644 5581 com-

2040 5645 2292 5723 pictam?
3188 5717 3234 5723 __
3519 5719 3529 5723 -
3600 5709 3615 5723 .

2122 5744 2176 5801 5.
2200 5739 2349 5815 [vers.
2381 5736 2500 5811 83.1
2511 5732 2664 5809 Quod
2691 5739 2872 5788 autem
2900 5726 3159 5799 sequitur,
3180 5717 3641 5773 Narraveruntmi-

2112 5859 2300 5918 tuom,
2350 5852 2506 5907 white
2539 5846 2788 5911 venienti:
2826 5836 3231 5905 dissentientibus
3269 5828 3384 5883 ΕΜ.
3430 5824 3537 5880 aliis
3587 5830 3641 5878 et

2048 5928 2158 5972 MSS.

3288 6058 3339 6067 ..κ-
