4188 6458
556 467 583 522 1
595 456 695 520 ἲίἓὶθ

560 580 611 634 Ιιί
638 572 795 645 iniqui
821 550 1207 624 delectationes;
1237 545 1322 607 sed
1347 563 1445 603 non
1471 544 1597 598 sicut
1630 539 1709 594 lex
1730 545 1816 592 tua
1842 578 1855 604 ,
1887 532 2139 588 Domine:

561 688 653 729 eas
680 627 754 723 sic
796 659 1081 718 transferre
1107 649 1390 706 voluerunt
1432 640 1749 706 interpretes
1773 627 1979 693 nostri,
2013 636 2145 694 quas

490 774 506 821 ἲ
542 757 734 821 ὶοινίιξεὶ
764 757 1036 816 ἀδολεσχίας
1063 745 1293 802 vocant,
1320 729 1462 804 quod
1497 740 1664 796 usque
1687 721 1823 777 adeo
1848 731 1954 773 uno
1984 711 2146 768 verbo

494 806 897 925 i‘iaequaquam
1056 832 1220 889 latine
1240 832 1435 898 potest,
1458 830 1517 875 ut
1546 814 1727 886 aliqui,
1755 806 2107 865 delectationes
2130 840 2147 867 ,

556 934 747 1025 iniqui,
781 930 1112 1007 fabulationes
1140 937 1230 979 eas
1256 920 1527 979 dicerent;
1558 918 1615 966 ut
1641 922 1746 963 non
1777 901 2043 960 immerito
2062 911 2151 952 ac-

1043 1018 1053 1025 -
1077 1015 1091 1025 -
1214 1010 1287 1025 θην
1310 1022 1328 1025 -
1370 1000 1766 1025 -μ-..,.ει..ιελ.υιρ
1838 991 1930 1025 and
1959 990 2010 1025 in
2039 1001 2151 1025 cor-

557 990 793 1100 ἷξῑρῖλιιιιιἶ
820 1035 941 1078 esse
969 1015 1183 1088 quidem
1213 1010 1332 1066 illas
1362 1000 1767 1062 exercitationes
1792 1036 1807 1059 ,
1838 991 1931 1048 sed
1959 990 2011 1045 in
2039 1001 2153 1043 ser-

571 1078 731 1177 mbne
758 1130 877 1171 cum
904 1078 1131 1182 quadam
1156 1098 1533 1160 delectatione.
1578 1091 1686 1147 llas
1720 1101 1849 1143 vero
1875 1082 2071 1137 habent
2099 1078 2153 1133 in

572 1208 807 1267 diversis
832 1202 991 1261 sectis
1015 1214 1077 1255 ac
1102 1188 1538 1268 professionibus,
1558 1192 1612 1240 et
1636 1181 1827 1236 litterae
1851 1174 2153 1235 saeculares,

574 1316 630 1360 et
654 1301 959 1359 Judteorum
987 1306 1104 1364 quae
1134 1282 1437 1345 Deuterosis
1462 1281 1815 1346 nuncupatur,
1838 1266 2117 1325 continens
2139 1263 2155 1294 ¹

577 1406 776 1469 prteler
799 1391 1096 1447 divinarum
1121 1391 1381 1438 canonem
1402 1372 1796 1442 Scripturarum
1824 1362 1984 1418 millia
2012 1357 2162 1413 fabu-

579 1489 751 1541 larum
780 1500 794 1547 ;
827 1480 986 1534 habet
1013 1488 1105 1530 eas
1146 1480 1201 1527 et
1243 1464 1614 1523 luereticorum
1652 1470 1788 1512 vana
1827 1462 1985 1522 atque
2009 1461 2163 1506 erra-

579 1574 757 1631 bunda
784 1541 1114 1641 loquacitas.
1160 1560 1269 1617 llos
1311 1567 1499 1613 omnes
1544 1551 1758 1620 iniquos
1798 1541 2022 1612 intelligi
2062 1553 2164 1595 vo-

581 1667 700 1730 luit,
720 1680 748 1717 a
766 1633 957 1733 quibus
984 1656 1082 1712 sibi
1110 1658 1351 1708 narratas
1364 1644 1492 1701 dicit
1518 1644 1815 1707 ἀδολεσχίας,
1835 1633 1887 1688 id
1916 1639 2000 1687 est
2015 1644 2169 1686 exer-

582 1721 866 1815 citationes
890 1746 1231 1807 delectabiles
1252 1738 1427 1796 verbis
1460 1755 1473 1790 :
1508 1732 1614 1790 Sed
1637 1747 1739 1784 non
1761 1770 1777 1794 ,
1808 1724 1977 1796 inquit
2000 1765 2015 1791 ,
2042 1721 2169 1775 sicut

588 1852 671 1906 lea:
712 1862 799 1902 tua
821 1888 835 1912 ,
866 1842 1123 1901 Domine;
1154 1834 1275 1906 quia
1304 1845 1389 1886 me
1429 1829 1483 1883 in
1511 1840 1571 1881 ea
1597 1821 1794 1878 veritas
1816 1858 1832 1883 ,
1873 1830 1980 1872 non
2010 1810 2171 1869 verba

586 1941 872 1997 delectant.

663 2032 717 2085 6.
743 2027 892 2100 [vers.
915 2019 1031 2094 86.]
1052 2017 1290 2087 Denique
1315 2009 1588 2082 adiungit:
1616 2003 1799 2060 Omnia
1824 1997 2064 2053 mandata
2090 2003 2175 2048 tua

590 2089 773 2178 veritas
805 2135 822 2173 :
850 2089 1037 2184 injuste
1064 2107 1306 2183 persecuti
1330 2112 1444 2159 sunt
1468 2116 1548 2155 me
1568 2141 1584 2165 ,
1613 2097 1801 2168 adjuva
1828 2103 1933 2145 me:
1956 2089 2024 2143 Et
2049 2102 2178 2157 pen-

594 2214 684 2268 det
710 2220 850 2266 totus
869 2207 934 2263 de
961 2178 1323 2273 superioribus
1351 2208 1539 2251 sensus
1571 2207 1585 2243 :
1621 2189 1753 2255 Quot
1782 2193 1898 2239 sunt
1922 2182 2028 2237 dies
2053 2178 2180 2235 servi

595 2304 717 2359 tui?
740 2298 942 2373 quando
971 2268 1123 2369 facies
1162 2291 1225 2345 de
1251 2282 1650 2360 persequentibus
1678 2295 1757 2332 me
1784 2272 2085 2347 judicium?
2112 2268 2182 2325 Ut

597 2395 741 2452 enim
768 2393 1156 2463 persequantur
1182 2396 1268 2436 me
1292 2420 1308 2447 ,
1340 2377 1690 2432 narraverunt
1718 2366 1846 2423 mihi
1875 2375 2181 2420 sermonum

597 2499 817 2544 suorum
843 2457 1224 2537 delectationes
1258 2489 1271 2526 :
1303 2467 1398 2524 sed
1423 2466 1502 2522 eis
1532 2459 1793 2534 prteposui
1818 2457 1989 2527 legem
2017 2462 2182 2515 tuam,

599 2593 721 2647 qua:
749 2574 870 2629 ideo
894 2570 1012 2640 plus
1041 2582 1127 2622 me
1153 2558 1455 2625 delectavit,
1486 2553 1611 2626 quia
1640 2549 1809 2606 omnia
1833 2545 2075 2601 mandata
2100 2550 2187 2596 tua

600 2667 822 2730 veritas;
863 2674 971 2716 non
1013 2657 1150 2712 sicut
1190 2651 1401 2708 illorum
1446 2643 1677 2701 abundat
1719 2636 2054 2695 sermonibus
2093 2648 2188 2687 va-

603 2760 764 2815 nitas.
815 2756 893 2809 Ac
937 2764 1031 2820 per
1078 2747 1180 2801 hoc
1222 2743 1408 2815 injuste
1454 2733 1697 2807 persecuti
1739 2737 1854 2786 sunt
1900 2743 2017 2792 me,
2067 2724 2189 2795 quia

606 2866 715 2907 non
761 2850 816 2902 in
844 2814 1235 2911 tne-persecuti
1274 2814 1402 2887 dsunt
1429 2829 1531 2884 nisi
1577 2824 1879 2880 veritatem.
1926 2818 2066 2887 Ergo
2092 2814 2189 2868 ad-

605 2944 728 3015 juva
767 2953 846 2991 me
867 2974 881 3000 ,
914 2942 973 2988 ut
1000 2939 1200 2986 certem
1231 2938 1327 2995 pro
1365 2920 1591 2975 veritate
1619 2928 1786 2985 usque
1811 2910 1879 2966 ad
1923 2916 2149 2964 mortem
2175 2921 2190 2972 ;

611 2997 736 3103 quia
765 3036 819 3083 et
848 3024 951 3080 hoc
978 3031 1124 3077 lttum
1156 3013 1459 3072 mandatum
1485 3018 1587 3075 est,
1620 3014 1674 3063 et
1699 3004 1819 3060 ideo
1845 3010 1899 3057 et
1925 2999 2027 3055 hoc
2056 2997 2197 3054 veri-

612 3132 697 3178 I85
724 3128 825 3175 est.

688 3214 739 3267 7.
761 3210 909 3283 [vers.
924 3202 1039 3275 87.]
1055 3202 1165 3257 lloc
1180 3214 1299 3255 cum
1319 3195 1515 3251 faceret
1529 3187 1946 3257 Ecclesia,passa
1964 3191 2046 3239 cst
2057 3180 2199 3253 quod

616 3302 857 3372 adjunxit
880 3341 894 3364 ,
941 3294 1109 3350 Paulo
1137 3292 1302 3345 minus
1331 3287 1795 3341 consummaverunt
1823 3292 1902 3330 me
1936 3276 1991 3329 in
2019 3283 2151 3327 terra
2180 3287 2199 3326 :

618 3394 785 3450 multa
813 3388 1013 3445 scilicet
1040 3394 1216 3453 strage
1235 3387 1527 3448 martyrum
1553 3373 1713 3438 facta,
1734 3370 1857 3425 dum
1883 3366 2204 3423 confitentur

621 3496 678 3542 et
707 3483 997 3556 praedicant
1019 3476 1316 3534 veritatem.
1354 3468 1457 3525 Sed
1486 3468 1609 3537 quia
1639 3480 1744 3520 non
1787 3462 1980 3516 frustra
2000 3457 2202 3514 dictum

623 3551 727 3645 est,
755 3576 953 3644 Adjuva
977 3584 1088 3633 me;
1111 3566 1218 3637 Ego
1246 3572 1433 3630 autem,
1457 3558 1644 3629 inquit,
1670 3571 1769 3609 non
1796 3551 2038 3622 dereliqui
2062 3565 2206 3604 man-

624 3671 747 3725 data
775 3677 881 3722 tua.

697 3763 751 3818 8.
785 3759 934 3833 [vers.
966 3752 1080 3826 88.]
1112 3753 1283 3821 Atque
1312 3756 1368 3802 ut
1392 3750 1572 3816 posset
1600 3750 1943 3811 perseverare
1966 3747 2132 3804 usque
2154 3731 2208 3787 in

624 3856 788 3910 ﬁnem
811 3892 827 3918 ,
855 3845 1145 3905 Secundum
1164 3837 1558 3897 misericordiam
1576 3876 1591 3900 ,
1620 3830 1790 3902 inquit
1811 3871 1828 3898 ,
1858 3838 1995 3883 tuam
2014 3826 2210 3895 viviﬁca

627 3959 726 4009 me,
744 3951 791 3996 et
812 3915 1096 3995 custodiam
1120 3930 1401 3989 testimonia
1426 3928 1528 3981 oris
1547 3924 1621 3978 tui
1641 3940 1659 3977 :
1674 3936 1791 3993 quas
1806 3931 2011 3991 graecus
2024 3915 2207 3980 habet,

631 4034 905 4105 Martyria.
932 4028 1082 4097 Quod
1112 4023 1390 4082 tacendum
1417 4034 1525 4076 non
1557 4017 1655 4071 fuit
1676 4057 1690 4082 ,
1722 4020 1940 4086 propter
1964 4010 2213 4066 dulcissi-

631 4102 787 4184 mum'
799 4133 1089 4195 martyrum
1111 4132 1329 4182 nomen,
1349 4113 1439 4184 qui
1463 4108 1647 4182 procul
1664 4105 1825 4163 dubio
1839 4102 2051 4175 quando
2068 4109 2214 4157 tanta

632 4192 1067 4291 persequentium
1095 4207 1381 4265 crudelitas
1406 4200 1675 4265 saeviebat,
1706 4206 1764 4252 ut
1792 4194 2029 4251 Ecclesia
2058 4192 2217 4263 paulo

635 4309 816 4366 minus
844 4308 1306 4362 consummaretur
1332 4297 1384 4351 in
1412 4303 1572 4359 terra,
1591 4290 1740 4346 nullo
1765 4286 1924 4343 modo
1953 4286 2045 4341 Dei
2071 4299 2217 4340 mar-

638 4398 776 4471 tyria
802 4393 1150 4457 custodirent,
1182 4388 1284 4444 nisi
1315 4387 1467 4441 ﬁeret
1492 4384 1570 4438 eis
1598 4379 1738 4450 quod
1769 4365 1855 4433 hic
1878 4384 2085 4432 oratum
2112 4384 2216 4443 est,

639 4487 933 4546 Secundum
947 4479 1336 4537 misericordiam
1352 4486 1488 4530 tuam
1504 4472 1697 4541 viviﬁca
1714 4485 1809 4523 me.
1827 4466 2081 4523 Viviﬁcati
2098 4471 2221 4521 sunt

639 4566 809 4649 enim,
837 4594 904 4634 ne
933 4573 1161 4631 amando
1190 4572 1374 4635 vitam,
1406 4570 1660 4636 negarent
1684 4562 1866 4628 vitam,
1897 4568 1951 4615 et
1979 4557 2222 4629 negando
2246 4596 2247 4599 η

642 4677 803 4731 vitam
829 4712 845 4739 ,
879 4670 1181 4725 amitterent
1220 4662 1383 4717 vitam
1417 4677 1431 4715 :
1462 4672 1525 4712 ac
1567 4655 1643 4711 sic
1685 4653 1773 4725 qui
1818 4666 1913 4723 pro
1941 4650 2047 4705 vita
2077 4649 2222 4705 veri-

642 4776 806 4823 tatem
834 4765 1083 4821 deserere
1111 4756 1434 4821 noluerunt,
1466 4745 1745 4805 moriendo
1772 4758 1870 4816 pro
1895 4742 2117 4799 veritate
2144 4740 2226 4795 vi-

644 4863 854 4914 xerunt.

1282 4971 1452 5016 SERIO
1489 4970 1599 5010 XXI.

719 5108 774 5161 1.
800 5104 948 5177 (vers.
972 5097 1086 5171 89.]
1109 5096 1278 5152 Homo
1294 5092 1384 5163 qui
1407 5088 1640 5159 loquitur
1666 5085 1717 5139 in
1745 5083 1849 5138 isto
1870 5078 2093 5151 psalmo,
2113 5085 2229 5133 tan-

648 5170 813 5268 quam
836 5193 1055 5249 tte-deret
1070 5170 1194 5245 eum
1220 5180 1588 5241 mutabilitatis
1611 5174 1884 5232 hominum
1907 5214 1921 5238 ,
1955 5170 2100 5227 unde
2123 5173 2231 5226 vita

652 5292 751 5344 ista
778 5284 1153 5341 tentationibus
1176 5279 1332 5349 plena
1357 5284 1440 5332 est
1463 5315 1477 5339 ,
1509 5274 1648 5327 inter
1672 5267 2039 5324 tribulationes
2062 5276 2187 5319 suas
2209 5302 2226 5330 ,

651 5391 871 5453 propter
893 5390 1025 5447 quas
1044 5388 1201 5442 supra
1221 5371 1431 5425 dixerat
1454 5407 1469 5431 ,
1500 5363 1672 5435 Iniqui
1701 5359 1943 5432 persecuti
1968 5364 2083 5413 sunt
2110 5371 2191 5410 me
2209 5396 2228 5424 ,

653 5484 708 5531 et
730 5516 746 5540 ,
776 5468 942 5524 Paulo
965 5466 1130 5519 asinus
1156 5467 1620 5517 consummaverunt
1650 5472 1727 5509 me
1748 5455 1800 5509 in
1826 5463 1998 5518 terra;
2026 5448 2233 5505 inﬂam-

652 5575 829 5624 matus
844 5557 1111 5617 desiderio
1128 5553 1360 5610 caelestis
1375 5550 1672 5607 Jerusalem
1689 5564 1705 5613 ;
1729 5548 1781 5603 in
1799 5558 2027 5616 superna
2045 5557 2233 5613 suspe-

652 5662 750 5728 xit,
764 5668 818 5716 et
829 5654 979 5720 dixit,
996 5651 1060 5705 In
1077 5659 1338 5715 aeternum,
1356 5645 1587 5711 Domine,
1600 5642 1802 5697 verbum
1817 5649 1959 5694 tuum
1976 5644 2233 5709 permanet

719 5793 953 5857 ιλιίίιιιοι
982 5778 1784 5857 ιίιπῑερευίετοειὲλιυῖιεειηωιέυν
1805 5769 2106 5846 ροηιίπεηεεδν

653 5829 1065 5909 utet-Briti’ls'a’.‘
1078 5829 1553 5908 Buxentum“,
1575 5829 1659 5903 ait,
1691 5836 1953 5896 hominum,
1985 5844 2107 5899 quas
2145 5829 2233 5901 illi,

666 5942 688 5977 ι
711 5913 1013 5989 αεαιενόδεὶδ,
1040 5916 1226 5966 vorant.
1248 5924 1271 5955 ιι

1792 422 1849 477 S.
1892 408 2253 476 AUGUSTINI
2292 404 2591 467 EPISCOPI
2779 409 2793 422 '
2817 394 2871 433 ’λ

2247 526 2301 578 in
2316 524 2439 577 caelo
2452 540 2473 577 :
2484 522 2586 577 hoc
2600 529 2701 588 est,
2718 520 2772 575 itt
2785 520 3000 591 Angelis
3017 512 3120 577 tuis
3134 522 3541 585 custodientibus
3554 536 3777 593 atteram

2251 614 2366 668 sine
2384 611 2685 667 desertione
2705 610 2963 666 militiam.

2321 703 2376 757 2.
2409 699 2556 774 [νει-ε.
2589 698 2703 773 90.]
2732 700 2971 772 Sequens
3011 712 3399 763 autemversus
3426 718 3540 778 post
3578 713 3748 771 coelum

2254 796 2487 867 pertinet
2525 804 2915 867 consequenter
2941 796 3007 853 ad
3039 807 3254 857 terram.
3284 761 3793 867 Unusrenimvvgus

2256 897 2344 991 est
2353 903 2546 991 eorum
2587 897 2709 991 octo
2732 890 2822 991 qui
2849 889 2914 991 ad
2945 891 3098 946 istam
3127 892 3353 950 litteram
3395 898 3665 966 pertinent.
3689 901 3796 958 Sin-

2258 978 2395 1050 gulis
2422 978 2619 1049 quippe
2646 979 2834 1034 litteris
2862 979 3088 1036 hebrteis
3114 982 3409 1040 subdantur
3432 990 3621 1056 octoni,
3645 990 3797 1049 donec

2261 1067 2451 1139 psalmi
2479 1068 2634 1139 hujus
2657 1068 2931 1138 prolixitas
2957 1072 3287 1128 terminetur.
3309 1073 3375 1129 In
3400 1080 3740 1147 generationem
3759 1091 3803 1137 et

2263 1158 2627 1229 generationem
2651 1160 2830 1213 veritas
2855 1169 2981 1226 tua;
3011 1163 3238 1232 fundasti
3260 1174 3459 1232 terram,
3486 1178 3532 1222 et
3556 1182 3803 1239 permanet.

2264 1249 2393 1353 P.0st
2416 1249 2610 1352 caelum
2638 1264 2765 1353 ergo
2791 1258 2987 1305 terram
3016 1254 3254 1308 contuitu
3283 1253 3454 1311 ﬁdelis
3479 1259 3660 1314 mentis
3681 1263 3806 1333 aspi-

2266 1340 2413 1396 ciens
2434 1382 2449 1407 ,
2486 1340 2689 1396 invenit
2719 1342 2771 1396 in
2800 1356 2864 1396 ea
2905 1344 3276 1413 generationes
3316 1361 3436 1417 qua:
3474 1348 3525 1405 in
3550 1352 3680 1407 coelo
3715 1369 3809 1411 non

2267 1440 2392 1535 sunt
2413 1471 2429 1499 ,
2467 1440 2526 1535 et
2550 1433 2661 1497 ait,
2707 1432 2774 1486 In
2802 1435 3169 1504 generationem
3194 1446 3243 1491 et
3276 1443 3633 1508 generationem
3655 1446 3812 1501 veritas

2271 1532 2359 1577 tua
2387 1540 2406 1579 :
2438 1527 2550 1579 sive
2575 1538 2764 1579 omnes
2788 1527 3159 1595 generationes
3183 1527 3283 1583 ista
3308 1531 3613 1599 repetitione
3635 1535 3811 1606 signiﬁ-

2272 1629 2401 1717 cans
2420 1657 2436 1681 ,
2469 1631 2498 1670 a
2526 1615 2717 1717 quibus
2746 1632 3012 1699 nunquam
3038 1617 3206 1674 dct‘uit
3232 1622 3430 1676 veritas
3458 1623 3546 1679 Dei
3570 1624 3620 1679 in
3645 1627 3819 1683 sanctis

2275 1707 2393 1777 ejus
2416 1748 2429 1773 ,
2460 1707 2621 1763 modo
2652 1708 2989 1779 paucioribus
3008 1752 3023 1777 ,
3058 1712 3218 1767 modo
3249 1713 3488 1783 pluribus
3510 1757 3525 1781 ,
3555 1728 3610 1773 ut
3631 1731 3685 1775 se
3705 1729 3817 1776 tem-

2276 1811 2467 1867 porum
2482 1798 2717 1903 varietas
2744 1799 2927 1903 habuit
2950 1800 3035 1856 vel
3060 1801 3303 1871 habebit;
3323 1805 3434 1861 sive
3456 1805 3583 1863 duas
3595 1808 3821 1879 quasdam

2279 1892 2651 1960 generationes
2673 1892 2890 1963 intelligi
2918 1894 3123 1961 volens,
3157 1911 3318 1952 unam
3350 1898 3549 1956 scilicet
3569 1901 3631 1957 ad
3655 1902 3821 1975 Legem

2280 1990 2336 2037 et
2363 1981 2657 2052 Prophetas
2678 2024 2694 2050 ,
2725 1983 2946 2040 alteram
2972 2000 3102 2040 vero
3129 1986 3195 2041 ad
3223 1987 3564 2061 Evangelium
3590 1994 3824 2063 pertinen-

2282 2081 2412 2129 tem.
2439 2072 2546 2128 Cur
2588 2082 2765 2129 autem
2792 2090 3061 2146 nunquam
3092 2077 3252 2132 etiam
3297 2078 3414 2135 istis
3438 2084 3825 2151 generationibus

2284 2166 2483 2270 veritas
2517 2164 2693 2230 desit,
2722 2165 2869 2221 velut
2900 2167 3148 2236 aperiens
3174 2182 3431 2236 causam;
3467 2170 3699 2228 Fundasti
3720 2215 3732 2241 ,
3757 2175 3826 2230 in-

2286 2262 2439 2329 quit,
2471 2266 2654 2312 terram
2680 2267 2728 2312 et
2753 2268 3009 2330 permanet
3038 2275 3059 2315 :
3085 2273 3179 2317 eos
3204 2262 3296 2332 qui
3326 2263 3381 2318 in
3407 2271 3545 2320 terra
3567 2275 3680 2322 sunt
3698 2307 3713 2332 ,
3739 2276 3829 2324 ter-

2288 2365 2401 2406 ram
2423 2364 2755 2420 nuncupans.
2782 2350 3204 2408 Fundamentum
3224 2362 3406 2410 autem
3431 2355 3567 2412 aliud
3592 2372 3734 2413 nemo
3754 2373 3829 2429 po-

2291 2452 2394 2499 test
2410 2456 2609 2514 ponere
2634 2452 2830 2513 praeter
2850 2442 2902 2498 id
2922 2443 3065 2515 quod
3093 2445 3326 2516 positum
3352 2458 3455 2516 est,
3471 2448 3604 2519 quod
3619 2449 3829 2507 esthri-

2292 2547 2422 2645 stus.
2433 2537 2594 2645 Jesus
2615 2535 2663 2608 (Ι
2679 2536 2903 2645 συκέη,
2928 2536 3038 2645 l).
3062 2538 3244 2610 Neque
3257 2540 3409 2596 enim
3424 2551 3476 2597 et
3499 2542 3631 2597 illius
3650 2557 3835 2613 genen-

2293 2632 2455 2688 tionis
2477 2631 2543 2687 ad
2571 2631 2765 2703 Legem
2793 2630 3192 2703 Prophetasque
3218 2633 3544 2703 pertinentis
3566 2634 3837 2691 fundamu-

2296 2732 2408 2780 tum
2434 2739 2540 2781 non
2569 2732 2684 2779 erat
2706 2722 2969 2790 Christus,
2990 2724 3367 2781 testimonium
3390 2726 3586 2784 habens
3611 2742 3638 2781 a
3665 2726 3783 2798 Lege
3796 2737 3839 2783 et

2297 2813 2577 2885 PrOphetis
2602 2814 2782 2885 (Rom.
2810 2829 2886 2881 tn,
2902 2814 3015 2884 21).
3046 2814 3153 2870 Aut
3176 2830 3303 2872 vero
3323 2816 3545 2890 Moyses
3568 2828 3620 2874 et
3644 2816 3839 2891 Prophe-

2298 2913 2369 2960 ta),
2395 2904 2488 2959 ﬁlii
2512 2903 2800 2975 deputandi
2820 2913 2947 2961 sunt
2974 2906 3026 2961 in
3058 2906 3382 2963 servitutem
3408 2910 3692 2979 generantis
3707 2909 3840 2964 ancile

2300 2995 2367 3051 la:
2394 2995 2558 3051 fuisse
2581 3036 2596 3061 ,
2622 3011 2730 3052 non
2759 2995 2942 3052 libera:
2963 3036 2980 3063 ,
3006 3012 3128 3068 qua:
3155 3006 3239 3054 est
3262 3012 3347 3054 ma
3369 3009 3449 3055 ter
3470 3009 3639 3055 nostra
3664 2998 3840 3073 (Galat.

2301 3102 2357 3145 Iv
2379 3128 2396 3155 ,
2425 3086 2496 3142 24
2517 3128 2533 3154 ,
2560 3087 2632 3144 26
2652 3086 2673 3159 )
2696 3104 2711 3153 ;
2740 3087 2825 3143 cui
2849 3129 2864 3153 ,
2898 3087 3066 3143 Mater
3092 3088 3220 3143 Sion
3244 3130 3259 3155 ,
3291 3090 3437 3145 dial
3460 3092 3602 3145 homo
3622 3107 3641 3156 ;
3662 3098 3704 3146 et
3726 3091 3845 3145 homo

2305 3182 2467 3251 factus
2490 3187 2563 3233 est
2588 3179 2641 3233 in
2667 3195 2726 3233 ea
2747 3218 2763 3243 ,
2795 3190 2841 3233 et
2866 3180 2972 3250 ipse
2995 3179 3225 3249 fundavit
3248 3196 3376 3235 eane
3402 3182 3671 3237 Altissimus
3692 3180 3710 3253 (
3728 3180 3843 3236 Psal.

2307 3286 2519 3336 Lxxxv1,
2552 3270 2653 3342 5)?
2682 3271 2800 3342 Ipse
2825 3279 2908 3327 est
2932 3272 3073 3327 enim
3104 3281 3158 3328 et
3180 3273 3318 3343 apud
3345 3274 3565 3332 Patrem
3585 3275 3844 3341 altissimus,

2307 3374 2362 3467 et
2385 3374 2725 3467 propter-nos
2754 3364 2805 3419 in
2835 3366 2931 3420 ista
2962 3374 3133 3421 matre
3161 3365 3331 3421 factus
3375 3367 3716 3435 humillimus;
3738 3383 3847 3439 quo-

2310 3456 2450 3511 niam
2480 3456 2569 3526 qui
2600 3456 2740 3511 Deus
2765 3464 2879 3510 erat
2907 3470 3068 3526 super
3094 3471 3234 3522 eam,
3264 3458 3427 3512 homo
3453 3463 3613 3531 factus
3635 3468 3698 3513 est
3718 3459 3762 3513 in
3784 3474 3846 3512 ea.

2311 3548 2424 3603 Hoc
2447 3547 2622 3617 itaque
2643 3545 2986 3603 fundamento
3008 3588 3024 3613 ,
3055 3547 3278 3603 Domine
3302 3590 3318 3616 ,
3346 3550 3584 3620 fundasti
3603 3560 3763 3604 terram
3781 3590 3794 3616 ,
3814 3556 3849 3602 et

2312 3648 2568 3711 permanet
2598 3657 2617 3695 :
2645 3640 2766 3711 quia
2797 3640 2848 3693 in
2878 3639 2969 3694 tali
2994 3638 3340 3695 fundamento
3378 3641 3694 3697 constabilita
3714 3680 3730 3706 ,
3766 3654 3850 3695 non

2312 3731 2653 3787 inclinabilur
2688 3732 2741 3787 in
2768 3732 3020 3787 saeculum
3045 3733 3225 3788 srecnli
3252 3732 3437 3805 (Psal.
3465 3750 3554 3791 cut
3574 3776 3589 3803 ,
3618 3733 3701 3808 5);
3727 3734 3771 3789 in
3790 3732 3851 3788 eis

2314 3823 2496 3893 utique
2523 3837 2841 3893 permanens
2878 3823 3068 3893 quibus
3092 3837 3151 3878 es
3178 3823 3339 3880 vitam
3379 3825 3595 3881 daturus
3620 3835 3851 3881 aeternam.

2315 3915 2461 3983 Quos
2509 3922 2684 3969 autem
2736 3914 2927 3970 ancilla
2976 3915 3230 3985 peperit,
3281 3914 3352 3971 ad
3408 3924 3558 3972 vetus
3607 3925 3848 3972 testamen-

2317 4013 2428 4060 tum
2470 4005 2795 4075 pertinentes
2818 4046 2832 4069 ,
2864 4004 2916 4059 in
2960 4005 3115 4074 cujus
3142 4015 3324 4061 tamen
3357 4007 3537 4079 ﬁguris
3562 4007 3738 4067 latebat
3772 4020 3851 4061 no-

2317 4112 2442 4151 vum
2467 4138 2481 4163 ,
2514 4096 2644 4151 nihil
2672 4095 2814 4151 aliud
2857 4094 3112 4166 sapiendo
3155 4112 3314 4167 quam
3346 4098 3602 4168 promissa
3644 4109 3851 4160 terrena,

2320 4202 2429 4243 non
2476 4195 2807 4257 permanent.
2851 4186 3051 4242 Servus
3087 4186 3230 4242 enim
3274 4203 3384 4245 non
3426 4199 3602 4245 manet
3642 4189 3689 4245 in
3724 4188 3852 4244 domn

2323 4282 2374 4336 in
2401 4289 2658 4336 mternum
2683 4320 2699 4347 ,
2729 4278 2870 4336 ﬁlius
2894 4288 3071 4336 autem
3099 4288 3279 4336 manet
3322 4280 3377 4337 in
3404 4290 3653 4339 aeternum
3694 4280 3853 4354 (Joan.

2324 4387 2413 4428 vnt
2437 4413 2453 4439 ,
2483 4373 2599 4442 '55).

2396 4463 2450 4519 5.
2483 4460 2633 4534 [vers.
2679 4460 2793 4535 91.]
2825 4460 3156 4519 Ordinatione
3199 4472 3287 4519 tua
3331 4474 3584 4537 pernth
3624 4464 3737 4519 dies.
3775 4458 3855 4514 Ista

2326 4554 2523 4625 quippe
2548 4554 2723 4609 omnia
2763 4554 2879 4610 dies
2901 4555 2917 4586 ‘
2953 4571 2966 4609 :
2998 4563 3054 4611 et
3078 4556 3179 4612 iste
3203 4564 3286 4612 est
3322 4557 3441 4614 dies
3464 4572 3617 4630 quem
3647 4555 3750 4611 fecit
3774 4551 3859 4605 Do-

2328 4648 2526 4713 minus,
2557 4644 2881 4700 exsultemus
2908 4653 2961 4701 et
2980 4645 3335 4716 jucundemur
3364 4649 3417 4703 in
3446 4663 3513 4704 eo
3541 4645 3700 4718 (Psat.
3726 4652 3858 4703 cxvu.

2326 4737 2399 4794 24
2422 4739 2478 4809 );
2508 4746 2562 4792 et
2588 4737 2725 4793 sicut
2751 4737 2802 4792 in
2828 4736 2915 4794 die
2946 4737 3168 4794 honeste
3194 4738 3527 4796 ambulemus
3553 4737 3730 4810 (Rom.
3753 4744 3828 4787 xnt
3844 4768 3859 4793 ν

2331 4829 2444 4903 15).
2463 4828 2712 4898 Quoniam
2735 4829 2904 4884 omnia
2917 4831 3133 4885 serviunt
3158 4830 3264 4886 tibi.
3285 4831 3471 4886 Omnia
3489 4830 3679 4887 scilicet
3690 4826 3751 4881 de
3769 4819 3863 4891 qui-

2329 4923 2430 4980 bus
2453 4922 2806 4994 loquebatur;
2836 4923 3006 4977 omnia
3030 4938 3150 4995 qua:
3176 4924 3445 4995 pertinent
3472 4923 3537 4979 ad
3560 4923 3692 4978 hunc
3712 4917 3829 4973 diem
3848 4949 3861 4975 ο

2332 5016 2551 5071 serviunt
2580 5014 2687 5069 tibi.
2716 5013 2864 5084 lmpii
2890 5014 3086 5085 quippe
3109 5012 3180 5071 de
3205 5014 3399 5086 quibus
3422 5014 3629 5079 dicitur,
3652 5006 3788 5066 Nocti
3809 5002 3867 5057 si-

2334 5108 2505 5164 mitavi
2530 5116 2739 5163 matrem
2762 5114 2975 5162 uestram
3003 5107 3022 5177 (
3048 5105 3177 5162 Osee
3198 5121 3254 5162 tv
3278 5148 3295 5176 ,
3324 5107 3358 5164 5
3379 5148 3395 5177 ,
3425 5122 3525 5163 sec.
3552 5100 3720 5172 LXX)
3742 5140 3756 5165 ,
3778 5106 3860 5150 n0!

2276 5232 2279 5233 ν
2336 5199 2573 5257 serviunt
2601 5197 2717 5254 tibi.

2405 5295 2459 5350 4.
2491 5290 2639 5365 [vers.
2671 5288 2787 5366 92.]
2818 5290 3019 5347 Deinde
3061 5292 3295 5363 respexit
3334 5292 3475 5347 unde
3501 5289 3738 5346 liberetur
3773 5280 3865 5335 hate

2338 5394 2478 5442 terra
2502 5426 2518 5453 ,
2560 5392 2621 5440 ut
2668 5383 2881 5439 fundata
2924 5392 3270 5454 permaneat;
3317 5392 3472 5453 atque
3500 5377 3741 5448 subjecit,
3772 5366 3864 5423 Νίὸ

2337 5477 2472 5547 quod
2507 5477 2588 5531 lea:
2627 5484 2713 5529 tua
2749 5475 3007 5530 meditatio
3042 5490 3156 5529 mea
3196 5482 3306 5540 est,
3346 5484 3463 5528 tunc
3498 5468 3698 5540 forsitan
3730 5458 3847 5532 peris

2338 5586 2442 5625 sem
2466 5569 2521 5623 in
2546 5567 2829 5621 humilitate
2864 5582 2995 5621 mea.
3026 5566 3129 5621 Ista
3170 5566 3258 5621 lex
3282 5563 3402 5620 ﬁdei
3435 5571 3558 5625 est;
3588 5572 3685 5613 non
3725 5552 3835 5606 inau

2340 5661 2462 5716 ﬁdei
2489 5701 2503 5727 ,
2531 5658 2625 5715 sed
2650 5674 2768 5730 qua:
2812 5674 2905 5729 per
2945 5657 3280 5713 dilectionem
3321 5648 3605 5726 operatur(
3628 5643 3785 5730 ad“:
3798 5664 3830 5730 ,Ῑ

2342 5753 2435 5824 6).
2486 5714 2589 5807 Der
2635 5714 2769 5806 hanc
2814 5714 3128 5821 impetratur
3173 5714 3373 5819 gratia:
3418 5756 3533 5813 qua:
3578 5714 3727 5794 fortes
3763 5714 3829 5783 βίι

2406 5890 2424 5925 ⁸
2447 5894 2521 5942 Er.
2538 5886 2685 5953 Lugd.
2705 5894 2843 5949 veru,
2884 5890 2978 5937 Ista
2998 5882 3174 5950 quippe
3192 5888 3238 5936 et
3257 5876 3407 5951 omnis
3428 5873 3544 5931 dies.
3593 5877 3647 5925 tt.
