  <div class='ocr_page' id='page_1' title='image "/cluster/home/n/w/nwhite01/storage/ocr_20150623/37/uva.x000827106/278.png"; bbox 0 0 4188 6432; ppageno 0'>
   <div class='ocr_carea' id='block_1_1' title="bbox 321 687 345 873">
    <p class='ocr_par' dir='ltr' id='par_1_1' title="bbox 321 687 344 833">
     <span class='ocr_line' id='line_1_1' title="bbox 321 687 344 833; baseline 0 -53"><span class='ocrx_word' id='word_1_1' title='bbox 321 687 344 833; x_wconf 60' lang='grc' dir='ltr'>ξ</span> 
     </span>
    </p>
   </div>
   <div class='ocr_carea' id='block_1_2' title="bbox 438 404 579 464">
    <p class='ocr_par' dir='ltr' id='par_1_2' title="bbox 438 404 579 464">
     <span class='ocr_line' id='line_1_2' title="bbox 438 404 579 464; baseline -0.007 -1"><span class='ocrx_word' id='word_1_2' title='bbox 438 404 579 464; x_wconf 71' lang='grc'><strong>1561</strong></span> 
     </span>
    </p>
   </div>
   <div class='ocr_carea' id='block_1_3' title="bbox 436 501 2027 582">
    <p class='ocr_par' dir='ltr' id='par_1_3' title="bbox 436 501 2027 582">
     <span class='ocr_line' id='line_1_3' title="bbox 436 501 2027 582; baseline -0.013 -5"><span class='ocrx_word' id='word_1_3' title='bbox 436 522 497 578; x_wconf 89' lang='lat' dir='ltr'><strong>in</strong></span> <span class='ocrx_word' id='word_1_4' title='bbox 540 513 879 575; x_wconf 73' lang='lat' dir='ltr'><strong>tribulatione</strong></span> <span class='ocrx_word' id='word_1_5' title='bbox 904 505 1222 582; x_wconf 80' lang='lat' dir='ltr'><strong>temporali,</strong></span> <span class='ocrx_word' id='word_1_6' title='bbox 1253 520 1322 564; x_wconf 89' lang='lat' dir='ltr'><strong>ne</strong></span> <span class='ocrx_word' id='word_1_7' title='bbox 1363 514 1587 578; x_wconf 83' lang='lat' dir='ltr'><strong>pereant</strong></span> <span class='ocrx_word' id='word_1_8' title='bbox 1630 505 1684 560; x_wconf 94' lang='lat' dir='ltr'><strong>in</strong></span> <span class='ocrx_word' id='word_1_9' title='bbox 1728 501 2027 560; x_wconf 82' lang='lat' dir='ltr'><strong>humilitate</strong></span> 
     </span>
    </p>
   </div>
   <div class='ocr_carea' id='block_1_4' title="bbox 437 609 2031 774">
    <p class='ocr_par' dir='ltr' id='par_1_4' title="bbox 437 609 2031 774">
     <span class='ocr_line' id='line_1_4' title="bbox 437 609 2031 774; baseline -0.011 -14"><span class='ocrx_word' id='word_1_10' title='bbox 437 609 752 774; x_wconf 43' lang='grc' dir='ltr'><strong>ωέἰιῖῗὲη.</strong></span> <span class='ocrx_word' id='word_1_11' title='bbox 784 696 898 772; x_wconf 80' lang='grc'><strong>95.]</strong></span> <span class='ocrx_word' id='word_1_12' title='bbox 928 703 997 756; x_wconf 82' lang='lat' dir='ltr'><strong>In</strong></span> <span class='ocrx_word' id='word_1_13' title='bbox 1040 686 1283 752; x_wconf 72' lang='lat' dir='ltr'><strong>aeternum</strong></span> <span class='ocrx_word' id='word_1_14' title='bbox 1305 736 1322 763; x_wconf 92' lang='lat'><strong>,</strong></span> <span class='ocrx_word' id='word_1_15' title='bbox 1368 692 1578 764; x_wconf 86' lang='lat' dir='ltr'><strong>inquit,</strong></span> <span class='ocrx_word' id='word_1_16' title='bbox 1622 708 1726 747; x_wconf 86' lang='lat' dir='ltr'><strong>non</strong></span> <span class='ocrx_word' id='word_1_17' title='bbox 1767 689 2031 747; x_wconf 77' lang='lat' dir='ltr'><strong>obliviscar</strong></span> 
     </span>
    </p>
   </div>
   <div class='ocr_carea' id='block_1_5' title="bbox 437 782 2030 864">
    <p class='ocr_par' dir='ltr' id='par_1_5' title="bbox 437 782 2030 864">
     <span class='ocr_line' id='line_1_5' title="bbox 437 782 2030 864; baseline -0.009 -15"><span class='ocrx_word' id='word_1_18' title='bbox 437 794 860 864; x_wconf 74' lang='lat' dir='ltr'><strong>iustiﬁcationum</strong></span> <span class='ocrx_word' id='word_1_19' title='bbox 911 800 1112 846; x_wconf 87' lang='lat' dir='ltr'><strong>tuarum</strong></span> <span class='ocrx_word' id='word_1_20' title='bbox 1143 829 1159 854; x_wconf 92' lang='lat'><strong>,</strong></span> <span class='ocrx_word' id='word_1_21' title='bbox 1212 788 1447 860; x_wconf 85' lang='lat' dir='ltr'><strong>quoniam</strong></span> <span class='ocrx_word' id='word_1_22' title='bbox 1496 788 1549 840; x_wconf 88' lang='lat' dir='ltr'><strong>in</strong></span> <span class='ocrx_word' id='word_1_23' title='bbox 1596 785 1721 855; x_wconf 87' lang='lat' dir='ltr'><strong>ipsis</strong></span> <span class='ocrx_word' id='word_1_24' title='bbox 1766 782 2030 852; x_wconf 86' lang='lat' dir='ltr'><strong>viviﬁcosti</strong></span> 
     </span>
    </p>
   </div>
   <div class='ocr_carea' id='block_1_6' title="bbox 436 875 2029 950">
    <p class='ocr_par' dir='ltr' id='par_1_6' title="bbox 436 875 2029 950">
     <span class='ocr_line' id='line_1_6' title="bbox 436 875 2029 950; baseline -0.009 -8"><span class='ocrx_word' id='word_1_25' title='bbox 436 905 540 945; x_wconf 82' lang='lat' dir='ltr'><strong>me.</strong></span> <span class='ocrx_word' id='word_1_26' title='bbox 568 886 714 943; x_wconf 84' lang='lat' dir='ltr'><strong>Ecce</strong></span> <span class='ocrx_word' id='word_1_27' title='bbox 743 885 884 941; x_wconf 87' lang='lat' dir='ltr'><strong>unde</strong></span> <span class='ocrx_word' id='word_1_28' title='bbox 913 884 1108 940; x_wconf 87' lang='lat' dir='ltr'><strong>factum</strong></span> <span class='ocrx_word' id='word_1_29' title='bbox 1153 891 1236 938; x_wconf 88' lang='lat' dir='ltr'><strong>est</strong></span> <span class='ocrx_word' id='word_1_30' title='bbox 1277 888 1336 936; x_wconf 91' lang='lat' dir='ltr'><strong>ut</strong></span> <span class='ocrx_word' id='word_1_31' title='bbox 1376 894 1485 935; x_wconf 91' lang='lat' dir='ltr'><strong>non</strong></span> <span class='ocrx_word' id='word_1_32' title='bbox 1528 879 1726 950; x_wconf 87' lang='lat' dir='ltr'><strong>periret</strong></span> <span class='ocrx_word' id='word_1_33' title='bbox 1766 876 1819 930; x_wconf 89' lang='lat' dir='ltr'><strong>in</strong></span> <span class='ocrx_word' id='word_1_34' title='bbox 1850 875 2029 932; x_wconf 87' lang='lat' dir='ltr'><strong>humi-</strong></span> 
     </span>
    </p>
   </div>
   <div class='ocr_carea' id='block_1_7' title="bbox 436 956 2056 1040">
    <p class='ocr_par' dir='ltr' id='par_1_7' title="bbox 436 956 2056 1040">
     <span class='ocr_line' id='line_1_7' title="bbox 436 956 2056 1040; baseline -0.01 -5"><span class='ocrx_word' id='word_1_35' title='bbox 436 981 589 1035; x_wconf 81' lang='lat' dir='ltr'><strong>litate</strong></span> <span class='ocrx_word' id='word_1_36' title='bbox 617 993 736 1033; x_wconf 89' lang='lat' dir='ltr'><strong>sua.</strong></span> <span class='ocrx_word' id='word_1_37' title='bbox 764 976 896 1032; x_wconf 85' lang='lat' dir='ltr'><strong>Nam</strong></span> <span class='ocrx_word' id='word_1_38' title='bbox 932 975 1040 1030; x_wconf 93' lang='lat' dir='ltr'><strong>Deo</strong></span> <span class='ocrx_word' id='word_1_39' title='bbox 1066 988 1175 1029; x_wconf 93' lang='lat' dir='ltr'><strong>non</strong></span> <span class='ocrx_word' id='word_1_40' title='bbox 1215 972 1539 1035; x_wconf 89' lang='lat' dir='ltr'><strong>viviﬁcante,</strong></span> <span class='ocrx_word' id='word_1_41' title='bbox 1570 967 1698 1040; x_wconf 91' lang='lat' dir='ltr'><strong>quid</strong></span> <span class='ocrx_word' id='word_1_42' title='bbox 1722 976 1804 1023; x_wconf 87' lang='lat' dir='ltr'><strong>est</strong></span> <span class='ocrx_word' id='word_1_43' title='bbox 1824 966 1985 1021; x_wconf 91' lang='lat' dir='ltr'><strong>homo</strong></span> <span class='ocrx_word' id='word_1_44' title='bbox 2010 1005 2027 1031; x_wconf 93' lang='lat'><strong>,</strong></span> <span class='ocrx_word' id='word_1_45' title='bbox 2052 956 2056 975; x_wconf 84' lang='lat'><strong>&#39;</strong></span> 
     </span>
    </p>
   </div>
   <div class='ocr_carea' id='block_1_8' title="bbox 437 1058 2032 1143">
    <p class='ocr_par' dir='ltr' id='par_1_8' title="bbox 437 1058 2032 1143">
     <span class='ocr_line' id='line_1_8' title="bbox 437 1058 2032 1143; baseline -0.009 -15"><span class='ocrx_word' id='word_1_46' title='bbox 437 1073 529 1143; x_wconf 86' lang='lat' dir='ltr'><strong>qui</strong></span> <span class='ocrx_word' id='word_1_47' title='bbox 556 1069 880 1127; x_wconf 84' lang='lat' dir='ltr'><strong>seoccidere</strong></span> <span class='ocrx_word' id='word_1_48' title='bbox 921 1067 1113 1139; x_wconf 89' lang='lat' dir='ltr'><strong>potuit,</strong></span> <span class='ocrx_word' id='word_1_49' title='bbox 1154 1064 1429 1120; x_wconf 89' lang='lat' dir='ltr'><strong>viviﬁcare</strong></span> <span class='ocrx_word' id='word_1_50' title='bbox 1473 1072 1650 1118; x_wconf 91' lang='lat' dir='ltr'><strong>autem</strong></span> <span class='ocrx_word' id='word_1_51' title='bbox 1686 1074 1791 1117; x_wconf 91' lang='lat' dir='ltr'><strong>nou</strong></span> <span class='ocrx_word' id='word_1_52' title='bbox 1815 1058 2032 1131; x_wconf 86' lang='lat' dir='ltr'><strong>potest?</strong></span> 
     </span>
    </p>
   </div>
   <div class='ocr_carea' id='block_1_9' title="bbox 510 1154 2028 1236">
    <p class='ocr_par' dir='ltr' id='par_1_9' title="bbox 510 1154 2028 1236">
     <span class='ocr_line' id='line_1_9' title="bbox 510 1154 2028 1236; baseline -0.009 -17"><span class='ocrx_word' id='word_1_53' title='bbox 510 1166 563 1219; x_wconf 85' lang='lat'><strong>6.</strong></span> <span class='ocrx_word' id='word_1_54' title='bbox 590 1162 740 1236; x_wconf 83' lang='lat' dir='ltr'><strong>[vers.</strong></span> <span class='ocrx_word' id='word_1_55' title='bbox 762 1161 875 1234; x_wconf 62' lang='lat'><strong>94.]</strong></span> <span class='ocrx_word' id='word_1_56' title='bbox 897 1159 1123 1231; x_wconf 90' lang='lat' dir='ltr'><strong>Subjicit</strong></span> <span class='ocrx_word' id='word_1_57' title='bbox 1144 1158 1337 1214; x_wconf 92' lang='lat' dir='ltr'><strong>deinde</strong></span> <span class='ocrx_word' id='word_1_58' title='bbox 1361 1171 1424 1213; x_wconf 91' lang='lat' dir='ltr'><strong>ac</strong></span> <span class='ocrx_word' id='word_1_59' title='bbox 1443 1155 1573 1212; x_wconf 88' lang='lat' dir='ltr'><strong>dicit</strong></span> <span class='ocrx_word' id='word_1_60' title='bbox 1591 1174 1605 1211; x_wconf 90' lang='lat'>:</span> <span class='ocrx_word' id='word_1_61' title='bbox 1624 1154 1766 1209; x_wconf 86' lang='lat' dir='ltr'><strong>Tuus</strong></span> <span class='ocrx_word' id='word_1_62' title='bbox 1789 1171 1899 1208; x_wconf 89' lang='lat' dir='ltr'><strong>sunt</strong></span> <span class='ocrx_word' id='word_1_63' title='bbox 1916 1168 2028 1224; x_wconf 93' lang='lat' dir='ltr'><strong>ego,</strong></span> 
     </span>
    </p>
   </div>
   <div class='ocr_carea' id='block_1_10' title="bbox 437 1244 2029 1324">
    <p class='ocr_par' dir='ltr' id='par_1_10' title="bbox 437 1244 2029 1324">
     <span class='ocr_line' id='line_1_10' title="bbox 437 1244 2029 1324; baseline -0.008 -14"><span class='ocrx_word' id='word_1_64' title='bbox 437 1256 635 1311; x_wconf 79' lang='lat' dir='ltr'><strong>salvum</strong></span> <span class='ocrx_word' id='word_1_65' title='bbox 674 1271 756 1309; x_wconf 86' lang='lat' dir='ltr'><strong>me</strong></span> <span class='ocrx_word' id='word_1_66' title='bbox 782 1254 865 1324; x_wconf 78' lang='lat' dir='ltr'><strong>{ac</strong></span> <span class='ocrx_word' id='word_1_67' title='bbox 887 1293 903 1319; x_wconf 94' lang='lat'><strong>,</strong></span> <span class='ocrx_word' id='word_1_68' title='bbox 934 1251 1173 1323; x_wconf 86' lang='lat' dir='ltr'><strong>quoniam</strong></span> <span class='ocrx_word' id='word_1_69' title='bbox 1197 1249 1592 1321; x_wconf 85' lang='lat' dir='ltr'><strong>justiﬁcationes</strong></span> <span class='ocrx_word' id='word_1_70' title='bbox 1616 1256 1729 1300; x_wconf 87' lang='lat' dir='ltr'><strong>tuas</strong></span> <span class='ocrx_word' id='word_1_71' title='bbox 1767 1244 2029 1315; x_wconf 79' lang='lat' dir='ltr'><strong>exquisivi.</strong></span> 
     </span>
    </p>
   </div>
   <div class='ocr_carea' id='block_1_11' title="bbox 437 1335 2026 1412">
    <p class='ocr_par' dir='ltr' id='par_1_11' title="bbox 437 1335 2026 1412">
     <span class='ocr_line' id='line_1_11' title="bbox 437 1335 2026 1412; baseline -0.008 -11"><span class='ocrx_word' id='word_1_72' title='bbox 437 1346 554 1401; x_wconf 82' lang='lat' dir='ltr'><strong>Non</strong></span> <span class='ocrx_word' id='word_1_73' title='bbox 581 1351 922 1400; x_wconf 83' lang='lat' dir='ltr'><strong>transeunter</strong></span> <span class='ocrx_word' id='word_1_74' title='bbox 964 1339 1363 1412; x_wconf 90' lang='lat' dir='ltr'><strong>intelligendum</strong></span> <span class='ocrx_word' id='word_1_75' title='bbox 1405 1335 1651 1409; x_wconf 79' lang='lat' dir='ltr'><strong>estquod</strong></span> <span class='ocrx_word' id='word_1_76' title='bbox 1681 1336 1881 1392; x_wconf 91' lang='lat' dir='ltr'><strong>dictum</strong></span> <span class='ocrx_word' id='word_1_77' title='bbox 1909 1343 1990 1390; x_wconf 85' lang='lat' dir='ltr'><strong>est</strong></span> <span class='ocrx_word' id='word_1_78' title='bbox 2011 1377 2026 1400; x_wconf 93' lang='lat'><strong>,</strong></span> 
     </span>
    </p>
   </div>
   <div class='ocr_carea' id='block_1_12' title="bbox 437 1428 2032 1508">
    <p class='ocr_par' dir='ltr' id='par_1_12' title="bbox 437 1428 2032 1508">
     <span class='ocr_line' id='line_1_12' title="bbox 437 1428 2032 1508; baseline -0.006 -16"><span class='ocrx_word' id='word_1_79' title='bbox 437 1437 581 1493; x_wconf 84' lang='lat' dir='ltr'><strong>Tuus</strong></span> <span class='ocrx_word' id='word_1_80' title='bbox 601 1454 714 1492; x_wconf 88' lang='lat' dir='ltr'><strong>sum</strong></span> <span class='ocrx_word' id='word_1_81' title='bbox 739 1453 850 1508; x_wconf 93' lang='lat' dir='ltr'><strong>ego.</strong></span> <span class='ocrx_word' id='word_1_82' title='bbox 879 1434 1018 1504; x_wconf 87' lang='lat' dir='ltr'><strong>Quid</strong></span> <span class='ocrx_word' id='word_1_83' title='bbox 1046 1434 1189 1488; x_wconf 90' lang='lat' dir='ltr'><strong>enim</strong></span> <span class='ocrx_word' id='word_1_84' title='bbox 1216 1448 1320 1489; x_wconf 93' lang='lat' dir='ltr'><strong>non</strong></span> <span class='ocrx_word' id='word_1_85' title='bbox 1343 1439 1425 1488; x_wconf 92' lang='lat' dir='ltr'><strong>est</strong></span> <span class='ocrx_word' id='word_1_86' title='bbox 1450 1430 1610 1501; x_wconf 86' lang='lat' dir='ltr'><strong>ejus?</strong></span> <span class='ocrx_word' id='word_1_87' title='bbox 1638 1432 1720 1485; x_wconf 85' lang='lat' dir='ltr'><strong>An</strong></span> <span class='ocrx_word' id='word_1_88' title='bbox 1748 1428 1885 1484; x_wconf 91' lang='lat' dir='ltr'><strong>forte</strong></span> <span class='ocrx_word' id='word_1_89' title='bbox 1907 1428 2032 1499; x_wconf 89' lang='lat' dir='ltr'><strong>quia</strong></span> 
     </span>
    </p>
   </div>
   <div class='ocr_carea' id='block_1_13' title="bbox 435 1519 2033 1594">
    <p class='ocr_par' dir='ltr' id='par_1_13' title="bbox 435 1519 2033 1594">
     <span class='ocr_line' id='line_1_13' title="bbox 435 1519 2033 1594; baseline -0.006 -9"><span class='ocrx_word' id='word_1_90' title='bbox 435 1531 489 1587; x_wconf 90' lang='lat' dir='ltr'><strong>in</strong></span> <span class='ocrx_word' id='word_1_91' title='bbox 516 1531 674 1587; x_wconf 66' lang='lat' dir='ltr'><strong>oculis</strong></span> <span class='ocrx_word' id='word_1_92' title='bbox 698 1544 819 1585; x_wconf 85' lang='lat' dir='ltr'><strong>esse</strong></span> <span class='ocrx_word' id='word_1_93' title='bbox 843 1528 1038 1583; x_wconf 92' lang='lat' dir='ltr'><strong>dicitur</strong></span> <span class='ocrx_word' id='word_1_94' title='bbox 1065 1526 1228 1593; x_wconf 87' lang='lat' dir='ltr'><strong>Deus,</strong></span> <span class='ocrx_word' id='word_1_95' title='bbox 1258 1524 1380 1581; x_wconf 88' lang='lat' dir='ltr'><strong>ideo</strong></span> <span class='ocrx_word' id='word_1_96' title='bbox 1407 1522 1699 1594; x_wconf 85' lang='lat' dir='ltr'><strong>putandum</strong></span> <span class='ocrx_word' id='word_1_97' title='bbox 1727 1530 1810 1577; x_wconf 91' lang='lat' dir='ltr'><strong>est</strong></span> <span class='ocrx_word' id='word_1_98' title='bbox 1832 1519 2033 1591; x_wconf 88' lang='lat' dir='ltr'><strong>aliquid</strong></span> 
     </span>
    </p>
   </div>
   <div class='ocr_carea' id='block_1_14' title="bbox 328 1610 2035 1699">
    <p class='ocr_par' dir='ltr' id='par_1_14' title="bbox 328 1610 2035 1699">
     <span class='ocr_line' id='line_1_14' title="bbox 328 1610 2035 1699; baseline -0.008 -22"><span class='ocrx_word' id='word_1_99' title='bbox 328 1694 333 1699; x_wconf 13' lang='grc' dir='ltr'><strong>ξ</strong></span> <span class='ocrx_word' id='word_1_100' title='bbox 433 1637 545 1677; x_wconf 91' lang='lat' dir='ltr'><strong>non</strong></span> <span class='ocrx_word' id='word_1_101' title='bbox 571 1636 697 1677; x_wconf 90' lang='lat' dir='ltr'><strong>esse</strong></span> <span class='ocrx_word' id='word_1_102' title='bbox 712 1620 826 1689; x_wconf 91' lang='lat' dir='ltr'><strong>ejus</strong></span> <span class='ocrx_word' id='word_1_103' title='bbox 852 1619 906 1674; x_wconf 92' lang='lat' dir='ltr'><strong>in</strong></span> <span class='ocrx_word' id='word_1_104' title='bbox 927 1627 1098 1683; x_wconf 90' lang='lat' dir='ltr'><strong>terra;</strong></span> <span class='ocrx_word' id='word_1_105' title='bbox 1118 1631 1239 1672; x_wconf 91' lang='lat' dir='ltr'><strong>cum</strong></span> <span class='ocrx_word' id='word_1_106' title='bbox 1268 1615 1463 1670; x_wconf 88' lang='lat' dir='ltr'><strong>clamet</strong></span> <span class='ocrx_word' id='word_1_107' title='bbox 1490 1613 1624 1668; x_wconf 90' lang='lat' dir='ltr'><strong>alius</strong></span> <span class='ocrx_word' id='word_1_108' title='bbox 1648 1612 1904 1683; x_wconf 85' lang='lat' dir='ltr'><strong>psalmus,</strong></span> <span class='ocrx_word' id='word_1_109' title='bbox 1925 1610 2035 1665; x_wconf 83' lang='lat' dir='ltr'><strong>Do-</strong></span> 
     </span>
    </p>
   </div>
   <div class='ocr_carea' id='block_1_15' title="bbox 431 1701 2035 1779">
    <p class='ocr_par' dir='ltr' id='par_1_15' title="bbox 431 1701 2035 1779">
     <span class='ocr_line' id='line_1_15' title="bbox 431 1701 2035 1779; baseline -0.007 -12"><span class='ocrx_word' id='word_1_110' title='bbox 431 1712 563 1767; x_wconf 85' lang='lat' dir='ltr'><strong>mini</strong></span> <span class='ocrx_word' id='word_1_111' title='bbox 589 1720 666 1767; x_wconf 86' lang='lat' dir='ltr'><strong>est</strong></span> <span class='ocrx_word' id='word_1_112' title='bbox 691 1721 826 1766; x_wconf 88' lang='lat' dir='ltr'><strong>terra</strong></span> <span class='ocrx_word' id='word_1_113' title='bbox 851 1718 897 1764; x_wconf 90' lang='lat' dir='ltr'><strong>et</strong></span> <span class='ocrx_word' id='word_1_114' title='bbox 923 1706 1183 1779; x_wconf 83' lang='lat' dir='ltr'><strong>plenitudo</strong></span> <span class='ocrx_word' id='word_1_115' title='bbox 1206 1706 1337 1777; x_wconf 89' lang='lat' dir='ltr'><strong>ejus,</strong></span> <span class='ocrx_word' id='word_1_116' title='bbox 1355 1704 1489 1759; x_wconf 88' lang='lat' dir='ltr'><strong>orbis</strong></span> <span class='ocrx_word' id='word_1_117' title='bbox 1517 1712 1663 1758; x_wconf 66' lang='lat' dir='ltr'><strong>terra:</strong></span> <span class='ocrx_word' id='word_1_118' title='bbox 1685 1712 1732 1757; x_wconf 91' lang='lat' dir='ltr'><strong>et</strong></span> <span class='ocrx_word' id='word_1_119' title='bbox 1759 1718 1928 1757; x_wconf 88' lang='lat' dir='ltr'><strong>omnes</strong></span> <span class='ocrx_word' id='word_1_120' title='bbox 1947 1701 2035 1773; x_wconf 86' lang='lat' dir='ltr'><strong>qui</strong></span> 
     </span>
    </p>
   </div>
   <div class='ocr_carea' id='block_1_16' title="bbox 427 1794 2034 1875">
    <p class='ocr_par' dir='ltr' id='par_1_16' title="bbox 427 1794 2034 1875">
     <span class='ocr_line' id='line_1_16' title="bbox 427 1794 2034 1875; baseline -0.007 -14"><span class='ocrx_word' id='word_1_121' title='bbox 427 1805 671 1860; x_wconf 82' lang='lat' dir='ltr'><strong>habitant</strong></span> <span class='ocrx_word' id='word_1_122' title='bbox 695 1806 747 1858; x_wconf 82' lang='lat' dir='ltr'><strong>in</strong></span> <span class='ocrx_word' id='word_1_123' title='bbox 773 1819 829 1859; x_wconf 91' lang='lat' dir='ltr'><strong>eo</strong></span> <span class='ocrx_word' id='word_1_124' title='bbox 851 1800 1022 1875; x_wconf 89' lang='lat' dir='ltr'><strong>(Psal.</strong></span> <span class='ocrx_word' id='word_1_125' title='bbox 1048 1815 1204 1863; x_wconf 67' lang='grc' dir='ltr'>χχιιι,</span> <span class='ocrx_word' id='word_1_126' title='bbox 1232 1798 1321 1869; x_wconf 84' lang='lat' dir='ltr'><strong>I)?</strong></span> <span class='ocrx_word' id='word_1_127' title='bbox 1341 1796 1478 1866; x_wconf 85' lang='lat' dir='ltr'><strong>Quid</strong></span> <span class='ocrx_word' id='word_1_128' title='bbox 1507 1804 1588 1852; x_wconf 91' lang='lat' dir='ltr'><strong>est</strong></span> <span class='ocrx_word' id='word_1_129' title='bbox 1612 1810 1740 1867; x_wconf 92' lang='lat' dir='ltr'><strong>ergo</strong></span> <span class='ocrx_word' id='word_1_130' title='bbox 1764 1794 1906 1866; x_wconf 91' lang='lat' dir='ltr'><strong>quod</strong></span> <span class='ocrx_word' id='word_1_131' title='bbox 1933 1795 2034 1850; x_wconf 89' lang='lat' dir='ltr'><strong>iste</strong></span> 
     </span>
    </p>
   </div>
   <div class='ocr_carea' id='block_1_17' title="bbox 423 1884 2033 1967">
    <p class='ocr_par' dir='ltr' id='par_1_17' title="bbox 423 1884 2033 1967">
     <span class='ocr_line' id='line_1_17' title="bbox 423 1884 2033 1967; baseline -0.009 -14"><span class='ocrx_word' id='word_1_132' title='bbox 423 1898 501 1953; x_wconf 86' lang='lat' dir='ltr'><strong>ita</strong></span> <span class='ocrx_word' id='word_1_133' title='bbox 549 1912 617 1953; x_wconf 90' lang='lat' dir='ltr'><strong>se</strong></span> <span class='ocrx_word' id='word_1_134' title='bbox 643 1891 1040 1967; x_wconf 88' lang='lat' dir='ltr'><strong>quodammodo</strong></span> <span class='ocrx_word' id='word_1_135' title='bbox 1082 1889 1391 1947; x_wconf 78' lang='lat' dir='ltr'><strong>familiarius</strong></span> <span class='ocrx_word' id='word_1_136' title='bbox 1418 1888 1528 1943; x_wconf 91' lang='lat' dir='ltr'><strong>Deo</strong></span> <span class='ocrx_word' id='word_1_137' title='bbox 1551 1884 2033 1941; x_wconf 88' lang='lat' dir='ltr'><strong>commendandum</strong></span> 
     </span>
    </p>
   </div>
   <div class='ocr_carea' id='block_1_18' title="bbox 418 1978 2033 2061">
    <p class='ocr_par' dir='ltr' id='par_1_18' title="bbox 418 1978 2033 2061">
     <span class='ocr_line' id='line_1_18' title="bbox 418 1978 2033 2061; baseline -0.01 -16"><span class='ocrx_word' id='word_1_138' title='bbox 418 1988 686 2061; x_wconf 84' lang='lat' dir='ltr'><strong>putavit,</strong></span> <span class='ocrx_word' id='word_1_139' title='bbox 718 1995 779 2042; x_wconf 92' lang='lat' dir='ltr'><strong>ut</strong></span> <span class='ocrx_word' id='word_1_140' title='bbox 819 1985 1057 2050; x_wconf 91' lang='lat' dir='ltr'><strong>diceret,</strong></span> <span class='ocrx_word' id='word_1_141' title='bbox 1088 1981 1231 2037; x_wconf 89' lang='lat' dir='ltr'><strong>Tuus</strong></span> <span class='ocrx_word' id='word_1_142' title='bbox 1269 1997 1381 2036; x_wconf 89' lang='lat' dir='ltr'><strong>sum</strong></span> <span class='ocrx_word' id='word_1_143' title='bbox 1424 1996 1514 2051; x_wconf 85' lang='lat' dir='ltr'><strong>ego</strong></span> <span class='ocrx_word' id='word_1_144' title='bbox 1537 2020 1553 2045; x_wconf 93' lang='lat'><strong>,</strong></span> <span class='ocrx_word' id='word_1_145' title='bbox 1584 1978 1779 2033; x_wconf 85' lang='lat' dir='ltr'><strong>salvum</strong></span> <span class='ocrx_word' id='word_1_146' title='bbox 1803 1994 1883 2032; x_wconf 91' lang='lat' dir='ltr'><strong>me</strong></span> <span class='ocrx_word' id='word_1_147' title='bbox 1909 1980 2033 2048; x_wconf 81' lang='lat' dir='ltr'><strong>fac;</strong></span> 
     </span>
    </p>
   </div>
   <div class='ocr_carea' id='block_1_19' title="bbox 418 2069 2029 2149">
    <p class='ocr_par' dir='ltr' id='par_1_19' title="bbox 418 2069 2029 2149">
     <span class='ocr_line' id='line_1_19' title="bbox 418 2069 2029 2149; baseline -0.009 -13"><span class='ocrx_word' id='word_1_148' title='bbox 418 2081 537 2137; x_wconf 84' lang='lat' dir='ltr'><strong>nisi</strong></span> <span class='ocrx_word' id='word_1_149' title='bbox 566 2079 794 2149; x_wconf 78' lang='lat' dir='ltr'><strong>intelligi</strong></span> <span class='ocrx_word' id='word_1_150' title='bbox 820 2076 1004 2133; x_wconf 90' lang='lat' dir='ltr'><strong>volens</strong></span> <span class='ocrx_word' id='word_1_151' title='bbox 1028 2074 1171 2146; x_wconf 91' lang='lat' dir='ltr'><strong>quod</strong></span> <span class='ocrx_word' id='word_1_152' title='bbox 1198 2073 1339 2128; x_wconf 89' lang='lat' dir='ltr'><strong>malo</strong></span> <span class='ocrx_word' id='word_1_153' title='bbox 1367 2087 1465 2127; x_wconf 90' lang='lat' dir='ltr'><strong>suo</strong></span> <span class='ocrx_word' id='word_1_154' title='bbox 1485 2085 1614 2126; x_wconf 92' lang='lat' dir='ltr'><strong>suus</strong></span> <span class='ocrx_word' id='word_1_155' title='bbox 1637 2085 1757 2125; x_wconf 91' lang='lat' dir='ltr'><strong>esse</strong></span> <span class='ocrx_word' id='word_1_156' title='bbox 1784 2069 2029 2134; x_wconf 89' lang='lat' dir='ltr'><strong>voluerit,</strong></span> 
     </span>
    </p>
   </div>
   <div class='ocr_carea' id='block_1_20' title="bbox 413 2160 2035 2246">
    <p class='ocr_par' dir='ltr' id='par_1_20' title="bbox 413 2160 2035 2246">
     <span class='ocr_line' id='line_1_20' title="bbox 413 2160 2035 2246; baseline -0.01 -16"><span class='ocrx_word' id='word_1_157' title='bbox 413 2173 584 2246; x_wconf 87' lang='lat' dir='ltr'><strong>quod</strong></span> <span class='ocrx_word' id='word_1_158' title='bbox 612 2180 699 2229; x_wconf 91' lang='lat' dir='ltr'><strong>est</strong></span> <span class='ocrx_word' id='word_1_159' title='bbox 737 2168 1113 2226; x_wconf 65' lang='lat' dir='ltr'><strong>inobedientite</strong></span> <span class='ocrx_word' id='word_1_160' title='bbox 1141 2165 1371 2235; x_wconf 89' lang='lat' dir='ltr'><strong>primum</strong></span> <span class='ocrx_word' id='word_1_161' title='bbox 1398 2171 1452 2219; x_wconf 90' lang='lat' dir='ltr'><strong>et</strong></span> <span class='ocrx_word' id='word_1_162' title='bbox 1478 2162 1767 2218; x_wconf 85' lang='lat' dir='ltr'><strong>maximum</strong></span> <span class='ocrx_word' id='word_1_163' title='bbox 1795 2160 2035 2215; x_wconf 91' lang='lat' dir='ltr'><strong>malum?</strong></span> 
     </span>
    </p>
   </div>
   <div class='ocr_carea' id='block_1_21' title="bbox 413 2250 2035 2333">
    <p class='ocr_par' dir='ltr' id='par_1_21' title="bbox 413 2250 2035 2333">
     <span class='ocr_line' id='line_1_21' title="bbox 413 2250 2035 2333; baseline -0.01 -12"><span class='ocrx_word' id='word_1_164' title='bbox 413 2250 495 2321; x_wconf 73' lang='lat' dir='ltr'><strong>Et</strong></span> <span class='ocrx_word' id='word_1_165' title='bbox 544 2273 807 2333; x_wconf 84' lang='lat' dir='ltr'><strong>tanquam</strong></span> <span class='ocrx_word' id='word_1_166' title='bbox 836 2261 1060 2325; x_wconf 88' lang='lat' dir='ltr'><strong>dicens,</strong></span> <span class='ocrx_word' id='word_1_167' title='bbox 1104 2257 1253 2314; x_wconf 84' lang='lat' dir='ltr'><strong>Meus</strong></span> <span class='ocrx_word' id='word_1_168' title='bbox 1294 2271 1415 2312; x_wconf 90' lang='lat' dir='ltr'><strong>esse</strong></span> <span class='ocrx_word' id='word_1_169' title='bbox 1441 2254 1625 2320; x_wconf 93' lang='lat' dir='ltr'><strong>volui,</strong></span> <span class='ocrx_word' id='word_1_170' title='bbox 1671 2262 1726 2308; x_wconf 92' lang='lat' dir='ltr'><strong>et</strong></span> <span class='ocrx_word' id='word_1_171' title='bbox 1767 2251 2035 2322; x_wconf 85' lang='lat' dir='ltr'><strong>perditum</strong></span> 
     </span>
    </p>
   </div>
   <div class='ocr_carea' id='block_1_22' title="bbox 410 2343 2037 2419">
    <p class='ocr_par' dir='ltr' id='par_1_22' title="bbox 410 2343 2037 2419">
     <span class='ocr_line' id='line_1_22' title="bbox 410 2343 2037 2419; baseline -0.01 -7"><span class='ocrx_word' id='word_1_172' title='bbox 410 2371 516 2412; x_wconf 86' lang='lat' dir='ltr'><strong>me</strong></span> <span class='ocrx_word' id='word_1_173' title='bbox 573 2354 678 2409; x_wconf 85' lang='lat' dir='ltr'><strong>feci</strong></span> <span class='ocrx_word' id='word_1_174' title='bbox 713 2372 726 2409; x_wconf 90' lang='lat'>:</span> <span class='ocrx_word' id='word_1_175' title='bbox 761 2351 899 2407; x_wconf 88' lang='lat' dir='ltr'><strong>Tuus</strong></span> <span class='ocrx_word' id='word_1_176' title='bbox 941 2367 1053 2406; x_wconf 88' lang='lat' dir='ltr'><strong>sum</strong></span> <span class='ocrx_word' id='word_1_177' title='bbox 1078 2390 1094 2417; x_wconf 91' lang='lat'><strong>,</strong></span> <span class='ocrx_word' id='word_1_178' title='bbox 1144 2347 1354 2419; x_wconf 89' lang='lat' dir='ltr'><strong>inquit,</strong></span> <span class='ocrx_word' id='word_1_179' title='bbox 1402 2347 1598 2402; x_wconf 85' lang='lat' dir='ltr'><strong>salvum</strong></span> <span class='ocrx_word' id='word_1_180' title='bbox 1641 2360 1721 2398; x_wconf 89' lang='lat' dir='ltr'><strong>me</strong></span> <span class='ocrx_word' id='word_1_181' title='bbox 1764 2347 1884 2414; x_wconf 84' lang='lat' dir='ltr'><strong>fac,</strong></span> <span class='ocrx_word' id='word_1_182' title='bbox 1915 2343 2037 2410; x_wconf 83' lang='lat' dir='ltr'><strong>quia</strong></span> 
     </span>
    </p>
   </div>
   <div class='ocr_carea' id='block_1_23' title="bbox 410 2437 2032 2517">
    <p class='ocr_par' dir='ltr' id='par_1_23' title="bbox 410 2437 2032 2517">
     <span class='ocr_line' id='line_1_23' title="bbox 410 2437 2032 2517; baseline -0.007 -17"><span class='ocrx_word' id='word_1_183' title='bbox 410 2446 827 2517; x_wconf 80' lang='lat' dir='ltr'><strong>iustiﬁcationes</strong></span> <span class='ocrx_word' id='word_1_184' title='bbox 866 2452 980 2496; x_wconf 87' lang='lat' dir='ltr'><strong>tuas</strong></span> <span class='ocrx_word' id='word_1_185' title='bbox 1022 2439 1307 2511; x_wconf 74' lang='lat' dir='ltr'><strong>exquisivi;</strong></span> <span class='ocrx_word' id='word_1_186' title='bbox 1344 2452 1453 2493; x_wconf 89' lang='lat' dir='ltr'><strong>non</strong></span> <span class='ocrx_word' id='word_1_187' title='bbox 1501 2437 1803 2493; x_wconf 88' lang='lat' dir='ltr'><strong>voluntates</strong></span> <span class='ocrx_word' id='word_1_188' title='bbox 1845 2449 1993 2490; x_wconf 90' lang='lat' dir='ltr'><strong>meas</strong></span> <span class='ocrx_word' id='word_1_189' title='bbox 2016 2476 2032 2501; x_wconf 91' lang='lat'><strong>,</strong></span> 
     </span>
    </p>
   </div>
   <div class='ocr_carea' id='block_1_24' title="bbox 412 2529 2035 2608">
    <p class='ocr_par' dir='ltr' id='par_1_24' title="bbox 412 2529 2035 2608">
     <span class='ocr_line' id='line_1_24' title="bbox 412 2529 2035 2608; baseline -0.006 -17"><span class='ocrx_word' id='word_1_190' title='bbox 412 2536 637 2608; x_wconf 84' lang='lat' dir='ltr'><strong>quibus</strong></span> <span class='ocrx_word' id='word_1_191' title='bbox 686 2534 759 2589; x_wconf 90' lang='lat' dir='ltr'><strong>fui</strong></span> <span class='ocrx_word' id='word_1_192' title='bbox 788 2547 938 2589; x_wconf 89' lang='lat' dir='ltr'><strong>meus</strong></span> <span class='ocrx_word' id='word_1_193' title='bbox 961 2574 977 2601; x_wconf 93' lang='lat'><strong>,</strong></span> <span class='ocrx_word' id='word_1_194' title='bbox 1010 2531 1104 2587; x_wconf 88' lang='lat' dir='ltr'><strong>sed</strong></span> <span class='ocrx_word' id='word_1_195' title='bbox 1141 2529 1529 2602; x_wconf 85' lang='lat' dir='ltr'><strong>justiﬁcaliones</strong></span> <span class='ocrx_word' id='word_1_196' title='bbox 1575 2536 1689 2583; x_wconf 85' lang='lat' dir='ltr'><strong>tuas</strong></span> <span class='ocrx_word' id='word_1_197' title='bbox 1711 2568 1725 2595; x_wconf 86' lang='lat'><strong>,</strong></span> <span class='ocrx_word' id='word_1_198' title='bbox 1757 2534 1816 2582; x_wconf 87' lang='lat' dir='ltr'><strong>ut</strong></span> <span class='ocrx_word' id='word_1_199' title='bbox 1860 2541 2035 2583; x_wconf 84' lang='lat' dir='ltr'><strong>essem</strong></span> 
     </span>
    </p>
   </div>
   <div class='ocr_carea' id='block_1_25' title="bbox 412 2626 724 2697">
    <p class='ocr_par' dir='ltr' id='par_1_25' title="bbox 412 2626 724 2697">
     <span class='ocr_line' id='line_1_25' title="bbox 412 2626 724 2697; baseline -0.006 -15"><span class='ocrx_word' id='word_1_200' title='bbox 412 2626 542 2697; x_wconf 85' lang='lat' dir='ltr'><strong>iam</strong></span> <span class='ocrx_word' id='word_1_201' title='bbox 580 2634 724 2681; x_wconf 90' lang='lat' dir='ltr'><strong>tuus.</strong></span> 
     </span>
    </p>
   </div>
   <div class='ocr_carea' id='block_1_26' title="bbox 501 2712 2034 2789">
    <p class='ocr_par' dir='ltr' id='par_1_26' title="bbox 501 2712 2034 2789">
     <span class='ocr_line' id='line_1_26' title="bbox 501 2712 2034 2789; baseline -0.006 -17"><span class='ocrx_word' id='word_1_202' title='bbox 501 2719 567 2772; x_wconf 84' lang='lat'><strong>7.</strong></span> <span class='ocrx_word' id='word_1_203' title='bbox 605 2714 760 2789; x_wconf 85' lang='lat' dir='ltr'><strong>[vers.</strong></span> <span class='ocrx_word' id='word_1_204' title='bbox 790 2713 908 2788; x_wconf 86' lang='lat'><strong>95.]</strong></span> <span class='ocrx_word' id='word_1_205' title='bbox 938 2712 1044 2780; x_wconf 83' lang='lat' dir='ltr'><strong>Me,</strong></span> <span class='ocrx_word' id='word_1_206' title='bbox 1077 2712 1265 2784; x_wconf 88' lang='lat' dir='ltr'><strong>inquit,</strong></span> <span class='ocrx_word' id='word_1_207' title='bbox 1295 2718 1704 2782; x_wconf 72' lang='lat' dir='ltr'><strong>exspectaverunt</strong></span> <span class='ocrx_word' id='word_1_208' title='bbox 1729 2718 2034 2781; x_wconf 86' lang='lat' dir='ltr'><strong>peccatores,</strong></span> 
     </span>
    </p>
   </div>
   <div class='ocr_carea' id='block_1_27' title="bbox 414 2800 2038 2879">
    <p class='ocr_par' dir='ltr' id='par_1_27' title="bbox 414 2800 2038 2879">
     <span class='ocr_line' id='line_1_27' title="bbox 414 2800 2038 2879; baseline -0.006 -16"><span class='ocrx_word' id='word_1_209' title='bbox 414 2818 482 2863; x_wconf 77' lang='lat' dir='ltr'><strong>stt</strong></span> <span class='ocrx_word' id='word_1_210' title='bbox 513 2808 791 2879; x_wconf 79' lang='lat' dir='ltr'><strong>perderent</strong></span> <span class='ocrx_word' id='word_1_211' title='bbox 831 2821 951 2872; x_wconf 88' lang='lat' dir='ltr'><strong>me;</strong></span> <span class='ocrx_word' id='word_1_212' title='bbox 980 2804 1264 2860; x_wconf 88' lang='lat' dir='ltr'><strong>testimonia</strong></span> <span class='ocrx_word' id='word_1_213' title='bbox 1306 2811 1470 2857; x_wconf 87' lang='lat' dir='ltr'><strong>autem</strong></span> <span class='ocrx_word' id='word_1_214' title='bbox 1500 2811 1588 2857; x_wconf 90' lang='lat' dir='ltr'><strong>tua</strong></span> <span class='ocrx_word' id='word_1_215' title='bbox 1625 2802 1868 2856; x_wconf 78' lang='lat' dir='ltr'><strong>intellexi.</strong></span> <span class='ocrx_word' id='word_1_216' title='bbox 1898 2800 2038 2867; x_wconf 87' lang='lat' dir='ltr'><strong>Quid</strong></span> 
     </span>
    </p>
   </div>
   <div class='ocr_carea' id='block_1_28' title="bbox 416 2893 2037 2967">
    <p class='ocr_par' dir='ltr' id='par_1_28' title="bbox 416 2893 2037 2967">
     <span class='ocr_line' id='line_1_28' title="bbox 416 2893 2037 2967; baseline -0.004 -11"><span class='ocrx_word' id='word_1_217' title='bbox 416 2911 516 2956; x_wconf 87' lang='lat' dir='ltr'><strong>est</strong></span> <span class='ocrx_word' id='word_1_218' title='bbox 545 2940 565 2965; x_wconf 91' lang='lat'><strong>,</strong></span> <span class='ocrx_word' id='word_1_219' title='bbox 613 2906 1062 2966; x_wconf 73' lang='lat' dir='ltr'><strong>exspectaverunt,</strong></span> <span class='ocrx_word' id='word_1_220' title='bbox 1092 2906 1151 2951; x_wconf 86' lang='lat' dir='ltr'><strong>ut</strong></span> <span class='ocrx_word' id='word_1_221' title='bbox 1198 2894 1506 2967; x_wconf 83' lang='lat' dir='ltr'><strong>perderent?</strong></span> <span class='ocrx_word' id='word_1_222' title='bbox 1532 2909 1601 2949; x_wconf 93' lang='lat' dir='ltr'><strong>an</strong></span> <span class='ocrx_word' id='word_1_223' title='bbox 1641 2893 1788 2950; x_wconf 90' lang='lat' dir='ltr'><strong>velut</strong></span> <span class='ocrx_word' id='word_1_224' title='bbox 1830 2893 2037 2949; x_wconf 86' lang='lat' dir='ltr'><strong>insidiis</strong></span> 
     </span>
    </p>
   </div>
   <div class='ocr_carea' id='block_1_29' title="bbox 419 2985 2035 3058">
    <p class='ocr_par' dir='ltr' id='par_1_29' title="bbox 419 2985 2035 3058">
     <span class='ocr_line' id='line_1_29' title="bbox 419 2985 2035 3058; baseline -0.005 -10"><span class='ocrx_word' id='word_1_225' title='bbox 419 2990 773 3048; x_wconf 84' lang='lat' dir='ltr'><strong>obsederunt</strong></span> <span class='ocrx_word' id='word_1_226' title='bbox 796 2990 935 3044; x_wconf 87' lang='lat' dir='ltr'><strong>viam</strong></span> <span class='ocrx_word' id='word_1_227' title='bbox 956 3030 975 3057; x_wconf 93' lang='lat'><strong>,</strong></span> <span class='ocrx_word' id='word_1_228' title='bbox 1019 2996 1393 3058; x_wconf 79' lang='lat' dir='ltr'><strong>exSpectantes</strong></span> <span class='ocrx_word' id='word_1_229' title='bbox 1423 2996 1480 3042; x_wconf 92' lang='lat' dir='ltr'><strong>ut</strong></span> <span class='ocrx_word' id='word_1_230' title='bbox 1504 2985 1717 3058; x_wconf 86' lang='lat' dir='ltr'><strong>quando</strong></span> <span class='ocrx_word' id='word_1_231' title='bbox 1744 2985 2035 3051; x_wconf 88' lang='lat' dir='ltr'><strong>transiret,</strong></span> 
     </span>
    </p>
   </div>
   <div class='ocr_carea' id='block_1_30' title="bbox 421 3077 2040 3149">
    <p class='ocr_par' dir='ltr' id='par_1_30' title="bbox 421 3077 2040 3149">
     <span class='ocr_line' id='line_1_30' title="bbox 421 3077 2040 3149; baseline -0.004 -12"><span class='ocrx_word' id='word_1_232' title='bbox 421 3080 802 3137; x_wconf 84' lang='lat' dir='ltr'><strong>occiderent?</strong></span> <span class='ocrx_word' id='word_1_233' title='bbox 827 3078 1090 3149; x_wconf 83' lang='lat' dir='ltr'><strong>Numquid</strong></span> <span class='ocrx_word' id='word_1_234' title='bbox 1118 3092 1246 3149; x_wconf 92' lang='lat' dir='ltr'><strong>ergo</strong></span> <span class='ocrx_word' id='word_1_235' title='bbox 1267 3085 1441 3134; x_wconf 89' lang='lat' dir='ltr'><strong>morte</strong></span> <span class='ocrx_word' id='word_1_236' title='bbox 1459 3078 1701 3148; x_wconf 91' lang='lat' dir='ltr'><strong>corporis</strong></span> <span class='ocrx_word' id='word_1_237' title='bbox 1726 3077 1899 3148; x_wconf 89' lang='lat' dir='ltr'><strong>perire</strong></span> <span class='ocrx_word' id='word_1_238' title='bbox 1926 3091 2040 3131; x_wconf 83' lang='lat' dir='ltr'><strong>me-</strong></span> 
     </span>
    </p>
   </div>
   <div class='ocr_carea' id='block_1_31' title="bbox 426 3168 2040 3240">
    <p class='ocr_par' dir='ltr' id='par_1_31' title="bbox 426 3168 2040 3240">
     <span class='ocr_line' id='line_1_31' title="bbox 426 3168 2040 3240; baseline -0.004 -11"><span class='ocrx_word' id='word_1_239' title='bbox 426 3172 675 3229; x_wconf 81' lang='lat' dir='ltr'><strong>luebat?</strong></span> <span class='ocrx_word' id='word_1_240' title='bbox 702 3171 875 3228; x_wconf 86' lang='lat' dir='ltr'><strong>Absit.</strong></span> <span class='ocrx_word' id='word_1_241' title='bbox 920 3169 989 3226; x_wconf 86' lang='lat' dir='ltr'><strong>Et</strong></span> <span class='ocrx_word' id='word_1_242' title='bbox 1015 3169 1142 3240; x_wconf 91' lang='lat' dir='ltr'><strong>quid</strong></span> <span class='ocrx_word' id='word_1_243' title='bbox 1168 3178 1289 3236; x_wconf 91' lang='lat' dir='ltr'><strong>est,</strong></span> <span class='ocrx_word' id='word_1_244' title='bbox 1334 3186 1413 3224; x_wconf 90' lang='lat' dir='ltr'><strong>me</strong></span> <span class='ocrx_word' id='word_1_245' title='bbox 1453 3177 1901 3239; x_wconf 76' lang='lat' dir='ltr'><strong>exspectaverunt,</strong></span> <span class='ocrx_word' id='word_1_246' title='bbox 1937 3168 2040 3222; x_wconf 92' lang='lat' dir='ltr'><strong>nisi</strong></span> 
     </span>
    </p>
   </div>
   <div class='ocr_carea' id='block_1_32' title="bbox 432 3260 2039 3331">
    <p class='ocr_par' dir='ltr' id='par_1_32' title="bbox 432 3260 2039 3331">
     <span class='ocr_line' id='line_1_32' title="bbox 432 3260 2039 3331; baseline -0.004 -10"><span class='ocrx_word' id='word_1_247' title='bbox 432 3275 498 3321; x_wconf 89' lang='lat' dir='ltr'><strong>ut</strong></span> <span class='ocrx_word' id='word_1_248' title='bbox 548 3265 633 3320; x_wconf 88' lang='lat' dir='ltr'><strong>eis</strong></span> <span class='ocrx_word' id='word_1_249' title='bbox 679 3262 745 3318; x_wconf 88' lang='lat' dir='ltr'><strong>ad</strong></span> <span class='ocrx_word' id='word_1_250' title='bbox 794 3262 992 3319; x_wconf 88' lang='lat' dir='ltr'><strong>malum</strong></span> <span class='ocrx_word' id='word_1_251' title='bbox 1036 3262 1414 3317; x_wconf 88' lang='lat' dir='ltr'><strong>consentiret?</strong></span> <span class='ocrx_word' id='word_1_252' title='bbox 1458 3262 1608 3317; x_wconf 87' lang='lat' dir='ltr'><strong>Tunc</strong></span> <span class='ocrx_word' id='word_1_253' title='bbox 1657 3262 1798 3317; x_wconf 90' lang='lat' dir='ltr'><strong>enim</strong></span> <span class='ocrx_word' id='word_1_254' title='bbox 1846 3260 2039 3331; x_wconf 88' lang='lat' dir='ltr'><strong>perde-</strong></span> 
     </span>
    </p>
   </div>
   <div class='ocr_carea' id='block_1_33' title="bbox 436 3350 2043 3423">
    <p class='ocr_par' dir='ltr' id='par_1_33' title="bbox 436 3350 2043 3423">
     <span class='ocr_line' id='line_1_33' title="bbox 436 3350 2043 3423; baseline -0.004 -11"><span class='ocrx_word' id='word_1_255' title='bbox 436 3364 589 3412; x_wconf 85' lang='lat' dir='ltr'><strong>rent.</strong></span> <span class='ocrx_word' id='word_1_256' title='bbox 642 3353 795 3410; x_wconf 88' lang='lat' dir='ltr'><strong>Unde</strong></span> <span class='ocrx_word' id='word_1_257' title='bbox 838 3363 1017 3409; x_wconf 90' lang='lat' dir='ltr'><strong>autem</strong></span> <span class='ocrx_word' id='word_1_258' title='bbox 1065 3369 1173 3408; x_wconf 91' lang='lat' dir='ltr'><strong>non</strong></span> <span class='ocrx_word' id='word_1_259' title='bbox 1219 3353 1437 3423; x_wconf 89' lang='lat' dir='ltr'><strong>perierit</strong></span> <span class='ocrx_word' id='word_1_260' title='bbox 1480 3352 1619 3408; x_wconf 82' lang='lat' dir='ltr'><strong>dixit</strong></span> <span class='ocrx_word' id='word_1_261' title='bbox 1667 3366 1680 3406; x_wconf 90' lang='lat'><strong>:</strong></span> <span class='ocrx_word' id='word_1_262' title='bbox 1733 3350 2043 3407; x_wconf 87' lang='lat' dir='ltr'><strong>Testimonia</strong></span> 
     </span>
    </p>
   </div>
   <div class='ocr_carea' id='block_1_34' title="bbox 443 3443 2044 3513">
    <p class='ocr_par' dir='ltr' id='par_1_34' title="bbox 443 3443 2044 3513">
     <span class='ocr_line' id='line_1_34' title="bbox 443 3443 2044 3513; baseline -0.004 -10"><span class='ocrx_word' id='word_1_263' title='bbox 443 3458 538 3503; x_wconf 84' lang='lat' dir='ltr'><strong>tua</strong></span> <span class='ocrx_word' id='word_1_264' title='bbox 563 3447 807 3502; x_wconf 73' lang='lat' dir='ltr'><strong>intellexi.</strong></span> <span class='ocrx_word' id='word_1_265' title='bbox 827 3445 933 3502; x_wconf 88' lang='lat' dir='ltr'><strong>Sed</strong></span> <span class='ocrx_word' id='word_1_266' title='bbox 958 3444 1270 3500; x_wconf 81' lang='lat' dir='ltr'><strong>familiarius</strong></span> <span class='ocrx_word' id='word_1_267' title='bbox 1294 3443 1381 3499; x_wconf 90' lang='lat' dir='ltr'><strong>hic</strong></span> <span class='ocrx_word' id='word_1_268' title='bbox 1398 3443 1653 3499; x_wconf 61' lang='lat' dir='ltr'><strong>Ecclesiae</strong></span> <span class='ocrx_word' id='word_1_269' title='bbox 1678 3444 1894 3499; x_wconf 85' lang='lat' dir='ltr'><strong>auribus</strong></span> <span class='ocrx_word' id='word_1_270' title='bbox 1910 3459 2044 3513; x_wconf 68' lang='lat' dir='ltr'><strong>grte-</strong></span> 
     </span>
    </p>
   </div>
   <div class='ocr_carea' id='block_1_35' title="bbox 448 3536 2043 3609">
    <p class='ocr_par' dir='ltr' id='par_1_35' title="bbox 448 3536 2043 3609">
     <span class='ocr_line' id='line_1_35' title="bbox 448 3536 2043 3609; baseline -0.004 -11"><span class='ocrx_word' id='word_1_271' title='bbox 448 3557 575 3598; x_wconf 86' lang='lat' dir='ltr'><strong>cum</strong></span> <span class='ocrx_word' id='word_1_272' title='bbox 605 3540 828 3596; x_wconf 87' lang='lat' dir='ltr'><strong>verbum</strong></span> <span class='ocrx_word' id='word_1_273' title='bbox 858 3547 1051 3606; x_wconf 91' lang='lat' dir='ltr'><strong>sonat,</strong></span> <span class='ocrx_word' id='word_1_274' title='bbox 1084 3538 1339 3609; x_wconf 81' lang='lat' dir='ltr'><strong>Martyria</strong></span> <span class='ocrx_word' id='word_1_275' title='bbox 1382 3548 1468 3592; x_wconf 84' lang='lat' dir='ltr'><strong>tua</strong></span> <span class='ocrx_word' id='word_1_276' title='bbox 1495 3537 1740 3593; x_wconf 74' lang='lat' dir='ltr'><strong>intellexi.</strong></span> <span class='ocrx_word' id='word_1_277' title='bbox 1772 3536 1905 3605; x_wconf 89' lang='lat' dir='ltr'><strong>Quia</strong></span> <span class='ocrx_word' id='word_1_278' title='bbox 1934 3537 2043 3592; x_wconf 89' lang='lat' dir='ltr'><strong>sci-</strong></span> 
     </span>
    </p>
   </div>
   <div class='ocr_carea' id='block_1_36' title="bbox 453 3627 2043 3689">
    <p class='ocr_par' dir='ltr' id='par_1_36' title="bbox 453 3627 2043 3689">
     <span class='ocr_line' id='line_1_36' title="bbox 453 3627 2043 3689; baseline -0.003 -1"><span class='ocrx_word' id='word_1_279' title='bbox 453 3635 583 3689; x_wconf 92' lang='lat' dir='ltr'><strong>licet</strong></span> <span class='ocrx_word' id='word_1_280' title='bbox 634 3648 720 3689; x_wconf 90' lang='lat' dir='ltr'><strong>me</strong></span> <span class='ocrx_word' id='word_1_281' title='bbox 769 3632 870 3689; x_wconf 89' lang='lat' dir='ltr'><strong>sibi</strong></span> <span class='ocrx_word' id='word_1_282' title='bbox 926 3647 1033 3686; x_wconf 89' lang='lat' dir='ltr'><strong>non</strong></span> <span class='ocrx_word' id='word_1_283' title='bbox 1085 3629 1508 3685; x_wconf 89' lang='lat' dir='ltr'><strong>consentientem</strong></span> <span class='ocrx_word' id='word_1_284' title='bbox 1562 3628 1771 3684; x_wconf 90' lang='lat' dir='ltr'><strong>etiamsi</strong></span> <span class='ocrx_word' id='word_1_285' title='bbox 1828 3627 2043 3684; x_wconf 89' lang='lat' dir='ltr'><strong>occide-</strong></span> 
     </span>
    </p>
   </div>
   <div class='ocr_carea' id='block_1_37' title="bbox 456 3719 2045 3794">
    <p class='ocr_par' dir='ltr' id='par_1_37' title="bbox 456 3719 2045 3794">
     <span class='ocr_line' id='line_1_37' title="bbox 456 3719 2045 3794; baseline -0.003 -14"><span class='ocrx_word' id='word_1_286' title='bbox 456 3735 615 3789; x_wconf 90' lang='lat' dir='ltr'><strong>rent,</strong></span> <span class='ocrx_word' id='word_1_287' title='bbox 650 3732 736 3778; x_wconf 92' lang='lat' dir='ltr'><strong>tua</strong></span> <span class='ocrx_word' id='word_1_288' title='bbox 785 3722 1043 3794; x_wconf 88' lang='lat' dir='ltr'><strong>martyria</strong></span> <span class='ocrx_word' id='word_1_289' title='bbox 1087 3721 1349 3777; x_wconf 89' lang='lat' dir='ltr'><strong>conﬁtens</strong></span> <span class='ocrx_word' id='word_1_290' title='bbox 1394 3735 1504 3776; x_wconf 91' lang='lat' dir='ltr'><strong>non</strong></span> <span class='ocrx_word' id='word_1_291' title='bbox 1534 3721 1764 3791; x_wconf 89' lang='lat' dir='ltr'><strong>perirem</strong></span> <span class='ocrx_word' id='word_1_292' title='bbox 1799 3736 1812 3773; x_wconf 89' lang='lat'><strong>:</strong></span> <span class='ocrx_word' id='word_1_293' title='bbox 1844 3719 1939 3776; x_wconf 89' lang='lat' dir='ltr'><strong>sed</strong></span> <span class='ocrx_word' id='word_1_294' title='bbox 1970 3720 2045 3776; x_wconf 92' lang='lat' dir='ltr'><strong>illi</strong></span> 
     </span>
    </p>
   </div>
   <div class='ocr_carea' id='block_1_38' title="bbox 460 3812 2046 3887">
    <p class='ocr_par' dir='ltr' id='par_1_38' title="bbox 460 3812 2046 3887">
     <span class='ocr_line' id='line_1_38' title="bbox 460 3812 2046 3887; baseline -0.003 -16"><span class='ocrx_word' id='word_1_295' title='bbox 460 3817 549 3887; x_wconf 88' lang='lat' dir='ltr'><strong>qui</strong></span> <span class='ocrx_word' id='word_1_296' title='bbox 596 3824 656 3871; x_wconf 93' lang='lat' dir='ltr'><strong>ut</strong></span> <span class='ocrx_word' id='word_1_297' title='bbox 700 3814 1029 3885; x_wconf 91' lang='lat' dir='ltr'><strong>perderent,</strong></span> <span class='ocrx_word' id='word_1_298' title='bbox 1079 3813 1468 3884; x_wconf 80' lang='lat' dir='ltr'><strong>exspectabant</strong></span> <span class='ocrx_word' id='word_1_299' title='bbox 1513 3812 1725 3883; x_wconf 91' lang='lat' dir='ltr'><strong>quando</strong></span> <span class='ocrx_word' id='word_1_300' title='bbox 1771 3813 2046 3868; x_wconf 87' lang='lat' dir='ltr'><strong>consenti-</strong></span> 
     </span>
    </p>
   </div>
   <div class='ocr_carea' id='block_1_39' title="bbox 462 3901 2049 3976">
    <p class='ocr_par' dir='ltr' id='par_1_39' title="bbox 462 3901 2049 3976">
     <span class='ocr_line' id='line_1_39' title="bbox 462 3901 2049 3976; baseline -0.003 -15"><span class='ocrx_word' id='word_1_301' title='bbox 462 3921 572 3961; x_wconf 92' lang='lat' dir='ltr'><strong>rem</strong></span> <span class='ocrx_word' id='word_1_302' title='bbox 606 3947 623 3972; x_wconf 90' lang='lat'><strong>,</strong></span> <span class='ocrx_word' id='word_1_303' title='bbox 683 3904 1002 3976; x_wconf 88' lang='lat' dir='ltr'><strong>torquebant</strong></span> <span class='ocrx_word' id='word_1_304' title='bbox 1042 3904 1202 3960; x_wconf 90' lang='lat' dir='ltr'><strong>etiam</strong></span> <span class='ocrx_word' id='word_1_305' title='bbox 1231 3918 1354 3959; x_wconf 90' lang='lat' dir='ltr'><strong>cum</strong></span> <span class='ocrx_word' id='word_1_306' title='bbox 1400 3901 1707 3958; x_wconf 88' lang='lat' dir='ltr'><strong>conﬁterer.</strong></span> <span class='ocrx_word' id='word_1_307' title='bbox 1735 3902 1845 3957; x_wconf 88' lang='lat' dir='ltr'><strong>Nec</strong></span> <span class='ocrx_word' id='word_1_308' title='bbox 1868 3910 2049 3958; x_wconf 89' lang='lat' dir='ltr'><strong>tamen</strong></span> 
     </span>
    </p>
   </div>
   <div class='ocr_carea' id='block_1_40' title="bbox 462 3994 2049 4070">
    <p class='ocr_par' dir='ltr' id='par_1_40' title="bbox 462 3994 2049 4070">
     <span class='ocr_line' id='line_1_40' title="bbox 462 3994 2049 4070; baseline -0.004 -16"><span class='ocrx_word' id='word_1_309' title='bbox 462 3999 601 4070; x_wconf 90' lang='lat' dir='ltr'><strong>quod</strong></span> <span class='ocrx_word' id='word_1_310' title='bbox 630 3998 973 4054; x_wconf 79' lang='lat' dir='ltr'><strong>intellexerat</strong></span> <span class='ocrx_word' id='word_1_311' title='bbox 992 3996 1327 4067; x_wconf 86' lang='lat' dir='ltr'><strong>relinquebat</strong></span> <span class='ocrx_word' id='word_1_312' title='bbox 1351 3996 1564 4051; x_wconf 91' lang='lat' dir='ltr'><strong>intuens</strong></span> <span class='ocrx_word' id='word_1_313' title='bbox 1587 4003 1641 4050; x_wconf 89' lang='lat' dir='ltr'><strong>et</strong></span> <span class='ocrx_word' id='word_1_314' title='bbox 1662 3994 1852 4050; x_wconf 89' lang='lat' dir='ltr'><strong>videns</strong></span> <span class='ocrx_word' id='word_1_315' title='bbox 1866 3995 2049 4065; x_wconf 89' lang='lat' dir='ltr'><strong>utique</strong></span> 
     </span>
    </p>
   </div>
   <div class='ocr_carea' id='block_1_41' title="bbox 465 4085 1973 4160">
    <p class='ocr_par' dir='ltr' id='par_1_41' title="bbox 465 4085 1973 4160">
     <span class='ocr_line' id='line_1_41' title="bbox 465 4085 1973 4160; baseline -0.005 -12"><span class='ocrx_word' id='word_1_316' title='bbox 465 4091 577 4148; x_wconf 90' lang='lat' dir='ltr'><strong>sine</strong></span> <span class='ocrx_word' id='word_1_317' title='bbox 605 4091 711 4146; x_wconf 88' lang='lat' dir='ltr'><strong>ﬁne</strong></span> <span class='ocrx_word' id='word_1_318' title='bbox 740 4090 898 4145; x_wconf 89' lang='lat' dir='ltr'><strong>ﬁnem</strong></span> <span class='ocrx_word' id='word_1_319' title='bbox 918 4129 935 4156; x_wconf 94' lang='lat'><strong>,</strong></span> <span class='ocrx_word' id='word_1_320' title='bbox 982 4089 1027 4143; x_wconf 89' lang='lat' dir='ltr'><strong>si</strong></span> <span class='ocrx_word' id='word_1_321' title='bbox 1058 4095 1431 4160; x_wconf 88' lang='lat' dir='ltr'><strong>perseveraret</strong></span> <span class='ocrx_word' id='word_1_322' title='bbox 1460 4089 1477 4119; x_wconf 83' lang='grc'>¹</span> <span class='ocrx_word' id='word_1_323' title='bbox 1509 4100 1677 4156; x_wconf 89' lang='lat' dir='ltr'><strong>usque</strong></span> <span class='ocrx_word' id='word_1_324' title='bbox 1706 4085 1760 4141; x_wconf 93' lang='lat' dir='ltr'><strong>in</strong></span> <span class='ocrx_word' id='word_1_325' title='bbox 1790 4086 1973 4140; x_wconf 90' lang='lat' dir='ltr'><strong>ﬁnem.</strong></span> 
     </span>
    </p>
   </div>
   <div class='ocr_carea' id='block_1_42' title="bbox 532 4178 2053 4257">
    <p class='ocr_par' dir='ltr' id='par_1_42' title="bbox 532 4178 2053 4257">
     <span class='ocr_line' id='line_1_42' title="bbox 532 4178 2053 4257; baseline -0.007 -16"><span class='ocrx_word' id='word_1_326' title='bbox 532 4184 586 4241; x_wconf 86' lang='lat'><strong>8.</strong></span> <span class='ocrx_word' id='word_1_327' title='bbox 629 4182 807 4257; x_wconf 74' lang='grc' dir='ltr'><strong>[νει-ε.</strong></span> <span class='ocrx_word' id='word_1_328' title='bbox 842 4182 932 4238; x_wconf 90' lang='lat'><strong>96.</strong></span> <span class='ocrx_word' id='word_1_329' title='bbox 958 4180 979 4256; x_wconf 93' lang='lat'><strong>]</strong></span> <span class='ocrx_word' id='word_1_330' title='bbox 1010 4181 1246 4252; x_wconf 84' lang='lat' dir='ltr'><strong>Denique</strong></span> <span class='ocrx_word' id='word_1_331' title='bbox 1293 4189 1507 4237; x_wconf 87' lang='lat' dir='ltr'><strong>secutus</strong></span> <span class='ocrx_word' id='word_1_332' title='bbox 1549 4178 1793 4249; x_wconf 84' lang='lat' dir='ltr'><strong>adjuuxit</strong></span> <span class='ocrx_word' id='word_1_333' title='bbox 1824 4196 1838 4233; x_wconf 91' lang='lat'><strong>:</strong></span> <span class='ocrx_word' id='word_1_334' title='bbox 1872 4178 2053 4234; x_wconf 83' lang='lat' dir='ltr'><strong>Omnis</strong></span> 
     </span>
    </p>
   </div>
   <div class='ocr_carea' id='block_1_43' title="bbox 468 4272 2054 4344">
    <p class='ocr_par' dir='ltr' id='par_1_43' title="bbox 468 4272 2054 4344">
     <span class='ocr_line' id='line_1_43' title="bbox 468 4272 2054 4344; baseline -0.004 -12"><span class='ocrx_word' id='word_1_335' title='bbox 468 4276 907 4333; x_wconf 77' lang='lat' dir='ltr'><strong>consummationis</strong></span> <span class='ocrx_word' id='word_1_336' title='bbox 964 4276 1066 4330; x_wconf 84' lang='lat' dir='ltr'><strong>uidi</strong></span> <span class='ocrx_word' id='word_1_337' title='bbox 1115 4275 1307 4344; x_wconf 88' lang='lat' dir='ltr'><strong>ﬁnem;</strong></span> <span class='ocrx_word' id='word_1_338' title='bbox 1364 4274 1524 4328; x_wconf 90' lang='lat' dir='ltr'><strong>latum</strong></span> <span class='ocrx_word' id='word_1_339' title='bbox 1574 4272 1870 4327; x_wconf 86' lang='lat' dir='ltr'><strong>mandatum</strong></span> <span class='ocrx_word' id='word_1_340' title='bbox 1914 4282 2054 4326; x_wconf 88' lang='lat' dir='ltr'><strong>tuum</strong></span> 
     </span>
    </p>
   </div>
   <div class='ocr_carea' id='block_1_44' title="bbox 467 4363 2055 4438">
    <p class='ocr_par' dir='ltr' id='par_1_44' title="bbox 467 4363 2055 4438">
     <span class='ocr_line' id='line_1_44' title="bbox 467 4363 2055 4438; baseline -0.004 -14"><span class='ocrx_word' id='word_1_341' title='bbox 467 4370 629 4424; x_wconf 74' lang='lat' dir='ltr'><strong>valde.</strong></span> <span class='ocrx_word' id='word_1_342' title='bbox 656 4369 951 4424; x_wconf 86' lang='lat' dir='ltr'><strong>lntraverat</strong></span> <span class='ocrx_word' id='word_1_343' title='bbox 981 4366 1176 4438; x_wconf 90' lang='lat' dir='ltr'><strong>quippe</strong></span> <span class='ocrx_word' id='word_1_344' title='bbox 1206 4366 1257 4420; x_wconf 93' lang='lat' dir='ltr'><strong>in</strong></span> <span class='ocrx_word' id='word_1_345' title='bbox 1289 4365 1642 4421; x_wconf 87' lang='lat' dir='ltr'><strong>sanctuarium</strong></span> <span class='ocrx_word' id='word_1_346' title='bbox 1667 4364 1782 4431; x_wconf 88' lang='lat' dir='ltr'><strong>Dei,</strong></span> <span class='ocrx_word' id='word_1_347' title='bbox 1815 4373 1869 4419; x_wconf 92' lang='lat' dir='ltr'><strong>et</strong></span> <span class='ocrx_word' id='word_1_348' title='bbox 1896 4363 2055 4419; x_wconf 85' lang='lat' dir='ltr'><strong>intel-</strong></span> 
     </span>
    </p>
   </div>
   <div class='ocr_carea' id='block_1_45' title="bbox 469 4458 2057 4532">
    <p class='ocr_par' dir='ltr' id='par_1_45' title="bbox 469 4458 2057 4532">
     <span class='ocr_line' id='line_1_45' title="bbox 469 4458 2057 4532; baseline -0.006 -11"><span class='ocrx_word' id='word_1_349' title='bbox 469 4466 670 4521; x_wconf 83' lang='lat' dir='ltr'><strong>lexerat</strong></span> <span class='ocrx_word' id='word_1_350' title='bbox 698 4464 751 4519; x_wconf 91' lang='lat' dir='ltr'><strong>in</strong></span> <span class='ocrx_word' id='word_1_351' title='bbox 774 4462 1060 4519; x_wconf 89' lang='lat' dir='ltr'><strong>novissima</strong></span> <span class='ocrx_word' id='word_1_352' title='bbox 1088 4461 1108 4532; x_wconf 94' lang='lat'><strong>(</strong></span> <span class='ocrx_word' id='word_1_353' title='bbox 1136 4458 1280 4514; x_wconf 89' lang='lat' dir='ltr'><strong>Psal.</strong></span> <span class='ocrx_word' id='word_1_354' title='bbox 1311 4474 1485 4527; x_wconf 76' lang='lat' dir='ltr'><strong>Lxxn,</strong></span> <span class='ocrx_word' id='word_1_355' title='bbox 1516 4458 1576 4513; x_wconf 90' lang='lat' dir='ltr'><strong>l7</strong></span> <span class='ocrx_word' id='word_1_356' title='bbox 1607 4458 1647 4527; x_wconf 95' lang='lat'><strong>).</strong></span> <span class='ocrx_word' id='word_1_357' title='bbox 1670 4458 1855 4515; x_wconf 88' lang='lat' dir='ltr'><strong>Omnis</strong></span> <span class='ocrx_word' id='word_1_358' title='bbox 1877 4468 2057 4513; x_wconf 90' lang='lat' dir='ltr'><strong>autem</strong></span> 
     </span>
    </p>
   </div>
   <div class='ocr_carea' id='block_1_46' title="bbox 469 4548 2055 4619">
    <p class='ocr_par' dir='ltr' id='par_1_46' title="bbox 469 4548 2055 4619">
     <span class='ocr_line' id='line_1_46' title="bbox 469 4548 2055 4619; baseline -0.006 -8"><span class='ocrx_word' id='word_1_359' title='bbox 469 4555 859 4611; x_wconf 85' lang='lat' dir='ltr'><strong>consummatio</strong></span> <span class='ocrx_word' id='word_1_360' title='bbox 908 4552 1040 4608; x_wconf 91' lang='lat' dir='ltr'><strong>mihi</strong></span> <span class='ocrx_word' id='word_1_361' title='bbox 1087 4550 1295 4606; x_wconf 88' lang='lat' dir='ltr'><strong>videtur</strong></span> <span class='ocrx_word' id='word_1_362' title='bbox 1347 4549 1450 4606; x_wconf 91' lang='lat' dir='ltr'><strong>hoc</strong></span> <span class='ocrx_word' id='word_1_363' title='bbox 1504 4550 1624 4605; x_wconf 92' lang='lat' dir='ltr'><strong>loco</strong></span> <span class='ocrx_word' id='word_1_364' title='bbox 1679 4548 2055 4619; x_wconf 89' lang='lat' dir='ltr'><strong>intelligenda,</strong></span> 
     </span>
    </p>
   </div>
   <div class='ocr_carea' id='block_1_47' title="bbox 471 4640 2057 4718">
    <p class='ocr_par' dir='ltr' id='par_1_47' title="bbox 471 4640 2057 4718">
     <span class='ocr_line' id='line_1_47' title="bbox 471 4640 2057 4718; baseline -0.004 -16"><span class='ocrx_word' id='word_1_365' title='bbox 471 4662 638 4718; x_wconf 87' lang='lat' dir='ltr'><strong>usque</strong></span> <span class='ocrx_word' id='word_1_366' title='bbox 669 4646 737 4702; x_wconf 93' lang='lat' dir='ltr'><strong>ad</strong></span> <span class='ocrx_word' id='word_1_367' title='bbox 770 4653 997 4701; x_wconf 90' lang='lat' dir='ltr'><strong>mortem</strong></span> <span class='ocrx_word' id='word_1_368' title='bbox 1025 4657 1121 4715; x_wconf 89' lang='lat' dir='ltr'><strong>pro</strong></span> <span class='ocrx_word' id='word_1_369' title='bbox 1149 4643 1374 4698; x_wconf 88' lang='lat' dir='ltr'><strong>veritate</strong></span> <span class='ocrx_word' id='word_1_370' title='bbox 1398 4651 1604 4697; x_wconf 89' lang='lat' dir='ltr'><strong>certare</strong></span> <span class='ocrx_word' id='word_1_371' title='bbox 1625 4640 1810 4713; x_wconf 84' lang='lat' dir='ltr'><strong>(Eccli.</strong></span> <span class='ocrx_word' id='word_1_372' title='bbox 1841 4657 1912 4708; x_wconf 85' lang='lat' dir='ltr'><strong>tv,</strong></span> <span class='ocrx_word' id='word_1_373' title='bbox 1941 4641 2057 4711; x_wconf 76' lang='lat'><strong>53),</strong></span> 
     </span>
    </p>
   </div>
   <div class='ocr_carea' id='block_1_48' title="bbox 470 4730 2062 4809">
    <p class='ocr_par' dir='ltr' id='par_1_48' title="bbox 470 4730 2062 4809">
     <span class='ocr_line' id='line_1_48' title="bbox 470 4730 2062 4809; baseline -0.007 -14"><span class='ocrx_word' id='word_1_374' title='bbox 470 4748 525 4795; x_wconf 87' lang='lat' dir='ltr'><strong>et</strong></span> <span class='ocrx_word' id='word_1_375' title='bbox 553 4752 650 4809; x_wconf 90' lang='lat' dir='ltr'><strong>pro</strong></span> <span class='ocrx_word' id='word_1_376' title='bbox 680 4750 807 4792; x_wconf 87' lang='lat' dir='ltr'><strong>vero</strong></span> <span class='ocrx_word' id='word_1_377' title='bbox 828 4751 892 4790; x_wconf 91' lang='lat' dir='ltr'><strong>ac</strong></span> <span class='ocrx_word' id='word_1_378' title='bbox 916 4747 1127 4789; x_wconf 85' lang='lat' dir='ltr'><strong>summo</strong></span> <span class='ocrx_word' id='word_1_379' title='bbox 1154 4733 1295 4788; x_wconf 91' lang='lat' dir='ltr'><strong>bono</strong></span> <span class='ocrx_word' id='word_1_380' title='bbox 1320 4732 1458 4787; x_wconf 90' lang='lat' dir='ltr'><strong>mala</strong></span> <span class='ocrx_word' id='word_1_381' title='bbox 1482 4732 1659 4787; x_wconf 85' lang='lat' dir='ltr'><strong>omnia</strong></span> <span class='ocrx_word' id='word_1_382' title='bbox 1683 4730 1909 4787; x_wconf 90' lang='lat' dir='ltr'><strong>tolerare</strong></span> <span class='ocrx_word' id='word_1_383' title='bbox 1933 4748 1945 4784; x_wconf 87' lang='lat'><strong>:</strong></span> <span class='ocrx_word' id='word_1_384' title='bbox 1969 4745 2062 4785; x_wconf 82' lang='lat' dir='ltr'><strong>cu-</strong></span> 
     </span>
    </p>
   </div>
   <div class='ocr_carea' id='block_1_49' title="bbox 469 4820 2060 4901">
    <p class='ocr_par' dir='ltr' id='par_1_49' title="bbox 469 4820 2060 4901">
     <span class='ocr_line' id='line_1_49' title="bbox 469 4820 2060 4901; baseline -0.007 -16"><span class='ocrx_word' id='word_1_385' title='bbox 469 4831 554 4901; x_wconf 89' lang='lat' dir='ltr'><strong>jus</strong></span> <span class='ocrx_word' id='word_1_386' title='bbox 582 4826 1065 4884; x_wconf 88' lang='lat' dir='ltr'><strong>consummationis</strong></span> <span class='ocrx_word' id='word_1_387' title='bbox 1090 4824 1210 4880; x_wconf 88' lang='lat' dir='ltr'><strong>ﬁnis</strong></span> <span class='ocrx_word' id='word_1_388' title='bbox 1237 4832 1320 4879; x_wconf 91' lang='lat' dir='ltr'><strong>est</strong></span> <span class='ocrx_word' id='word_1_389' title='bbox 1344 4822 1606 4879; x_wconf 84' lang='lat' dir='ltr'><strong>excellere</strong></span> <span class='ocrx_word' id='word_1_390' title='bbox 1636 4822 1686 4877; x_wconf 91' lang='lat' dir='ltr'><strong>in</strong></span> <span class='ocrx_word' id='word_1_391' title='bbox 1714 4836 1879 4893; x_wconf 89' lang='lat' dir='ltr'><strong>regno</strong></span> <span class='ocrx_word' id='word_1_392' title='bbox 1902 4820 2060 4876; x_wconf 86' lang='lat' dir='ltr'><strong>Chri-</strong></span> 
     </span>
    </p>
   </div>
   <div class='ocr_carea' id='block_1_50' title="bbox 472 4913 2061 4991">
    <p class='ocr_par' dir='ltr' id='par_1_50' title="bbox 472 4913 2061 4991">
     <span class='ocr_line' id='line_1_50' title="bbox 472 4913 2061 4991; baseline -0.007 -13"><span class='ocrx_word' id='word_1_393' title='bbox 472 4922 562 4987; x_wconf 87' lang='lat' dir='ltr'><strong>sti,</strong></span> <span class='ocrx_word' id='word_1_394' title='bbox 595 4919 737 4991; x_wconf 87' lang='lat' dir='ltr'><strong>quod</strong></span> <span class='ocrx_word' id='word_1_395' title='bbox 768 4934 873 4975; x_wconf 92' lang='lat' dir='ltr'><strong>non</strong></span> <span class='ocrx_word' id='word_1_396' title='bbox 903 4918 1065 4973; x_wconf 88' lang='lat' dir='ltr'><strong>habet</strong></span> <span class='ocrx_word' id='word_1_397' title='bbox 1083 4918 1276 4981; x_wconf 89' lang='lat' dir='ltr'><strong>linem;</strong></span> <span class='ocrx_word' id='word_1_398' title='bbox 1308 4925 1362 4970; x_wconf 90' lang='lat' dir='ltr'><strong>et</strong></span> <span class='ocrx_word' id='word_1_399' title='bbox 1389 4913 1586 4970; x_wconf 88' lang='lat' dir='ltr'><strong>habere</strong></span> <span class='ocrx_word' id='word_1_400' title='bbox 1610 4914 1683 4968; x_wconf 88' lang='lat' dir='ltr'><strong>ibi</strong></span> <span class='ocrx_word' id='word_1_401' title='bbox 1711 4914 1827 4969; x_wconf 89' lang='lat' dir='ltr'><strong>sine</strong></span> <span class='ocrx_word' id='word_1_402' title='bbox 1854 4922 2061 4982; x_wconf 91' lang='lat' dir='ltr'><strong>morte,</strong></span> 
     </span>
    </p>
   </div>
   <div class='ocr_carea' id='block_1_51' title="bbox 473 5004 2066 5079">
    <p class='ocr_par' dir='ltr' id='par_1_51' title="bbox 473 5004 2066 5079">
     <span class='ocr_line' id='line_1_51' title="bbox 473 5004 2066 5079; baseline -0.006 -11"><span class='ocrx_word' id='word_1_403' title='bbox 473 5014 589 5069; x_wconf 86' lang='lat' dir='ltr'><strong>sine</strong></span> <span class='ocrx_word' id='word_1_404' title='bbox 614 5011 836 5077; x_wconf 88' lang='lat' dir='ltr'><strong>dolore,</strong></span> <span class='ocrx_word' id='word_1_405' title='bbox 863 5018 917 5066; x_wconf 91' lang='lat' dir='ltr'><strong>et</strong></span> <span class='ocrx_word' id='word_1_406' title='bbox 943 5024 1064 5064; x_wconf 90' lang='lat' dir='ltr'><strong>cum</strong></span> <span class='ocrx_word' id='word_1_407' title='bbox 1092 5022 1286 5079; x_wconf 88' lang='lat' dir='ltr'><strong>magno</strong></span> <span class='ocrx_word' id='word_1_408' title='bbox 1318 5007 1523 5062; x_wconf 85' lang='lat' dir='ltr'><strong>honore</strong></span> <span class='ocrx_word' id='word_1_409' title='bbox 1551 5004 1732 5069; x_wconf 89' lang='lat' dir='ltr'><strong>vitam,</strong></span> <span class='ocrx_word' id='word_1_410' title='bbox 1762 5013 1933 5059; x_wconf 91' lang='lat' dir='ltr'><strong>morte</strong></span> <span class='ocrx_word' id='word_1_411' title='bbox 1962 5004 2066 5059; x_wconf 80' lang='lat' dir='ltr'><strong>hu-</strong></span> 
     </span>
    </p>
   </div>
   <div class='ocr_carea' id='block_1_52' title="bbox 472 5095 2066 5175">
    <p class='ocr_par' dir='ltr' id='par_1_52' title="bbox 472 5095 2066 5175">
     <span class='ocr_line' id='line_1_52' title="bbox 472 5095 2066 5175; baseline -0.006 -15"><span class='ocrx_word' id='word_1_412' title='bbox 472 5105 558 5175; x_wconf 87' lang='lat' dir='ltr'><strong>jus</strong></span> <span class='ocrx_word' id='word_1_413' title='bbox 582 5103 706 5159; x_wconf 66' lang='lat' dir='ltr'><strong>vitae</strong></span> <span class='ocrx_word' id='word_1_414' title='bbox 735 5117 799 5158; x_wconf 89' lang='lat' dir='ltr'><strong>ac</strong></span> <span class='ocrx_word' id='word_1_415' title='bbox 830 5100 1104 5156; x_wconf 88' lang='lat' dir='ltr'><strong>doloribus</strong></span> <span class='ocrx_word' id='word_1_416' title='bbox 1132 5108 1187 5155; x_wconf 90' lang='lat' dir='ltr'><strong>et</strong></span> <span class='ocrx_word' id='word_1_417' title='bbox 1224 5098 1524 5169; x_wconf 90' lang='lat' dir='ltr'><strong>opprobriis</strong></span> <span class='ocrx_word' id='word_1_418' title='bbox 1551 5096 1883 5168; x_wconf 88' lang='lat' dir='ltr'><strong>acquisitam.</strong></span> <span class='ocrx_word' id='word_1_419' title='bbox 1913 5095 2066 5165; x_wconf 90' lang='lat' dir='ltr'><strong>Quod</strong></span> 
     </span>
    </p>
   </div>
   <div class='ocr_carea' id='block_1_53' title="bbox 477 5191 2067 5261">
    <p class='ocr_par' dir='ltr' id='par_1_53' title="bbox 477 5191 2067 5261">
     <span class='ocr_line' id='line_1_53' title="bbox 477 5191 2067 5261; baseline -0.005 -9"><span class='ocrx_word' id='word_1_420' title='bbox 477 5205 653 5252; x_wconf 88' lang='lat' dir='ltr'><strong>autem</strong></span> <span class='ocrx_word' id='word_1_421' title='bbox 675 5194 912 5261; x_wconf 89' lang='lat' dir='ltr'><strong>addidit,</strong></span> <span class='ocrx_word' id='word_1_422' title='bbox 946 5193 1129 5247; x_wconf 74' lang='lat' dir='ltr'><strong>Letum</strong></span> <span class='ocrx_word' id='word_1_423' title='bbox 1152 5192 1448 5246; x_wconf 86' lang='lat' dir='ltr'><strong>mandatum</strong></span> <span class='ocrx_word' id='word_1_424' title='bbox 1477 5202 1613 5245; x_wconf 85' lang='lat' dir='ltr'><strong>tuum</strong></span> <span class='ocrx_word' id='word_1_425' title='bbox 1636 5191 1820 5254; x_wconf 82' lang='lat' dir='ltr'><strong>valde;</strong></span> <span class='ocrx_word' id='word_1_426' title='bbox 1848 5204 1953 5245; x_wconf 90' lang='lat' dir='ltr'><strong>non</strong></span> <span class='ocrx_word' id='word_1_427' title='bbox 1983 5191 2067 5244; x_wconf 78' lang='lat' dir='ltr'><strong>in-</strong></span> 
     </span>
    </p>
   </div>
   <div class='ocr_carea' id='block_1_54' title="bbox 479 5282 2068 5360">
    <p class='ocr_par' dir='ltr' id='par_1_54' title="bbox 479 5282 2068 5360">
     <span class='ocr_line' id='line_1_54' title="bbox 479 5282 2068 5360; baseline -0.005 -17"><span class='ocrx_word' id='word_1_428' title='bbox 479 5288 660 5360; x_wconf 89' lang='lat' dir='ltr'><strong>telligo</strong></span> <span class='ocrx_word' id='word_1_429' title='bbox 691 5288 788 5343; x_wconf 91' lang='lat' dir='ltr'><strong>nisi</strong></span> <span class='ocrx_word' id='word_1_430' title='bbox 829 5286 1163 5341; x_wconf 89' lang='lat' dir='ltr'><strong>charitatem.</strong></span> <span class='ocrx_word' id='word_1_431' title='bbox 1186 5282 1323 5353; x_wconf 90' lang='lat' dir='ltr'><strong>Quid</strong></span> <span class='ocrx_word' id='word_1_432' title='bbox 1343 5283 1485 5339; x_wconf 91' lang='lat' dir='ltr'><strong>enim</strong></span> <span class='ocrx_word' id='word_1_433' title='bbox 1510 5282 1795 5353; x_wconf 90' lang='lat' dir='ltr'><strong>profuisset</strong></span> <span class='ocrx_word' id='word_1_434' title='bbox 1814 5296 2068 5352; x_wconf 91' lang='lat' dir='ltr'><strong>quacum-</strong></span> 
     </span>
    </p>
   </div>
   <div class='ocr_carea' id='block_1_55' title="bbox 479 5375 2069 5450">
    <p class='ocr_par' dir='ltr' id='par_1_55' title="bbox 479 5375 2069 5450">
     <span class='ocr_line' id='line_1_55' title="bbox 479 5375 2069 5450; baseline -0.004 -17"><span class='ocrx_word' id='word_1_435' title='bbox 479 5395 582 5450; x_wconf 91' lang='lat' dir='ltr'><strong>que</strong></span> <span class='ocrx_word' id='word_1_436' title='bbox 624 5388 796 5434; x_wconf 88' lang='lat' dir='ltr'><strong>morte</strong></span> <span class='ocrx_word' id='word_1_437' title='bbox 826 5378 1174 5443; x_wconf 88' lang='lat' dir='ltr'><strong>imminente,</strong></span> <span class='ocrx_word' id='word_1_438' title='bbox 1204 5384 1258 5431; x_wconf 89' lang='lat' dir='ltr'><strong>et</strong></span> <span class='ocrx_word' id='word_1_439' title='bbox 1302 5375 1441 5429; x_wconf 90' lang='lat' dir='ltr'><strong>inter</strong></span> <span class='ocrx_word' id='word_1_440' title='bbox 1480 5382 1908 5445; x_wconf 90' lang='lat' dir='ltr'><strong>quantacumque</strong></span> <span class='ocrx_word' id='word_1_441' title='bbox 1956 5381 2069 5428; x_wconf 78' lang='lat' dir='ltr'><strong>tor-</strong></span> 
     </span>
    </p>
   </div>
   <div class='ocr_carea' id='block_1_56' title="bbox 479 5462 2069 5541">
    <p class='ocr_par' dir='ltr' id='par_1_56' title="bbox 479 5462 2069 5541">
     <span class='ocr_line' id='line_1_56' title="bbox 479 5462 2069 5541; baseline -0.004 -16"><span class='ocrx_word' id='word_1_442' title='bbox 479 5477 660 5525; x_wconf 87' lang='lat' dir='ltr'><strong>menta</strong></span> <span class='ocrx_word' id='word_1_443' title='bbox 688 5469 775 5523; x_wconf 90' lang='lat' dir='ltr'><strong>illa</strong></span> <span class='ocrx_word' id='word_1_444' title='bbox 805 5468 1058 5541; x_wconf 81' lang='lat' dir='ltr'><strong>martyria</strong></span> <span class='ocrx_word' id='word_1_445' title='bbox 1083 5466 1346 5534; x_wconf 90' lang='lat' dir='ltr'><strong>conﬁteri,</strong></span> <span class='ocrx_word' id='word_1_446' title='bbox 1371 5465 1415 5521; x_wconf 86' lang='lat' dir='ltr'><strong>si</strong></span> <span class='ocrx_word' id='word_1_447' title='bbox 1433 5466 1662 5521; x_wconf 88' lang='lat' dir='ltr'><strong>charitas</strong></span> <span class='ocrx_word' id='word_1_448' title='bbox 1688 5465 1739 5519; x_wconf 91' lang='lat' dir='ltr'><strong>in</strong></span> <span class='ocrx_word' id='word_1_449' title='bbox 1780 5462 2069 5520; x_wconf 89' lang='lat' dir='ltr'><strong>conﬁtente</strong></span> 
     </span>
    </p>
   </div>
   <div class='ocr_carea' id='block_1_57' title="bbox 481 5557 2073 5630">
    <p class='ocr_par' dir='ltr' id='par_1_57' title="bbox 481 5557 2073 5630">
     <span class='ocr_line' id='line_1_57' title="bbox 481 5557 2073 5630; baseline -0.003 -16"><span class='ocrx_word' id='word_1_450' title='bbox 481 5575 588 5616; x_wconf 90' lang='lat' dir='ltr'><strong>non</strong></span> <span class='ocrx_word' id='word_1_451' title='bbox 623 5561 800 5616; x_wconf 88' lang='lat' dir='ltr'><strong>esset?</strong></span> <span class='ocrx_word' id='word_1_452' title='bbox 825 5560 1116 5615; x_wconf 84' lang='lat' dir='ltr'><strong>Audiamus</strong></span> <span class='ocrx_word' id='word_1_453' title='bbox 1146 5559 1457 5630; x_wconf 88' lang='lat' dir='ltr'><strong>Apostolum</strong></span> <span class='ocrx_word' id='word_1_454' title='bbox 1484 5577 1497 5612; x_wconf 91' lang='lat'>:</span> <span class='ocrx_word' id='word_1_455' title='bbox 1528 5557 1639 5611; x_wconf 82' lang='lat' dir='ltr'><strong>Etsi</strong></span> <span class='ocrx_word' id='word_1_456' title='bbox 1665 5557 1952 5623; x_wconf 86' lang='lat' dir='ltr'><strong>tradidero,</strong></span> <span class='ocrx_word' id='word_1_457' title='bbox 1982 5558 2073 5611; x_wconf 77' lang='lat' dir='ltr'><strong>in-</strong></span> 
     </span>
    </p>
   </div>
   <div class='ocr_carea' id='block_1_58' title="bbox 480 5648 2071 5722">
    <p class='ocr_par' dir='ltr' id='par_1_58' title="bbox 480 5648 2071 5722">
     <span class='ocr_line' id='line_1_58' title="bbox 480 5648 2071 5722; baseline -0.003 -16"><span class='ocrx_word' id='word_1_458' title='bbox 480 5651 630 5722; x_wconf 88' lang='lat' dir='ltr'><strong>quit,</strong></span> <span class='ocrx_word' id='word_1_459' title='bbox 660 5668 843 5722; x_wconf 88' lang='lat' dir='ltr'><strong>corpus</strong></span> <span class='ocrx_word' id='word_1_460' title='bbox 884 5668 1049 5705; x_wconf 89' lang='lat' dir='ltr'><strong>meum</strong></span> <span class='ocrx_word' id='word_1_461' title='bbox 1096 5660 1153 5704; x_wconf 89' lang='lat' dir='ltr'><strong>ut</strong></span> <span class='ocrx_word' id='word_1_462' title='bbox 1180 5651 1381 5707; x_wconf 89' lang='lat' dir='ltr'><strong>ardeam</strong></span> <span class='ocrx_word' id='word_1_463' title='bbox 1405 5690 1420 5718; x_wconf 93' lang='lat'><strong>,</strong></span> <span class='ocrx_word' id='word_1_464' title='bbox 1461 5648 1756 5703; x_wconf 84' lang='lat' dir='ltr'><strong>charitatem</strong></span> <span class='ocrx_word' id='word_1_465' title='bbox 1779 5657 1946 5703; x_wconf 89' lang='lat' dir='ltr'><strong>autem</strong></span> <span class='ocrx_word' id='word_1_466' title='bbox 1970 5663 2071 5702; x_wconf 84' lang='lat' dir='ltr'><strong>non</strong></span> 
     </span>
    </p>
   </div>
   <div class='ocr_carea' id='block_1_59' title="bbox 551 5806 2069 5875">
    <p class='ocr_par' dir='ltr' id='par_1_59' title="bbox 551 5806 2069 5875">
     <span class='ocr_line' id='line_1_59' title="bbox 551 5806 2069 5875; baseline 0.001 -16"><span class='ocrx_word' id='word_1_467' title='bbox 551 5810 570 5841; x_wconf 72' lang='grc'>⁸</span> <span class='ocrx_word' id='word_1_468' title='bbox 595 5810 668 5859; x_wconf 87' lang='lat' dir='ltr'><strong>sic</strong></span> <span class='ocrx_word' id='word_1_469' title='bbox 690 5809 1007 5875; x_wconf 64' lang='lat' dir='ltr'><strong>aliquotalss.</strong></span> <span class='ocrx_word' id='word_1_470' title='bbox 1046 5809 1132 5859; x_wconf 79' lang='lat' dir='ltr'><strong>Alii</strong></span> <span class='ocrx_word' id='word_1_471' title='bbox 1159 5822 1276 5858; x_wconf 87' lang='lat' dir='ltr'><strong>vero</strong></span> <span class='ocrx_word' id='word_1_472' title='bbox 1297 5822 1407 5860; x_wconf 92' lang='lat' dir='ltr'><strong>cum</strong></span> <span class='ocrx_word' id='word_1_473' title='bbox 1430 5808 1562 5870; x_wconf 81' lang='lat' dir='ltr'><strong>Fdd.,</strong></span> <span class='ocrx_word' id='word_1_474' title='bbox 1587 5806 1675 5861; x_wconf 84' lang='lat' dir='ltr'><strong>etsi</strong></span> <span class='ocrx_word' id='word_1_475' title='bbox 1697 5811 2027 5875; x_wconf 75' lang='lat' dir='ltr'><strong>perseveraret</strong></span> <span class='ocrx_word' id='word_1_476' title='bbox 2051 5817 2069 5861; x_wconf 89' lang='lat'><strong>.&#39;</strong></span> 
     </span>
    </p>
   </div>
   <div class='ocr_carea' id='block_1_60' title="bbox 486 5869 1280 5939">
    <p class='ocr_par' dir='ltr' id='par_1_60' title="bbox 486 5869 1280 5939">
     <span class='ocr_line' id='line_1_60' title="bbox 486 5869 1280 5939; baseline -0.008 -11"><span class='ocrx_word' id='word_1_477' title='bbox 486 5869 614 5928; x_wconf 70' lang='lat' dir='ltr'><strong>forte</strong></span> <span class='ocrx_word' id='word_1_478' title='bbox 639 5884 741 5937; x_wconf 84' lang='lat' dir='ltr'><strong>pro,</strong></span> <span class='ocrx_word' id='word_1_479' title='bbox 769 5869 821 5925; x_wconf 79' lang='lat' dir='ltr'><strong>ut</strong></span> <span class='ocrx_word' id='word_1_480' title='bbox 844 5870 912 5925; x_wconf 85' lang='lat' dir='ltr'><strong>sic</strong></span> <span class='ocrx_word' id='word_1_481' title='bbox 936 5877 1280 5939; x_wconf 80' lang='lat' dir='ltr'><strong>perseveraret.</strong></span> 
     </span>
    </p>
   </div>
   <div class='ocr_carea' id='block_1_61' title="bbox 1513 378 2636 447">
    <p class='ocr_par' dir='ltr' id='par_1_61' title="bbox 1513 378 2636 447">
     <span class='ocr_line' id='line_1_61' title="bbox 1513 378 2636 447; baseline -0.006 1"><span class='ocrx_word' id='word_1_482' title='bbox 1513 387 1908 447; x_wconf 79' lang='lat' dir='ltr'><strong>ENARRA&#39;I‘IO</strong></span> <span class='ocrx_word' id='word_1_483' title='bbox 1946 385 2011 443; x_wconf 86' lang='lat' dir='ltr'>IN</span> <span class='ocrx_word' id='word_1_484' title='bbox 2050 383 2372 443; x_wconf 70' lang='lat' dir='ltr'><strong>PSALMUM</strong></span> <span class='ocrx_word' id='word_1_485' title='bbox 2410 378 2636 444; x_wconf 79' lang='lat' dir='ltr'><strong>CXVIII.</strong></span> 
     </span>
    </p>
   </div>
   <div class='ocr_carea' id='block_1_62' title="bbox 3583 385 3720 449">
    <p class='ocr_par' dir='ltr' id='par_1_62' title="bbox 3583 385 3720 449">
     <span class='ocr_line' id='line_1_62' title="bbox 3583 385 3720 449; baseline 0 -2"><span class='ocrx_word' id='word_1_486' title='bbox 3583 385 3720 449; x_wconf 69' lang='lat' dir='ltr'><strong>I562</strong></span> 
     </span>
    </p>
   </div>
   <div class='ocr_carea' id='block_1_63' title="bbox 2134 495 3722 574">
    <p class='ocr_par' dir='ltr' id='par_1_63' title="bbox 2134 495 3722 574">
     <span class='ocr_line' id='line_1_63' title="bbox 2134 495 3722 574; baseline 0.005 -20"><span class='ocrx_word' id='word_1_487' title='bbox 2134 500 2345 557; x_wconf 83' lang='lat' dir='ltr'><strong>habeam</strong></span> <span class='ocrx_word' id='word_1_488' title='bbox 2371 542 2386 568; x_wconf 91' lang='lat'><strong>,</strong></span> <span class='ocrx_word' id='word_1_489' title='bbox 2417 501 2546 556; x_wconf 86' lang='lat' dir='ltr'><strong>nihil</strong></span> <span class='ocrx_word' id='word_1_490' title='bbox 2561 500 2697 555; x_wconf 72' lang='lat' dir='ltr'><strong>mihi</strong></span> <span class='ocrx_word' id='word_1_491' title='bbox 2720 498 2967 574; x_wconf 84' lang='lat' dir='ltr'><strong>prodesl(</strong></span> <span class='ocrx_word' id='word_1_492' title='bbox 2994 497 3012 553; x_wconf 91' lang='lat' dir='ltr'><strong>I</strong></span> <span class='ocrx_word' id='word_1_493' title='bbox 3040 495 3153 555; x_wconf 87' lang='lat' dir='ltr'><strong>Cor.</strong></span> <span class='ocrx_word' id='word_1_494' title='bbox 3180 513 3271 554; x_wconf 84' lang='lat' dir='ltr'><strong>xm</strong></span> <span class='ocrx_word' id='word_1_495' title='bbox 3300 543 3315 568; x_wconf 90' lang='lat'><strong>,</strong></span> <span class='ocrx_word' id='word_1_496' title='bbox 3347 496 3438 572; x_wconf 83' lang='lat'><strong>&#39;5).</strong></span> <span class='ocrx_word' id='word_1_497' title='bbox 3477 501 3722 563; x_wconf 83' lang='lat' dir='ltr'><strong>Charitas</strong></span> 
     </span>
    </p>
   </div>
   <div class='ocr_carea' id='block_1_64' title="bbox 2134 592 3721 667">
    <p class='ocr_par' dir='ltr' id='par_1_64' title="bbox 2134 592 3721 667">
     <span class='ocr_line' id='line_1_64' title="bbox 2134 592 3721 667; baseline 0.006 -22"><span class='ocrx_word' id='word_1_498' title='bbox 2134 602 2310 649; x_wconf 90' lang='lat' dir='ltr'><strong>autem</strong></span> <span class='ocrx_word' id='word_1_499' title='bbox 2335 592 2427 648; x_wconf 91' lang='lat' dir='ltr'><strong>Dei</strong></span> <span class='ocrx_word' id='word_1_500' title='bbox 2446 592 2637 648; x_wconf 83' lang='lat' dir='ltr'><strong>diffusa</strong></span> <span class='ocrx_word' id='word_1_501' title='bbox 2662 602 2745 649; x_wconf 90' lang='lat' dir='ltr'><strong>est</strong></span> <span class='ocrx_word' id='word_1_502' title='bbox 2770 593 2823 647; x_wconf 93' lang='lat' dir='ltr'><strong>in</strong></span> <span class='ocrx_word' id='word_1_503' title='bbox 2847 593 3099 650; x_wconf 91' lang='lat' dir='ltr'><strong>cordibus</strong></span> <span class='ocrx_word' id='word_1_504' title='bbox 3120 596 3315 650; x_wconf 88' lang='lat' dir='ltr'><strong>nostris</strong></span> <span class='ocrx_word' id='word_1_505' title='bbox 3343 610 3439 665; x_wconf 88' lang='lat' dir='ltr'><strong>per</strong></span> <span class='ocrx_word' id='word_1_506' title='bbox 3463 595 3721 667; x_wconf 84' lang='lat' dir='ltr'><strong>Spiritum</strong></span> 
     </span>
    </p>
   </div>
   <div class='ocr_carea' id='block_1_65' title="bbox 2135 684 3720 761">
    <p class='ocr_par' dir='ltr' id='par_1_65' title="bbox 2135 684 3720 761">
     <span class='ocr_line' id='line_1_65' title="bbox 2135 684 3720 761; baseline 0.006 -23"><span class='ocrx_word' id='word_1_507' title='bbox 2135 693 2377 739; x_wconf 90' lang='lat' dir='ltr'><strong>sanctum</strong></span> <span class='ocrx_word' id='word_1_508' title='bbox 2399 725 2415 749; x_wconf 96' lang='lat'><strong>,</strong></span> <span class='ocrx_word' id='word_1_509' title='bbox 2467 685 2559 754; x_wconf 89' lang='lat' dir='ltr'><strong>qui</strong></span> <span class='ocrx_word' id='word_1_510' title='bbox 2600 684 2755 741; x_wconf 88' lang='lat' dir='ltr'><strong>datus</strong></span> <span class='ocrx_word' id='word_1_511' title='bbox 2783 694 2866 741; x_wconf 92' lang='lat' dir='ltr'><strong>est</strong></span> <span class='ocrx_word' id='word_1_512' title='bbox 2890 685 3043 742; x_wconf 85' lang='lat' dir='ltr'><strong>nobis</strong></span> <span class='ocrx_word' id='word_1_513' title='bbox 3072 685 3093 761; x_wconf 88' lang='lat'>(</span> <span class='ocrx_word' id='word_1_514' title='bbox 3110 687 3261 743; x_wconf 81' lang='lat' dir='ltr'><strong>Rom.</strong></span> <span class='ocrx_word' id='word_1_515' title='bbox 3291 703 3347 755; x_wconf 91' lang='lat' dir='ltr'><strong>v,</strong></span> <span class='ocrx_word' id='word_1_516' title='bbox 3375 688 3469 761; x_wconf 81' lang='lat'><strong>5).</strong></span> <span class='ocrx_word' id='word_1_517' title='bbox 3523 688 3578 744; x_wconf 91' lang='lat' dir='ltr'><strong>In</strong></span> <span class='ocrx_word' id='word_1_518' title='bbox 3621 689 3720 747; x_wconf 88' lang='lat' dir='ltr'><strong>hac</strong></span> 
     </span>
    </p>
   </div>
   <div class='ocr_carea' id='block_1_66' title="bbox 2133 777 3722 853">
    <p class='ocr_par' dir='ltr' id='par_1_66' title="bbox 2133 777 3722 853">
     <span class='ocr_line' id='line_1_66' title="bbox 2133 777 3722 853; baseline 0.003 -19"><span class='ocrx_word' id='word_1_519' title='bbox 2133 778 2414 834; x_wconf 82' lang='lat' dir='ltr'><strong>diﬁusione</strong></span> <span class='ocrx_word' id='word_1_520' title='bbox 2438 777 2660 833; x_wconf 89' lang='lat' dir='ltr'><strong>latitudo</strong></span> <span class='ocrx_word' id='word_1_521' title='bbox 2688 787 2801 840; x_wconf 81' lang='lat' dir='ltr'><strong>est,</strong></span> <span class='ocrx_word' id='word_1_522' title='bbox 2833 780 2885 835; x_wconf 94' lang='lat' dir='ltr'><strong>in</strong></span> <span class='ocrx_word' id='word_1_523' title='bbox 2914 794 3018 851; x_wconf 92' lang='lat' dir='ltr'><strong>qua</strong></span> <span class='ocrx_word' id='word_1_524' title='bbox 3047 781 3163 837; x_wconf 90' lang='lat' dir='ltr'><strong>sine</strong></span> <span class='ocrx_word' id='word_1_525' title='bbox 3187 782 3441 853; x_wconf 88' lang='lat' dir='ltr'><strong>angustiis</strong></span> <span class='ocrx_word' id='word_1_526' title='bbox 3470 783 3552 837; x_wconf 89' lang='lat' dir='ltr'><strong>via</strong></span> <span class='ocrx_word' id='word_1_527' title='bbox 3582 798 3722 853; x_wconf 82' lang='lat' dir='ltr'><strong>quo-</strong></span> 
     </span>
    </p>
   </div>
   <div class='ocr_carea' id='block_1_67' title="bbox 2134 868 3719 953">
    <p class='ocr_par' dir='ltr' id='par_1_67' title="bbox 2134 868 3719 953">
     <span class='ocr_line' id='line_1_67' title="bbox 2134 868 3719 953; baseline 0.006 -31"><span class='ocrx_word' id='word_1_528' title='bbox 2134 882 2238 940; x_wconf 85' lang='lat' dir='ltr'><strong>que</strong></span> <span class='ocrx_word' id='word_1_529' title='bbox 2264 868 2565 923; x_wconf 85' lang='lat' dir='ltr'><strong>ambulatur</strong></span> <span class='ocrx_word' id='word_1_530' title='bbox 2589 877 2810 939; x_wconf 90' lang='lat' dir='ltr'><strong>angusta</strong></span> <span class='ocrx_word' id='word_1_531' title='bbox 2840 909 2856 936; x_wconf 96' lang='lat'><strong>,</strong></span> <span class='ocrx_word' id='word_1_532' title='bbox 2884 868 3115 928; x_wconf 87' lang='lat' dir='ltr'><strong>donante</strong></span> <span class='ocrx_word' id='word_1_533' title='bbox 3141 873 3241 953; x_wconf 62' lang='lat' dir='ltr'><strong>illo~</strong></span> <span class='ocrx_word' id='word_1_534' title='bbox 3259 873 3343 929; x_wconf 93' lang='lat' dir='ltr'><strong>cui</strong></span> <span class='ocrx_word' id='word_1_535' title='bbox 3369 873 3567 929; x_wconf 90' lang='lat' dir='ltr'><strong>dictum</strong></span> <span class='ocrx_word' id='word_1_536' title='bbox 3592 884 3676 932; x_wconf 90' lang='lat' dir='ltr'><strong>est</strong></span> <span class='ocrx_word' id='word_1_537' title='bbox 3698 914 3719 948; x_wconf 88' lang='lat'><strong>,</strong></span> 
     </span>
    </p>
   </div>
   <div class='ocr_carea' id='block_1_68' title="bbox 2135 961 3717 1036">
    <p class='ocr_par' dir='ltr' id='par_1_68' title="bbox 2135 961 3717 1036">
     <span class='ocr_line' id='line_1_68' title="bbox 2135 961 3717 1036; baseline 0.002 -19"><span class='ocrx_word' id='word_1_538' title='bbox 2135 961 2376 1017; x_wconf 88' lang='lat' dir='ltr'><strong>Dilatasti</strong></span> <span class='ocrx_word' id='word_1_539' title='bbox 2399 977 2597 1032; x_wconf 84' lang='lat' dir='ltr'><strong>gressus</strong></span> <span class='ocrx_word' id='word_1_540' title='bbox 2624 977 2761 1014; x_wconf 89' lang='lat' dir='ltr'><strong>meos</strong></span> <span class='ocrx_word' id='word_1_541' title='bbox 2784 961 2951 1015; x_wconf 87' lang='lat' dir='ltr'><strong>subter</strong></span> <span class='ocrx_word' id='word_1_542' title='bbox 2975 977 3054 1015; x_wconf 89' lang='lat' dir='ltr'><strong>me</strong></span> <span class='ocrx_word' id='word_1_543' title='bbox 3072 1002 3088 1027; x_wconf 92' lang='lat'><strong>,</strong></span> <span class='ocrx_word' id='word_1_544' title='bbox 3115 969 3161 1015; x_wconf 90' lang='lat' dir='ltr'><strong>et</strong></span> <span class='ocrx_word' id='word_1_545' title='bbox 3191 979 3289 1016; x_wconf 87' lang='lat' dir='ltr'><strong>non</strong></span> <span class='ocrx_word' id='word_1_546' title='bbox 3312 974 3427 1020; x_wconf 87' lang='lat' dir='ltr'><strong>sunt</strong></span> <span class='ocrx_word' id='word_1_547' title='bbox 3456 965 3717 1036; x_wconf 84' lang='lat' dir='ltr'><strong>inﬁrmata</strong></span> 
     </span>
    </p>
   </div>
   <div class='ocr_carea' id='block_1_69' title="bbox 2136 1036 3715 1124">
    <p class='ocr_par' dir='ltr' id='par_1_69' title="bbox 2136 1036 3715 1124">
     <span class='ocr_line' id='line_1_69' title="bbox 2136 1036 3715 1124; baseline 0.002 -16"><span class='ocrx_word' id='word_1_548' title='bbox 2136 1053 2343 1124; x_wconf 79' lang='lat' dir='ltr'><strong>uestigia</strong></span> <span class='ocrx_word' id='word_1_549' title='bbox 2366 1068 2477 1104; x_wconf 89' lang='lat' dir='ltr'><strong>mea</strong></span> <span class='ocrx_word' id='word_1_550' title='bbox 2505 1050 2684 1122; x_wconf 86' lang='lat' dir='ltr'><strong>(Psal.</strong></span> <span class='ocrx_word' id='word_1_551' title='bbox 2711 1066 2843 1114; x_wconf 84' lang='lat' dir='ltr'><strong>xvu,</strong></span> <span class='ocrx_word' id='word_1_552' title='bbox 2867 1051 2988 1122; x_wconf 79' lang='lat'><strong>57).</strong></span> <span class='ocrx_word' id='word_1_553' title='bbox 3012 1051 3198 1106; x_wconf 91' lang='lat' dir='ltr'><strong>Latum</strong></span> <span class='ocrx_word' id='word_1_554' title='bbox 3226 1060 3307 1107; x_wconf 88' lang='lat' dir='ltr'><strong>est</strong></span> <span class='ocrx_word' id='word_1_555' title='bbox 3334 1067 3461 1123; x_wconf 88' lang='lat' dir='ltr'><strong>ergo</strong></span> <span class='ocrx_word' id='word_1_556' title='bbox 3490 1036 3715 1111; x_wconf 86' lang='lat' dir='ltr'><strong>manda-</strong></span> 
     </span>
    </p>
   </div>
   <div class='ocr_carea' id='block_1_70' title="bbox 2137 1141 3721 1215">
    <p class='ocr_par' dir='ltr' id='par_1_70' title="bbox 2137 1141 3721 1215">
     <span class='ocr_line' id='line_1_70' title="bbox 2137 1141 3721 1215; baseline 0.001 -16"><span class='ocrx_word' id='word_1_557' title='bbox 2137 1152 2244 1199; x_wconf 91' lang='lat' dir='ltr'><strong>tum</strong></span> <span class='ocrx_word' id='word_1_558' title='bbox 2276 1142 2582 1210; x_wconf 88' lang='lat' dir='ltr'><strong>charitatis,</strong></span> <span class='ocrx_word' id='word_1_559' title='bbox 2613 1142 2917 1197; x_wconf 88' lang='lat' dir='ltr'><strong>mandatum</strong></span> <span class='ocrx_word' id='word_1_560' title='bbox 2963 1141 3093 1196; x_wconf 92' lang='lat' dir='ltr'><strong>illud</strong></span> <span class='ocrx_word' id='word_1_561' title='bbox 3144 1142 3413 1212; x_wconf 91' lang='lat' dir='ltr'><strong>geminum</strong></span> <span class='ocrx_word' id='word_1_562' title='bbox 3438 1185 3453 1211; x_wconf 90' lang='lat'><strong>,</strong></span> <span class='ocrx_word' id='word_1_563' title='bbox 3484 1157 3589 1213; x_wconf 90' lang='lat' dir='ltr'><strong>quo</strong></span> <span class='ocrx_word' id='word_1_564' title='bbox 3631 1146 3721 1215; x_wconf 81' lang='lat' dir='ltr'><strong>ju-</strong></span> 
     </span>
    </p>
   </div>
   <div class='ocr_carea' id='block_1_71' title="bbox 2135 1232 3719 1304">
    <p class='ocr_par' dir='ltr' id='par_1_71' title="bbox 2135 1232 3719 1304">
     <span class='ocr_line' id='line_1_71' title="bbox 2135 1232 3719 1304; baseline -0.001 -15"><span class='ocrx_word' id='word_1_565' title='bbox 2135 1235 2291 1289; x_wconf 91' lang='lat' dir='ltr'><strong>betur</strong></span> <span class='ocrx_word' id='word_1_566' title='bbox 2335 1235 2475 1289; x_wconf 85' lang='lat' dir='ltr'><strong>Deus</strong></span> <span class='ocrx_word' id='word_1_567' title='bbox 2510 1244 2564 1288; x_wconf 91' lang='lat' dir='ltr'><strong>et</strong></span> <span class='ocrx_word' id='word_1_568' title='bbox 2613 1233 2892 1304; x_wconf 79' lang='lat' dir='ltr'><strong>proximus</strong></span> <span class='ocrx_word' id='word_1_569' title='bbox 2936 1232 3105 1303; x_wconf 83' lang='lat' dir='ltr'><strong>diligi.</strong></span> <span class='ocrx_word' id='word_1_570' title='bbox 3141 1232 3279 1301; x_wconf 91' lang='lat' dir='ltr'><strong>Quid</strong></span> <span class='ocrx_word' id='word_1_571' title='bbox 3317 1240 3494 1288; x_wconf 90' lang='lat' dir='ltr'><strong>autem</strong></span> <span class='ocrx_word' id='word_1_572' title='bbox 3524 1233 3719 1301; x_wconf 87' lang='lat' dir='ltr'><strong>latius,</strong></span> 
     </span>
    </p>
   </div>
   <div class='ocr_carea' id='block_1_72' title="bbox 2136 1322 3720 1399">
    <p class='ocr_par' dir='ltr' id='par_1_72' title="bbox 2136 1322 3720 1399">
     <span class='ocr_line' id='line_1_72' title="bbox 2136 1322 3720 1399; baseline 0.001 -19"><span class='ocrx_word' id='word_1_573' title='bbox 2136 1342 2293 1399; x_wconf 88' lang='lat' dir='ltr'><strong>quam</strong></span> <span class='ocrx_word' id='word_1_574' title='bbox 2337 1334 2395 1382; x_wconf 91' lang='lat' dir='ltr'><strong>ut</strong></span> <span class='ocrx_word' id='word_1_575' title='bbox 2440 1326 2527 1381; x_wconf 90' lang='lat' dir='ltr'><strong>ubi</strong></span> <span class='ocrx_word' id='word_1_576' title='bbox 2575 1327 2590 1357; x_wconf 82' lang='grc'>¹</span> <span class='ocrx_word' id='word_1_577' title='bbox 2625 1326 2849 1395; x_wconf 85' lang='lat' dir='ltr'><strong>pendeat</strong></span> <span class='ocrx_word' id='word_1_578' title='bbox 2878 1332 2987 1380; x_wconf 89' lang='lat' dir='ltr'><strong>tota</strong></span> <span class='ocrx_word' id='word_1_579' title='bbox 3011 1325 3121 1380; x_wconf 87' lang='lat' dir='ltr'><strong>Lex</strong></span> <span class='ocrx_word' id='word_1_580' title='bbox 3146 1333 3201 1380; x_wconf 92' lang='lat' dir='ltr'><strong>et</strong></span> <span class='ocrx_word' id='word_1_581' title='bbox 3224 1339 3409 1381; x_wconf 85' lang='lat' dir='ltr'><strong>omnes</strong></span> <span class='ocrx_word' id='word_1_582' title='bbox 3438 1322 3720 1395; x_wconf 65' lang='lat' dir='ltr'><strong>Propheta)</strong></span> 
     </span>
    </p>
   </div>
   <div class='ocr_carea' id='block_1_73' title="bbox 2138 1416 2795 1492">
    <p class='ocr_par' dir='ltr' id='par_1_73' title="bbox 2138 1416 2795 1492">
     <span class='ocr_line' id='line_1_73' title="bbox 2138 1416 2795 1492; baseline -0.006 -19"><span class='ocrx_word' id='word_1_583' title='bbox 2138 1419 2157 1492; x_wconf 97' lang='lat'><strong>(</strong></span> <span class='ocrx_word' id='word_1_584' title='bbox 2180 1417 2367 1473; x_wconf 81' lang='lat' dir='ltr'><strong>Matth.</strong></span> <span class='ocrx_word' id='word_1_585' title='bbox 2393 1433 2522 1485; x_wconf 70' lang='grc' dir='ltr'>χιιι,</span> <span class='ocrx_word' id='word_1_586' title='bbox 2552 1416 2795 1488; x_wconf 71' lang='grc' dir='ltr'><strong>57-40)ἳ</strong></span> 
     </span>
    </p>
   </div>
   <div class='ocr_carea' id='block_1_74' title="bbox 2757 1565 3091 1608">
    <p class='ocr_par' dir='ltr' id='par_1_74' title="bbox 2757 1565 3091 1608">
     <span class='ocr_line' id='line_1_74' title="bbox 2757 1565 3091 1608; baseline -0.006 0"><span class='ocrx_word' id='word_1_587' title='bbox 2757 1565 2928 1608; x_wconf 70' lang='grc' dir='ltr'>εειιιίο</span> <span class='ocrx_word' id='word_1_588' title='bbox 2959 1567 3070 1607; x_wconf 75' lang='lat' dir='ltr'><strong>XXII</strong></span> <span class='ocrx_word' id='word_1_589' title='bbox 3079 1591 3091 1605; x_wconf 85' lang='lat'><strong>.</strong></span> 
     </span>
    </p>
   </div>
   <div class='ocr_carea' id='block_1_75' title="bbox 2209 1683 3724 1760">
    <p class='ocr_par' dir='ltr' id='par_1_75' title="bbox 2209 1683 3724 1760">
     <span class='ocr_line' id='line_1_75' title="bbox 2209 1683 3724 1760; baseline -0.001 -17"><span class='ocrx_word' id='word_1_590' title='bbox 2209 1689 2261 1743; x_wconf 81' lang='lat' dir='ltr'><strong>l.</strong></span> <span class='ocrx_word' id='word_1_591' title='bbox 2295 1685 2315 1760; x_wconf 89' lang='lat'>[</span> <span class='ocrx_word' id='word_1_592' title='bbox 2341 1703 2470 1742; x_wconf 82' lang='lat' dir='ltr'><strong>vers.</strong></span> <span class='ocrx_word' id='word_1_593' title='bbox 2512 1683 2644 1759; x_wconf 90' lang='lat'><strong>97.]</strong></span> <span class='ocrx_word' id='word_1_594' title='bbox 2675 1685 2829 1757; x_wconf 55' lang='lat' dir='ltr'><strong>Saepe</strong></span> <span class='ocrx_word' id='word_1_595' title='bbox 2855 1685 3229 1741; x_wconf 87' lang='lat' dir='ltr'><strong>admonuimus</strong></span> <span class='ocrx_word' id='word_1_596' title='bbox 3256 1684 3571 1742; x_wconf 76' lang='lat' dir='ltr'><strong>laudabilem</strong></span> <span class='ocrx_word' id='word_1_597' title='bbox 3603 1685 3724 1742; x_wconf 86' lang='lat' dir='ltr'><strong>lati-</strong></span> 
     </span>
    </p>
   </div>
   <div class='ocr_carea' id='block_1_76' title="bbox 2137 1778 3721 1850">
    <p class='ocr_par' dir='ltr' id='par_1_76' title="bbox 2137 1778 3721 1850">
     <span class='ocr_line' id='line_1_76' title="bbox 2137 1778 3721 1850; baseline -0.001 -14"><span class='ocrx_word' id='word_1_598' title='bbox 2137 1780 2404 1847; x_wconf 91' lang='lat' dir='ltr'><strong>tudinem,</strong></span> <span class='ocrx_word' id='word_1_599' title='bbox 2438 1781 2489 1834; x_wconf 93' lang='lat' dir='ltr'><strong>in</strong></span> <span class='ocrx_word' id='word_1_600' title='bbox 2528 1794 2630 1850; x_wconf 88' lang='lat' dir='ltr'><strong>qua</strong></span> <span class='ocrx_word' id='word_1_601' title='bbox 2662 1778 2833 1833; x_wconf 87' lang='lat' dir='ltr'><strong>nullas</strong></span> <span class='ocrx_word' id='word_1_602' title='bbox 2855 1820 2872 1847; x_wconf 94' lang='lat'><strong>,</strong></span> <span class='ocrx_word' id='word_1_603' title='bbox 2900 1794 3021 1834; x_wconf 91' lang='lat' dir='ltr'><strong>cum</strong></span> <span class='ocrx_word' id='word_1_604' title='bbox 3049 1778 3294 1834; x_wconf 89' lang='lat' dir='ltr'><strong>mandata</strong></span> <span class='ocrx_word' id='word_1_605' title='bbox 3336 1778 3427 1834; x_wconf 83' lang='lat' dir='ltr'><strong>Dei</strong></span> <span class='ocrx_word' id='word_1_606' title='bbox 3455 1778 3677 1835; x_wconf 86' lang='lat' dir='ltr'><strong>facimus</strong></span> <span class='ocrx_word' id='word_1_607' title='bbox 3702 1819 3721 1847; x_wconf 85' lang='lat'><strong>,</strong></span> 
     </span>
    </p>
   </div>
   <div class='ocr_carea' id='block_1_77' title="bbox 2136 1869 3721 1943">
    <p class='ocr_par' dir='ltr' id='par_1_77' title="bbox 2136 1869 3721 1943">
     <span class='ocr_line' id='line_1_77' title="bbox 2136 1869 3721 1943; baseline 0 -17"><span class='ocrx_word' id='word_1_608' title='bbox 2136 1874 2401 1943; x_wconf 85' lang='lat' dir='ltr'><strong>patiamur</strong></span> <span class='ocrx_word' id='word_1_609' title='bbox 2448 1871 2753 1941; x_wconf 78' lang='lat' dir='ltr'><strong>angustias,</strong></span> <span class='ocrx_word' id='word_1_610' title='bbox 2793 1869 3188 1940; x_wconf 84' lang='lat' dir='ltr'><strong>intelligendam</strong></span> <span class='ocrx_word' id='word_1_611' title='bbox 3238 1884 3358 1925; x_wconf 90' lang='lat' dir='ltr'><strong>esse</strong></span> <span class='ocrx_word' id='word_1_612' title='bbox 3384 1869 3721 1928; x_wconf 89' lang='lat' dir='ltr'><strong>charitatem.</strong></span> 
     </span>
    </p>
   </div>
   <div class='ocr_carea' id='block_1_78' title="bbox 2137 1961 3723 2034">
    <p class='ocr_par' dir='ltr' id='par_1_78' title="bbox 2137 1961 3723 2034">
     <span class='ocr_line' id='line_1_78' title="bbox 2137 1961 3723 2034; baseline -0.001 -16"><span class='ocrx_word' id='word_1_613' title='bbox 2137 1962 2362 2034; x_wconf 88' lang='lat' dir='ltr'><strong>Propter</strong></span> <span class='ocrx_word' id='word_1_614' title='bbox 2386 1962 2527 2033; x_wconf 90' lang='lat' dir='ltr'><strong>quod</strong></span> <span class='ocrx_word' id='word_1_615' title='bbox 2557 1962 2718 2017; x_wconf 91' lang='lat' dir='ltr'><strong>etiam</strong></span> <span class='ocrx_word' id='word_1_616' title='bbox 2745 1961 2798 2017; x_wconf 91' lang='lat' dir='ltr'><strong>in</strong></span> <span class='ocrx_word' id='word_1_617' title='bbox 2834 1977 3027 2032; x_wconf 88' lang='lat' dir='ltr'><strong>magno</strong></span> <span class='ocrx_word' id='word_1_618' title='bbox 3056 1961 3159 2017; x_wconf 89' lang='lat' dir='ltr'><strong>isto</strong></span> <span class='ocrx_word' id='word_1_619' title='bbox 3179 1962 3385 2031; x_wconf 91' lang='lat' dir='ltr'><strong>psalmo</strong></span> <span class='ocrx_word' id='word_1_620' title='bbox 3409 1976 3531 2017; x_wconf 91' lang='lat' dir='ltr'><strong>cum</strong></span> <span class='ocrx_word' id='word_1_621' title='bbox 3559 1976 3723 2034; x_wconf 83' lang='lat' dir='ltr'><strong>supe-</strong></span> 
     </span>
    </p>
   </div>
   <div class='ocr_carea' id='block_1_79' title="bbox 2138 2052 3729 2121">
    <p class='ocr_par' dir='ltr' id='par_1_79' title="bbox 2138 2052 3729 2121">
     <span class='ocr_line' id='line_1_79' title="bbox 2138 2052 3729 2121; baseline 0.001 -13"><span class='ocrx_word' id='word_1_622' title='bbox 2138 2055 2248 2109; x_wconf 90' lang='lat' dir='ltr'><strong>rius</strong></span> <span class='ocrx_word' id='word_1_623' title='bbox 2292 2054 2548 2121; x_wconf 82' lang='lat' dir='ltr'><strong>dixisset,</strong></span> <span class='ocrx_word' id='word_1_624' title='bbox 2580 2052 2765 2106; x_wconf 81' lang='lat' dir='ltr'><strong>Latum</strong></span> <span class='ocrx_word' id='word_1_625' title='bbox 2813 2052 3111 2106; x_wconf 88' lang='lat' dir='ltr'><strong>mandatum</strong></span> <span class='ocrx_word' id='word_1_626' title='bbox 3151 2062 3296 2107; x_wconf 88' lang='lat' dir='ltr'><strong>tuum</strong></span> <span class='ocrx_word' id='word_1_627' title='bbox 3322 2053 3469 2108; x_wconf 79' lang='lat' dir='ltr'><strong>valde</strong></span> <span class='ocrx_word' id='word_1_628' title='bbox 3494 2069 3515 2118; x_wconf 86' lang='lat'><strong><em>;</em></strong></span> <span class='ocrx_word' id='word_1_629' title='bbox 3543 2053 3596 2109; x_wconf 87' lang='lat' dir='ltr'><strong>in</strong></span> <span class='ocrx_word' id='word_1_630' title='bbox 3626 2053 3729 2109; x_wconf 89' lang='lat' dir='ltr'><strong>hoc</strong></span> 
     </span>
    </p>
   </div>
   <div class='ocr_carea' id='block_1_80' title="bbox 2138 2144 3825 2216">
    <p class='ocr_par' dir='ltr' id='par_1_80' title="bbox 2138 2144 3825 2216">
     <span class='ocr_line' id='line_1_80' title="bbox 2138 2144 3825 2216; baseline -0.004 -15"><span class='ocrx_word' id='word_1_631' title='bbox 2138 2146 2381 2216; x_wconf 88' lang='lat' dir='ltr'><strong>sequenti</strong></span> <span class='ocrx_word' id='word_1_632' title='bbox 2409 2160 2572 2201; x_wconf 88' lang='lat' dir='ltr'><strong>versu</strong></span> <span class='ocrx_word' id='word_1_633' title='bbox 2600 2144 2993 2201; x_wconf 91' lang='lat' dir='ltr'><strong>ostenditunde</strong></span> <span class='ocrx_word' id='word_1_634' title='bbox 3017 2145 3087 2200; x_wconf 91' lang='lat' dir='ltr'><strong>sit</strong></span> <span class='ocrx_word' id='word_1_635' title='bbox 3117 2144 3306 2211; x_wconf 91' lang='lat' dir='ltr'><strong>latum,</strong></span> <span class='ocrx_word' id='word_1_636' title='bbox 3333 2145 3518 2201; x_wconf 89' lang='lat' dir='ltr'><strong>dicens</strong></span> <span class='ocrx_word' id='word_1_637' title='bbox 3546 2163 3559 2202; x_wconf 94' lang='lat'><strong>:</strong></span> <span class='ocrx_word' id='word_1_638' title='bbox 3585 2145 3729 2215; x_wconf 80' lang='lat' dir='ltr'><strong>Quo-</strong></span> <span class='ocrx_word' id='word_1_639' title='bbox 3822 2184 3825 2195; x_wconf 43' lang='grc' dir='ltr'><strong><em>ί</em></strong></span> 
     </span>
    </p>
   </div>
   <div class='ocr_carea' id='block_1_81' title="bbox 2137 2234 3730 2308">
    <p class='ocr_par' dir='ltr' id='par_1_81' title="bbox 2137 2234 3730 2308">
     <span class='ocr_line' id='line_1_81' title="bbox 2137 2234 3730 2308; baseline 0.003 -17"><span class='ocrx_word' id='word_1_640' title='bbox 2137 2238 2289 2291; x_wconf 86' lang='lat' dir='ltr'><strong>modo</strong></span> <span class='ocrx_word' id='word_1_641' title='bbox 2327 2237 2484 2291; x_wconf 72' lang='lat' dir='ltr'><strong>dilexi</strong></span> <span class='ocrx_word' id='word_1_642' title='bbox 2509 2236 2667 2307; x_wconf 87' lang='lat' dir='ltr'><strong>legem</strong></span> <span class='ocrx_word' id='word_1_643' title='bbox 2692 2245 2830 2290; x_wconf 88' lang='lat' dir='ltr'><strong>tuam</strong></span> <span class='ocrx_word' id='word_1_644' title='bbox 2855 2277 2871 2304; x_wconf 92' lang='lat'><strong>,</strong></span> <span class='ocrx_word' id='word_1_645' title='bbox 2902 2234 3119 2291; x_wconf 89' lang='lat' dir='ltr'><strong>Domine</strong></span> <span class='ocrx_word' id='word_1_646' title='bbox 3144 2237 3165 2291; x_wconf 90' lang='lat'><strong><em>!</em></strong></span> <span class='ocrx_word' id='word_1_647' title='bbox 3213 2237 3434 2293; x_wconf 89' lang='lat' dir='ltr'><strong>Dilectio</strong></span> <span class='ocrx_word' id='word_1_648' title='bbox 3460 2246 3541 2294; x_wconf 88' lang='lat' dir='ltr'><strong>est</strong></span> <span class='ocrx_word' id='word_1_649' title='bbox 3568 2237 3730 2308; x_wconf 87' lang='lat' dir='ltr'><strong>igitur</strong></span> 
     </span>
    </p>
   </div>
   <div class='ocr_carea' id='block_1_82' title="bbox 2139 2327 3730 2400">
    <p class='ocr_par' dir='ltr' id='par_1_82' title="bbox 2139 2327 3730 2400">
     <span class='ocr_line' id='line_1_82' title="bbox 2139 2327 3730 2400; baseline 0.003 -17"><span class='ocrx_word' id='word_1_650' title='bbox 2139 2328 2361 2383; x_wconf 89' lang='lat' dir='ltr'><strong>latitudo</strong></span> <span class='ocrx_word' id='word_1_651' title='bbox 2387 2328 2642 2382; x_wconf 90' lang='lat' dir='ltr'><strong>mandati.</strong></span> <span class='ocrx_word' id='word_1_652' title='bbox 2666 2327 2821 2384; x_wconf 89' lang='lat' dir='ltr'><strong>Unde</strong></span> <span class='ocrx_word' id='word_1_653' title='bbox 2844 2327 3041 2399; x_wconf 90' lang='lat' dir='ltr'><strong>quippe</strong></span> <span class='ocrx_word' id='word_1_654' title='bbox 3062 2328 3179 2384; x_wconf 91' lang='lat' dir='ltr'><strong>ﬁeri</strong></span> <span class='ocrx_word' id='word_1_655' title='bbox 3199 2337 3374 2400; x_wconf 85' lang='lat' dir='ltr'><strong>potest</strong></span> <span class='ocrx_word' id='word_1_656' title='bbox 3395 2338 3454 2385; x_wconf 91' lang='lat' dir='ltr'><strong>ut</strong></span> <span class='ocrx_word' id='word_1_657' title='bbox 3480 2329 3730 2400; x_wconf 90' lang='lat' dir='ltr'><strong>diligatur</strong></span> 
     </span>
    </p>
   </div>
   <div class='ocr_carea' id='block_1_83' title="bbox 2139 2419 3730 2493">
    <p class='ocr_par' dir='ltr' id='par_1_83' title="bbox 2139 2419 3730 2493">
     <span class='ocr_line' id='line_1_83' title="bbox 2139 2419 3730 2493; baseline 0.003 -19"><span class='ocrx_word' id='word_1_658' title='bbox 2139 2420 2281 2492; x_wconf 91' lang='lat' dir='ltr'><strong>quod</strong></span> <span class='ocrx_word' id='word_1_659' title='bbox 2313 2421 2449 2475; x_wconf 88' lang='lat' dir='ltr'><strong>Deus</strong></span> <span class='ocrx_word' id='word_1_660' title='bbox 2473 2420 2625 2489; x_wconf 88' lang='lat' dir='ltr'><strong>jubet</strong></span> <span class='ocrx_word' id='word_1_661' title='bbox 2651 2419 2836 2490; x_wconf 90' lang='lat' dir='ltr'><strong>diligi,</strong></span> <span class='ocrx_word' id='word_1_662' title='bbox 2884 2428 2940 2475; x_wconf 91' lang='lat' dir='ltr'><strong>et</strong></span> <span class='ocrx_word' id='word_1_663' title='bbox 2968 2420 3081 2489; x_wconf 91' lang='lat' dir='ltr'><strong>ipsa</strong></span> <span class='ocrx_word' id='word_1_664' title='bbox 3106 2420 3275 2491; x_wconf 91' lang='lat' dir='ltr'><strong>jussio</strong></span> <span class='ocrx_word' id='word_1_665' title='bbox 3301 2436 3410 2476; x_wconf 93' lang='lat' dir='ltr'><strong>non</strong></span> <span class='ocrx_word' id='word_1_666' title='bbox 3438 2420 3730 2493; x_wconf 87' lang='lat' dir='ltr'><strong>diligatur?</strong></span> 
     </span>
    </p>
   </div>
   <div class='ocr_carea' id='block_1_84' title="bbox 2140 2510 3727 2581">
    <p class='ocr_par' dir='ltr' id='par_1_84' title="bbox 2140 2510 3727 2581">
     <span class='ocr_line' id='line_1_84' title="bbox 2140 2510 3727 2581; baseline 0.001 -15"><span class='ocrx_word' id='word_1_667' title='bbox 2140 2511 2259 2581; x_wconf 90' lang='lat' dir='ltr'><strong>Ipsa</strong></span> <span class='ocrx_word' id='word_1_668' title='bbox 2290 2520 2374 2567; x_wconf 89' lang='lat' dir='ltr'><strong>est</strong></span> <span class='ocrx_word' id='word_1_669' title='bbox 2400 2511 2542 2566; x_wconf 90' lang='lat' dir='ltr'><strong>enim</strong></span> <span class='ocrx_word' id='word_1_670' title='bbox 2574 2511 2685 2574; x_wconf 69' lang='lat' dir='ltr'><strong>lex.</strong></span> <span class='ocrx_word' id='word_1_671' title='bbox 2712 2510 2857 2578; x_wconf 90' lang='lat' dir='ltr'><strong>Tota,</strong></span> <span class='ocrx_word' id='word_1_672' title='bbox 2887 2510 3078 2579; x_wconf 90' lang='lat' dir='ltr'><strong>inquit,</strong></span> <span class='ocrx_word' id='word_1_673' title='bbox 3110 2510 3194 2565; x_wconf 89' lang='lat' dir='ltr'><strong>die</strong></span> <span class='ocrx_word' id='word_1_674' title='bbox 3220 2511 3476 2566; x_wconf 86' lang='lat' dir='ltr'><strong>meditatio</strong></span> <span class='ocrx_word' id='word_1_675' title='bbox 3497 2528 3607 2566; x_wconf 88' lang='lat' dir='ltr'><strong>mea</strong></span> <span class='ocrx_word' id='word_1_676' title='bbox 3634 2520 3727 2569; x_wconf 81' lang='lat' dir='ltr'><strong>est.</strong></span> 
     </span>
    </p>
   </div>
   <div class='ocr_carea' id='block_1_85' title="bbox 2140 2600 3731 2672">
    <p class='ocr_par' dir='ltr' id='par_1_85' title="bbox 2140 2600 3731 2672">
     <span class='ocr_line' id='line_1_85' title="bbox 2140 2600 3731 2672; baseline 0 -14"><span class='ocrx_word' id='word_1_677' title='bbox 2140 2603 2280 2659; x_wconf 90' lang='lat' dir='ltr'><strong>Ecce</strong></span> <span class='ocrx_word' id='word_1_678' title='bbox 2306 2601 2573 2672; x_wconf 90' lang='lat' dir='ltr'><strong>quomodo</strong></span> <span class='ocrx_word' id='word_1_679' title='bbox 2598 2616 2716 2657; x_wconf 89' lang='lat' dir='ltr'><strong>eam</strong></span> <span class='ocrx_word' id='word_1_680' title='bbox 2747 2600 2947 2666; x_wconf 82' lang='lat' dir='ltr'><strong>dilexi,</strong></span> <span class='ocrx_word' id='word_1_681' title='bbox 2975 2610 3033 2656; x_wconf 92' lang='lat' dir='ltr'><strong>ut</strong></span> <span class='ocrx_word' id='word_1_682' title='bbox 3062 2608 3170 2656; x_wconf 89' lang='lat' dir='ltr'><strong>tota</strong></span> <span class='ocrx_word' id='word_1_683' title='bbox 3198 2601 3286 2658; x_wconf 92' lang='lat' dir='ltr'><strong>die</strong></span> <span class='ocrx_word' id='word_1_684' title='bbox 3309 2601 3587 2658; x_wconf 90' lang='lat' dir='ltr'><strong>meditatio</strong></span> <span class='ocrx_word' id='word_1_685' title='bbox 3609 2616 3731 2658; x_wconf 87' lang='lat' dir='ltr'><strong>mea</strong></span> 
     </span>
    </p>
   </div>
   <div class='ocr_carea' id='block_1_86' title="bbox 2140 2690 3727 2764">
    <p class='ocr_par' dir='ltr' id='par_1_86' title="bbox 2140 2690 3727 2764">
     <span class='ocr_line' id='line_1_86' title="bbox 2140 2690 3727 2764; baseline -0.003 -14"><span class='ocrx_word' id='word_1_686' title='bbox 2140 2702 2283 2750; x_wconf 86' lang='lat' dir='ltr'><strong>esset</strong></span> <span class='ocrx_word' id='word_1_687' title='bbox 2310 2711 2323 2748; x_wconf 92' lang='lat'><strong>:</strong></span> <span class='ocrx_word' id='word_1_688' title='bbox 2354 2693 2435 2749; x_wconf 91' lang='lat' dir='ltr'><strong>vel</strong></span> <span class='ocrx_word' id='word_1_689' title='bbox 2460 2692 2656 2763; x_wconf 90' lang='lat' dir='ltr'><strong>potius,</strong></span> <span class='ocrx_word' id='word_1_690' title='bbox 2688 2692 2826 2748; x_wconf 90' lang='lat' dir='ltr'><strong>sicut</strong></span> <span class='ocrx_word' id='word_1_691' title='bbox 2852 2706 3057 2763; x_wconf 69' lang='lat' dir='ltr'><strong>grmcns</strong></span> <span class='ocrx_word' id='word_1_692' title='bbox 3087 2690 3267 2759; x_wconf 88' lang='lat' dir='ltr'><strong>habet,</strong></span> <span class='ocrx_word' id='word_1_693' title='bbox 3295 2700 3452 2747; x_wconf 89' lang='lat' dir='ltr'><strong>totam</strong></span> <span class='ocrx_word' id='word_1_694' title='bbox 3473 2693 3604 2746; x_wconf 88' lang='lat' dir='ltr'><strong>diem</strong></span> <span class='ocrx_word' id='word_1_695' title='bbox 3625 2692 3727 2764; x_wconf 81' lang='grc' dir='ltr'><strong>(α),</strong></span> 
     </span>
    </p>
   </div>
   <div class='ocr_carea' id='block_1_87' title="bbox 2139 2784 3732 2858">
    <p class='ocr_par' dir='ltr' id='par_1_87' title="bbox 2139 2784 3732 2858">
     <span class='ocr_line' id='line_1_87' title="bbox 2139 2784 3732 2858; baseline -0.002 -15"><span class='ocrx_word' id='word_1_696' title='bbox 2139 2786 2229 2843; x_wconf 89' lang='lat' dir='ltr'><strong>ubi</strong></span> <span class='ocrx_word' id='word_1_697' title='bbox 2260 2787 2428 2858; x_wconf 89' lang='lat' dir='ltr'><strong>magis</strong></span> <span class='ocrx_word' id='word_1_698' title='bbox 2453 2786 2780 2842; x_wconf 90' lang='lat' dir='ltr'><strong>continuatio</strong></span> <span class='ocrx_word' id='word_1_699' title='bbox 2806 2785 3112 2841; x_wconf 88' lang='lat' dir='ltr'><strong>meditantis</strong></span> <span class='ocrx_word' id='word_1_700' title='bbox 3126 2786 3459 2855; x_wconf 82' lang='lat' dir='ltr'><strong>exprimitur.</strong></span> <span class='ocrx_word' id='word_1_701' title='bbox 3480 2784 3537 2840; x_wconf 91' lang='lat' dir='ltr'><strong>ld</strong></span> <span class='ocrx_word' id='word_1_702' title='bbox 3553 2794 3732 2840; x_wconf 90' lang='lat' dir='ltr'><strong>autem</strong></span> 
     </span>
    </p>
   </div>
   <div class='ocr_carea' id='block_1_88' title="bbox 2142 2873 3735 2948">
    <p class='ocr_par' dir='ltr' id='par_1_88' title="bbox 2142 2873 3735 2948">
     <span class='ocr_line' id='line_1_88' title="bbox 2142 2873 3735 2948; baseline -0.002 -15"><span class='ocrx_word' id='word_1_703' title='bbox 2142 2877 2452 2948; x_wconf 87' lang='lat' dir='ltr'><strong>intelligitur</strong></span> <span class='ocrx_word' id='word_1_704' title='bbox 2476 2892 2573 2948; x_wconf 89' lang='lat' dir='ltr'><strong>per</strong></span> <span class='ocrx_word' id='word_1_705' title='bbox 2600 2892 2760 2932; x_wconf 90' lang='lat' dir='ltr'><strong>omne</strong></span> <span class='ocrx_word' id='word_1_706' title='bbox 2804 2886 3014 2946; x_wconf 88' lang='lat' dir='ltr'><strong>tempus</strong></span> <span class='ocrx_word' id='word_1_707' title='bbox 3040 2915 3056 2941; x_wconf 90' lang='lat'><strong>,</strong></span> <span class='ocrx_word' id='word_1_708' title='bbox 3085 2874 3227 2947; x_wconf 89' lang='lat' dir='ltr'><strong>quod</strong></span> <span class='ocrx_word' id='word_1_709' title='bbox 3254 2883 3335 2930; x_wconf 91' lang='lat' dir='ltr'><strong>est</strong></span> <span class='ocrx_word' id='word_1_710' title='bbox 3357 2890 3590 2945; x_wconf 90' lang='lat' dir='ltr'><strong>semper.</strong></span> <span class='ocrx_word' id='word_1_711' title='bbox 3615 2873 3735 2930; x_wconf 83' lang='lat' dir='ltr'><strong>Tali</strong></span> 
     </span>
    </p>
   </div>
   <div class='ocr_carea' id='block_1_89' title="bbox 2142 2965 3739 3043">
    <p class='ocr_par' dir='ltr' id='par_1_89' title="bbox 2142 2965 3739 3043">
     <span class='ocr_line' id='line_1_89' title="bbox 2142 2965 3739 3043; baseline -0.003 -16"><span class='ocrx_word' id='word_1_712' title='bbox 2142 2979 2471 3043; x_wconf 85' lang='lat' dir='ltr'><strong>expugnatur</strong></span> <span class='ocrx_word' id='word_1_713' title='bbox 2499 2971 2785 3026; x_wconf 88' lang='lat' dir='ltr'><strong>dilectione</strong></span> <span class='ocrx_word' id='word_1_714' title='bbox 2810 2968 3099 3040; x_wconf 90' lang='lat' dir='ltr'><strong>cupiditas,</strong></span> <span class='ocrx_word' id='word_1_715' title='bbox 3128 2983 3246 3039; x_wconf 66' lang='lat' dir='ltr'><strong>quae</strong></span> <span class='ocrx_word' id='word_1_716' title='bbox 3291 2982 3433 3039; x_wconf 66' lang='lat' dir='ltr'><strong>saepe</strong></span> <span class='ocrx_word' id='word_1_717' title='bbox 3479 2965 3739 3027; x_wconf 82' lang='lat' dir='ltr'><strong>faciendis</strong></span> 
     </span>
    </p>
   </div>
   <div class='ocr_carea' id='block_1_90' title="bbox 2142 3056 3735 3133">
    <p class='ocr_par' dir='ltr' id='par_1_90' title="bbox 2142 3056 3735 3133">
     <span class='ocr_line' id='line_1_90' title="bbox 2142 3056 3735 3133; baseline -0.003 -15"><span class='ocrx_word' id='word_1_718' title='bbox 2142 3063 2275 3133; x_wconf 85' lang='lat' dir='ltr'><strong>legis</strong></span> <span class='ocrx_word' id='word_1_719' title='bbox 2294 3061 2627 3132; x_wconf 85' lang='lat' dir='ltr'><strong>jussionibus</strong></span> <span class='ocrx_word' id='word_1_720' title='bbox 2649 3060 3005 3126; x_wconf 88' lang='lat' dir='ltr'><strong>contradicit,</strong></span> <span class='ocrx_word' id='word_1_721' title='bbox 3037 3059 3450 3131; x_wconf 90' lang='lat' dir='ltr'><strong>concupiscente</strong></span> <span class='ocrx_word' id='word_1_722' title='bbox 3478 3056 3735 3114; x_wconf 87' lang='lat' dir='ltr'><strong>adversus</strong></span> 
     </span>
    </p>
   </div>
   <div class='ocr_carea' id='block_1_91' title="bbox 2143 3148 3736 3224">
    <p class='ocr_par' dir='ltr' id='par_1_91' title="bbox 2143 3148 3736 3224">
     <span class='ocr_line' id='line_1_91' title="bbox 2143 3148 3736 3224; baseline -0.004 -15"><span class='ocrx_word' id='word_1_723' title='bbox 2143 3153 2388 3224; x_wconf 89' lang='lat' dir='ltr'><strong>spiritum</strong></span> <span class='ocrx_word' id='word_1_724' title='bbox 2444 3167 2606 3208; x_wconf 90' lang='lat' dir='ltr'><strong>carne</strong></span> <span class='ocrx_word' id='word_1_725' title='bbox 2661 3169 2676 3206; x_wconf 90' lang='lat'>:</span> <span class='ocrx_word' id='word_1_726' title='bbox 2721 3149 2979 3206; x_wconf 91' lang='lat' dir='ltr'><strong>adversus</strong></span> <span class='ocrx_word' id='word_1_727' title='bbox 3033 3164 3189 3218; x_wconf 88' lang='lat' dir='ltr'><strong>quam</strong></span> <span class='ocrx_word' id='word_1_728' title='bbox 3248 3148 3465 3219; x_wconf 89' lang='lat' dir='ltr'><strong>spiritus</strong></span> <span class='ocrx_word' id='word_1_729' title='bbox 3532 3160 3736 3204; x_wconf 78' lang='lat' dir='ltr'><strong>concu-</strong></span> 
     </span>
    </p>
   </div>
   <div class='ocr_carea' id='block_1_92' title="bbox 2145 3236 3733 3315">
    <p class='ocr_par' dir='ltr' id='par_1_92' title="bbox 2145 3236 3733 3315">
     <span class='ocr_line' id='line_1_92' title="bbox 2145 3236 3733 3315; baseline -0.004 -17"><span class='ocrx_word' id='word_1_730' title='bbox 2145 3244 2355 3315; x_wconf 90' lang='lat' dir='ltr'><strong>piscens</strong></span> <span class='ocrx_word' id='word_1_731' title='bbox 2381 3243 2400 3315; x_wconf 85' lang='lat'><strong>(</strong></span> <span class='ocrx_word' id='word_1_732' title='bbox 2424 3241 2593 3297; x_wconf 86' lang='lat' dir='ltr'><strong>Galat.</strong></span> <span class='ocrx_word' id='word_1_733' title='bbox 2639 3257 2690 3307; x_wconf 93' lang='lat' dir='ltr'><strong>v,</strong></span> <span class='ocrx_word' id='word_1_734' title='bbox 2716 3242 2781 3295; x_wconf 78' lang='lat' dir='ltr'><strong>l7</strong></span> <span class='ocrx_word' id='word_1_735' title='bbox 2807 3241 2848 3311; x_wconf 92' lang='lat'><strong>),</strong></span> <span class='ocrx_word' id='word_1_736' title='bbox 2882 3240 2952 3295; x_wconf 91' lang='lat' dir='ltr'><strong>ita</strong></span> <span class='ocrx_word' id='word_1_737' title='bbox 2975 3239 3137 3295; x_wconf 91' lang='lat' dir='ltr'><strong>debet</strong></span> <span class='ocrx_word' id='word_1_738' title='bbox 3159 3238 3379 3309; x_wconf 89' lang='lat' dir='ltr'><strong>diligere</strong></span> <span class='ocrx_word' id='word_1_739' title='bbox 3406 3238 3577 3310; x_wconf 89' lang='lat' dir='ltr'><strong>legem</strong></span> <span class='ocrx_word' id='word_1_740' title='bbox 3602 3236 3733 3305; x_wconf 85' lang='lat' dir='ltr'><strong>Dei,</strong></span> 
     </span>
    </p>
   </div>
   <div class='ocr_carea' id='block_1_93' title="bbox 2145 3312 3749 3401">
    <p class='ocr_par' dir='ltr' id='par_1_93' title="bbox 2145 3312 3749 3401">
     <span class='ocr_line' id='line_1_93' title="bbox 2145 3312 3749 3401; baseline -0.003 -12"><span class='ocrx_word' id='word_1_741' title='bbox 2145 3312 2203 3389; x_wconf 77' lang='lat' dir='ltr'><strong>ut</strong></span> <span class='ocrx_word' id='word_1_742' title='bbox 2227 3312 2400 3389; x_wconf 82' lang='lat' dir='ltr'><strong>totam</strong></span> <span class='ocrx_word' id='word_1_743' title='bbox 2421 3333 2560 3387; x_wconf 91' lang='lat' dir='ltr'><strong>diem</strong></span> <span class='ocrx_word' id='word_1_744' title='bbox 2598 3331 2873 3389; x_wconf 87' lang='lat' dir='ltr'><strong>meditatio</strong></span> <span class='ocrx_word' id='word_1_745' title='bbox 2905 3331 3022 3401; x_wconf 88' lang='lat' dir='ltr'><strong>ejus</strong></span> <span class='ocrx_word' id='word_1_746' title='bbox 3061 3331 3152 3385; x_wconf 83' lang='lat' dir='ltr'><strong>sit.</strong></span> <span class='ocrx_word' id='word_1_747' title='bbox 3184 3331 3321 3385; x_wconf 88' lang='lat' dir='ltr'><strong>Dicit</strong></span> <span class='ocrx_word' id='word_1_748' title='bbox 3357 3337 3535 3385; x_wconf 92' lang='lat' dir='ltr'><strong>autem</strong></span> <span class='ocrx_word' id='word_1_749' title='bbox 3587 3312 3749 3399; x_wconf 11' lang='lat' dir='ltr'><strong>Apo-i</strong></span> 
     </span>
    </p>
   </div>
   <div class='ocr_carea' id='block_1_94' title="bbox 2146 3416 3739 3494">
    <p class='ocr_par' dir='ltr' id='par_1_94' title="bbox 2146 3416 3739 3494">
     <span class='ocr_line' id='line_1_94' title="bbox 2146 3416 3739 3494; baseline -0.006 -13"><span class='ocrx_word' id='word_1_750' title='bbox 2146 3426 2315 3481; x_wconf 89' lang='lat' dir='ltr'><strong>slolus</strong></span> <span class='ocrx_word' id='word_1_751' title='bbox 2371 3443 2383 3480; x_wconf 93' lang='lat'>:</span> <span class='ocrx_word' id='word_1_752' title='bbox 2419 3423 2517 3479; x_wconf 87' lang='lat' dir='ltr'><strong>Ubi</strong></span> <span class='ocrx_word' id='word_1_753' title='bbox 2543 3433 2616 3479; x_wconf 85' lang='lat' dir='ltr'><strong>est</strong></span> <span class='ocrx_word' id='word_1_754' title='bbox 2653 3438 2770 3494; x_wconf 84' lang='lat' dir='ltr'><strong>ergo</strong></span> <span class='ocrx_word' id='word_1_755' title='bbox 2800 3422 3036 3493; x_wconf 86' lang='lat' dir='ltr'><strong>gloriatio</strong></span> <span class='ocrx_word' id='word_1_756' title='bbox 3077 3421 3208 3476; x_wconf 85' lang='lat' dir='ltr'><strong>tua?</strong></span> <span class='ocrx_word' id='word_1_757' title='bbox 3237 3419 3464 3474; x_wconf 77' lang='lat' dir='ltr'><strong>Exclusa</strong></span> <span class='ocrx_word' id='word_1_758' title='bbox 3510 3427 3601 3474; x_wconf 87' lang='lat' dir='ltr'><strong>est.</strong></span> <span class='ocrx_word' id='word_1_759' title='bbox 3631 3416 3739 3472; x_wconf 89' lang='lat' dir='ltr'><strong>Per</strong></span> 
     </span>
    </p>
   </div>
   <div class='ocr_carea' id='block_1_95' title="bbox 2146 3509 3736 3588">
    <p class='ocr_par' dir='ltr' id='par_1_95' title="bbox 2146 3509 3736 3588">
     <span class='ocr_line' id='line_1_95' title="bbox 2146 3509 3736 3588; baseline -0.004 -18"><span class='ocrx_word' id='word_1_760' title='bbox 2146 3533 2300 3588; x_wconf 89' lang='lat' dir='ltr'><strong>quam</strong></span> <span class='ocrx_word' id='word_1_761' title='bbox 2341 3515 2553 3587; x_wconf 86' lang='lat' dir='ltr'><strong>legem?</strong></span> <span class='ocrx_word' id='word_1_762' title='bbox 2603 3518 2851 3585; x_wconf 77' lang='lat' dir='ltr'><strong>factorum</strong></span> <span class='ocrx_word' id='word_1_763' title='bbox 2876 3513 2902 3566; x_wconf 86' lang='lat'><strong>?</strong></span> <span class='ocrx_word' id='word_1_764' title='bbox 2944 3510 3099 3578; x_wconf 80' lang='lat' dir='ltr'><strong>Non,</strong></span> <span class='ocrx_word' id='word_1_765' title='bbox 3142 3510 3232 3565; x_wconf 92' lang='lat' dir='ltr'><strong>sed</strong></span> <span class='ocrx_word' id='word_1_766' title='bbox 3280 3526 3368 3580; x_wconf 87' lang='lat' dir='ltr'><strong>per</strong></span> <span class='ocrx_word' id='word_1_767' title='bbox 3417 3511 3575 3581; x_wconf 87' lang='lat' dir='ltr'><strong>legem</strong></span> <span class='ocrx_word' id='word_1_768' title='bbox 3613 3509 3736 3579; x_wconf 89' lang='lat' dir='ltr'><strong>ﬁdei</strong></span> 
     </span>
    </p>
   </div>
   <div class='ocr_carea' id='block_1_96' title="bbox 2150 3600 3742 3681">
    <p class='ocr_par' dir='ltr' id='par_1_96' title="bbox 2150 3600 3742 3681">
     <span class='ocr_line' id='line_1_96' title="bbox 2150 3600 3742 3681; baseline -0.004 -17"><span class='ocrx_word' id='word_1_769' title='bbox 2150 3612 2168 3681; x_wconf 91' lang='lat'><strong>(</strong></span> <span class='ocrx_word' id='word_1_770' title='bbox 2203 3610 2351 3664; x_wconf 85' lang='lat' dir='ltr'><strong>Rom.</strong></span> <span class='ocrx_word' id='word_1_771' title='bbox 2402 3623 2494 3674; x_wconf 85' lang='grc' dir='ltr'>ιιι,</span> <span class='ocrx_word' id='word_1_772' title='bbox 2522 3606 2590 3661; x_wconf 70' lang='lat'>27</span> <span class='ocrx_word' id='word_1_773' title='bbox 2620 3605 2665 3679; x_wconf 96' lang='lat'><strong>).</strong></span> <span class='ocrx_word' id='word_1_774' title='bbox 2699 3605 2824 3660; x_wconf 72' lang='lat' dir='ltr'><strong>limo</strong></span> <span class='ocrx_word' id='word_1_775' title='bbox 2853 3612 2936 3660; x_wconf 89' lang='lat' dir='ltr'><strong>est</strong></span> <span class='ocrx_word' id='word_1_776' title='bbox 2960 3603 3094 3659; x_wconf 88' lang='lat' dir='ltr'><strong>ﬁdes</strong></span> <span class='ocrx_word' id='word_1_777' title='bbox 3124 3618 3242 3674; x_wconf 76' lang='lat' dir='ltr'><strong>qua:</strong></span> <span class='ocrx_word' id='word_1_778' title='bbox 3270 3616 3366 3672; x_wconf 89' lang='lat' dir='ltr'><strong>per</strong></span> <span class='ocrx_word' id='word_1_779' title='bbox 3398 3600 3742 3657; x_wconf 89' lang='lat' dir='ltr'><strong>dilectionem</strong></span> 
     </span>
    </p>
   </div>
   <div class='ocr_carea' id='block_1_97' title="bbox 2149 3690 3739 3771">
    <p class='ocr_par' dir='ltr' id='par_1_97' title="bbox 2149 3690 3739 3771">
     <span class='ocr_line' id='line_1_97' title="bbox 2149 3690 3739 3771; baseline -0.006 -16"><span class='ocrx_word' id='word_1_780' title='bbox 2149 3698 2441 3771; x_wconf 90' lang='lat' dir='ltr'><strong>operatur(</strong></span> <span class='ocrx_word' id='word_1_781' title='bbox 2467 3697 2640 3753; x_wconf 83' lang='lat' dir='ltr'><strong>Galat.</strong></span> <span class='ocrx_word' id='word_1_782' title='bbox 2658 3713 2711 3764; x_wconf 91' lang='lat' dir='ltr'><strong>v,</strong></span> <span class='ocrx_word' id='word_1_783' title='bbox 2744 3696 2834 3769; x_wconf 86' lang='lat'><strong>6);</strong></span> <span class='ocrx_word' id='word_1_784' title='bbox 2860 3695 3110 3765; x_wconf 90' lang='lat' dir='ltr'><strong>quoniam</strong></span> <span class='ocrx_word' id='word_1_785' title='bbox 3134 3692 3443 3764; x_wconf 65' lang='lat' dir='ltr'><strong>quaerendo,</strong></span> <span class='ocrx_word' id='word_1_786' title='bbox 3472 3690 3702 3762; x_wconf 87' lang='lat' dir='ltr'><strong>petendo</strong></span> <span class='ocrx_word' id='word_1_787' title='bbox 3720 3731 3739 3758; x_wconf 89' lang='lat'><strong>,</strong></span> 
     </span>
    </p>
   </div>
   <div class='ocr_carea' id='block_1_98' title="bbox 2150 3781 3739 3862">
    <p class='ocr_par' dir='ltr' id='par_1_98' title="bbox 2150 3781 3739 3862">
     <span class='ocr_line' id='line_1_98' title="bbox 2150 3781 3739 3862; baseline -0.008 -15"><span class='ocrx_word' id='word_1_788' title='bbox 2150 3790 2432 3862; x_wconf 89' lang='lat' dir='ltr'><strong>pulsando,</strong></span> <span class='ocrx_word' id='word_1_789' title='bbox 2463 3790 2713 3859; x_wconf 89' lang='lat' dir='ltr'><strong>impetrat</strong></span> <span class='ocrx_word' id='word_1_790' title='bbox 2737 3786 2991 3857; x_wconf 90' lang='lat' dir='ltr'><strong>Spiritum</strong></span> <span class='ocrx_word' id='word_1_791' title='bbox 3016 3785 3213 3839; x_wconf 89' lang='lat' dir='ltr'><strong>bonum</strong></span> <span class='ocrx_word' id='word_1_792' title='bbox 3238 3782 3387 3855; x_wconf 85' lang='lat' dir='ltr'><strong>(Luc.</strong></span> <span class='ocrx_word' id='word_1_793' title='bbox 3410 3798 3487 3846; x_wconf 72' lang='lat' dir='ltr'><strong>x1,</strong></span> <span class='ocrx_word' id='word_1_794' title='bbox 3511 3781 3599 3847; x_wconf 74' lang='lat'><strong>10,</strong></span> <span class='ocrx_word' id='word_1_795' title='bbox 3623 3781 3739 3851; x_wconf 77' lang='lat' dir='ltr'><strong>l5),</strong></span> 
     </span>
    </p>
   </div>
   <div class='ocr_carea' id='block_1_99' title="bbox 2151 3873 3744 3953">
    <p class='ocr_par' dir='ltr' id='par_1_99' title="bbox 2151 3873 3744 3953">
     <span class='ocr_line' id='line_1_99' title="bbox 2151 3873 3744 3953; baseline -0.005 -15"><span class='ocrx_word' id='word_1_796' title='bbox 2151 3898 2249 3953; x_wconf 88' lang='lat' dir='ltr'><strong>per</strong></span> <span class='ocrx_word' id='word_1_797' title='bbox 2274 3896 2432 3953; x_wconf 91' lang='lat' dir='ltr'><strong>quem</strong></span> <span class='ocrx_word' id='word_1_798' title='bbox 2455 3881 2672 3937; x_wconf 92' lang='lat' dir='ltr'><strong>dilectio</strong></span> <span class='ocrx_word' id='word_1_799' title='bbox 2703 3881 2817 3949; x_wconf 90' lang='lat' dir='ltr'><strong>ipsa</strong></span> <span class='ocrx_word' id='word_1_800' title='bbox 2845 3878 3153 3933; x_wconf 83' lang='lat' dir='ltr'><strong>diffunditur</strong></span> <span class='ocrx_word' id='word_1_801' title='bbox 3183 3877 3236 3931; x_wconf 94' lang='lat' dir='ltr'><strong>in</strong></span> <span class='ocrx_word' id='word_1_802' title='bbox 3263 3873 3516 3930; x_wconf 87' lang='lat' dir='ltr'><strong>cordibus</strong></span> <span class='ocrx_word' id='word_1_803' title='bbox 3544 3874 3744 3931; x_wconf 87' lang='lat' dir='ltr'><strong>nostris</strong></span> 
     </span>
    </p>
   </div>
   <div class='ocr_carea' id='block_1_100' title="bbox 2154 3966 3742 4047">
    <p class='ocr_par' dir='ltr' id='par_1_100' title="bbox 2154 3966 3742 4047">
     <span class='ocr_line' id='line_1_100' title="bbox 2154 3966 3742 4047; baseline -0.004 -20"><span class='ocrx_word' id='word_1_804' title='bbox 2154 3974 2343 4047; x_wconf 76' lang='lat' dir='ltr'><strong>(liam.</strong></span> <span class='ocrx_word' id='word_1_805' title='bbox 2367 3989 2419 4037; x_wconf 91' lang='lat' dir='ltr'><strong>v,</strong></span> <span class='ocrx_word' id='word_1_806' title='bbox 2442 3974 2537 4043; x_wconf 86' lang='grc'><strong>5).</strong></span> <span class='ocrx_word' id='word_1_807' title='bbox 2565 3972 2679 4026; x_wconf 81' lang='lat' dir='ltr'><strong>Hoc</strong></span> <span class='ocrx_word' id='word_1_808' title='bbox 2708 3971 2848 4025; x_wconf 89' lang='lat' dir='ltr'><strong>enim</strong></span> <span class='ocrx_word' id='word_1_809' title='bbox 2880 3969 3079 4039; x_wconf 90' lang='lat' dir='ltr'><strong>Spiritu</strong></span> <span class='ocrx_word' id='word_1_810' title='bbox 3108 3968 3202 4022; x_wconf 91' lang='lat' dir='ltr'><strong>Dei</strong></span> <span class='ocrx_word' id='word_1_811' title='bbox 3233 3966 3553 4037; x_wconf 88' lang='lat' dir='ltr'><strong>quicumque</strong></span> <span class='ocrx_word' id='word_1_812' title='bbox 3573 3979 3742 4035; x_wconf 87' lang='lat' dir='ltr'><strong>agun-</strong></span> 
     </span>
    </p>
   </div>
   <div class='ocr_carea' id='block_1_101' title="bbox 2155 4056 3746 4133">
    <p class='ocr_par' dir='ltr' id='par_1_101' title="bbox 2155 4056 3746 4133">
     <span class='ocr_line' id='line_1_101' title="bbox 2155 4056 3746 4133; baseline -0.006 -12"><span class='ocrx_word' id='word_1_813' title='bbox 2155 4076 2262 4133; x_wconf 92' lang='lat' dir='ltr'><strong>tur,</strong></span> <span class='ocrx_word' id='word_1_814' title='bbox 2292 4064 2345 4118; x_wconf 94' lang='lat' dir='ltr'><strong>hi</strong></span> <span class='ocrx_word' id='word_1_815' title='bbox 2373 4063 2465 4119; x_wconf 91' lang='lat' dir='ltr'><strong>ﬁlii</strong></span> <span class='ocrx_word' id='word_1_816' title='bbox 2494 4072 2618 4118; x_wconf 90' lang='lat' dir='ltr'><strong>sunt</strong></span> <span class='ocrx_word' id='word_1_817' title='bbox 2646 4062 2739 4116; x_wconf 91' lang='lat' dir='ltr'><strong>Dei</strong></span> <span class='ocrx_word' id='word_1_818' title='bbox 2766 4059 2877 4133; x_wconf 91' lang='lat' dir='ltr'><strong>(Id.</strong></span> <span class='ocrx_word' id='word_1_819' title='bbox 2902 4075 3018 4125; x_wconf 75' lang='lat' dir='ltr'><strong>vnn,</strong></span> <span class='ocrx_word' id='word_1_820' title='bbox 3045 4058 3132 4130; x_wconf 78' lang='grc'><strong>14)</strong></span> <span class='ocrx_word' id='word_1_821' title='bbox 3170 4075 3184 4112; x_wconf 89' lang='lat'><strong>:</strong></span> <span class='ocrx_word' id='word_1_822' title='bbox 3216 4057 3307 4128; x_wconf 92' lang='lat' dir='ltr'><strong>qui</strong></span> <span class='ocrx_word' id='word_1_823' title='bbox 3336 4056 3663 4127; x_wconf 89' lang='lat' dir='ltr'><strong>recipiuntur</strong></span> <span class='ocrx_word' id='word_1_824' title='bbox 3684 4063 3746 4112; x_wconf 86' lang='lat' dir='ltr'><strong>ut</strong></span> 
     </span>
    </p>
   </div>
   <div class='ocr_carea' id='block_1_102' title="bbox 2156 4148 3747 4221">
    <p class='ocr_par' dir='ltr' id='par_1_102' title="bbox 2156 4148 3747 4221">
     <span class='ocr_line' id='line_1_102' title="bbox 2156 4148 3747 4221; baseline -0.006 -8"><span class='ocrx_word' id='word_1_825' title='bbox 2156 4158 2469 4213; x_wconf 88' lang='lat' dir='ltr'><strong>recumbant</strong></span> <span class='ocrx_word' id='word_1_826' title='bbox 2495 4170 2617 4210; x_wconf 92' lang='lat' dir='ltr'><strong>cum</strong></span> <span class='ocrx_word' id='word_1_827' title='bbox 2661 4152 2925 4208; x_wconf 85' lang='lat' dir='ltr'><strong>Abraham</strong></span> <span class='ocrx_word' id='word_1_828' title='bbox 2959 4193 2975 4221; x_wconf 93' lang='lat'><strong>,</strong></span> <span class='ocrx_word' id='word_1_829' title='bbox 3028 4151 3174 4207; x_wconf 86' lang='lat' dir='ltr'><strong>lsaac</strong></span> <span class='ocrx_word' id='word_1_830' title='bbox 3210 4159 3265 4206; x_wconf 90' lang='lat' dir='ltr'><strong>et</strong></span> <span class='ocrx_word' id='word_1_831' title='bbox 3296 4148 3459 4205; x_wconf 85' lang='lat' dir='ltr'><strong>Jacob</strong></span> <span class='ocrx_word' id='word_1_832' title='bbox 3497 4150 3549 4204; x_wconf 93' lang='lat' dir='ltr'><strong>in</strong></span> <span class='ocrx_word' id='word_1_833' title='bbox 3580 4163 3747 4220; x_wconf 76' lang='lat' dir='ltr'><strong>regno</strong></span> 
     </span>
    </p>
   </div>
   <div class='ocr_carea' id='block_1_103' title="bbox 2158 4241 3749 4319">
    <p class='ocr_par' dir='ltr' id='par_1_103' title="bbox 2158 4241 3749 4319">
     <span class='ocr_line' id='line_1_103' title="bbox 2158 4241 3749 4319; baseline -0.005 -14"><span class='ocrx_word' id='word_1_834' title='bbox 2158 4250 2417 4306; x_wconf 70' lang='lat' dir='ltr'><strong>caelorum</strong></span> <span class='ocrx_word' id='word_1_835' title='bbox 2447 4247 2466 4319; x_wconf 97' lang='lat'>(</span> <span class='ocrx_word' id='word_1_836' title='bbox 2496 4246 2684 4301; x_wconf 78' lang='lat' dir='ltr'><strong>Matth.</strong></span> <span class='ocrx_word' id='word_1_837' title='bbox 2713 4261 2824 4309; x_wconf 89' lang='lat' dir='ltr'><strong>vm,</strong></span> <span class='ocrx_word' id='word_1_838' title='bbox 2857 4246 2917 4301; x_wconf 81' lang='lat' dir='ltr'><strong>ll</strong></span> <span class='ocrx_word' id='word_1_839' title='bbox 2944 4244 2963 4317; x_wconf 97' lang='lat'><strong>)</strong></span> <span class='ocrx_word' id='word_1_840' title='bbox 2987 4260 3002 4310; x_wconf 88' lang='lat'><strong>;</strong></span> <span class='ocrx_word' id='word_1_841' title='bbox 3027 4243 3248 4315; x_wconf 85' lang='lat' dir='ltr'><strong>expulso</strong></span> <span class='ocrx_word' id='word_1_842' title='bbox 3287 4256 3445 4298; x_wconf 86' lang='lat' dir='ltr'><strong>servo</strong></span> <span class='ocrx_word' id='word_1_843' title='bbox 3471 4284 3487 4309; x_wconf 92' lang='lat'><strong>,</strong></span> <span class='ocrx_word' id='word_1_844' title='bbox 3519 4241 3609 4314; x_wconf 88' lang='lat' dir='ltr'><strong>qui</strong></span> <span class='ocrx_word' id='word_1_845' title='bbox 3640 4257 3749 4299; x_wconf 90' lang='lat' dir='ltr'><strong>non</strong></span> 
     </span>
    </p>
   </div>
   <div class='ocr_carea' id='block_1_104' title="bbox 2159 4333 3750 4407">
    <p class='ocr_par' dir='ltr' id='par_1_104' title="bbox 2159 4333 3750 4407">
     <span class='ocr_line' id='line_1_104' title="bbox 2159 4333 3750 4407; baseline -0.007 -7"><span class='ocrx_word' id='word_1_846' title='bbox 2159 4352 2340 4400; x_wconf 89' lang='lat' dir='ltr'><strong>manet</strong></span> <span class='ocrx_word' id='word_1_847' title='bbox 2366 4342 2419 4397; x_wconf 88' lang='lat' dir='ltr'><strong>in</strong></span> <span class='ocrx_word' id='word_1_848' title='bbox 2444 4341 2604 4397; x_wconf 91' lang='lat' dir='ltr'><strong>domo</strong></span> <span class='ocrx_word' id='word_1_849' title='bbox 2630 4341 2683 4395; x_wconf 92' lang='lat' dir='ltr'><strong>in</strong></span> <span class='ocrx_word' id='word_1_850' title='bbox 2710 4350 2969 4395; x_wconf 60' lang='lat' dir='ltr'><strong>internum</strong></span> <span class='ocrx_word' id='word_1_851' title='bbox 3006 4339 3025 4407; x_wconf 91' lang='lat'>(</span> <span class='ocrx_word' id='word_1_852' title='bbox 3054 4336 3212 4391; x_wconf 83' lang='lat' dir='ltr'><strong>Joan.</strong></span> <span class='ocrx_word' id='word_1_853' title='bbox 3241 4351 3364 4402; x_wconf 87' lang='lat' dir='ltr'><strong>vm,</strong></span> <span class='ocrx_word' id='word_1_854' title='bbox 3405 4335 3474 4390; x_wconf 81' lang='grc'><strong>55</strong></span> <span class='ocrx_word' id='word_1_855' title='bbox 3502 4334 3554 4405; x_wconf 87' lang='grc'><strong>);</strong></span> <span class='ocrx_word' id='word_1_856' title='bbox 3579 4333 3631 4389; x_wconf 89' lang='lat' dir='ltr'><strong>id</strong></span> <span class='ocrx_word' id='word_1_857' title='bbox 3665 4341 3750 4389; x_wconf 88' lang='lat' dir='ltr'><strong>est</strong></span> 
     </span>
    </p>
   </div>
   <div class='ocr_carea' id='block_1_105' title="bbox 2162 4426 3750 4496">
    <p class='ocr_par' dir='ltr' id='par_1_105' title="bbox 2162 4426 3750 4496">
     <span class='ocr_line' id='line_1_105' title="bbox 2162 4426 3750 4496; baseline -0.008 -4"><span class='ocrx_word' id='word_1_858' title='bbox 2162 4435 2325 4492; x_wconf 89' lang='lat' dir='ltr'><strong>Israel</strong></span> <span class='ocrx_word' id='word_1_859' title='bbox 2356 4432 2650 4490; x_wconf 90' lang='lat' dir='ltr'><strong>secundum</strong></span> <span class='ocrx_word' id='word_1_860' title='bbox 2678 4445 2897 4487; x_wconf 89' lang='lat' dir='ltr'><strong>carnem</strong></span> <span class='ocrx_word' id='word_1_861' title='bbox 2925 4472 2940 4496; x_wconf 93' lang='lat'><strong>,</strong></span> <span class='ocrx_word' id='word_1_862' title='bbox 2967 4430 3053 4485; x_wconf 91' lang='lat' dir='ltr'><strong>cui</strong></span> <span class='ocrx_word' id='word_1_863' title='bbox 3080 4428 3281 4485; x_wconf 91' lang='lat' dir='ltr'><strong>dictum</strong></span> <span class='ocrx_word' id='word_1_864' title='bbox 3306 4435 3422 4493; x_wconf 87' lang='lat' dir='ltr'><strong>est,</strong></span> <span class='ocrx_word' id='word_1_865' title='bbox 3455 4445 3473 4479; x_wconf 79' lang='grc' dir='ltr'><strong>ι</strong></span> <span class='ocrx_word' id='word_1_866' title='bbox 3507 4426 3642 4481; x_wconf 89' lang='lat' dir='ltr'><strong>Cum</strong></span> <span class='ocrx_word' id='word_1_867' title='bbox 3668 4426 3750 4480; x_wconf 88' lang='lat' dir='ltr'><strong>vi-</strong></span> 
     </span>
    </p>
   </div>
   <div class='ocr_carea' id='block_1_106' title="bbox 2162 4514 3750 4590">
    <p class='ocr_par' dir='ltr' id='par_1_106' title="bbox 2162 4514 3750 4590">
     <span class='ocr_line' id='line_1_106' title="bbox 2162 4514 3750 4590; baseline -0.009 -8"><span class='ocrx_word' id='word_1_868' title='bbox 2162 4525 2347 4582; x_wconf 86' lang='lat' dir='ltr'><strong>deritis</strong></span> <span class='ocrx_word' id='word_1_869' title='bbox 2369 4522 2656 4590; x_wconf 85' lang='lat' dir='ltr'><strong>Abraham,</strong></span> <span class='ocrx_word' id='word_1_870' title='bbox 2686 4521 2850 4586; x_wconf 91' lang='lat' dir='ltr'><strong>Isaac,</strong></span> <span class='ocrx_word' id='word_1_871' title='bbox 2877 4528 2931 4576; x_wconf 89' lang='lat' dir='ltr'><strong>et</strong></span> <span class='ocrx_word' id='word_1_872' title='bbox 2948 4518 3135 4586; x_wconf 79' lang='lat' dir='ltr'><strong>Jacob,</strong></span> <span class='ocrx_word' id='word_1_873' title='bbox 3156 4526 3212 4574; x_wconf 90' lang='lat' dir='ltr'><strong>et</strong></span> <span class='ocrx_word' id='word_1_874' title='bbox 3239 4531 3426 4572; x_wconf 91' lang='lat' dir='ltr'><strong>omnes</strong></span> <span class='ocrx_word' id='word_1_875' title='bbox 3452 4514 3750 4585; x_wconf 87' lang='lat' dir='ltr'><strong>Pr0pbetas</strong></span> 
     </span>
    </p>
   </div>
   <div class='ocr_carea' id='block_1_107' title="bbox 2166 4605 3753 4689">
    <p class='ocr_par' dir='ltr' id='par_1_107' title="bbox 2166 4605 3753 4689">
     <span class='ocr_line' id='line_1_107' title="bbox 2166 4605 3753 4689; baseline -0.009 -16"><span class='ocrx_word' id='word_1_876' title='bbox 2166 4620 2218 4674; x_wconf 90' lang='lat' dir='ltr'><strong>in</strong></span> <span class='ocrx_word' id='word_1_877' title='bbox 2247 4632 2407 4689; x_wconf 89' lang='lat' dir='ltr'><strong>regno</strong></span> <span class='ocrx_word' id='word_1_878' title='bbox 2434 4615 2558 4681; x_wconf 91' lang='lat' dir='ltr'><strong>Dei,</strong></span> <span class='ocrx_word' id='word_1_879' title='bbox 2592 4630 2688 4669; x_wconf 90' lang='lat' dir='ltr'><strong>vos</strong></span> <span class='ocrx_word' id='word_1_880' title='bbox 2728 4621 2903 4669; x_wconf 92' lang='lat' dir='ltr'><strong>autem</strong></span> <span class='ocrx_word' id='word_1_881' title='bbox 2942 4611 3135 4683; x_wconf 81' lang='lat' dir='ltr'><strong>expelli</strong></span> <span class='ocrx_word' id='word_1_882' title='bbox 3166 4610 3328 4665; x_wconf 90' lang='lat' dir='ltr'><strong>foras.</strong></span> <span class='ocrx_word' id='word_1_883' title='bbox 3360 4608 3425 4662; x_wconf 86' lang='lat' dir='ltr'><strong>Et</strong></span> <span class='ocrx_word' id='word_1_884' title='bbox 3448 4607 3662 4661; x_wconf 89' lang='lat' dir='ltr'><strong>venient</strong></span> <span class='ocrx_word' id='word_1_885' title='bbox 3684 4605 3753 4660; x_wconf 89' lang='lat' dir='ltr'><strong>ab</strong></span> 
     </span>
    </p>
   </div>
   <div class='ocr_carea' id='block_1_108' title="bbox 2166 4703 3752 4774">
    <p class='ocr_par' dir='ltr' id='par_1_108' title="bbox 2166 4703 3752 4774">
     <span class='ocr_line' id='line_1_108' title="bbox 2166 4703 3752 4774; baseline -0.009 -9"><span class='ocrx_word' id='word_1_886' title='bbox 2166 4708 2370 4766; x_wconf 88' lang='lat' dir='ltr'><strong>oriente</strong></span> <span class='ocrx_word' id='word_1_887' title='bbox 2397 4748 2413 4773; x_wconf 91' lang='lat'><strong>,</strong></span> <span class='ocrx_word' id='word_1_888' title='bbox 2442 4714 2497 4761; x_wconf 93' lang='lat' dir='ltr'><strong>et</strong></span> <span class='ocrx_word' id='word_1_889' title='bbox 2523 4704 2799 4761; x_wconf 91' lang='lat' dir='ltr'><strong>occidente</strong></span> <span class='ocrx_word' id='word_1_890' title='bbox 2824 4745 2838 4769; x_wconf 89' lang='lat'><strong>,</strong></span> <span class='ocrx_word' id='word_1_891' title='bbox 2865 4712 2917 4759; x_wconf 91' lang='lat' dir='ltr'><strong>et</strong></span> <span class='ocrx_word' id='word_1_892' title='bbox 2942 4703 3189 4774; x_wconf 88' lang='lat' dir='ltr'><strong>aquilone</strong></span> <span class='ocrx_word' id='word_1_893' title='bbox 3212 4742 3228 4768; x_wconf 93' lang='lat'><strong>,</strong></span> <span class='ocrx_word' id='word_1_894' title='bbox 3255 4707 3311 4755; x_wconf 92' lang='lat' dir='ltr'><strong>et</strong></span> <span class='ocrx_word' id='word_1_895' title='bbox 3337 4706 3517 4753; x_wconf 87' lang='lat' dir='ltr'><strong>austro</strong></span> <span class='ocrx_word' id='word_1_896' title='bbox 3538 4738 3553 4763; x_wconf 94' lang='lat'><strong>,</strong></span> <span class='ocrx_word' id='word_1_897' title='bbox 3584 4706 3639 4752; x_wconf 93' lang='lat' dir='ltr'><strong>et</strong></span> <span class='ocrx_word' id='word_1_898' title='bbox 3660 4710 3752 4751; x_wconf 87' lang='lat' dir='ltr'><strong>ac-</strong></span> 
     </span>
    </p>
   </div>
   <div class='ocr_carea' id='block_1_109' title="bbox 2166 4786 3755 4866">
    <p class='ocr_par' dir='ltr' id='par_1_109' title="bbox 2166 4786 3755 4866">
     <span class='ocr_line' id='line_1_109' title="bbox 2166 4786 3755 4866; baseline -0.008 -12"><span class='ocrx_word' id='word_1_899' title='bbox 2166 4797 2417 4854; x_wconf 90' lang='lat' dir='ltr'><strong>cumbent</strong></span> <span class='ocrx_word' id='word_1_900' title='bbox 2459 4796 2512 4850; x_wconf 92' lang='lat' dir='ltr'><strong>in</strong></span> <span class='ocrx_word' id='word_1_901' title='bbox 2555 4810 2720 4866; x_wconf 88' lang='lat' dir='ltr'><strong>regno</strong></span> <span class='ocrx_word' id='word_1_902' title='bbox 2764 4794 2879 4850; x_wconf 89' lang='lat' dir='ltr'><strong>Dei.</strong></span> <span class='ocrx_word' id='word_1_903' title='bbox 2922 4793 2989 4848; x_wconf 89' lang='lat' dir='ltr'><strong>Et</strong></span> <span class='ocrx_word' id='word_1_904' title='bbox 3037 4806 3163 4847; x_wconf 89' lang='lat' dir='ltr'><strong>ecce</strong></span> <span class='ocrx_word' id='word_1_905' title='bbox 3206 4798 3330 4845; x_wconf 89' lang='lat' dir='ltr'><strong>sunt</strong></span> <span class='ocrx_word' id='word_1_906' title='bbox 3362 4787 3636 4843; x_wconf 87' lang='lat' dir='ltr'><strong>novissimi</strong></span> <span class='ocrx_word' id='word_1_907' title='bbox 3662 4786 3755 4857; x_wconf 89' lang='lat' dir='ltr'><strong>qui</strong></span> 
     </span>
    </p>
   </div>
   <div class='ocr_carea' id='block_1_110' title="bbox 2168 4878 3748 4958">
    <p class='ocr_par' dir='ltr' id='par_1_110' title="bbox 2168 4878 3748 4958">
     <span class='ocr_line' id='line_1_110' title="bbox 2168 4878 3748 4958; baseline -0.009 -14"><span class='ocrx_word' id='word_1_908' title='bbox 2168 4898 2321 4945; x_wconf 90' lang='lat' dir='ltr'><strong>erant</strong></span> <span class='ocrx_word' id='word_1_909' title='bbox 2368 4887 2570 4958; x_wconf 90' lang='lat' dir='ltr'><strong>primi,</strong></span> <span class='ocrx_word' id='word_1_910' title='bbox 2601 4896 2656 4941; x_wconf 91' lang='lat' dir='ltr'><strong>et</strong></span> <span class='ocrx_word' id='word_1_911' title='bbox 2710 4893 2831 4939; x_wconf 91' lang='lat' dir='ltr'><strong>sunt</strong></span> <span class='ocrx_word' id='word_1_912' title='bbox 2878 4883 3035 4955; x_wconf 90' lang='lat' dir='ltr'><strong>primi</strong></span> <span class='ocrx_word' id='word_1_913' title='bbox 3078 4881 3166 4951; x_wconf 91' lang='lat' dir='ltr'><strong>qui</strong></span> <span class='ocrx_word' id='word_1_914' title='bbox 3212 4888 3364 4935; x_wconf 90' lang='lat' dir='ltr'><strong>erant</strong></span> <span class='ocrx_word' id='word_1_915' title='bbox 3413 4878 3691 4933; x_wconf 90' lang='lat' dir='ltr'><strong>novissimi</strong></span> <span class='ocrx_word' id='word_1_916' title='bbox 3728 4895 3748 4929; x_wconf 73' lang='grc' dir='ltr'><strong>ι</strong></span> 
     </span>
    </p>
   </div>
   <div class='ocr_carea' id='block_1_111' title="bbox 2170 4967 3758 5052">
    <p class='ocr_par' dir='ltr' id='par_1_111' title="bbox 2170 4967 3758 5052">
     <span class='ocr_line' id='line_1_111' title="bbox 2170 4967 3758 5052; baseline -0.008 -16"><span class='ocrx_word' id='word_1_917' title='bbox 2170 4978 2329 5052; x_wconf 85' lang='lat' dir='ltr'><strong>(Luc.</strong></span> <span class='ocrx_word' id='word_1_918' title='bbox 2358 4995 2475 5044; x_wconf 68' lang='grc' dir='ltr'>χιιι,</span> <span class='ocrx_word' id='word_1_919' title='bbox 2500 4977 2729 5048; x_wconf 73' lang='lat'><strong>28-30).</strong></span> <span class='ocrx_word' id='word_1_920' title='bbox 2765 4994 2783 5028; x_wconf 73' lang='grc' dir='ltr'><strong>ι</strong></span> <span class='ocrx_word' id='word_1_921' title='bbox 2819 4974 3016 5032; x_wconf 89' lang='lat' dir='ltr'><strong>Gentes</strong></span> <span class='ocrx_word' id='word_1_922' title='bbox 3052 4992 3070 5025; x_wconf 75' lang='grc' dir='ltr'><strong>ι</strong></span> <span class='ocrx_word' id='word_1_923' title='bbox 3125 4980 3300 5027; x_wconf 87' lang='lat' dir='ltr'><strong>autem</strong></span> <span class='ocrx_word' id='word_1_924' title='bbox 3329 5012 3344 5035; x_wconf 88' lang='lat'><strong>,</strong></span> <span class='ocrx_word' id='word_1_925' title='bbox 3372 4971 3509 5025; x_wconf 90' lang='lat' dir='ltr'><strong>sicut</strong></span> <span class='ocrx_word' id='word_1_926' title='bbox 3549 4969 3624 5026; x_wconf 91' lang='lat' dir='ltr'><strong>ait</strong></span> <span class='ocrx_word' id='word_1_927' title='bbox 3650 4967 3758 5024; x_wconf 80' lang='lat' dir='ltr'><strong>Vas</strong></span> 
     </span>
    </p>
   </div>
   <div class='ocr_carea' id='block_1_112' title="bbox 2170 5062 3760 5141">
    <p class='ocr_par' dir='ltr' id='par_1_112' title="bbox 2170 5062 3760 5141">
     <span class='ocr_line' id='line_1_112' title="bbox 2170 5062 3760 5141; baseline -0.009 -11"><span class='ocrx_word' id='word_1_928' title='bbox 2170 5072 2487 5136; x_wconf 87' lang='lat' dir='ltr'><strong>electionis,</strong></span> <span class='ocrx_word' id='word_1_929' title='bbox 2534 5089 2552 5122; x_wconf 68' lang='grc' dir='ltr'>α</span> <span class='ocrx_word' id='word_1_930' title='bbox 2619 5082 2738 5141; x_wconf 77' lang='lat' dir='ltr'><strong>qua:</strong></span> <span class='ocrx_word' id='word_1_931' title='bbox 2781 5082 2884 5122; x_wconf 93' lang='lat' dir='ltr'><strong>non</strong></span> <span class='ocrx_word' id='word_1_932' title='bbox 2937 5064 3275 5121; x_wconf 89' lang='lat' dir='ltr'><strong>sectabantur</strong></span> <span class='ocrx_word' id='word_1_933' title='bbox 3323 5062 3617 5133; x_wconf 90' lang='lat' dir='ltr'><strong>justitiam,</strong></span> <span class='ocrx_word' id='word_1_934' title='bbox 3661 5077 3760 5132; x_wconf 83' lang='lat' dir='ltr'><strong>ap-</strong></span> 
     </span>
    </p>
   </div>
   <div class='ocr_carea' id='block_1_113' title="bbox 2172 5155 3761 5237">
    <p class='ocr_par' dir='ltr' id='par_1_113' title="bbox 2172 5155 3761 5237">
     <span class='ocr_line' id='line_1_113' title="bbox 2172 5155 3761 5237; baseline -0.009 -16"><span class='ocrx_word' id='word_1_935' title='bbox 2172 5163 2569 5237; x_wconf 89' lang='lat' dir='ltr'><strong>prehenderunt</strong></span> <span class='ocrx_word' id='word_1_936' title='bbox 2618 5159 2875 5231; x_wconf 90' lang='lat' dir='ltr'><strong>justitiam</strong></span> <span class='ocrx_word' id='word_1_937' title='bbox 2919 5173 2935 5223; x_wconf 90' lang='lat'><strong>;</strong></span> <span class='ocrx_word' id='word_1_938' title='bbox 2995 5155 3255 5227; x_wconf 88' lang='lat' dir='ltr'><strong>justitiam</strong></span> <span class='ocrx_word' id='word_1_939' title='bbox 3310 5161 3486 5209; x_wconf 89' lang='lat' dir='ltr'><strong>autem</strong></span> <span class='ocrx_word' id='word_1_940' title='bbox 3526 5166 3645 5223; x_wconf 69' lang='lat' dir='ltr'><strong>qua:</strong></span> <span class='ocrx_word' id='word_1_941' title='bbox 3693 5168 3761 5207; x_wconf 88' lang='lat' dir='ltr'><strong>ex</strong></span> 
     </span>
    </p>
   </div>
   <div class='ocr_carea' id='block_1_114' title="bbox 2174 5244 3764 5319">
    <p class='ocr_par' dir='ltr' id='par_1_114' title="bbox 2174 5244 3764 5319">
     <span class='ocr_line' id='line_1_114' title="bbox 2174 5244 3764 5319; baseline -0.008 -9"><span class='ocrx_word' id='word_1_942' title='bbox 2174 5256 2278 5312; x_wconf 89' lang='lat' dir='ltr'><strong>ﬁde</strong></span> <span class='ocrx_word' id='word_1_943' title='bbox 2303 5265 2385 5311; x_wconf 89' lang='lat' dir='ltr'><strong>est</strong></span> <span class='ocrx_word' id='word_1_944' title='bbox 2416 5272 2428 5309; x_wconf 94' lang='lat'><strong>:</strong></span> <span class='ocrx_word' id='word_1_945' title='bbox 2458 5253 2617 5308; x_wconf 90' lang='lat' dir='ltr'><strong>Israel</strong></span> <span class='ocrx_word' id='word_1_946' title='bbox 2647 5261 2823 5305; x_wconf 90' lang='lat' dir='ltr'><strong>autem</strong></span> <span class='ocrx_word' id='word_1_947' title='bbox 2854 5261 3180 5319; x_wconf 88' lang='lat' dir='ltr'><strong>persequens</strong></span> <span class='ocrx_word' id='word_1_948' title='bbox 3207 5245 3377 5317; x_wconf 86' lang='lat' dir='ltr'><strong>legem</strong></span> <span class='ocrx_word' id='word_1_949' title='bbox 3416 5244 3635 5315; x_wconf 76' lang='lat' dir='ltr'><strong>justitire</strong></span> <span class='ocrx_word' id='word_1_950' title='bbox 3659 5286 3674 5307; x_wconf 89' lang='lat'><strong>,</strong></span> <span class='ocrx_word' id='word_1_951' title='bbox 3710 5245 3764 5298; x_wconf 90' lang='lat' dir='ltr'><strong>in</strong></span> 
     </span>
    </p>
   </div>
   <div class='ocr_carea' id='block_1_115' title="bbox 2173 5336 3753 5421">
    <p class='ocr_par' dir='ltr' id='par_1_115' title="bbox 2173 5336 3753 5421">
     <span class='ocr_line' id='line_1_115' title="bbox 2173 5336 3753 5421; baseline -0.01 -15"><span class='ocrx_word' id='word_1_952' title='bbox 2173 5350 2344 5421; x_wconf 81' lang='lat' dir='ltr'><strong>legem</strong></span> <span class='ocrx_word' id='word_1_953' title='bbox 2369 5347 2586 5418; x_wconf 71' lang='lat' dir='ltr'><strong>justitite</strong></span> <span class='ocrx_word' id='word_1_954' title='bbox 2611 5358 2714 5399; x_wconf 91' lang='lat' dir='ltr'><strong>non</strong></span> <span class='ocrx_word' id='word_1_955' title='bbox 2742 5343 3001 5413; x_wconf 86' lang='lat' dir='ltr'><strong>pervenit.</strong></span> <span class='ocrx_word' id='word_1_956' title='bbox 3017 5340 3234 5409; x_wconf 87' lang='lat' dir='ltr'><strong>Quare?</strong></span> <span class='ocrx_word' id='word_1_957' title='bbox 3260 5339 3392 5408; x_wconf 91' lang='lat' dir='ltr'><strong>Quia</strong></span> <span class='ocrx_word' id='word_1_958' title='bbox 3413 5354 3518 5393; x_wconf 91' lang='lat' dir='ltr'><strong>non</strong></span> <span class='ocrx_word' id='word_1_959' title='bbox 3539 5353 3604 5393; x_wconf 85' lang='lat' dir='ltr'><strong>ex</strong></span> <span class='ocrx_word' id='word_1_960' title='bbox 3627 5336 3753 5404; x_wconf 88' lang='lat' dir='ltr'><strong>ﬁde,</strong></span> 
     </span>
    </p>
   </div>
   <div class='ocr_carea' id='block_1_116' title="bbox 2176 5428 3761 5512">
    <p class='ocr_par' dir='ltr' id='par_1_116' title="bbox 2176 5428 3761 5512">
     <span class='ocr_line' id='line_1_116' title="bbox 2176 5428 3761 5512; baseline -0.011 -12"><span class='ocrx_word' id='word_1_961' title='bbox 2176 5443 2270 5499; x_wconf 90' lang='lat' dir='ltr'><strong>sed</strong></span> <span class='ocrx_word' id='word_1_962' title='bbox 2301 5439 2452 5512; x_wconf 89' lang='lat' dir='ltr'><strong>quasi</strong></span> <span class='ocrx_word' id='word_1_963' title='bbox 2485 5455 2550 5495; x_wconf 88' lang='lat' dir='ltr'><strong>ex</strong></span> <span class='ocrx_word' id='word_1_964' title='bbox 2579 5436 2847 5508; x_wconf 89' lang='lat' dir='ltr'><strong>operibus,</strong></span> <span class='ocrx_word' id='word_1_965' title='bbox 2880 5433 3220 5490; x_wconf 78' lang='lat' dir='ltr'><strong>offenderunt</strong></span> <span class='ocrx_word' id='word_1_966' title='bbox 3250 5433 3303 5488; x_wconf 91' lang='lat' dir='ltr'><strong>in</strong></span> <span class='ocrx_word' id='word_1_967' title='bbox 3333 5431 3561 5502; x_wconf 88' lang='lat' dir='ltr'><strong>lapidem</strong></span> <span class='ocrx_word' id='word_1_968' title='bbox 3591 5428 3761 5483; x_wconf 75' lang='lat' dir='ltr'><strong>offen-</strong></span> 
     </span>
    </p>
   </div>
   <div class='ocr_carea' id='block_1_117' title="bbox 2176 5521 3763 5605">
    <p class='ocr_par' dir='ltr' id='par_1_117' title="bbox 2176 5521 3763 5605">
     <span class='ocr_line' id='line_1_117' title="bbox 2176 5521 3763 5605; baseline -0.007 -13"><span class='ocrx_word' id='word_1_969' title='bbox 2176 5534 2343 5592; x_wconf 92' lang='lat' dir='ltr'><strong>sionis</strong></span> <span class='ocrx_word' id='word_1_970' title='bbox 2379 5552 2398 5586; x_wconf 73' lang='grc' dir='ltr'><strong>ι</strong></span> <span class='ocrx_word' id='word_1_971' title='bbox 2429 5530 2604 5605; x_wconf 87' lang='lat' dir='ltr'><strong>(Rom.</strong></span> <span class='ocrx_word' id='word_1_972' title='bbox 2636 5546 2711 5596; x_wconf 72' lang='grc' dir='ltr'>ιιι,</span> <span class='ocrx_word' id='word_1_973' title='bbox 2740 5527 2913 5587; x_wconf 73' lang='grc'><strong>50-52</strong></span> <span class='ocrx_word' id='word_1_974' title='bbox 2933 5529 2972 5600; x_wconf 86' lang='grc'><strong>).</strong></span> <span class='ocrx_word' id='word_1_975' title='bbox 3002 5527 3077 5582; x_wconf 90' lang='lat' dir='ltr'><strong>Ita</strong></span> <span class='ocrx_word' id='word_1_976' title='bbox 3105 5526 3224 5583; x_wconf 88' lang='lat' dir='ltr'><strong>facti</strong></span> <span class='ocrx_word' id='word_1_977' title='bbox 3247 5533 3370 5583; x_wconf 91' lang='lat' dir='ltr'><strong>sunt</strong></span> <span class='ocrx_word' id='word_1_978' title='bbox 3389 5522 3585 5580; x_wconf 88' lang='lat' dir='ltr'><strong>inimici</strong></span> <span class='ocrx_word' id='word_1_979' title='bbox 3607 5521 3763 5593; x_wconf 78' lang='lat' dir='ltr'><strong>hujus</strong></span> 
     </span>
    </p>
   </div>
   <div class='ocr_carea' id='block_1_118' title="bbox 2180 5622 3052 5696">
    <p class='ocr_par' dir='ltr' id='par_1_118' title="bbox 2180 5622 3052 5696">
     <span class='ocr_line' id='line_1_118' title="bbox 2180 5622 3052 5696; baseline -0.005 -15"><span class='ocrx_word' id='word_1_980' title='bbox 2180 5628 2269 5696; x_wconf 89' lang='lat' dir='ltr'><strong>qui</strong></span> <span class='ocrx_word' id='word_1_981' title='bbox 2298 5626 2385 5681; x_wconf 87' lang='lat' dir='ltr'><strong>hic</strong></span> <span class='ocrx_word' id='word_1_982' title='bbox 2415 5626 2466 5679; x_wconf 90' lang='lat' dir='ltr'><strong>in</strong></span> <span class='ocrx_word' id='word_1_983' title='bbox 2495 5622 2772 5694; x_wconf 88' lang='lat' dir='ltr'><strong>prophetia</strong></span> <span class='ocrx_word' id='word_1_984' title='bbox 2803 5622 3052 5694; x_wconf 89' lang='lat' dir='ltr'><strong>loquitur.</strong></span> 
     </span>
    </p>
   </div>
   <div class='ocr_carea' id='block_1_119' title="bbox 2242 5775 3061 5844">
    <p class='ocr_par' dir='ltr' id='par_1_119' title="bbox 2242 5775 3061 5844">
     <span class='ocr_line' id='line_1_119' title="bbox 2242 5775 3061 5844; baseline -0.006 -15"><span class='ocrx_word' id='word_1_985' title='bbox 2242 5782 2259 5815; x_wconf 77' lang='grc' dir='ltr'><strong>ι</strong></span> <span class='ocrx_word' id='word_1_986' title='bbox 2285 5779 2432 5844; x_wconf 81' lang='lat' dir='ltr'><strong>Lugd.</strong></span> <span class='ocrx_word' id='word_1_987' title='bbox 2458 5786 2576 5831; x_wconf 84' lang='lat' dir='ltr'><strong>Ven.</strong></span> <span class='ocrx_word' id='word_1_988' title='bbox 2595 5785 2648 5829; x_wconf 90' lang='lat' dir='ltr'><strong>et</strong></span> <span class='ocrx_word' id='word_1_989' title='bbox 2667 5784 2798 5837; x_wconf 83' lang='lat' dir='ltr'><strong>Lov.,</strong></span> <span class='ocrx_word' id='word_1_990' title='bbox 2824 5775 2908 5827; x_wconf 83' lang='lat' dir='ltr'><strong>ibi.</strong></span> <span class='ocrx_word' id='word_1_991' title='bbox 3006 5782 3061 5825; x_wconf 78' lang='grc' dir='ltr'><strong>Μ.</strong></span> 
     </span>
    </p>
   </div>
   <div class='ocr_carea' id='block_1_120' title="bbox 2242 5859 2951 5931">
    <p class='ocr_par' dir='ltr' id='par_1_120' title="bbox 2242 5859 2951 5931">
     <span class='ocr_line' id='line_1_120' title="bbox 2242 5859 2951 5931; baseline -0.001 -16"><span class='ocrx_word' id='word_1_992' title='bbox 2242 5864 2316 5931; x_wconf 88' lang='lat' dir='ltr'><strong>(a)</strong></span> <span class='ocrx_word' id='word_1_993' title='bbox 2337 5870 2472 5916; x_wconf 84' lang='lat' dir='ltr'><strong>Grec.</strong></span> <span class='ocrx_word' id='word_1_994' title='bbox 2506 5860 2611 5916; x_wconf 81' lang='lat' dir='ltr'><strong>ole‘n</strong></span> <span class='ocrx_word' id='word_1_995' title='bbox 2644 5859 2721 5917; x_wconf 81' lang='lat' dir='ltr'><strong>tén</strong></span> <span class='ocrx_word' id='word_1_996' title='bbox 2741 5859 2951 5914; x_wconf 78' lang='lat' dir='ltr'><strong>émeran.</strong></span> 
     </span>
    </p>
   </div>
  </div>
