4188 6454
566 339 707 400 ιεθδ
1389 419 1398 426 ο

626 462 678 516 2.
730 457 752 535 [
780 477 903 516 vers.
935 460 1017 517 98.
1053 457 1075 535 ]
1100 461 1175 515 Ac
1201 457 1391 515 deinde
1413 456 1686 530 conjungit
1730 473 1744 510 :
1777 456 1946 527 Super
1975 455 2145 514 inimi-

559 572 645 618 cos
674 572 808 612 meos
833 571 1008 628 sapere
1028 554 1190 626 feciin
1217 570 1296 616 me
1314 553 1610 616 mandatum
1641 561 1804 618 tuum,
1828 549 2068 621 quoniam
2093 551 2146 604 in

553 657 795 716 teternum
820 646 944 712 mihi
990 655 1082 712 est.
1111 645 1194 702 illi
1221 659 1448 716 namque
1478 644 1652 699 zelum
1681 642 1891 714 quidem
1926 642 2017 700 Dei
2049 642 2144 696 ha-

552 741 716 808 bent,
744 739 835 796 sed
865 755 971 798 non
1008 739 1298 800 secundum
1333 738 1628 802 scientiam.
1665 736 1972 808 ignorantes
1998 735 2141 793 enim

553 833 647 892 Dci
671 833 931 905 justitiam
952 874 967 900 ,
991 843 1044 892 et
1069 849 1218 892 suam
1243 841 1540 904 quaerentes
1561 831 1904 900 constituere,
1920 829 2142 901 justitia:

552 923 648 988 Dei
678 942 782 988 non
811 936 937 988 sunt
962 927 1185 996 subjecti
1218 924 1392 998 (Rom.
1421 942 1454 980 x
1475 967 1489 994 ,
1518 926 1554 980 ‘2
1574 935 1618 980 et
1644 926 1731 996 '5).
1763 924 1866 984 Iste
1896 940 2022 980 vero
2049 923 2138 995 qui

545 1032 707 1088 super
737 1019 866 1078 istos
889 1018 1134 1080 inimicos
1159 1032 1285 1079 suos
1326 1017 1464 1088 sapit
1489 1017 1794 1078 mandatum
1823 1017 1951 1084 Dei,
1985 1018 2136 1073 inve-

543 1110 644 1178 niri
674 1112 786 1168 vult
825 1124 948 1168 cum
994 1111 1252 1181 Apostolo
1292 1126 1396 1170 non
1423 1109 1625 1168 habens
1647 1109 1904 1182 justitiam
1946 1124 2094 1166 suam
2117 1151 2133 1175 ,

541 1217 660 1290 qua:
687 1217 752 1258 cx
779 1201 898 1273 lege
923 1210 1024 1268 est,
1053 1202 1147 1260 sed
1169 1202 1428 1282 juStitiam
1457 1217 1551 1274 per
1578 1201 1733 1258 ﬁdem
1765 1201 1984 1265 Christi,
2015 1217 2134 1272 qua:

539 1305 622 1356 est
649 1311 716 1354 cx
746 1295 858 1354 Deo
886 1296 904 1366 (
937 1293 1169 1370 Philipp.
1201 1311 1281 1363 tu,
1311 1293 1388 1368 9)
1416 1313 1428 1350 :
1471 1311 1576 1351 non
1607 1296 1726 1365 quia
1755 1295 1838 1354 lex
1868 1309 2024 1366 quam
2054 1294 2132 1350 le-

537 1397 670 1460 gunt
699 1388 898 1444 inimici
923 1390 1059 1460 ejus,
1092 1405 1196 1444 non
1226 1399 1307 1445 est
1331 1405 1395 1443 ex
1427 1389 1568 1453 Deo;
1607 1388 1702 1443 sed
1731 1389 1853 1458 quia
1883 1403 2001 1443 eam
2026 1403 2131 1444 non

536 1482 770 1552 sapiunt,
805 1482 941 1536 sicut
965 1482 1064 1537 iste
1091 1482 1182 1552 qui
1214 1497 1378 1551 super
1409 1481 1650 1536 inimicos
1675 1496 1800 1534 suos
1822 1496 1939 1534 eam
1968 1481 2126 1550 sapit,

537 1574 862 1631 cohaerendo
885 1574 1042 1644 lapidi
1067 1575 1116 1629 in
1148 1590 1304 1645 quem
1337 1574 1408 1628 illi
1430 1572 1785 1629 oﬂ‘enderunt.
1813 1574 1959 1628 Finis
1984 1575 2126 1629 enim

534 1668 669 1739 legis
683 1667 945 1734 Christus.
969 1667 1034 1724 ad
1052 1668 1309 1738 justitiam
1335 1667 1480 1722 omni
1505 1667 1742 1722 credenti
1763 1665 1938 1735 (Rom.
1962 1683 2017 1732 x,
2044 1667 2120 1733 ι),

535 1771 595 1830 ut
619 1759 979 1830 justilicentur
1005 1758 1170 1830 gratis
1197 1775 1292 1830 per
1315 1759 1538 1829 gratiam
1570 1758 1736 1828 ipsius
1756 1756 1864 1829 (Id.
1891 1774 1968 1823 nt,
1993 1758 2082 1829 24)
2107 1775 2122 1811 :

532 1865 639 1918 non
666 1851 802 1906 sicut
830 1847 906 1904 illi
931 1850 1020 1920 qui
1051 1849 1252 1906 viribus
1288 1849 1400 1904 suis
1444 1863 1503 1904 se
1538 1849 1709 1919 legem
1738 1849 1912 1904 facere
1940 1850 2125 1904 existi-

531 1953 682 2005 mant
704 1985 719 2012 ,
749 1953 806 2004 et
829 1945 949 2002 ideo
980 1947 996 1978 ί
1027 1960 1092 2002 ex
1124 1946 1240 2016 lege
1268 1945 1484 2016 quidem
1516 1945 1611 2002 Dei
1637 1987 1650 2011 ,
1674 1946 1767 2001 sed
1798 1947 2122 2018 suamjusti-

529 2039 659 2099 tiam
701 2039 1028 2104 constituere
1066 2047 1349 2110 quierunt;
1395 2038 1489 2095 sed
1519 2039 1786 2109 quomodo
1827 2040 1966 2096 titius
1998 2055 2120 2110 pro-

528 2130 817 2198 missionis,
847 2130 936 2200 qui
964 2130 1206 2194 esuriens
1231 2137 1288 2186 et
1316 2129 1503 2186 sitiens
1530 2145 1650 2186 eam
1683 2129 1906 2203 (Matth.
1937 2147 1988 2196 ν,
2017 2132 2049 2185 6
2075 2130 2119 2202 ),

525 2222 759 2295 petendo
789 2263 806 2290 ,
835 2223 1124 2293 quaerendo.
1145 2263 1162 2291 ,
1193 2223 1452 2294 pulsando
1481 2223 1878 2294 quodammodo
1901 2239 1932 2280 a
1962 2223 2122 2280 Patre

524 2315 796 2379 mendicat
827 2313 846 2388 (
875 2314 963 2370 Id.
996 2331 1092 2383 νιι,
1121 2316 1152 2369 7
1176 2314 1222 2386 ),
1255 2324 1313 2372 ut
1346 2315 1627 2386 adoptatus
1654 2332 1749 2386 per
1776 2315 2118 2386 Unigenitum

524 2407 770 2479 accipiat.
798 2406 888 2468 Sic
914 2418 1092 2466 autem
1114 2407 1424 2464 mandatum
1465 2407 1558 2463 Dei
1587 2407 1798 2478 quando
1829 2409 2112 2478 sapuisset,

523 2501 630 2562 nisi
653 2517 774 2560 omn
800 2502 914 2573 ipse
932 2502 1011 2559 sic
1039 2517 1228 2573 sapere
1254 2501 1468 2568 ΐεοὶεεβι
1495 2503 1580 2560 cui
1605 2502 1735 2560 dicit
1775 2520 1788 2556 :
1820 2501 1990 2573 Super
2017 2502 2118 2556 ini-

522 2596 680 2653 utitur
706 2612 844 2652 meo:
863 2613 1039 2666 rupere
1066 2596 1230 2663 fecisti
1253 2613 1333 2654 me
1370 2596 1666 2652 mandatum
1693 2605 1833 2652 tuum
1857 2597 1882 2650 7
1910 2596 2118 2656 Inimici.

519 2689 717 2760 quippe
744 2689 863 2759 ejus
891 2688 1008 2756 illi,
1036 2689 1182 2745 velut
1224 2705 1290 2746 ex
1319 2689 1480 2760 Agar,
1528 2691 1580 2746 in
1609 2690 1918 2748 servitutem
1949 2705 2112 2760 gene-

523 2780 626 2835 rati
656 2777 677 2852 (
695 2777 868 2834 Calai.
910 2795 998 2847 tv,
1020 2778 1093 2836 26
1118 2778 1139 2853 )
1165 2821 1180 2846 ,
1211 2797 1277 2837 ex
1303 2781 1491 2837 eodem
1522 2780 1770 2836 mandato
1796 2781 2108 2852 temporalia

519 2871 738 2942 praemia
767 2871 1123 2942 quaesierunt;
1150 2883 1196 2926 et
1227 2872 1348 2928 ideo
1370 2889 1474 2928 non
1499 2873 1593 2928 luit
1613 2873 1718 2930 illis
1744 2875 1794 2928 in
1825 2883 2108 2940 aeternum,

517 2965 659 3021 sicut
686 2973 770 3020 est
797 2964 938 3022 huic.
969 2965 1158 3021 Melius
1187 2967 1382 3037 quippe
1412 2967 1786 3023 intellexerunt
1812 2969 1902 3038 qui
1946 2969 2112 3023 inter-

517 3057 708 3128 pretati
737 3059 939 3113 suntin
965 3068 1210 3113 atomum
1233 3101 1250 3127 ,
1288 3074 1444 3130 quam
1471 3059 1560 3130 qtti
1604 3060 1657 3115 in
1681 3060 1924 3115 saeculum
1947 3101 1962 3126 ,
1993 3069 2111 3114 tan-

516 3166 678 3222 quam
707 3152 858 3208 linito
879 3152 982 3209 isto
1009 3153 1207 3209 sazculo
1233 3153 1438 3209 nullum
1477 3152 1586 3224 jam
1618 3153 1748 3226 legis
1782 3163 1962 3225 posset
1988 3169 2109 3210 esse

515 3245 844 3303 mandatum.
876 3246 948 3302 lta
978 3261 1106 3304 vero
1143 3247 1348 3303 nullum
1391 3248 1522 3316 erit,
1549 3248 1642 3304 sed
1667 3249 1720 3303 in
1747 3247 1941 3304 tabulis
1980 3247 2107 3303 visi-

514 3334 710 3393 bilibus
737 3339 991 3410 librisque
1017 3339 1377 3410 conscriptum
1409 3356 1423 3394 :
1454 3339 1504 3394 in
1539 3339 1730 3394 tabulis
1756 3355 1883 3394 vero
1905 3339 2102 3405 cordis,

513 3429 732 3487 dilectio
757 3432 851 3488 Dei
894 3441 949 3488 et
975 3433 1200 3504 proximi
1231 3433 1468 3491 manebit
1505 3433 1557 3491 in
1583 3443 1844 3489 aeternum
1873 3449 1887 3498 ;
1921 3434 1971 3487 in
1998 3447 2106 3503 quo

513 3521 766 3577 mandato
829 3522 1096 3594 geminato
1145 3533 1252 3579 tota
1311 3524 1419 3580 Lex
1467 3524 1663 3595 pendet
1713 3533 1766 3579 ct
1825 3524 2104 3595 Propheta:

514 3614 740 3688 (Matth.
788 3631 916 3683 χχιι,
949 3616 1152 3690 57-40)
1205 3637 1217 3672 :
1267 3617 1476 3688 eritque
1525 3617 1798 3688 prtemium
1853 3616 2104 3672 custoditi

511 3705 749 3763 mandati
777 3707 934 3778 hujus
963 3707 1078 3787 ipse
1104 3708 1401 3772 mandator,
1425 3717 1480 3762 et
1505 3707 1781 3778 praemium
1801 3706 2104 3766 dilectionis

510 3798 630 3871 ipse
669 3799 928 3868 dilectus,
977 3801 1190 3873 quando
1232 3802 1333 3857 erit
1376 3801 1519 3858 Deus
1561 3802 1738 3858 omnia
1772 3803 1822 3856 in
1855 3801 2104 3858 omnibus

511 3891 718 3960 (ICor.
746 3908 835 3961 xv,
864 3891 993 3966 28).

580 3986 634 4041 5.
676 3983 849 4059 [vet-3.
879 3986 965 4044 99.
991 3985 1013 4062 ]
1044 3985 1152 4043 Sed
1202 3987 1331 4059 quid
1379 3997 1461 4044 est
1507 3987 1611 4043 hoc
1654 3987 1796 4059 quod
1838 3989 2098 4060 sequitur,

509 4077 682 4149 Super
722 4096 893 4135 omnes
923 4081 1152 4136 decernes
1194 4098 1274 4136 me
1301 4081 1523 4136 intellexi
1544 4082 1570 4136 ?
1597 4081 1726 4148 Quis
1755 4091 1837 4138 est
1867 4083 1968 4138 iste
2007 4083 2102 4154 qui

509 4173 670 4241 super
689 4186 877 4228 omnes
899 4171 1150 4229 docentes
1176 4190 1234 4229 se
1264 4174 1568 4231 intellexit?
1593 4175 1712 4246 quis
1733 4185 1833 4241 est,
1859 4177 2095 4247 inquam,

508 4264 600 4334 qui
625 4278 790 4334 super
812 4278 998 4320 omnes
1035 4264 1348 4336 PrOphetas,
1380 4266 1468 4338 qui
1495 4284 1600 4322 non
1628 4269 1805 4323 solum
1833 4269 2098 4339 loquendo

509 4369 606 4411 eos
632 4355 723 4426 qui
759 4370 940 4410 secum
972 4356 1218 4413 vixerunt
1243 4400 1257 4427 ,
1290 4374 1475 4414 verum
1502 4359 1660 4414 etiam
1689 4359 1971 4416 scribendo
1997 4376 2098 4432 po-

509 4456 685 4506 SIeros
716 4457 823 4504 tam
849 4448 1128 4505 excellenti
1151 4451 1468 4506 auctoritate
1492 4451 1788 4506 docuerunt
1812 4492 1825 4516 ,
1854 4449 2013 4506 audet
2039 4466 2098 4507 se

509 4540 858 4614 intelligendo
884 4543 1234 4615 praeponere?
1278 4542 1547 4599 Salomoni
1577 4544 1789 4614 quidem
1834 4553 1976 4598 tanta
2015 4553 2099 4600 est

510 4631 704 4688 donata
733 4633 992 4703 sapientia
1024 4677 1040 4701 ,
1071 4644 1131 4690 ut
1173 4636 1332 4691 etiam
1360 4634 1445 4690 his
1491 4635 1739 4690 omnibus
1766 4635 1855 4706 qui
1886 4635 2097 4692 fuerunt

509 4735 634 4781 ante
660 4725 829 4795 illum,
863 4725 1106 4782 videatur
1131 4742 1250 4784 esse
1275 4727 1521 4798 praelatus
1552 4727 1659 4801 (ill
1691 4726 1815 4801 Reg.
1850 4743 1926 4798 Ill,
1953 4727 2092 4801 {2):

508 4816 602 4874 sed
628 4834 733 4875 non
763 4827 846 4876 est
867 4819 1188 4876 credendum
1238 4821 1409 4892 ipsum
1458 4821 1543 4876 hic
1567 4836 1597 4875 a
1624 4831 1775 4892 patre
1804 4836 1905 4877 suo
1931 4820 2097 4877 David

509 4910 747 4981 potuisse
775 4911 1114 4984 prophetari;
1147 4913 1378 4968 maxime
1405 4912 1527 4990 quia
1554 4912 1658 4968 dici
1688 4927 1792 4968 non
1829 4922 2009 4984 posset
2029 4928 2095 4968 ex

507 5013 739 5070 persona
767 5001 1068 5059 Salomonis
1089 5004 1229 5074 quod
1257 5003 1343 5059 hic
1371 5003 1584 5071 dicitur,
1615 5004 1688 5058 Ab
1719 5004 1856 5058 anmi
1881 5005 1961 5058 via
1990 5020 2096 5058 ma-

509 5093 652 5162 ligna
678 5095 910 5163 prohibui
940 5097 1088 5166 pedes
1115 5115 1269 5153 meos.
1301 5097 1467 5152 Porro
1496 5098 1560 5164 si,
1595 5098 1734 5170 quod
1756 5106 1837 5152 est
1862 5108 2097 5170 accepta-

506 5182 692 5250 bilius,
717 5183 984 5241 Christum
1013 5191 1333 5259 prtenuntiat
1360 5192 1459 5246 istc
1487 5190 1764 5261 prepheta,
1797 5207 1936 5246 nunc
1957 5207 1987 5246 a
2009 5207 2096 5246 ca-

508 5277 616 5348 pite
639 5277 777 5349 quod
800 5290 882 5335 est
903 5281 1014 5352 ipse
1037 5284 1297 5353 Salvator,
1324 5301 1462 5340 nunc
1484 5285 1550 5340 ab
1571 5285 1686 5355 ejus
1711 5300 1932 5356 corpore
1953 5284 2094 5355 quod

507 5379 590 5426 est
619 5369 877 5438 Ecclesia,
907 5375 1064 5429 verba
1112 5377 1418 5447 prophetica
1445 5378 1691 5450 digerens
1710 5421 1722 5442 ,
1761 5387 1815 5433 et
1847 5387 2093 5448 tanquam

507 5478 673 5520 unum
705 5463 1012 5535 loquentem
1043 5467 1241 5534 faciens
1266 5511 1279 5533 ,
1313 5479 1526 5540 propter
1555 5486 1801 5541 magnum
1847 5468 1975 5524 illud
2007 5484 2094 5523 sa-

402 5551 407 5555 .
500 5563 841 5615 'cramcntum
866 5600 879 5624 ,
926 5559 1012 5614 ubi
1043 5559 1241 5615 dictum
1270 5571 1350 5617 est
1375 5604 1388 5629 ,
1420 5563 1585 5617 Erunt
1624 5564 1722 5618 duo
1754 5565 1804 5618 in
1825 5580 1974 5618 carne
1995 5579 2095 5617 una

508 5647 737 5722 (Ephes.
772 5653 940 5720 v.51,
984 5652 1132 5724 32);
1160 5667 1391 5724 agnosco
1435 5670 1556 5710 eum
1606 5656 1764 5726 plane
1799 5655 1889 5726 qui
1934 5669 2116 5724 super-

536 5794 581 5907 bi
598 5795 683 5864 Ἐν.
719 5803 771 5841 et
790 5795 921 5853 Lov.,
939 5790 1048 5842 ideo
1069 5804 1162 5843 non
1183 5804 1248 5843 ea:
1272 5788 1392 5858 lege,
1419 5800 1515 5843 etc.
1537 5793 1699 5855 Abest,
1722 5804 1833 5856 non,
1854 5805 1883 5844 a
1897 5793 2096 5845 caneris

569 5865 654 5904 rts.

569 5865 654 5904 l‘lS.

1797 340 1852 396 S.
1897 336 2261 402 AUGUSTINI
2295 339 2601 404 EPISCOPI

3679 372 3803 434 1564

2261 473 2447 522 omnes
2474 462 2727 522 docentes
2753 481 2811 522 se
2855 467 3112 528 intellexit
3139 515 3153 540 ,
3187 475 3398 545 quando
3426 493 3543 535 cum
3575 496 3708 541 esset
3727 505 3810 547 an.-

2261 568 2452 609 norum
2481 555 2778 625 duodecim,
2812 565 3070 618 remansit
3100 580 3231 634 puer
3259 567 3412 625 Jesus
3432 571 3484 626 in
3514 573 3806 660 Jerusalem,

2255 654 2309 699 et
2332 661 2360 700 a
2391 650 2700 720 parentibus
2749 653 2860 708 suis
2892 655 2907 685 ²
2937 664 3058 724 post
3089 657 3316 715 triduum
3347 663 3591 721 inventus
3618 680 3692 725 est
3717 650 3811 731 illic

2254 737 2305 791 in
2339 740 2535 810 templo
2572 742 2764 798 sedens
2795 745 2932 801 inter
2959 746 3244 816 doctores,
3273 753 3494 810 audiens
3521 757 3632 814 illos
3657 772 3705 817 et
3743 764 3811 820 in.-

2252 837 2564 902 terrogans;
2595 834 2678 891 ubi
2709 837 2990 910 stupebant
3019 855 3205 897 omnes
3243 845 3332 916 qui
3362 863 3482 902 eum
3511 851 3808 924 audiebant,

2249 938 2410 1017 super
2437 927 2712 996 prudentia
2739 939 2792 985 et
2813 934 3083 1004 responsis
3100 935 3216 1006 ejus
3243 937 3390 1010 (Luc.
3414 957 3468 1008 ιι,
3491 944 3694 1017 42-47).
3717 949 3812 1009 Nec

2247 1014 2532 1078 immerito,
2554 1019 2642 1096 qui
2665 1035 2760 1092 per
2778 1021 2930 1077 istam
2951 1027 3284 1096 prOphetiam
3307 1038 3453 1086 tanto
3471 1043 3591 1090 ante
3604 1014 3806 1109 dixerat,

2248 1107 2416 1178 Super
2439 1127 2610 1166 omnes
2634 1114 2866 1171 docentes
2894 1135 2972 1172 me
2994 1119 3237 1186 intellexi.
3270 1121 3470 1182 Omnes
3491 1128 3626 1184 enim
3649 1107 3810 1202 utique

2249 1198 2492 1258 hmnincs
2514 1204 2624 1259 vult
2649 1205 2887 1280 intelligi,
2911 1224 3014 1264 non
3036 1210 3201 1269 Deum
3225 1213 3434 1271 Patrem
3454 1235 3468 1284 ;
3485 1217 3550 1272 de
3570 1236 3670 1291 quo
3694 1198 3810 1281 dicit

2242 1291 2355 1360 ipse
2387 1293 2571 1386 Filius,
2607 1297 2750 1353 Sicut
2776 1299 2946 1355 docuit
2975 1319 3053 1356 me
3088 1300 3264 1370 Pater,
3289 1307 3398 1361 haec
3427 1309 3604 1381 loquor
3631 1311 3800 1386 (Joan.

2240 1401 2352 1452 vnt,
2380 1385 2509 1460 28).
2547 1387 2696 1458 Quod
2723 1389 3036 1449 difﬁcillime
3071 1410 3133 1450 ex
3167 1411 3394 1468 persona
3429 1399 3587 1456 Verbi
3634 1385 3807 1462 intelli.

2237 1476 2410 1546 gitur;
2466 1479 2566 1533 nisi
2607 1482 2726 1551 quis
2768 1491 3052 1556 utcumque
3097 1502 3288 1558 capere
3313 1492 3488 1547 valeat
3517 1495 3568 1549 id
3597 1512 3706 1553 esse
3731 1499 3806 1554 Fi-

2237 1564 2363 1620 lium
2386 1582 2413 1622 a
2433 1568 2588 1624 Patre
2611 1570 2844 1641 doctum,
2865 1575 3004 1646 quod
3033 1579 3289 1647 genitum.
3314 1580 3411 1636 Cui
3443 1585 3582 1639 enim
3611 1603 3707 1642 non
3735 1600 3808 1645 est

2235 1657 2378 1712 aliud
2404 1675 2543 1725 esse,
2574 1661 2716 1718 aliud
2754 1663 2966 1720 doctum
2995 1683 3133 1737 esse,
3166 1671 3258 1726 sed
3289 1674 3431 1744 quod
3463 1675 3536 1730 illi
3565 1688 3643 1734 est
3669 1696 3802 1748 esse,

2235 1747 2336 1804 hoc
2363 1761 2446 1806 est
2472 1753 2683 1809 doctum
2729 1772 2881 1825 esse;
2913 1761 3152 1830 profecto
3180 1779 3208 1818 a
3238 1781 3341 1835 quo
3373 1769 3422 1824 ei
3466 1780 3547 1824 est
3575 1787 3685 1828 esse
3707 1817 3720 1841 ,
3747 1747 3806 1832 ab

2232 1841 2326 1895 illo
2347 1844 2505 1898 simul
2532 1847 2578 1901 ei
2609 1857 2688 1902 est
2719 1848 2934 1918 doctum
2964 1866 3100 1908 csse.
3138 1855 3214 1910 Ex
3245 1872 3477 1926 persona
3502 1877 3626 1916 vero
3653 1863 3806 1921 homi-

2230 1935 2334 2026 nis,
2365 1935 2449 1990 ubi
2485 1939 2704 1994 formam
2747 1943 2885 1996 servi
2930 1945 3135 2015 accepit
3163 1945 3182 2016 (
3210 1945 3446 2020 Philipp.
3480 1967 3536 2019 ιι,
3563 1953 3657 2026 7),
3689 1956 3802 2010 faci-

2233 2023 2334 2078 lius
2367 2027 2675 2097 intelligitur
2702 2044 2730 2082 a
2775 2031 2930 2087 Patre
2958 2033 3206 2092 didicisse
3232 2054 3351 2108 qua:
3389 2040 3523 2095 dixit
3569 2061 3582 2096 :
3617 2023 3670 2098 in
3713 2062 3803 2115 qua

2229 2113 2400 2172 forma
2428 2119 2566 2172 servi
2595 2121 2964 2189 constitutum,
2999 2127 3230 2183 maxime
3250 2144 3504 2200 puerum,
3537 2113 3802 2204 potuerunt

2227 2221 2348 2260 cum
2391 2207 2636 2264 homines
2681 2213 2898 2282 tnajoris
2926 2217 3096 2272 aetatis
3139 2217 3444 2278 docendum
3478 2234 3687 2296 putare,
3718 2230 3801 2286 sed

2225 2297 2313 2354 ille
2341 2315 2498 2369 quem
2527 2300 2683 2357 Pater
2709 2303 2927 2372 docuit,
2956 2321 3118 2378 super
3154 2326 3342 2366 omnes
3375 2312 3627 2372 docentes
3651 2333 3705 2374 se
3724 2321 3796 2375 in-

2225 2392 2441 2447 tellexit.
2476 2394 2608 2462 Quia
2631 2396 2934 2467 testimonia,
2966 2400 3153 2474 inquit,
3183 2412 3270 2456 tua
3300 2407 3567 2462 meditatio
3594 2427 3698 2465 utea
3716 2422 3795 2467 est.

2222 2484 2349 2540 Ideo
2377 2501 2537 2556 super
2564 2502 2750 2552 omnes
2771 2489 3029 2550 docentes
3049 2508 3108 2548 se
3134 2493 3489 2568 intelligebat,
3518 2501 3634 2572 quia
3662 2504 3792 2558 testi-

2219 2579 2398 2634 monia
2449 2577 2544 2634 Dei
2593 2581 2952 2638 meditabatur
3004 2603 3017 2640 :
3060 2603 3178 2655 quae
3207 2587 3406 2643 melius
3448 2607 3602 2660 quam
3631 2593 3699 2648 illi
3735 2595 3794 2650 de

2219 2671 2396 2743 seipso
2414 2681 2652 2740 noverat,
2677 2674 2766 2745 qui
2787 2675 3046 2742 dicebam
3071 2676 3178 2732 Vos
3199 2680 3428 2737 misistis
3452 2683 3516 2737 ad
3533 2683 3786 2754 Joannem,

2218 2773 2272 2819 et
2314 2765 2674 2822 testimonium
2722 2768 2990 2838 perhibuit
3033 2770 3241 2826 veritati
3283 2790 3296 2826 :
3341 2788 3451 2845 ego
3494 2785 3662 2831 autem
3698 2793 3788 2832 non

2215 2857 2285 2912 ab
2306 2856 2520 2912 homine
2551 2859 2909 2915 testimonium
2938 2863 3142 2933 accipio
3165 2906 3179 2930 ,
3210 2865 3302 2920 sed
3334 2865 3459 2922 haec
3485 2867 3599 2924 dico
3624 2879 3675 2924 ut
3707 2886 3788 2928 vos

2215 2948 2344 3004 salvi
2385 2950 2518 3004 sitis.
2551 2949 2644 3005 Ille
2667 2960 2779 3006 erat
2806 2951 3020 3007 lucerna
3047 2954 3241 3010 ardens
3262 2965 3317 3011 et
3345 2957 3568 3026 lucens;
3595 2976 3681 3015 vos
3701 2977 3785 3016 au-

2215 3049 2320 3096 tem
2351 3042 2591 3098 voluistis
2607 3044 2874 3103 exsultare
2896 3046 2960 3099 ad
2983 3045 3165 3102 horam
3194 3049 3242 3102 in
3275 3049 3402 3106 luce
3425 3051 3539 3121 ejus
3563 3069 3688 3123 :ch
3704 3070 3785 3109 au-

2215 3145 2319 3188 tem
2355 3133 2525 3192 habeo
2573 3135 2934 3192 testimonium
2989 3140 3164 3209 majus
3192 3139 3408 3198 Joanne
3463 3161 3483 3196 )
3517 3143 3534 3214 (
3570 3143 3780 3208 Joan.v,

2214 3227 2384 3282 55-56
2407 3227 2446 3299 ).
2483 3225 2629 3282 Talia
2657 3229 2961 3288 testimonia
2989 3231 3369 3301 meditabatur,
3408 3235 3616 3308 quando
3641 3251 3781 3308 super

2211 3333 2400 3372 omnes
2425 3317 2677 3374 docentes
2707 3335 2764 3372 se
2795 3315 3072 3378 intellexit.

2281 3411 2333 3466 4.
2380 3409 2550 3484 [rem
2595 3411 2757 3484 100.]
2797 3411 2872 3467 llli
2923 3423 3098 3470 autem
3130 3415 3385 3474 doctores
3430 3434 3536 3475 non
3573 3419 3779 3476 absurde

2210 3503 2572 3573 intelliguntur
2597 3503 2757 3558 etiam
2786 3504 2885 3574 ipsi
2916 3519 3033 3560 esse
3055 3506 3292 3562 seniores
3313 3550 3326 3574 ,
3360 3509 3433 3564 de
3460 3511 3643 3581 quibus
3661 3527 3776 3566 con-

2209 3597 2356 3652 tinuo
2384 3595 2545 3661 dicit,
2582 3595 2752 3665 Super
2794 3597 3012 3654 seniores
3055 3599 3300 3652 intellexi.
3332 3600 3489 3668 Quod
3521 3602 3636 3658 ideo
3663 3602 3776 3660 mihi

2207 3704 2274 3744 eo
2299 3688 2457 3746 modo
2499 3689 2783 3758 repetitum
2814 3688 3022 3750 videtur
3045 3731 3060 3758 ,
3088 3699 3146 3746 ut
3175 3690 3328 3747 nobis
3355 3691 3476 3749 haec
3504 3694 3774 3765 legentibus

2207 3783 2294 3838 illa
2325 3792 2453 3850 :etas
2495 3781 2611 3852 ejus
2643 3783 2846 3839 veniret
2875 3783 2926 3838 in
2971 3793 3203 3846 mentem
3233 3827 3248 3850 ,
3279 3802 3404 3856 qua:
3434 3789 3584 3844 nobis
3635 3789 3771 3844 inno-

2205 3875 2304 3930 tuit
2348 3890 2411 3936 ex
2454 3874 2742 3944 Evangelio
2765 3915 2778 3940 ,
2807 3889 2910 3946 qua
2939 3883 3094 3932 aetate
3119 3877 3307 3946 puerili
3336 3879 3482 3936 inter
3505 3889 3653 3935 aetate
3674 3894 3773 3934 ma-

2200 3967 2366 4039 jores,
2391 3966 2492 4024 hoc
2517 3977 2627 4034 est,
2656 3966 2834 4038 junior
2854 3968 2993 4024 inter
3016 3969 3255 4024 seniores
3285 3971 3529 4038 sedebat,
3553 3983 3602 4029 et
3626 3987 3770 4044 super

2203 4074 2391 4118 omnes
2417 4059 2673 4122 docentes
2701 4074 2762 4115 se
2787 4059 3134 4131 intelligebat.
3160 4060 3346 4118 Solent
3374 4067 3518 4122 cnim
3541 4065 3770 4135 juni‘oret

2204 4153 2384 4208 senior
2411 4151 2480 4210 ad
2516 4152 2743 4208 invicem
2784 4151 2888 4208 dici
2939 4152 3114 4210 minor
3145 4162 3198 4209 et
3243 4154 3436 4224 major,
3469 4158 3564 4212 etsi
3604 4164 3769 4214 neuter

2203 4259 2387 4304 eorum
2418 4243 2572 4298 senili
2604 4243 2832 4300 accessit
2861 4253 2954 4300 aut
2995 4234 3370 4317 propinquavit
3414 4249 3553 4303 tutati
3579 4267 3590 4301 :
3614 4262 3761 4318 quan-

2202 4353 2358 4409 quam
2385 4337 2429 4393 si
2455 4345 2510 4392 et
2535 4351 2845 4406 expressum
2887 4351 3080 4394 nomen
3108 4339 3384 4394 seniorum
3425 4341 3478 4395 in
3505 4338 3765 4408 Evangelio

2201 4430 2425 4488 velimus
2465 4429 2770 4500 inquirere,
2814 4442 2973 4498 supra
3004 4445 3138 4500 quos
3170 4430 3463 4498 intellexit,
3493 4432 3766 4488 invenimus

2200 4523 2412 4596 quando
2439 4523 2488 4578 ei
2514 4521 2765 4578 dixerunt
2799 4521 3000 4580 Scriba:
3025 4530 3080 4578 et
3109 4522 3400 4591 Pharisaei,
3434 4524 3597 4590 Quare
3631 4521 3764 4576 disci-

2201 4619 2310 4688 puli
2355 4616 2427 4670 tui
2471 4614 2907 4686 transgrediuntur
2953 4613 3272 4668 traditionem
3325 4616 3615 4682 seniorum?
3657 4612 3762 4666 Non

2200 4710 2332 4766 enim
2357 4709 2524 4764 lavant
2555 4723 2733 4762 manus
2761 4722 2900 4774 suas,
2930 4721 3045 4761 cum
3071 4723 3254 4778 panem
3291 4709 3616 4762 manducent.
3640 4706 3762 4760 Ecce

2199 4801 2408 4871 objecta
2431 4809 2512 4855 est
2537 4799 2585 4854 ei
2613 4798 2968 4870 transgressio
3008 4798 3309 4856 traditionis
3350 4799 3635 4855 seniorum.
3668 4795 3760 4851 Sed

2199 4894 2288 4966 qui
2332 4907 2493 4965 super
2521 4891 2760 4947 seniores
2801 4890 3091 4957 intellexit,
3125 4890 3251 4964 quid
3286 4891 3365 4946 cis
3408 4888 3754 4961 responderit,

2199 4986 2515 5044 audiamus:
2545 4985 2749 5056 Quare,
2781 4984 2982 5056 inquit,
3016 4993 3061 5040 et
3087 5001 3169 5042 vos
3201 4985 3602 5056 transgredimini
3627 4998 3756 5036 mane
3802 5031 3806 5035 .

2199 5080 2372 5134 datum
2399 5077 2496 5134 Dei
2534 5087 2742 5150 prapter
2763 5078 3086 5138 traditionem
3115 5079 3372 5134 vestram?
3401 5077 3590 5133 Deinde
3615 5073 3754 5148 paulo

2201 5181 2354 5246 post,
2382 5181 2440 5226 ut
2477 5186 2584 5226 non
2611 5171 2786 5226 solum
2817 5170 2930 5242 ipse
2958 5170 3048 5242 qui
3079 5179 3156 5226 est
3195 5180 3351 5242 caput
3375 5169 3641 5240 corporis,
3675 5179 3752 5218 ve-

2200 5281 2317 5323 rum
2363 5265 2522 5319 etiam
2567 5276 2759 5334 corpus
2789 5262 2961 5334 ipsum
3008 5270 3062 5317 et
3089 5262 3326 5328 membra
3358 5264 3472 5332 ejus
3511 5274 3660 5327 super
3682 5269 3753 5307 sev

2201 5359 2378 5413 niores
2399 5356 2517 5411 illos
2545 5355 2922 5425 intelligerent,
2945 5369 3172 5424 quorum
3197 5355 3408 5410 traditio
3445 5353 3509 5408 de
3538 5345 3749 5405 lavandis

2200 5451 2447 5508 manibus
2471 5449 2768 5513 ferebatur;
2792 5449 3103 5504 convocatis
3129 5449 3194 5504 ad
3220 5465 3276 5504 sc
3307 5448 3470 5503 turbis
3498 5445 3621 5500 dixit
3641 5441 3710 5496 eis
3733 5451 3746 5490 :

2200 5546 2401 5610 Audite,
2431 5554 2478 5598 et
2505 5542 2784 5614 intelligite.
2813 5541 3090 5613 Tanquam
3127 5540 3329 5596 diceret
3355 5558 3368 5594 :
3400 5539 3561 5608 Super
3587 5531 3748 5589 senio-

2201 5654 2291 5695 res
2316 5637 2434 5694 illos
2460 5644 2513 5694 et
2539 5650 2633 5689 vos
2660 5633 2953 5704 intelligite,
2985 5643 3041 5688 ut
3069 5632 3228 5687 etiam
3259 5631 3328 5688 de
3365 5629 3508 5686 vobis
3535 5627 3617 5682 illa
3642 5635 3749 5694 pro-

2201 5731 2380 5806 phetia
2404 5729 2602 5786 clareat
2627 5745 2745 5784 esse
2767 5727 3058 5798 praemissa,
3087 5726 3255 5796 Super
3277 5726 3489 5782 seniores
3512 5715 3744 5782 intellexi,

2269 5852 2286 5884 ι
2313 5857 2411 5902 Am.
2435 5855 2488 5899 et
2504 5854 2630 5905 Mss,
2654 5843 3022 5912 aqutcrmtibus
3044 5843 3162 5896 suis.
