4188 6430
374 410 517 472 1565

364 539 472 581 nec
497 522 677 579 mum
719 522 898 592 capiti,
943 535 1132 576 verum
1174 521 1333 577 etiam
1360 528 1593 593 corpori,
1627 544 1689 579 ac
1713 528 1792 580 sic
1833 528 1955 583 uni-

360 632 526 674 verso
564 612 780 672 Christo
827 623 1005 685 aptata
1050 616 1351 670 conveniat.
1382 613 1506 670 Non
1548 619 1684 687 quod
1712 620 1870 672 intrat
1907 619 1960 673 in

366 728 447 779 os,
482 711 773 781 coinquinat
798 708 1089 778 hominem}
1116 709 1203 763 sed
1230 708 1365 776 quod
1388 711 1613 780 procedit
1648 727 1710 765 ea:
1733 728 1837 778 ore,
1864 711 1957 766 hoc

361 806 657 878 coinquinat
674 805 945 858 hominem.
964 803 1078 858 Hoc
1094 803 1333 858 seniores
1352 803 1422 858 illi
1443 818 1548 858 non
1572 803 1954 875 intelligebant,

363 899 455 969 qui
488 898 557 952 de
602 896 839 952 lavandis
883 897 1128 951 manibus
1165 911 1259 951 sua
1294 897 1439 950 velut
1478 912 1666 966 magna
1703 896 1951 952 mandata

362 988 719 1043 tradiderant.
744 988 858 1057 ipsa
881 1002 1093 1058 quoque
1122 987 1361 1042 membra
1390 988 1577 1058 capitis
1608 988 1765 1057 hujus
1792 1003 1954 1057 super

359 1083 605 1138 seniores
635 1082 996 1152 iutelligentis,
1029 1080 1263 1136 nondum
1295 1080 1433 1151 quod
1461 1080 1528 1135 ab
1552 1097 1617 1137 eo
1643 1081 1841 1136 dictum
1871 1090 1955 1137 est

361 1178 759 1233 intellexerant.
786 1176 1027 1246 Denique
1052 1186 1171 1247 post
1204 1160 1367 1247 pauca
1396 1178 1730 1249 respondens
1763 1178 1954 1234 Petrus

358 1269 500 1325 dixit
516 1270 565 1325 ei
584 1287 598 1322 :
619 1268 854 1324 Edissere
872 1269 1013 1324 nobis
1030 1271 1322 1339 parabolae:
1338 1271 1510 1325 istum.
1538 1271 1762 1326 Putabat
1779 1270 1953 1326 adhuc

357 1375 482 1416 esse
527 1360 865 1430 parabolam,
905 1360 1046 1431 quod
1100 1361 1355 1416 Dominus
1394 1362 1511 1417 sine
1554 1363 1734 1431 figuris
1782 1361 1953 1417 fuerat

361 1454 625 1508 elocutus.
671 1457 738 1507 At
786 1453 877 1507 ille
925 1453 1095 1508 dixit:
1143 1452 1324 1507 Adhuc
1362 1462 1407 1507 et
1442 1470 1525 1508 vos
1565 1454 1673 1508 sine
1697 1454 1951 1507 intellectu

358 1543 507 1599 estis?
531 1542 651 1597 Non
696 1543 977 1614 intelligilis
1015 1545 1132 1614 quia
1158 1561 1305 1599 omne
1338 1546 1473 1611 quod
1511 1545 1563 1599 in
1601 1562 1656 1599 os
1683 1547 1869 1611 intrat,
1898 1547 1950 1599 in

355 1637 578 1691 uentrem
604 1636 760 1704 vadit,
788 1646 833 1690 et
851 1637 903 1690 in
932 1652 1176 1690 secessum
1205 1638 1464 1703 emittitur;
1494 1653 1605 1706 qua:
1632 1647 1796 1690 autem
1825 1654 1947 1709 pro-

359 1730 542 1782 cedunt
569 1730 632 1782 de
654 1745 760 1794 ore,
788 1729 851 1783 de
875 1729 1025 1783 corde
1052 1738 1253 1796 exeunt,
1275 1741 1321 1783 et
1345 1745 1403 1782 ea
1430 1730 1757 1798 coinquinant
1785 1728 1949 1781 homi—

363 1837 478 1875 nem
511 1820 742 1892 (Matth.
769 1836 857 1885 xv,
882 1820 1078 1890 1-18)?
1113 1820 1298 1875 Adhuc
1323 1828 1375 1876 et
1405 1836 1500 1875 vos
1528 1820 1644 1874 sine
1673 1821 1950 1875 intellectu

354 1914 508 1978 estis,
528 1921 584 1969 et
601 1926 763 1982 super
781 1912 902 1967 illos
922 1911 1162 1966 seniores
1190 1926 1294 1966 non
1318 1910 1613 1982 intelligitis
1626 1913 1650 1964 ἲ
1663 1910 1768 1967 Sed
1791 1910 1948 1981 plane

350 2004 463 2074 jam
488 2020 631 2059 nunc
672 2003 853 2058 audito
882 2002 970 2057 tali
1019 2004 1292 2073 magistro,
1324 2005 1495 2074 capite
1536 2013 1739 2072 nostro,
1773 2014 1948 2075 potest

354 2095 723 2165 unusquisque
749 2102 991 2149 nostrum
1021 2094 1223 2161 dicere,
1257 2095 1424 2166 Super
1450 2098 1671 2150 seniores
1697 2096 1942 2149 intellexi.

350 2186 491 2242 Nam
524 2186 684 2241 etiam
727 2186 939 2255 corpori
976 2187 1220 2255 congruit
1254 2186 1396 2255 quod
1440 2196 1653 2241 secutus
1681 2187 1942 2256 adjunxit,

348 2282 491 2349 Quia
518 2279 759 2334 mandata
788 2288 873 2333 tua
900 2280 1160 2349 exquisivi.
1195 2278 1445 2332 Mandata
1472 2288 1559 2332 tua
1579 2321 1592 2344 ,
1635 2294 1741 2334 non
1780 2295 1934 2333 matt-

350 2374 480 2429 data
506 2372 784 2427 hominum
818 2390 831 2425 :
862 2372 1108 2425 mandata
1154 2380 1241 2425 tua
1265 2412 1280 2439 ,
1320 2386 1426 2426 non
1473 2372 1723 2427 mandata
1766 2373 1944 2427 senio-

348 2481 496 2531 rum,
524 2465 616 2535 qui
642 2464 883 2520 volentes
905 2479 1025 2520 esse
1056 2466 1189 2536 legis
1216 2465 1483 2529 doctores,
1506 2482 1614 2521 non
1643 2467 1945 2537 intelligunt

344 2572 662 2627 nequequae
678 2557 981 2627 loquuntur,
995 2572 1167 2629 neque
1182 2558 1247 2613 de
1264 2558 1453 2629 quibus
1464 2559 1785 2630 aflirmant(l
1805 2559 1940 2615 Tim.

348 2651 407 2713 1,
427 2649 510 2720 7).
545 2648 736 2703 Merito
763 2647 831 2705 de
856 2648 1119 2703 mandatis
1150 2649 1264 2715 Dei,
1293 2666 1411 2720 qua:
1440 2658 1562 2704 sunt
1584 2651 1936 2720 exquirenda,

350 2750 409 2798 ut
456 2756 620 2811 super
663 2741 903 2797 seniores
944 2742 1066 2797 illos
1096 2742 1475 2811 intelligantur,
1505 2759 1820 2814 responsum
1861 2754 1944 2799 est

346 2833 418 2889 iis
465 2834 555 2903 qui
583 2846 771 2888 eorum
799 2835 1170 2889 auctoritatem
1212 2836 1421 2889 veritati
1460 2835 1849 2905 perferebant,
1887 2846 1941 2891 et

352 2924 557 2979 dictum
590 2933 707 2991 est,
731 2922 833 2977 Cur
862 2934 908 2979 et
944 2941 1030 2979 vos
1062 2927 1469 2996 transgredimini
1496 2927 1791 2983 mandatum
1823 2926 1937 2993 Dei,

348 3027 407 3072 ut
429 3016 726 3071 traditiones
749 3025 936 3072 vestras
959 3018 1234 3072 statuatis?

423 3111 478 3165 5.
511 3109 659 3181 [vers
679 3110 827 3183 101.]
847 3109 963 3164 Jam
992 3127 1119 3166 vero
1137 3109 1278 3181 quod
1302 3110 1625 3183 adiungitur,
1649 3127 1755 3166 non
1779 3112 1938 3181 capiti

355 3200 565 3255 videtur
590 3204 896 3268 convenire,
929 3201 1023 3257 sed
1049 3202 1260 3271 corpori
1286 3218 1299 3255 :
1329 3201 1403 3256 Ab
1430 3202 1567 3256 omni
1595 3204 1675 3256 via
1713 3204 1940 3275 maligna

355 3293 588 3362 prohibui
627 3295 777 3365 pedes
822 3304 1054 3361 meos,ut
1100 3294 1384 3348 custodiam
1430 3294 1577 3347 verba
1625 3303 1729 3348 tua.
1753 3294 1939 3364 Neque

358 3387 501 3441 enim
529 3395 690 3458 caput
720 3388 849 3443 illud
879 3396 1140 3449 nostrum,
1174 3387 1287 3456 ipse
1317 3385 1563 3441 Salvator
1589 3388 1851 3456 corporis,
1884 3388 1937 3441 in

352 3479 584 3550 aliquam
628 3478 909 3549 malignam
941 3479 1080 3533 viam
1125 3476 1324 3532 carnali
1354 3476 1642 3548 cupiditate
1683 3477 1933 3544 ferretur,

354 3586 414 3630 ut
440 3577 487 3629 ei
520 3590 743 3631 necesse
769 3584 910 3631 esset
938 3574 1100 3644 pedes
1127 3588 1254 3628 suos
1295 3573 1416 3627 inde
1444 3572 1729 3642 prohibere
1750 3614 1764 3639 ,
1783 3573 1932 3643 quasi

353 3668 477 3725 illuc
502 3677 691 3725 euntes
719 3670 951 3724 motibus
977 3668 1086 3723 suis
1112 3687 1124 3721 :
1163 3666 1302 3738 quod
1334 3680 1431 3721 nos
1460 3666 1697 3731 facimus,
1724 3666 1934 3736 quando

352 3774 416 3815 ea
447 3776 566 3830 quae
613 3760 703 3815 ille
743 3774 847 3814 non
880 3759 1101 3824 habuit,
1142 3774 1207 3812 ne
1242 3759 1355 3811 vias
1385 3758 1643 3827 malignas
1678 3766 1929 3821 teneant,

358 3853 622 3909 desideria
668 3862 849 3908 nostra
904 3869 1065 3924 prava
1111 3851 1444 3907 cobibemus.
1474 3850 1563 3905 Sic
1602 3849 1743 3905 enim
1774 3851 1933 3904 verba

355 3946 444 4003 Dei
470 3962 755 4019 possumus
800 3947 1097 4011 custodire,
1131 3948 1173 4001 si
1203 3956 1323 4016 post
1354 3954 1564 4000 nostras
1609 3944 1775 3998 malas
1802 3959 1931 3997 con-

353 4042 704 4109 cupiscentias
730 4056 833 4096 non
864 4054 1048 4096 eamus
1074 4039 1092 4109 (
1122 4038 1279 4093 Eccli.
1311 4054 1456 4103 mu,
1479 4037 1593 4107 30),
1622 4044 1679 4091 ut
1705 4036 1768 4090 ad
1795 4036 1932 4089 mala

350 4133 626 4202 concupita
654 4133 1003 4202 perveniant;
1036 4131 1129 4186 sed
1161 4147 1251 4185 eas
1298 4130 1472 4201 potius
1511 4128 1771 4183 adversus
1817 4141 1933 4180 car-

351 4240 470 4279 nem
520 4224 707 4294 spiritu
752 4222 1163 4293 coneupiscente
1190 4221 1460 4276 frenemus
1486 4219 1504 4292 (
1534 4218 1703 4273 Galat.
1729 4234 1781 4284 ν,
1812 4217 1929 4288 17),

348 4334 414 4374 ne
443 4332 543 4373 nos
568 4326 748 4388 raptos
773 4326 933 4387 atque
962 4317 1249 4372 subversos
1274 4331 1368 4386 per
1395 4314 1653 4384 malignas
1681 4313 1790 4366 vias
1814 4326 1933 4382 per-

348 4411 577 4467 trahant.

417 4502 470 4558 6.
501 4501 653 4575 [τετε.
686 4501 834 4575 102.]
859 4504 901 4555 Α
920 4501 1153 4573 judiciis,
1185 4500 1375 4570 inquit,
1410 4498 1508 4552 tuis
1536 4514 1637 4552 non
1663 4495 1931 4561 declinavi,

345 4596 587 4666 quoniam
616 4604 668 4648 tu
699 4596 862 4666 legem
902 4593 1110 4663 posuisti
1149 4593 1291 4647 mihi.
1326 4591 1468 4645 Dixit
1496 4590 1625 4661 quid
1664 4590 1930 4653 timuerit,

346 4697 404 4742 ut
428 4687 497 4742 ab
522 4686 670 4743 omni
698 4687 781 4740 via
812 4686 1043 4755 maligna
1077 4683 1386 4754 prohiberet
1429 4682 1591 4751 pedes
1627 4696 1773 4736 suos.
1796 4678 1932 4747 Quid

347 4790 429 4836 est
457 4781 625 4847 enim,
657 4779 699 4833 Α
715 4777 929 4853 judiciis
967 4778 1063 4832 tuis
1092 4792 1193 4830 non
1221 4775 1503 4841 declinavi;
1533 4774 1633 4828 nisi
1666 4771 1806 4843 quod
1828 4772 1933 4825 alio

346 4872 467 4928 loco
491 4871 623 4926 dicit
648 4915 663 4937 ,
704 4872 746 4925 Α
776 4870 979 4938 iudiciis
1007 4877 1171 4923 autem
1198 4869 1295 4922 luis
1320 4867 1505 4921 timui?
1528 4867 1935 4922 Perseveranter

347 4966 426 5020 cis
453 4963 695 5029 credidi,
728 4963 848 5034 quia
875 4972 929 5016 tu
973 4961 1128 5033 legem
1170 4960 1381 5032 posuisti
1426 4959 1568 5013 mihi.
1598 4959 1675 5013 Tu
1710 4958 1934 5013 interior

347 5057 549 5111 intimis
581 5057 713 5110 meis
735 5097 749 5121 ,
780 5066 835 5109 tu
867 5055 1006 5109 intus
1048 5054 1098 5108 in
1128 5052 1289 5108 corde
1318 5052 1486 5121 legem
1530 5050 1752 5121 posuisti
1801 5048 1933 5105 mibi

347 5149 536 5220 spiritu
586 5159 707 5213 tuo,
741 5158 990 5219 tanquam
1031 5147 1195 5221 digito
1242 5156 1364 5207 tuo;
1414 5152 1472 5200 ut
1515 5160 1633 5200 eam
1671 5160 1777 5199 non
1818 5152 1933 5199 tan-

348 5260 506 5315 quam
534 5259 723 5299 servus
748 5244 863 5299 sine
890 5258 1073 5298 amore
1103 5253 1416 5307 metuerem,
1449 5239 1542 5294 sed
1568 5248 1718 5294 casto
1742 5239 1932 5294 timore

356 5344 414 5389 ut
445 5336 587 5389 filius
616 5336 632 5367 ¹
667 5335 963 5405 diligerem,
995 5344 1049 5390 et
1077 5334 1361 5389 dilectione
1387 5341 1531 5387 casta
1559 5331 1823 5385 timerem.

418 5428 473 5481 7.
508 5424 830 5501 [vers.103.]
855 5427 921 5482 Et
966 5427 1086 5481 ideo
1114 5425 1235 5480 vide
1278 5425 1403 5495 quid
1447 5424 1722 5494 sequitur:
1768 5422 1933 5489 Quam

353 5518 525 5572 dulcia
550 5518 779 5592 faucibus
806 5519 928 5572 meis
952 5518 1099 5571 verba
1128 5526 1213 5571 tua
1230 5517 1249 5570 .'
1268 5517 1371 5583 vel,
1403 5516 1543 5587 quod
1567 5515 1633 5569 dc
1654 5531 1828 5586 grzceo
1851 5524 1933 5570 est

346 5612 675 5681 expressius,
701 5611 897 5682 eloquia
934 5619 1021 5664 tua
1051 5626 1068 5665 :
1104 5626 1254 5679 super
1291 5608 1390 5663 mel
1415 5617 1462 5661 et
1493 5612 1664 5679 favum
1695 5608 1771 5661 ori
1796 5624 1924 5661 meo.

347 5702 476 5759 llaec
519 5712 603 5759 est
650 5703 736 5757 illa
785 5703 1013 5758 suavitas
1058 5719 1215 5773 quam
1248 5703 1503 5757 Dominus
1544 5702 1666 5767 dat,
1701 5710 1758 5755 ut
1789 5712 1930 5756 terra

353 5805 540 5851 nostra
568 5795 657 5850 det
696 5794 925 5851 fructum
965 5811 1117 5851 suum
1146 5794 1317 5866 (Psal.
1351 5812 1567 5864 Lxxxtv,
1599 5796 1710 5868 15);
1744 5804 1801 5851 ut
1832 5795 1931 5851 bo-

412 5910 432 5944 ι
459 5908 593 5975 Apud
618 5916 715 5961 tun.
735 5916 787 5961 et
808 5911 856 5963 in
880 5914 985 5964 Iss.
1007 5922 1102 5961 non
1119 5916 1213 5974 est,
1238 5914 1289 5961 ut
1319 5906 1463 5973 ﬁlius.

1446 412 1846 471 ENARRATIO
1886 412 1951 471 IN
1988 414 2307 477 PSALMUM
2343 418 2575 479 CXVIII.

3508 433 3655 496 1360

2072 547 2198 587 num
2237 548 2361 590 vere
2385 536 2543 605 bene,
2578 538 2629 593 id
2656 549 2757 607 est,
2790 553 2897 598 non
2924 543 3049 599 mall
3071 546 3303 609 carnalis
3325 546 3615 610 formidine
3634 593 3651 618 ,

2068 622 2162 673 sed
2186 624 2313 679 boni
2333 627 2623 695 spiritualis
2654 630 3011 692 delectatione
3036 636 3348 697 'faciamus.
3401 640 3657 699 Nonnulli

2066 722 2199 765 sane
2218 712 2428 768 codices
2451 729 2554 769 non
2581 718 2807 790 habent;
2836 730 3028 798 mutu,
3050 730 3144 785 sed
3175 730 3355 801 plures
3382 732 3583 789 habent
3606 736 3649 788 t.

2065 800 2206 897 bielli
2239 812 2321 859 est
2367 814 2541 863 autem
2594 808 2785 866 similis
2823 830 3005 882 aperta
3050 800 3290 880 doctrina
3334 827 3649 897 sapientiae;

2064 894 2189 951 favo
2209 911 2355 962 vero,
2388 914 2509 967 quae
2545 898 2614 954 de
2657 900 3077 963 abstrusioribus
3111 894 3458 975 sacramentis
3482 960 3498 983 ,
3529 927 3649 971 tan-

2063 1001 2221 1055 quam
2252 986 2323 1043 de
2348 989 2497 1044 cellis
2524 992 2716 1057 cereis,
2742 1008 2837 1049 ore
2856 994 3189 1065 disserentis,
3219 1009 3359 1063 Vcbtt
3389 1009 3649 1063 manden—

2063 1079 2152 1145 tis,
2181 1080 2534 1149 exprimitur:
2577 1099 2762 1140 verum
2814 1087 2895 1142 ori
2938 1089 3150 1158 cordis,
3195 1106 3301 1147 non
3350 1101 3525 1155 carnis
3568 1106 3651 1154 est

2060 1169 2250 1225 dulcis.

2131 1263 2184 1317 8.
2217 1260 2367 1336 [vers.
2403 1265 2553 1339 104.)
2583 1266 2690 1323 Sed
2720 1269 2847 1339 quid
2881 1278 2965 1326 est
2989 1271 3132 1342 quod
3172 1273 3247 1327 ait
3270 1315 3285 1341 ,
3313 1273 3359 1327 Δ
3399 1275 3651 1331 mandatis

2060 1355 2159 1413 tuis
2186 1356 2409 1411 intellexi
2426 1358 2453 1410 ?
2480 1358 2638 1413 Aliud
2666 1361 2811 1415 enim
2841 1371 2945 1430 est,
2977 1363 3225 1421 Mandata
3255 1374 3342 1419 tua
3372 1365 3647 1433 intellexi;

2058 1447 2200 1501 aliud
2222 1458 2304 1503 est
2326 1489 2341 1516 ,
2371 1450 2412 1503 Α
2442 1451 2700 1507 mandatis
2725 1454 2827 1509 tuis
2856 1454 3101 1510 intellexi.
3143 1455 3337 1511 Nescio
3363 1458 3490 1528 quid
3519 1473 3648 1529 ergo

2057 1538 2199 1592 aliud
2243 1555 2301 1595 se
2346 1541 2608 1612 significat
2647 1543 2972 1601 intellexisse
3009 1560 3039 1601 a
3083 1548 3348 1603 mandatis
3370 1549 3503 1603 Dei:
3548 1551 3650 1605 hoc

2056 1640 2161 1698 est,
2190 1642 2444 1702 quantum
2468 1634 2598 1690 mihi
2622 1637 2853 1706 videtur,
2874 1637 3119 1695 faciendo
3144 1641 3391 1696 mandata
3415 1643 3509 1698 Dei
3533 1657 3648 1713 pcr-

2057 1725 2267 1779 venisse
2296 1740 2354 1780 se
2390 1726 2520 1782 dicit
2544 1728 2609 1782 ad
2638 1744 2821 1785 earum
2851 1746 3032 1787 rerum
3059 1733 3486 1803 intelligentiam,
3509 1748 3644 1805 quas

2056 1816 2438 1885 concupiverat
2468 1819 2626 1873 seire.
2660 1820 2888 1891 Propter
2924 1822 3066 1893 quod
3094 1824 3349 1894 scriptum
3376 1833 3481 1892 est,
3510 1826 3642 1881 Con-

2056 1908 2239 1989 cupisti
2260 1910 2584 1979 sapientiam;
2612 1928 2755 1966 serva
2784 1916 3047 1983 mandata,
3072 1926 3116 1970 et
3141 1915 3387 1971 Dominus
3410 1917 3647 1987 praebebit

2053 1997 2196 2051 illam
2226 2000 2314 2053 tibi
2341 2002 2358 2070 (
2391 2000 2551 2056 Eecli.
2588 2003 2639 2071 1,
2662 2003 2800 2073 55):
2836 2021 2903 2060 ne
2938 2007 3219 2077 quisquam
3262 2017 3640 2077 praeposterus,

2058 2098 2344 2159 antequam
2391 2092 2584 2148 habeat
2627 2095 2982 2153 humilitatem
3025 2098 3377 2167 obedientize,
3408 2101 3536 2155 velit
3578 2100 3646 2156 ad

2054 2179 2390 2236 altitudinem
2423 2185 2699 2253 sapientia:
2745 2189 3063 2257 pervenire,
3108 2205 3267 2260 quam
3313 2204 3507 2260 capere
3536 2206 3643 2246 non

2053 2279 2251 2341 potest,
2280 2274 2379 2328 nisi
2408 2275 2595 2329 ordine
2622 2278 2851 2331 venerit.
2876 2277 3071 2333 Audiat
3100 2295 3228 2350 ergo
3254 2298 3267 2334 :
3292 2280 3485 2335 Altiora
3508 2289 3554 2335 te
3579 2296 3641 2335 ne

2052 2365 2310 2433 qutesieris
2331 2408 2345 2429 ,
2375 2376 2421 2419 et
2452 2368 2667 2437 fortiora
2707 2378 2753 2423 te
2800 2386 2862 2423 ne
2891 2380 3144 2426 scrutatus
3185 2372 3375 2441 fueris;
3402 2373 3490 2427 sed
3527 2388 3640 2442 qua

2054 2456 2293 2525 praecepit
2317 2457 2405 2510 tibi
2433 2456 2705 2525 Dominus,
2736 2462 2826 2515 illa
2865 2464 3031 2533 cogita
3059 2480 3253 2533 semper
3287 2464 3393 2536 (Id.
3425 2464 3640 2535 111,22).

2056 2544 2147 2600 Sic
2168 2546 2331 2601 homo
2356 2548 2419 2603 ad
2443 2551 2777 2607 occultorum
2803 2554 3118 2623 sapientiam
3141 2556 3381 2624 pervenit
3402 2570 3495 2624 per
3512 2557 3642 2611 obe‘

2057 2638 2310 2694 dientiam
2335 2642 2724 2698 mandatorum.
2756 2644 2887 2700 Cum
2917 2654 3095 2702 autem
3122 2647 3363 2715 dixisset,
3396 2648 3524 2713 Qua:
3551 2649 3641 2703 tibi

2052 2732 2288 2801 pracepit
2330 2731 2579 2788 Dominus
2602 2777 2616 2801 ,
2647 2737 2740 2790 illa
2777 2738 2983 2808 cogita;
3015 2738 3137 2794 ideo
3165 2739 3387 2805 addidit,
3416 2756 3639 2812 semper,

2047 2823 2172 2893 quia
2200 2834 2254 2878 et
2276 2826 2621 2883 custodienda
2652 2838 2733 2883 est
2760 2829 3060 2886 obedientia
3081 2872 3094 2896 ,
3115 2840 3172 2885 ut
3198 2832 3521 2903 percipiatur
3544 2847 3635 2888 sa-

2047 2915 2340 2985 pientia,et
2363 2929 2610 2989 percepta
2637 2922 2901 2991 sapientia
2928 2937 3035 2978 non
3073 2934 3156 2979 est
3184 2923 3477 2999 deserenda
3511 2924 3639 2980 obe-

2046 3005 2266 3062 dientia.
2298 3008 2666 3079 Spiritualium
2697 3013 2876 3083 itaque
2903 3014 3271 3070 membrorum
3297 2998 3495 3071 Christi
3533 3030 3637 3070 vox

2046 3098 2148 3155 ista
2173 3109 2273 3167 est,
2293 3100 2337 3154 Α
2358 3103 2610 3158 mandatis
2640 3106 2738 3160 tuis
2764 3106 3011 3162 intellexi.
3036 3106 3149 3163 Hoc
3172 3109 3313 3163 enim
3336 3117 3482 3164 recte
3508 3108 3636 3164 dicit

2046 3191 2244 3248 Christi
2296 3210 2489 3266 corpus
2521 3198 2573 3252 in
2620 3199 2738 3267 eis,
2767 3200 2961 3271 quibus
3005 3201 3254 3257 mandata
3298 3202 3634 3258 servantibus

2044 3294 2263 3356 propter
2286 3286 2456 3357 ipsam
2483 3291 2780 3346 custodiam
2814 3293 3187 3349 mandatorum
3214 3294 3480 3364 prebetur
3494 3295 3631 3351 ube-

2042 3376 2159 3433 rior
2182 3376 2421 3434 doctrina
2450 3382 2746 3452 sapientiae,
2775 3384 3078 3456 Propterea,
3110 3386 3313 3457 inquit,
3345 3386 3460 3441 odio
3484 3386 3637 3440 habui

2043 3484 2240 3524 omnem
2289 3471 2420 3525 viam
2461 3473 2759 3545 iniquitatis.
2802 3474 3033 3532 Necesse
3064 3485 3146 3532 est
3176 3478 3318 3532 enim
3358 3485 3415 3531 ut
3458 3475 3634 3531 oderit

2044 3576 2259 3619 omnem
2305 3564 2639 3636 iniquitatem
2685 3584 2840 3623 amor
2884 3570 3140 3640 justitim:
3174 3571 3265 3642 qui
3293 3580 3438 3625 tanto
3464 3570 3635 3640 major

2042 3664 2145 3721 est,
2176 3666 2375 3726 quanto
2402 3673 2524 3713 eum
2566 3661 2736 3732 magis
2783 3660 3077 3719 inflammat
3103 3664 3379 3734 amplioris
3407 3663 3633 3719 dulcedo

2041 3748 2337 3817 sapientiae,
2369 3766 2486 3821 quae
2517 3753 2788 3822 praebetur
2810 3756 2858 3811 ei
2889 3756 2981 3828 qui
3010 3756 3344 3829 obtemmrat
3366 3757 3496 3827 Deo,
3526 3765 3579 3814 et
3598 3771 3630 3814 a

2040 3843 2303 3899 mandatis
2333 3845 2449 3915 ejus
2486 3846 2751 3916 intelligit.

2646 3994 2819 4037 SERIO
2848 3997 2997 4039 XXIII.

2112 4101 2167 4155 1.
2193 4100 2529 4175 [vers.105.]
2555 4102 2889 4167 Scrutandos
2915 4114 3073 4177 atque
3105 4107 3410 4164 tractandos
3427 4122 3523 4179 pro
3540 4108 3625 4163 vi.

2038 4191 2187 4247 ribus
2224 4208 2355 4263 quas
2400 4194 2543 4250 Deus
2585 4195 2781 4263 donat,
2828 4212 2970 4251 nunc
3026 4198 3156 4253 istos
3200 4214 3387 4254 versus
3438 4199 3627 4269 psalmi

2039 4283 2201 4356 hujus
2246 4286 2607 4357 aggredimur,
2639 4304 2868 4359 quorum
2889 4289 3093 4360 primus
3121 4302 3201 4347 est
3227 4335 3242 4359 ,
3271 4291 3500 4347 Lucerna
3538 4310 3627 4363 pe-

2039 4378 2187 4434 dibus
2228 4380 2349 4434 meis
2377 4380 2583 4435 verbum
2610 4390 2753 4435 tuum
2773 4423 2788 4447 ,
2815 4392 2863 4437 et
2890 4383 3061 4437 lumen
3097 4385 3283 4440 semitis
3309 4387 3450 4440 meis.
3475 4385 3627 4453 Quod

2039 4481 2142 4539 est,
2161 4473 2407 4540 lucerna;
2429 4474 2533 4529 hoc
2558 4476 2841 4545 repetitum
2871 4485 2973 4541 est,
2992 4476 3163 4533 lumen
3188 4496 3205 4533 :
3231 4478 3391 4549 quod,
3418 4478 3628 4549 pedibus

2039 4564 2196 4630 meis;
2218 4564 2351 4631 hoc,
2383 4564 2572 4619 semitis
2596 4566 2741 4620 meis.
2770 4566 2907 4635 Quid
2935 4576 3016 4624 est
3040 4584 3189 4639 ergo,
3222 4568 3424 4623 verbum
3447 4570 3626 4623 tuum?

2039 4656 2434 4728 Numquidnam
2466 4658 2595 4713 illud
2622 4659 2768 4729 quod
2799 4660 2852 4715 in
2880 4660 3144 4731 principio
3172 4669 3289 4717 erat
3318 4662 3457 4716 Deus
3485 4660 3623 4729 apud

2039 4748 2233 4815 Deum,
2258 4748 2492 4805 Verbum
2524 4750 2728 4806 scilicet
2765 4766 2864 4821 per
2890 4754 3033 4823 quod
3064 4754 3200 4808 facta
3241 4762 3364 4808 sum
3401 4751 3623 4807 omnia?

2039 4841 2157 4898 Non
2186 4849 2269 4896 est
2297 4840 2392 4896 ita.
2411 4840 2543 4897 Nam
2566 4842 2694 4898 illud
2711 4842 2945 4900 Verbum
2966 4845 3146 4900 lumen
3165 4853 3264 4910 est,
3290 4844 3382 4899 sed
3406 4843 3621 4899 lucerna

2040 4949 2147 4989 non
2177 4942 2279 4988 est.
2306 4932 2548 4989 Lucerna
2587 4934 2788 5005 quippe
2827 4943 3070 4989 creatura
3096 4942 3178 4989 est
3197 4975 3212 5000 ,
3256 4948 3360 4988 non
3382 4934 3621 4999 Crestor,

2039 5039 2159 5095 qua:
2200 5024 2611 5094 participatione
2654 5022 3101 5079 incommutabilis
3130 5023 3263 5079 lucis
3287 5023 3617 5079 accenditur.

2039 5117 2153 5173 Hoc
2196 5125 2315 5172 erat
2354 5117 2609 5181 Joannes,
2655 5116 2722 5171 de
2755 5131 2864 5187 quo
2892 5116 3023 5170 dicit
3048 5114 3283 5172 Verbum
3313 5117 3486 5185 Deus,
3523 5116 3625 5173 Ille

2038 5218 2147 5264 erat
2174 5211 2382 5265 lucerna
2409 5211 2591 5264 ardens
2620 5217 2665 5264 et
2687 5209 2857 5265 lucens
2873 5206 3051 5279 (Joan.
3083 5224 3136 5261 ν.
3168 5208 3280 5280 55).
3311 5209 3416 5265 Sed
3441 5210 3623 5267 lumen

2037 5311 2200 5359 estet
2226 5303 2443 5359 lucerna
2472 5319 2487 5355 :
2530 5310 2583 5356 et
2613 5310 2792 5356 tamen
2834 5301 2886 5355 in
2913 5300 3314 5370 comparatione
3343 5301 3526 5370 Verbi,
3556 5302 3625 5361 de

2039 5411 2149 5467 quo
2174 5395 2375 5451 dictum
2405 5403 2508 5461 est,
2536 5393 2676 5448 Deus
2723 5402 2832 5448 erat
2865 5393 3104 5461 Verbum,
3144 5410 3248 5449 non
3282 5404 3398 5451 erat
3425 5396 3511 5451 ille
3547 5396 3627 5451 lu-

2042 5504 2166 5543 men
2192 5506 2205 5555 ;
2235 5487 2331 5543 sed
2362 5487 2556 5541 missus
2585 5496 2666 5543 est
2686 5528 2702 5554 ,
2734 5497 2794 5542 ut
2826 5487 3189 5544 testiinonium
3222 5489 3528 5559 perhiberet
3556 5486 3625 5544 de

2040 5582 2261 5637 lumine.
2288 5581 2413 5635 Erat
2435 5582 2576 5636 enim
2608 5580 2785 5636 lumen
2814 5597 3017 5649 verum,
3046 5598 3154 5637 non
3186 5584 3327 5651 quod
3356 5580 3622 5637 illumina-

2042 5684 2147 5741 tur,
2176 5682 2233 5728 ut
2276 5672 2457 5739 homo,
2487 5673 2583 5730 sed
2634 5674 2775 5745 quod
2804 5674 3067 5730 illuminat
3106 5688 3321 5729 omnem
3351 5671 3623 5729 hominem

2104 5790 2121 5821 ι
2156 5796 2293 5839 Forte
2306 5825 2319 5848 ,
2346 5788 2613 5841 dilectione.

2041 5854 2230 5979 {agnitio
2250 5853 2432 5917 aliquot
2466 5852 2573 5903 libri
2596 5854 2795 5917 addunt,
2819 5852 2915 5913 mei
2941 5864 2963 5905 .'
2984 5852 3124 5923 cuius
3164 5851 3271 5904 Ioco
3299 5849 3625 5919 subintellig.,
