4188 6450
648 413 780 471 1567
1116 375 1129 431 ξ
1165 414 1167 417 ‘
1442 392 1540 453 ῖηὶτ

651 530 829 603 (Joan.
848 545 887 596 ι,
922 526 1182 601 1-9).Nisi
1209 530 1386 581 autem
1414 530 1469 579 et
1496 522 1713 578 lucerna
1746 517 1926 573 lumen
1949 522 2232 575 esset,non

654 626 855 681 diceret
882 620 1175 692 Apostolis,
1211 616 1313 672 Vos
1340 617 1457 672 estis
1486 615 1655 670 lumen
1682 610 1881 665 mundi.
1905 606 2021 673 Quo
2046 603 2227 659 audito

650 731 717 773 ne
735 716 787 771 id
813 729 872 770 se
900 722 1148 785 putarent
1170 726 1314 778 esse,
1332 708 1473 782 quod
1497 707 1585 763 ille
1608 705 1699 777 qui
1722 702 1822 753 hoc
1840 699 2084 761 dixerat;
2109 708 2233 748 nam

649 819 703 864 et
747 808 814 863 de
864 808 1043 878 seipso
1096 804 1328 877 quodam
1378 803 1494 857 loro
1534 794 1708 858 dixit,
1752 788 1866 861 Ego
1905 805 2019 843 sum
2063 788 2233 842 lumen

648 899 827 953 mundi
857 898 876 972 (
908 898 993 952 Id.
1035 914 1149 965 vm,
1184 895 1250 944 49
1275 895 1294 960 )
1318 904 1336 941 :
1380 886 1455 940 ait
1500 885 1606 940 illis
1632 883 1700 938 de
1740 882 1868 948 illis,
1896 879 2018 934 Non
2072 884 2233 950 potest

649 991 823 1046 civitas
844 989 1082 1046 abscnxdi
1107 998 1261 1052 super
1294 986 1510 1034 montem
1539 976 1846 1037 constituta;
1881 986 2039 1041 neque
2057 986 2233 1024 accen-

652 1082 779 1136 dunt
819 1082 1079 1130 lucernam
1113 1082 1161 1127 et
1208 1079 1404 1142 ponunt
1440 1085 1551 1123 eam
1582 1066 1673 1122 sub
1714 1064 1884 1120 modio
1907 1104 1923 1129 ,
1965 1062 2053 1117 sed
2081 1077 2233 1131 super

644 1168 1037 1235 candelabrum,
1064 1176 1118 1221 ut
1148 1166 1311 1221 luceat
1335 1161 1563 1218 omnibus
1597 1160 1687 1230 qui
1720 1159 1774 1212 in
1802 1158 1953 1212 domo
1973 1164 2130 1210 sunt:
2158 1154 2232 1208 sic

646 1261 815 1316 luceat
831 1259 998 1314 lumen
1012 1266 1228 1313 vestrum
1250 1271 1421 1310 coram
1439 1250 1745 1316 hominibus(
1756 1249 1943 1305 Matth.
1960 1245 2227 1316 v,14—16);

650 1361 709 1408 ut
752 1352 951 1408 scirent
997 1366 1057 1408 se
1083 1360 1340 1421 tanquam
1366 1348 1615 1404 lucernas
1651 1345 1720 1401 de
1745 1344 1836 1400 illo
1864 1344 2062 1399 lumine
2086 1339 2231 1412 quod

647 1441 1049 1499 immutabiliter
1092 1440 1271 1507 lucet,
1323 1452 1597 1494 accensas.
1628 1435 1783 1492 Nulla
1829 1434 2029 1505 quippe
2074 1446 2229 1487 crea-

645 1536 766 1581 tura
790 1567 806 1594 ,
835 1524 1083 1597 quamvis
1134 1522 1409 1578 rationalis
1438 1530 1492 1578 et
1533 1519 1938 1583 intellectualis,
1981 1533 2013 1572 a
2054 1517 2230 1587 seipsa

646 1620 999 1683 illuminatur,
1030 1616 1125 1673 sed
1160 1615 1568 1686 participatione
1608 1612 1950 1684 sempiternae
1986 1608 2231 1665 veritatis

647 1710 958 1769 accenditur
985 1726 999 1762 :
1031 1706 1249 1763 etiamsi
1275 1704 1567 1775 aliquando
1587 1704 1702 1758 dies
1724 1711 1965 1769 vocatur,
1986 1715 2089 1754 non
2115 1698 2230 1754 dies

646 1801 936 1867 Dominus,
974 1798 1068 1854 sed
1109 1813 1269 1869 quem
1313 1796 1439 1851 fecit
1470 1796 1724 1850 Dominus
1747 1812 1762 1862 ;
1789 1803 1843 1849 et
1867 1796 1987 1849 ideo
2009 1791 2158 1847 audit
2184 1793 2226 1857 ί,

644 1891 897 1949 Accedite
923 1890 991 1946 ad
1012 1906 1132 1946 eum
1152 1931 1169 1958 ,
1204 1899 1259 1945 et
1307 1886 1682 1943 illuminamini
1711 1884 1731 1958 (
1753 1885 1901 1940 Psal.
1931 1899 2118 1951 χχχιιι,
2148 1883 2226 1953 6).

645 1986 871 2056 Propter
896 1998 1056 2054 quam
1082 1982 1569 2053 participationem,
1598 1980 1654 2034 in
1674 1987 1928 2050 quantum
1960 1977 2122 2032 homo
2147 1984 2232 2032 est

646 2087 703 2135 et
745 2078 861 2148 ipse
886 2075 1169 2142 Mediator,
1206 2075 1411 2128 lucerna
1458 2074 1511 2129 in
1542 2071 1861 2143 Apocalypsi
1894 2078 2232 2139 nuncupatur

647 2169 832 2241 (Apoc.
854 2183 964 2235 χχι,
995 2166 1112 2237 23).
1140 2164 1247 2222 Sed
1274 2163 1562 2235 singularis
1584 2173 1668 2218 est
1696 2163 1797 2217 ista
1825 2162 2092 2231 susceptio
2116 2176 2130 2218 :
2163 2160 2231 2214 de

647 2262 795 2318 nullo
836 2261 978 2316 enim
1008 2266 1315 2315 sanctorum
1345 2255 1450 2312 dici
1476 2255 1734 2310 divinitus
1760 2253 1933 2325 potuit
1955 2294 1971 2320 ,
2000 2260 2094 2306 aut
2118 2249 2229 2305 dici

644 2355 752 2410 ullo
782 2352 942 2408 modo
968 2355 1050 2406 fas
1079 2358 1193 2415 est;
1233 2348 1450 2403 Verbum
1472 2364 1591 2402 caro
1621 2352 1811 2418 factum
1843 2354 1916 2400 est
1962 2343 2157 2417 (Joan.
2184 2358 2226 2409 ι,

642 2445 757 2517 14),
774 2444 872 2500 nisi
888 2442 955 2499 de
970 2457 1081 2497 uno
1095 2440 1385 2497 Mediatore
1399 2440 1492 2495 Dei
1510 2448 1564 2495 et
1582 2439 1856 2494 hominum
1870 2437 1887 2507 (
1899 2436 1915 2490 l
1929 2436 2195 2505 Tim.n,5)
2209 2472 2225 2489 .

640 2538 776 2595 Cum
800 2538 959 2610 igitur
976 2536 1154 2591 lumen
1182 2534 1392 2590 dicatur
1408 2532 1741 2603 unigenitum
1759 2530 1998 2586 Verbum
2023 2526 2229 2598 aequale

641 2630 877 2703 gignenti
902 2670 917 2696 ,
953 2630 1128 2684 lumen
1155 2627 1367 2682 dicatur
1393 2634 1450 2682 et
1474 2625 1639 2681 homo
1668 2625 1737 2679 ab
1776 2624 1872 2678 illo
1902 2622 2078 2678 Verbo
2098 2621 2225 2675 illu-

642 2725 899 2789 minatus,
930 2724 1019 2793 qui
1050 2722 1245 2778 dicitur
1273 2730 1327 2777 et
1356 2720 1597 2786 lucerna,
1631 2719 1768 2774 sicut
1791 2717 2056 2782 Joannes,
2089 2715 2227 2770 sicut

642 2816 905 2889 Apostoli,
938 2830 1037 2871 nec
1060 2815 1199 2870 ullus
1224 2829 1409 2870 eorum
1441 2813 1604 2869 homo
1628 2814 1698 2867 sit
1730 2811 1985 2874 Verbum,
2015 2817 2072 2864 et
2097 2808 2226 2863 illud

643 2907 877 2977 Verbum
906 2921 937 2961 a
974 2921 1080 2977 quo
1110 2905 1393 2960 illuminati
1424 2913 1549 2959 sunt
1577 2904 1793 2959 lucerna
1836 2917 1943 2957 non
1972 2903 2073 2967 sit;
2099 2898 2228 2970 quid

651 3008 734 3054 est
758 2965 877 3053 in,
894 2965 1114 3053 verbum
1137 3036 1153 3063 ,
1199 2994 1340 3066 quod
1372 2995 1445 3049 ita
1476 2994 1654 3049 lumen
1685 2993 1899 3055 dicitur,
1925 3001 1983 3046 ut
2009 2965 2227 3047 lucerna

644 3092 714 3145 sit
737 3090 755 3161 (
782 3089 859 3144 ait
902 3089 1067 3153 enim,
1099 3086 1331 3141 Lucerna
1355 3085 1563 3157 pedibus
1592 3085 1716 3140 meis
1738 3084 1941 3139 verbum
1974 3094 2152 3149 tuum,
2176 3092 2223 3137 et

644 3184 813 3237 lumen
859 3180 1051 3235 semitis
1089 3177 1259 3251 meis),
1287 3178 1389 3233 nisi
1440 3176 1662 3232 verbum
1696 3175 2055 3244 intelligamus
2084 3171 2227 3243 quod

644 3273 843 3327 factum
880 3279 963 3327 est
986 3270 1053 3325 ad
1080 3268 1413 3341 Prophetas,
1441 3268 1525 3323 vel
1575 3265 1718 3338 quod
1766 3265 2114 3337 praedicatum
2145 3271 2228 3319 est

644 3377 744 3434 per
772 3360 1091 3432 Apostolos?
1120 3359 1234 3414 Non
1268 3359 1487 3414 verbum
1531 3357 1802 3413 Christum
1824 3398 1840 3424 ,
1883 3356 1977 3411 sed
2006 3355 2226 3410 verbum

645 3452 865 3520 Christi,
892 3451 962 3507 de
986 3466 1093 3522 quo
1118 3451 1372 3520 scriptum
1397 3458 1500 3516 est,
1523 3447 1680 3502 Fides
1701 3464 1765 3502 ex
1787 3447 1989 3510 auditu,
2018 3446 2225 3499 auditus

642 3553 810 3598 autem
836 3559 924 3610 per
952 3542 1156 3596 verbum
1181 3540 1365 3595 Christi
1398 3540 1417 3610 (
1442 3539 1593 3593 Rom.
1620 3555 1675 3606 χ,
1700 3539 1766 3593 17
1792 3538 1837 3609 ).
1865 3537 1997 3593 Nam
2029 3547 2083 3594 et
2107 3553 2227 3593 vcr-

642 3636 770 3692 bum
800 3634 1169 3706 propheticum
1200 3633 1431 3688 lucerna:
1456 3646 1777 3701 comparans
1816 3632 2093 3703 apostolus
2123 3632 2226 3690 Pe-

642 3741 755 3788 trus
780 3750 793 3787 :
829 3730 1116 3795 Habemus,
1134 3730 1334 3803 inquit,
1365 3729 1626 3784 certiorem
1656 3729 2005 3801 propheticum
2031 3746 2223 3785 sermo-

641 3839 755 3878 nem
778 3865 794 3889 ,
836 3823 920 3877 cui
948 3822 1238 3895 benefacitis
1263 3821 1577 3875 intendentes
1595 3863 1609 3886 ,
1633 3821 1766 3875 velut
1789 3821 2013 3877 lucernw
2038 3823 2225 3877 lucenti

639 3916 693 3971 in
719 3914 929 3970 obscuro
957 3915 1067 3970 loco
1093 3914 1112 3985 (
1153 3913 1196 3969 ll
1229 3912 1371 3969 Petr.
1401 3931 1451 3982 ι,
1474 3914 1582 3984 19).
1607 3913 1759 3982 Quod
1790 3915 1969 3985 itaque
1990 3915 2077 3970 hic
2103 3914 2177 3970 ait
2206 3956 2222 3979 .

640 4007 875 4062 Lucerna
914 4007 1120 4078 pedibus
1164 4007 1288 4060 meis
1325 4007 1529 4061 verbum
1559 4016 1721 4073 luunt,
1749 4016 1795 4061 et
1840 4007 2007 4061 lumen
2031 4007 2224 4061 semitis

638 4102 784 4165 meis,
812 4099 1035 4156 verbum
1071 4106 1155 4155 est
1182 4098 1325 4170 quod
1356 4099 1408 4153 in
1434 4098 1722 4170 Scripturis
1744 4099 1945 4155 sanctis
1973 4097 2222 4154 omnibus

640 4192 966 4247 continetur.

708 4282 1468 4356 2.[vers.106,107.]luravi,
1501 4283 1689 4354 inquit,
1717 4293 1763 4338 et
1796 4284 1947 4339 statui
1970 4282 2224 4338 custodire

634 4376 828 4451 judicia
843 4376 1206 4446 justititetuce:
1233 4387 1483 4445 tanquam
1511 4374 1645 4430 bene
1667 4374 1950 4431 ambulans
1977 4374 2044 4429 ad
2072 4374 2220 4429 illam

640 4470 933 4534 lucernam,
963 4477 1017 4523 et
1054 4479 1229 4524 rectas
1254 4468 1472 4524 semitas
1498 4468 1722 4524 habens.
1750 4468 2007 4540 Sequenti
2038 4477 2219 4524 autem

638 4564 804 4619 verbo
856 4562 982 4619 illud
1049 4562 1189 4633 quod
1240 4561 1507 4617 antecedit
1544 4562 1845 4632 expositum
1894 4570 1995 4618 est.
2056 4560 2222 4629 Quasi

637 4658 780 4713 enim
803 4670 1167 4727 quaereremus
1190 4654 1317 4725 quid
1334 4663 1496 4721 esset,
1522 4653 1730 4721 Juravi;
1754 4654 2021 4725 adjunxit,
2044 4665 2092 4710 et
2116 4665 2222 4711 sta-

638 4751 731 4807 tui.
750 4748 861 4806 Hoc
887 4748 1030 4805 enim
1055 4747 1344 4821 appellavit
1357 4747 1720 4819 jurarnentum
1742 4747 1883 4818 quod
1910 4748 2097 4804 statuit
2123 4763 2219 4820 per

636 4852 1032 4901 sacramentum
1059 4859 1073 4908 ;
1106 4842 1234 4913 quia
1260 4841 1334 4896 ita
1359 4840 1518 4896 debet
1544 4853 1665 4896 esse
1692 4855 1845 4896 mens
1871 4840 1978 4895 lixa
2008 4840 2061 4895 in
2091 4856 2218 4897 cus-

634 4933 901 4992 todiendis
925 4933 1141 5003 judiciis
1172 4932 1384 5002 iustitiae
1414 4930 1539 4999 Dei,
1574 4938 1634 4985 ut
1656 4930 1726 4987 sit
1762 4930 1984 4987 omnino
2007 4945 2105 5002 pro
2125 4930 2218 5002 ju-

632 5024 841 5082 ratione
861 5024 1001 5097 quod
1039 5024 1245 5081 statuit.

703 5119 756 5174 3.
796 5119 925 5175 Fide
958 5126 1133 5173 autem
1175 5116 1547 5174 custodiuntur
1579 5114 1777 5186 judicia
1813 5115 2035 5186 iustitiae
2080 5115 2213 5183 Dei;

632 5225 752 5267 cum
779 5210 879 5265 sub
914 5209 1024 5266 Deo
1047 5210 1193 5281 justo
1224 5209 1422 5280 judice,
1454 5224 1555 5265 nec
1602 5218 1747 5265 recte
1795 5207 1993 5265 factum
2044 5209 2215 5265 infru-

630 5311 897 5368 ctuosum,
927 5315 1026 5356 nec
1055 5309 1329 5370 peccatum
1346 5299 1583 5358 creditur
1608 5300 1921 5372 impunitum
1949 5320 1964 5357 :
1993 5300 2089 5357 sed
2118 5316 2215 5371 pro

630 5394 731 5451 hac
758 5391 861 5448 fide
879 5394 1002 5463 quia
1022 5393 1185 5447 multa
1207 5403 1258 5449 et
1283 5395 1597 5465 gravissima
1621 5394 1757 5449 mala
1784 5409 1981 5466 corpus
1997 5395 2215 5466 pertulit

627 5488 848 5552 Christi,
900 5485 1213 5540 Humiliatus
1256 5503 1389 5554 sum,
1435 5488 1623 5558 inquit,
1665 5504 1822 5558 usque
1863 5488 2033 5543 valde.
2096 5486 2212 5543 Non

626 5582 770 5637 enim
800 5578 893 5647 ait,
926 5577 1209 5633 Humiliavi
1233 5593 1348 5644 me;
1377 5587 1434 5633 ut
1462 5579 1811 5635 humilitatem
1841 5596 1960 5651 quae
1987 5581 2040 5635 in
2070 5594 2212 5650 prce-

625 5683 781 5744 cepto
809 5680 913 5739 est,
963 5669 1183 5741 intelligi
1231 5670 1299 5725 sit
1339 5684 1559 5727 necesse
1584 5689 1595 5725 :
1620 5671 1715 5727 sed
1747 5672 1842 5739 ait,
1894 5671 2211 5726 Humiliatus

624 5780 735 5820 sum
761 5779 917 5834 usque
941 5761 1127 5826 valde;
1173 5760 1459 5816 maximam
1485 5761 1687 5818 scilicet
1722 5779 1910 5837 passus
1952 5779 2207 5837 persecu-

687 5897 707 5935 ⁸
731 5902 806 5951 Er.
829 5894 978 5961 Lugd.
1004 5902 1124 5950 Ven.
1151 5901 1203 5950 et
1226 5901 1355 5958 I.ov.,
1381 5900 1435 5948 Et
1455 5893 1566 5948 ideo
1587 5895 1747 5950 adhuc
1768 5895 1999 5951 subdidit.
2054 5904 2110 5951 tt.

1874 398 1933 453 S.
1972 391 2337 453 AUGUSTINI
2375 392 2674 453 EPISCOPI

3755 422 3871 483 15G

2344 507 2566 602 tionem,
2598 525 2787 602 pro‘eo
2815 513 2957 602 quod
2980 515 3179 582 juravit
3207 524 3260 571 et
3285 520 3466 576 statuit
3489 526 3738 586 custodire
3755 534 3873 602 judi-

2338 596 2661 697 cianjustitize
2689 600 2905 697 Et
2926 618 2999 697 ne
3027 605 3078 660 in
3097 615 3241 663 tanta
3269 609 3629 674 humiliatione
3644 596 3771 678 fides
3780 627 3875 697 ipsa

2340 688 2616 759 deficeret,
2659 692 2883 762 addidit,
2912 695 3147 766 Domine,
3176 702 3369 773 vivi/ica
3394 722 3473 762 me
3499 713 3756 770 secundum
3780 688 3875 775 ia.

2337 784 2454 836 bum
2482 792 2621 837 tuum
2653 800 2674 839 :
2701 784 2803 842 hoc
2821 795 2903 843 est
2922 790 3217 848 secundum
3245 798 3563 865 promissum
3582 813 3740 860 tuum.
3766 807 3876 867 Nam

2336 882 2391 929 et
2418 873 2638 967 verbum
2675 879 3061 947 promissorum
3092 883 3186 940 Dei
3208 884 3426 944 lucerna
3466 900 3547 948 est
3588 895 3809 967 pedibus,
3834 913 3878 959 et

2335 964 2539 1021 semitis
2566 966 2764 1025 lumen.
2789 969 2879 1025 Sic
2908 980 2963 1027 et
2991 976 3257 1045 superius,
3303 988 3362 1035 ut
3388 995 3513 1039 eum
3561 984 3697 1045 Deus
3737 964 3879 1050 viviti-

2334 1065 2499 1123 caret,
2529 1060 2701 1115 oravit
2729 1061 2783 1116 in
2819 1060 3185 1125 humiliatione
3225 1075 3629 1145 persecutionis,
3668 1081 3750 1139 ubi
3786 1085 3876 1144 ait:

2335 1147 2506 1205 Paulo
2531 1155 2696 1209 minus
2722 1170 3187 1216 consummaverunt
3216 1180 3296 1219 me
3335 1166 3390 1221 in
3435 1177 3606 1237 terra;
3637 1189 3719 1245 ego
3741 1188 3877 1233 autem

2334 1259 2435 1297 non
2474 1244 2717 1317 dereliqui
2760 1251 3002 1307 mandata
3058 1262 3145 1308 tua
3172 1260 3489 1315 :secundum
3528 1244 3880 1329 misericordiam

2334 1342 2471 1390 tuam
2498 1339 2695 1409 vivi/ica
2721 1359 2821 1410 me,
2850 1352 2898 1399 et
2924 1347 3203 1404 custodiam
3232 1351 3534 1423 testimonia,
3581 1358 3632 1413 id
3666 1369 3743 1417 est
3762 1380 3880 1421 mar-

2335 1428 2470 1497 tyria
2496 1430 2599 1483 oris
2626 1432 2717 1485 tui.
2744 1433 2843 1489 Ubi
2872 1435 3204 1507 intelligitur,
3227 1442 3272 1498 si
3301 1442 3418 1514 ipse
3445 1460 3548 1502 non
3573 1449 3783 1508 viviﬁcet
3802 1456 3881 1511 do-

2335 1519 2513 1573 nando
2561 1522 2889 1594 patientiam,
2918 1537 3138 1599 propter
3172 1532 3314 1602 quod
3357 1534 3561 1593 dictum
3595 1550 3691 1603 est.
3737 1543 3794 1599 In
3817 1563 3882 1602 re-

2333 1617 2445 1707 stra
2466 1612 2707 1681 patientia
2723 1618 3038 1687 possidebitis
3061 1623 3259 1680 animas
3283 1638 3475 1684 vestras
3499 1630 3645 1701 (Luc.
3665 1637 3880 1707 xxt,19);

2333 1715 2389 1761 ει
2414 1704 2492 1800 de
2509 1721 2626 1800 quo
2653 1708 2853 1765 dictum
2875 1720 2980 1779 est,
3037 1714 3290 1780 Quoniam
3317 1720 3383 1774 ab
3418 1723 3532 1793 ipso
3573 1737 3642 1782 est
3676 1704 3883 1800 patientia

2333 1814 2443 1853 mea
2474 1796 2644 1871 (Psal.
2669 1816 2776 1866 ιιι.
2807 1803 2862 1875 6)
2892 1821 2904 1857 :
2934 1821 3041 1862 non
3063 1822 3258 1879 corpus
3283 1815 3334 1867 in
3379 1796 3739 1884 persecutione
3768 1841 3884 1882 mor-

2335 1888 2547 1983 titl-cari,
2569 1892 2687 1983 sed
2715 1893 2971 1961 animam,
3046 1912 3152 1953 non
3180 1902 3537 1963 custodiendo
3578 1914 3808 1983 martyris
3841 1926 3885 1973 et

2330 1978 2524 2050 judicia
2560 1981 2779 2051 justitia:
2803 1985 2915 2043 Dei.

2404 2069 2623 2142 1.[vers.
2659 2073 2805 2147 108.]
2859 2075 3156 2135 Voluntaria
3179 2084 3285 2139 oris
3330 2087 3435 2141 mei
3471 2087 3765 2163 beneplacita
3798 2097 3881 2165 fac,

2333 2161 2550 2218 Domine
2577 2181 2595 2219 :
2626 2165 2727 2222 hoc
2754 2176 2869 2235 est,
2898 2171 3145 2241 placeant
3174 2176 3297 2242 tibi;
3330 2180 3446 2235 noli
3480 2161 3769 2253 reprobare,

2332 2257 2589 2351 approba.
2637 2260 2781 2317 Bene
2833 2272 3011 2320 autem
3047 2266 3423 2340 intelliguntur
3474 2276 3576 2331 oris
3612 2280 3881 2351 voluntaria,

2333 2350 2593 2404 sacriﬁcia
2642 2351 2837 2420 laudis,
2874 2356 3212 2416 confessione
3239 2362 3545 2433 charitatis,
3588 2384 3687 2424 non
3727 2372 3883 2429 timore

2331 2443 2666 2499 necessitatis
2713 2445 2887 2501 oblata
2919 2468 2931 2503 :
2959 2449 3101 2506 unde
3129 2451 3330 2509 dictum
3376 2465 3482 2524 est,
3524 2458 3788 2517 Voluntaria
3806 2480 3877 2517 sa-

2331 2531 2568 2603 criﬁcabo
2592 2536 2681 2588 tibi
2713 2534 2882 2607 (Psal.
2918 2556 3008 2606 LII,
3037 2542 3117 2612 8).
3170 2543 3275 2600 Sed
3306 2548 3440 2616 quid
3465 2559 3549 2604 est
3570 2551 3702 2621 quod
3724 2553 3879 2623 adjun-

2330 2625 2428 2697 git,
2460 2626 2524 2681 Et
2542 2628 2742 2700 judicia
2777 2641 2864 2686 tua
2887 2634 3009 2688 doce
3034 2637 3150 2691 me?
3192 2637 3388 2696 Nonne
3424 2642 3540 2714 ipse
3587 2644 3638 2701 in
3675 2647 3877 2706 versibus

2332 2719 2696 2788 superioribus
2738 2722 2965 2792 dixerat,
3018 2726 3062 2779 Α
3081 2728 3294 2798 judiciis
3348 2733 3455 2788 tuis
3498 2752 3597 2790 non
3631 2738 3879 2793 declinavi?

2332 2808 2611 2877 Quomodo
2639 2812 2800 2877 istud,
2832 2816 2876 2870 si
2909 2832 3014 2871 non
3033 2834 3095 2873 ea
3122 2824 3394 2878 noverat?
3414 2824 3582 2881 Porro
3606 2829 3649 2883 si
3671 2839 3875 2897 noverat,

2330 2901 2599 2970 quomodo
2633 2902 2721 2959 hic
2742 2904 2891 2971 dicit,
2922 2906 2988 2960 Et
3008 2909 3211 2979 judicia
3240 2921 3327 2967 tua
3357 2916 3488 2971 doce
3514 2935 3590 2973 me
3612 2919 3638 2973 ?
3672 2920 3746 2977 Au
3766 2924 3879 2976 sicut

2331 2990 2461 3082 illud
2491 3002 2592 3061 est,
2624 2994 2936 3051 Suavitatem
2962 3000 3127 3068 fecisti
3152 3019 3267 3057 cum
3302 3020 3452 3061 servo
3491 3016 3619 3074 tuo;
3659 3014 3711 3068 et
3730 3020 3879 3082 postea

2331 3081 2480 3151 dicit,
2514 3084 2832 3142 Suavitatcm
2862 3090 2987 3145 doce
3007 3094 3120 3148 me?
3160 3094 3314 3163 Quod
3350 3097 3430 3163 ita
3464 3081 3800 3171 exposuimus,
3832 3110 3879 3157 ut

2330 3176 2749 3248 intelligeremus
2778 3181 2938 3236 verba
2967 3184 3314 3256 proﬁcientis,
3364 3198 3426 3246 et
3454 3190 3575 3248 addi
3614 3192 3708 3248 sibi
3744 3193 3800 3248 ad
3835 3191 3877 3248 id

2329 3270 2471 3340 quod
2499 3281 2780 3341 acceperat
2802 3276 3143 3343 postulantis.

2401 3362 2455 3418 5.
2487 3361 2506 3435 [
2536 3380 2664 3419 vers.
2695 3366 2843 3440 109.]
2869 3368 3053 3424 Anima
3071 3388 3181 3426 mea
3211 3373 3265 3428 in
3302 3378 3541 3434 manibus
3567 3380 3661 3435 tuis
3697 3396 3873 3451 semper.

2327 3451 2577 3509 Nonnulli
2600 3456 2811 3512 codices
2838 3458 3057 3527 habent,
3085 3463 3399 3522 inmanibus
3419 3471 3544 3525 meis
3566 3471 3687 3527 :sed
3711 3472 3873 3542 plures,

2328 3546 2381 3600 in
2407 3549 2540 3614 tuis;
2583 3558 2639 3605 ct
2670 3550 2769 3606 hoc
2797 3552 3011 3623 quidem
3054 3557 3273 3625 planum
3322 3570 3431 3616 est.
3482 3562 3740 3621 Justorum
3760 3566 3874 3621 enim

2329 3641 2523 3697 animae
2549 3642 2602 3698 in
2617 3659 2777 3701 manu
2804 3646 2899 3701 Dei
2928 3657 3051 3704 sunt
3078 3648 3232 3723 (Sap.
3266 3668 3341 3718 Ill,
3371 3655 3433 3726 1)
3457 3672 3472 3721 ;
3504 3657 3555 3711 in
3584 3658 3723 3728 cujus
3744 3672 3874 3712 manu

2327 3742 2455 3788 sunt
2477 3743 2531 3790 et
2550 3750 2650 3791 nos
2670 3746 2723 3792 et
2752 3752 3030 3796 sermones
3064 3744 3231 3798 nostri
3260 3742 3370 3817 (Id.
3404 3762 3498 3813 vn,
3528 3747 3634 3821 16).
3670 3747 3728 3802 Et
3756 3747 3871 3818 legis,

2328 3824 2518 3895 inquit,
2567 3836 2667 3882 tua:
2693 3845 2793 3883 non
2834 3846 2946 3884 sum
2988 3831 3171 3887 oblitus
3196 3851 3215 3889 :
3242 3843 3502 3908 tanquam
3524 3839 3591 3895 ad
3631 3855 3726 3895 non
3763 3838 3873 3894 obli-

2327 3916 2633 3974 viscendam
2662 3921 2755 3975 Dei
2782 3921 2952 3992 legem
2980 3925 3226 3982 manibus
3269 3927 3443 3998 ipsius
3489 3932 3756 4003 adjuvetur
3778 3930 3873 4001 ejus

2326 4011 2607 4077 memoria,
2639 4010 2726 4066 ubi
2748 4013 2863 4083 ejus
2888 4022 2971 4070 est
2994 4017 3196 4072 anima.
3227 4018 3421 4075 Anima
3448 4038 3574 4080 vero
3597 4041 3701 4079 mea
3724 4026 3769 4078 in
3785 4039 3873 4077 man

2326 4100 2470 4155 nibus
2496 4102 2637 4167 meis,
2661 4104 2927 4173 quomodo
2947 4105 3293 4178 intelligatur,
3319 4110 3533 4181 ignoro.
3558 4114 3585 4170 Ι
3595 4115 3687 4171 usti
3711 4113 3872 4184 quippe

2326 4190 2427 4247 ista
2458 4193 2620 4248 verba
2644 4203 2787 4262 sunt,
2811 4210 2915 4250 non
2947 4196 3128 4267 injusti
3158 4216 3173 4265 ;
3240 4201 3520 4260 redeuntis
3561 4205 3627 4260 ad
3670 4205 3867 4268 Patrem,

2326 4299 2433 4339 non
2455 4284 2780 4342 discedentis
2795 4303 2824 4341 a
2844 4288 3022 4344 Patre.
3054 4290 3189 4346 Nam
3213 4302 3393 4363 potest
3419 4295 3588 4352 videri
3608 4296 3773 4368 junior
3800 4294 3870 4348 ille

2326 4378 2465 4434 ﬁlius
2493 4381 2726 4440 animam
2746 4397 2898 4439 suam
2928 4385 2981 4440 in
3010 4387 3256 4443 manibus
3280 4389 3394 4444 suis
3424 4389 3620 4447 habere
3644 4389 3867 4452 voluisse,

2324 4472 2537 4544 quando
2580 4474 2715 4529 dixit
2737 4478 2892 4547 patri,
2943 4477 3024 4532 Da
3056 4480 3183 4534 mihi
3218 4480 3557 4538 substantiam
3595 4497 3744 4537 meam
3778 4490 3868 4550 qua

2324 4582 2405 4621 me
2441 4566 2686 4639 contingit
2716 4570 2851 4624 :sed
2900 4569 3020 4626 ideo
3050 4580 3295 4627 mortuus
3328 4581 3469 4640 erat,
3518 4573 3635 4630 ideo
3673 4570 3866 4643 perierat

2324 4656 2475 4730 (Luc.
2513 4675 2600 4726 xv,
2635 4659 2723 4727 12,
2754 4658 2869 4733 21).
2922 4662 3005 4717 An
3048 4662 3186 4720 forte
3239 4666 3313 4720 ita
3359 4665 3562 4738 dictum
3598 4673 3694 4733 εει,
3716 4662 3865 4716 Anima

2321 4766 2433 4804 mea
2451 4750 2504 4804 in
2534 4750 2764 4806 manibus
2790 4753 2933 4820 meis,
2987 4762 3236 4826 tanquam
3278 4772 3398 4812 eam
3428 4755 3771 4813 viviﬁcandam
3795 4750 3863 4807 oio

2323 4838 2487 4895 ferret
2516 4839 2667 4896 Deo?
2696 4840 2848 4898 Unde
2869 4843 2996 4899 alibi
3027 4843 3223 4901 dicitur
3254 4864 3267 4900 :
3300 4847 3383 4903 Ad
3424 4858 3473 4903 te
3505 4849 3654 4904 levavi
3675 4847 3862 4899 animam

2321 4948 2485 4986 meam
2515 4931 2685 5003 (Psal.
2715 4950 2859 5001 XXIV,
2891 4934 2968 5007 1).
2999 4935 3217 4994 Dixerat
3260 4940 3403 4996 enim
3434 4949 3489 4996 et
3533 4940 3616 4994 hic
3633 4935 3857 5007 superius.

2328 5021 2538 5095 Viviﬁca
2564 5043 2659 5081 me.

2390 5117 2445 5173 6.
2498 5117 2647 5203 [vcrs._
2680 5118 2826 5191 110.]
2881 5118 3193 5188 Posuerunt,
3250 5124 3437 5196 inquit,
3485 5130 3751 5195 peccatores
3792 5116 3858 5169 la-

2318 5228 2499 5283 queum
2522 5212 2664 5278 milii,
2687 5221 2732 5267 et
2751 5228 2783 5264 a
2811 5214 3065 5269 mandatis
3090 5216 3187 5269 tuis
3220 5234 3318 5271 non
3340 5217 3521 5271 erravi.
3578 5213 3719 5271 Unde
3756 5210 3855 5269 hoc.

2317 5306 2420 5361 nisi
2451 5306 2575 5375 quia
2603 5305 2718 5375 ejus
2746 5306 2929 5360 anima
2961 5308 3011 5361 in
3054 5308 3299 5364 manibus
3329 5309 3442 5375 Dei,
3473 5309 3554 5363 vel
3584 5308 3633 5363 in
3659 5305 3757 5360 suis
3784 5300 3822 5353 vi

2316 5398 2577 5454 viticanda
2605 5397 2825 5453 oil'ertur
2853 5399 3004 5455 Deo?

2386 5491 2440 5545 7.
2471 5489 2619 5563 [uers.
2663 5492 2814 5561 111.)
2857 5490 3173 5549 ereditate
3213 5494 3449 5567 acquisiui
3487 5489 3749 5549 testimonia
3775 5492 3849 5540 tua

2313 5585 2370 5639 in
2393 5594 2656 5639 teter-num.
2697 5583 2948 5639 Nonnulli
2972 5600 3078 5640 uno
3099 5587 3263 5643 verbo
3290 5587 3523 5643 volentes
3546 5584 3712 5639 dicere
3729 5572 3849 5648 quod

2314 5692 2423 5735 uno
2446 5676 2614 5733 verbo
2640 5677 2692 5731 in
2718 5691 2895 5747 graeco
2933 5678 3167 5748 positum
3215 5687 3317 5747 est,
3368 5674 3665 5733 Hmeditavi
3705 5672 3847 5725 inter-

2310 5770 2506 5842 pretati
2533 5779 2675 5825 sunt.
2698 5768 2854 5836 Quod
2892 5772 2992 5825 etsi
3044 5772 3266 5827 latinum
3308 5786 3437 5828 esse
3477 5775 3671 5839 posset,
3714 5756 3859 5828 mai“

2316 5862 2643 5936 signiﬁcaret
2682 5878 2804 5919 eum
2837 5862 2926 5934 qui
2966 5862 3115 5921 dedit
3166 5864 3558 5931 hereditatem,
3590 5868 3735 5932 quam
3758 5861 3858 5913 eum
