4188 6428
377 374 517 433 1569

378 494 471 565 qui
502 493 753 559 accepit;
780 489 934 541 utsic
959 496 1101 540 esset
1139 485 1429 535 hmroditaui
1453 528 1467 547 ,
1526 484 1814 551 quomodo,
1873 484 1969 539 Di.

375 583 509 639 tavi.
555 578 745 635 Melius
773 591 900 647 ergo
946 574 1158 629 duobus
1192 571 1371 628 verbis
1412 569 1716 627 insinuatur
1763 571 1969 637 integer

378 687 604 736 sensus;
632 669 746 724 sive
790 666 1020 730 dicatur,
1064 663 1372 721 Hareditate
1415 660 1639 732 possedi;
1679 658 1792 714 sive
1821 658 1973 714 dica-

382 773 539 827 catur
563 804 578 827 ,
610 760 927 815 ereditate
967 756 1207 828 acquisiui
1238 771 1256 809 :
1284 769 1387 809 non
1436 752 1828 816 baereditatem,
1876 750 1969 807 sed

383 857 696 913 hereditate.
725 852 781 909 Si
807 861 985 909 autem
1013 848 1289 922 quaeritur,
1314 847 1443 919 quid
1473 845 1782 917 acquisierit
1813 845 1974 899 haereo

329 924 340 963 ³
383 948 582 1010 ditate;
610 942 944 1007 Testimonia,
976 940 1165 1011 inquit,
1197 947 1302 993 tua.
1339 937 1480 1007 Quid
1510 937 1696 992 volens
1724 934 1970 1005 intelligi,

384 1040 509 1104 nisi,
554 1047 615 1093 ut
635 1037 788 1093 testis
817 1035 909 1091 Dei
941 1034 1114 1099 ﬁeret,
1166 1032 1389 1103 ejusque
1419 1029 1727 1091 testimonia
1752 1028 1975 1085 conﬁte-

384 1141 574 1195 retur;
624 1128 678 1183 id
703 1136 805 1195 est,
838 1136 896 1181 ut
921 1133 1125 1197 martyr
1145 1123 1241 1179 Dei
1269 1122 1436 1188 ﬁeret,
1486 1130 1647 1193 atque
1678 1120 1795 1192 ejus
1825 1134 1973 1175 mar-

385 1221 527 1292 tyria
575 1219 800 1286 diceret,
852 1218 990 1274 sicut
1019 1224 1287 1288 martyres
1329 1214 1533 1279 dicunt,
1576 1227 1609 1273 tt
1644 1212 1806 1269 Patre
1847 1210 1971 1280 sibi,

382 1298 544 1381 cujus
585 1310 760 1365 haeres
794 1316 878 1364 est
908 1309 947 1371 ⁸,
991 1321 1111 1363 esse
1136 1306 1433 1362 collatum?
1469 1302 1621 1359 Multi
1654 1303 1851 1374 quippe
1875 1317 1974 1357 vo-

387 1403 625 1470 luerunt,
672 1416 844 1472 neque
894 1408 1182 1470 potuerunt
1212 1417 1225 1453 :
1254 1397 1382 1453 nulli
1430 1403 1610 1452 tamen
1654 1403 1973 1464 potuerunt,

386 1495 492 1550 nisi
520 1493 610 1563 qui
638 1491 962 1557 voluerunt;
994 1490 1121 1561 quia
1150 1503 1256 1545 non
1283 1486 1599 1559 potuissent,
1628 1486 1677 1542 si
1707 1486 1799 1541 Dei
1830 1486 1979 1542 testi-

386 1585 574 1642 monia
600 1586 621 1616 ²
652 1598 848 1654 negare
876 1581 1192 1643 voluissent.
1238 1579 1343 1636 Sed
1371 1579 1531 1635 etiam
1554 1578 1790 1648 ipsorum
1833 1594 1976 1649 prae-

389 1683 583 1746 parata
608 1681 693 1730 est
731 1673 979 1729 voluntas
1005 1688 1035 1726 a
1061 1671 1308 1727 Domino.
1360 1668 1487 1725 Ideo
1524 1668 1637 1724 haec
1667 1668 1979 1726 haereditate

388 1769 769 1841 seacquisisse
819 1768 919 1824 iste
947 1775 1192 1832 testatur,
1238 1765 1418 1820 ethoc
1467 1764 1520 1817 in
1557 1763 1980 1833 azternum;quia

389 1878 499 1920 non
527 1870 612 1919 est
641 1862 695 1917 in
721 1861 799 1914 eis
828 1858 996 1928 gloria
1015 1856 1323 1926 temporalis
1345 1854 1619 1911 hominum
1649 1870 1786 1909 vana
1827 1870 1979 1925 quaa-

385 1954 649 2017 rentium,
674 1948 768 2005 sed
796 1957 997 2003 eterna
1022 1946 1192 2017 gloria
1214 1953 1294 2000 est
1323 1944 1473 2000 brevi
1505 1952 1744 2015 tempore
1772 1944 1981 2014 patien-

389 2047 551 2111 tium,
594 2050 649 2099 et
670 2042 788 2097 sine
817 2040 923 2095 line
961 2038 1318 2109 regnantium.
1367 2036 1520 2093 Unde
1550 2036 1809 2107 sequitur,
1835 2037 1981 2103 Quo-

390 2138 533 2192 niam
557 2134 828 2191 multatio
844 2132 1011 2187 cordis
1037 2132 1135 2184 mei
1162 2137 1277 2184 sunt
1307 2145 1325 2183 :
1350 2129 1449 2185 etsi
1476 2128 1692 2185 afﬂictio
1715 2129 1978 2200 corporis,

350 2210 353 2213 η
391 2227 689 2285 exsultatio
710 2234 887 2280 tamen
918 2221 1113 2278 cordis.

466 2323 523 2379 8.
557 2319 711 2393 [vers.
744 2316 892 2390 ΗΞ]
922 2314 1123 2371 Deinde
1138 2313 1364 2385 subjecit
1389 2330 1404 2367 :
1432 2313 1688 2368 Inclinavi
1708 2329 1794 2369 cor
1814 2329 1983 2369 meum

391 2412 465 2466 ad
506 2408 773 2477 faciendas
809 2406 1207 2479 justificationes
1231 2415 1343 2459 tuas
1383 2404 1437 2458 in
1472 2412 1734 2470 (sternam,
1778 2414 1983 2476 propter

386 2499 789 2556 retributionem.
814 2490 1087 2565 Qni’dicit,
1116 2494 1370 2550 Inclinavi
1389 2511 1480 2549 cor
1503 2511 1701 2559 meant;
1728 2496 1843 2565 ipse
1867 2494 1983 2566 jam

387 2591 624 2656 dixerat,
654 2587 860 2643 Inclina
884 2603 971 2642 cor
986 2602 1151 2641 meum
1176 2586 1229 2640 in
1255 2586 1539 2640 testimonia
1569 2594 1695 2651 tua;
1723 2594 1781 2641 ut
1823 2585 1984 2643 intel-

385 2683 620 2753 ligamus
649 2678 810 2736 simul
840 2680 941 2735 hoc
964 2692 1084 2734 esse
1105 2686 1159 2734 et
1181 2676 1347 2732 divini
1387 2677 1624 2733 muneris
1670 2686 1724 2733 et
1753 2678 1983 2749 proprias

386 2771 703 2830 voluntatis.
730 2770 839 2828 Sed
868 2769 1127 2839 numquid
1171 2769 1225 2825 in
1264 2776 1524 2824 aeternum
1555 2767 1745 2824 facturi
1796 2783 1983 2825 sumus

386 2862 801 2938 iustificationes
831 2860 965 2917 Dei?
992 2860 1168 2931 Opera
1200 2859 1293 2915 illa
1317 2859 1530 2931 quidem
1550 2874 1669 2930 quae
1696 2873 1984 2929 operamur

388 2955 541 3013 circa
582 2953 953 3026 proximorum
1011 2950 1397 3017 necessitates,
1453 2958 1654 3005 aeterna
1711 2965 1831 3006 esse
1875 2966 1984 3007 non

390 3056 639 3122 possunt,
665 3046 806 3102 sicut
834 3060 936 3101 nec
956 3044 1085 3115 ipsae
1110 3043 1495 3100 necessitates:
1530 3043 1623 3099 sed
1651 3043 1697 3099 si
1724 3058 1829 3099 non
1859 3043 1982 3099 dili-

392 3139 569 3212 gendo
594 3139 697 3195 ista
720 3137 1004 3203 faciamus,
1056 3128 1201 3191 nulla
1228 3145 1311 3191 est
1333 3134 1680 3206 justilicatio;
1718 3136 1762 3191 si
1803 3145 1982 3192 autem

393 3230 685 3304 diligendo,
714 3237 914 3285 aeterna
935 3236 1018 3283 est
1045 3226 1163 3298 ipsa
1192 3225 1408 3281 dilectio
1426 3267 1441 3292 ,
1482 3226 1638 3297 eique
1663 3235 1863 3281 aeterna
1890 3240 1985 3298 pa-

395 3334 516 3381 rata
555 3332 640 3380 est
668 3321 986 3387 retributio;
1032 3328 1250 3390 propter
1273 3335 1433 3389 quam
1464 3319 1871 3374 retributionem
1896 3319 1983 3375 di-

396 3416 471 3471 cit
498 3429 559 3471 se
588 3412 873 3470 inclinasse
901 3426 995 3467 cor
1013 3425 1166 3466 suum
1194 3409 1261 3465 ad
1282 3409 1551 3466 faciendas
1573 3410 1984 3480 justiflcationes

397 3505 515 3571 Dei,
555 3513 615 3559 ut
643 3504 697 3559 in
731 3512 989 3559 aeternum
1016 3501 1262 3573 diligens,
1312 3500 1365 3556 in
1409 3508 1669 3557 aeternum
1714 3511 1986 3558 mereatur

398 3595 597 3653 habere
622 3593 764 3666 quod
787 3594 975 3665 diligit.

1011 3740 1181 3783 SERIIO
1217 3742 1360 3782 Χιιν.

471 3865 524 3919 1.
554 3862 708 3937 [vers.
741 3861 889 3935 II3.]
919 3861 1116 3918 Psalmi
1148 3861 1306 3933 hujus
1329 3861 1478 3917 locus
1494 3860 1562 3918 de
1585 3875 1694 3932 quo
1715 3863 1767 3917 in
1794 3863 1984 3919 volun-

400 3964 510 4015 tate
538 3954 633 4010 Dei
659 3954 975 4024 disputaturi
1002 3969 1209 4021 sumus,
1238 3954 1315 4008 sic
1355 3952 1582 4023 incipit:
1615 3951 1827 4023 lniquos
1866 3955 1985 4009 odio

401 4047 576 4112 Itabui,
604 4055 651 4101 et
679 4045 837 4117 legem
861 4055 995 4099 tuam
1022 4044 1199 4100 dilexi.
1228 4044 1345 4100 Non
1362 4044 1458 4111 ait,
1490 4043 1703 4114 lniquos
1739 4044 1863 4100 odio
1884 4044 1985 4100 ha-

398 4136 510 4203 bui,
539 4146 594 4193 et
618 4136 793 4207 justos
816 4135 978 4192 dilexi
1005 4152 1019 4203 ;
1051 4143 1165 4199 aut,
1195 4134 1531 4206 lniquitatem
1558 4133 1682 4190 odio
1706 4134 1889 4203 habui,
1931 4142 1987 4191 et

399 4228 573 4299 legem
618 4237 762 4283 tuam
815 4226 977 4283 dilexi
1010 4244 1023 4281 :
1057 4226 1152 4283 sed
1178 4242 1297 4283 cum
1342 4225 1585 4293 dixisset,
1635 4224 1845 4295 Iniquos
1870 4227 1988 4282 odio

401 4321 577 4387 habui,
604 4320 854 4389 exposuit
881 4333 1067 4389 quare,
1096 4316 1363 4383 addendo,
1391 4327 1438 4371 et
1458 4318 1614 4387 legem
1643 4324 1783 4370 tuam
1806 4316 1986 4385 dilexi,

401 4424 460 4469 ut
483 4413 899 4477 demonstraret,
940 4425 1048 4464 non
1088 4409 1221 4464 sein
1260 4408 1564 4464 hominibus
1592 4407 1788 4479 iniquis
1811 4407 1990 4465 odisse

400 4514 672 4570 naturam,
690 4518 795 4575 qua
824 4502 1068 4558 homines
1089 4508 1233 4569 sunt;
1256 4499 1351 4557 sed
1373 4500 1726 4572 iniquitatem,
1753 4516 1859 4573 qua
1884 4501 1988 4573 legi

401 4613 566 4671 quam
594 4595 787 4667 diligit,
820 4594 1019 4649 inimici
1049 4601 1197 4649 sunt.

471 4689 530 4752 ‘2.
558 4688 709 4761 [vers.
753 4683 904 4757 114.]
952 4683 1152 4740 Deinde
1188 4683 1450 4755 sequitur,
1508 4682 1725 4754 Adjutor
1760 4700 1902 4739 meus
1943 4693 1990 4739 et

399 4789 661 4850 susceptor
703 4794 843 4832 meus
877 4793 929 4830 es
956 4783 1011 4829 iu
1058 4791 1076 4829 :
1119 4775 1359 4847 Adjutor,
1400 4773 1468 4829 ad
1510 4774 1650 4829 bona
1698 4773 1988 4842 facienda;

401 4882 689 4944 susceptor,
718 4871 785 4927 ad
814 4871 953 4926 mala
983 4868 1277 4925 evadenda.
1308 4868 1462 4938 Quod
1506 4878 1686 4924 autem
1727 4868 1988 4940 adjungit,

403 4966 472 5021 In
498 4965 701 5021 verbum
726 4972 868 5018 tuum
900 4962 1280 5033 supersperavi,
1313 4968 1567 5031 tanquam
1594 4958 1735 5016 filius
1760 4962 1990 5032 promis-

402 5060 573 5116 sionis
598 5058 856 5127 loquitur.

475 5152 531 5207 ὅ.
564 5147 716 5223 [νει-ε.
749 5148 899 5222 115.]
927 5148 1029 5205 Sed
1059 5147 1186 5219 quid
1206 5148 1305 5202 sibi
1334 5147 1445 5202 vult
1472 5162 1663 5203 versus
1695 5147 1784 5217 qui
1813 5147 1997 5217 sequi-

406 5252 493 5298 tur
518 5262 531 5297 :
556 5242 822 5297 Declinate
843 5259 875 5296 a
896 5259 992 5307 me,
1026 5240 1254 5314 maligni,
1277 5251 1324 5296 et
1348 5240 1610 5296 scrutabor
1637 5240 1878 5294 mandata
1901 5239 1994 5296 Dei

405 5337 548 5391 mei?
576 5335 691 5391 Non
718 5335 861 5392 enim
891 5336 985 5401 ait,
1014 5334 1201 5391 faciam
1229 5350 1243 5400 ;
1294 5333 1410 5400 sed,
1441 5334 1717 5388 scrutabor.
1772 5333 1838 5390 Ut
1862 5350 1994 5404 ergo

404 5427 646 5498 perfecte
676 5443 739 5483 ea
765 5426 1149 5497 diligenterque
1177 5426 1407 5484 noverit.
1446 5425 1706 5496 malignos
1743 5441 1774 5480 a
1805 5441 1863 5481 se
1899 5426 1995 5481 de-

407 5520 616 5575 clinare
669 5517 955 5585 desiderat,
1007 5533 1208 5591 eosque
1246 5526 1408 5574 etiam
1449 5516 1818 5588 eompellendo
1856 5532 1885 5572 a
1933 5530 1992 5572 se

471 5698 491 5725 ι
514 5694 593 5743 sic
614 5701 715 5744 Am.
744 5699 797 5744 et
817 5700 924 5743 Mss.
952 5699 1007 5742 At
1028 5696 1101 5742 Er.
1128 5698 1181 5743 et
1197 5698 1327 5752 Lov.,
1352 5690 1490 5752 cujus
1513 5691 1692 5742 donum
1714 5696 1804 5742 est.

405 5756 732 5889 mii'sieqcuss.
757 5761 812 5807 At
833 5764 955 5823 Am.,
981 5754 1024 5807 si
1046 5753 1164 5823 ﬁdei
1190 5751 1468 5817 testiinonia.
1491 5760 1568 5815 er.
1589 5760 1641 5804 et
1662 5760 1793 5823 Lov.,
1815 5751 1858 5807 si
1875 5751 1993 5821 ﬁdet

1436 363 1830 423 ENARRATIO
1867 361 1934 420 IN
1971 358 2292 424 PSALMDM
2327 364 2558 422 CXVIII.

3518 388 3657 449 1570

2078 479 2261 550 abigit.
2305 484 2438 576 Nam
2466 484 2680 557 maligni
2709 500 2961 548 exercent
2982 491 3051 550 ad
3097 494 3337 556 facienda
3384 506 3657 576 mandata,

2077 584 2110 624 a
2134 573 2434 630 scrutandis
2458 585 2637 634 autem
2661 592 2923 651 avocant;
2968 601 3075 642 non
3102 591 3275 647 solum
3320 609 3441 650 cum
3471 573 3659 668 perse;

2078 667 2334 749 (ιυιιιιιιξτν
2360 675 2450 721 aut
2477 667 2689 739 litigare
2718 674 2993 732 nobiscum
3021 680 3243 748 volunt;
3276 667 3658 749 verumetiam

2078 757 2201 856 cpm
2232 744 2600 856 obsequuntur
2623 772 2673 856 ﬁt
2701 763 2986 856 honorant,
3018 780 3072 827 et
3098 781 3273 830 tamen
3312 778 3424 833 suis
3452 744 3660 841 vitiosis

2080 1201 2191 1270 quis
2319 1206 2580 1306 fonstituit
2596 1209 2824 1280 judicem
2843 1223 2932 1268 aut
2956 1215 3223 1276 divisorem
3250 1194 3379 1281 inter
3398 1194 3482 1285 vos

2081 1305 2176 1359 xtt,
2206 1292 2342 1364 Il)?
2384 1294 2669 1355 Constituit
2704 1303 2848 1358 enim
2889 1306 3082 1365 talibus
3118 1314 3296 1371 causis
3340 1292 3666 1382 ecclesiasti-

2195 1382 2222 1486 It
2250 1384 2877 1486 epostolus-cognitores,
2911 1396 2964 1451 in
2995 1397 3111 1456 {oro
3140 1406 3427 1474 prohibens
3447 1412 3666 1486 jurgare

2083 1473 2416 1576 Christianos
2442 1479 2487 1550 (1
2515 1480 2638 1537 Cor.
2668 1500 2739 1551 v1,
2770 1488 2914 1559 1-6).
2944 1489 3021 1547 Ne
3050 1493 3153 1551 illis
3194 1498 3405 1568 quidem
3438 1473 3666 1576 quianon

2083 1567 2256 1662 aliena
2303 1572 2535 1662 rapiunt,
2590 1576 2685 1631 sed
2730 1594 2825 1634 sua
2877 1584 3067 1655 cupide
3104 1567 3371 1662 repetunt,
3411 1567 3640 1661 dicimus

2081 1656 2279 1751 Cavete
2298 1661 2366 1716 ab
2386 1663 2533 1721 omni
2549 1667 2855 1737 cupiditate,
2877 1648 3259 1737 constituentes
3280 1648 3665 1751 eis'an'teuoei:

2084 1746 2166 1804 los
2196 1749 2466 1809 hominem
2494 1758 2577 1811 cui
2609 1757 2809 1815 dictum
2848 1773 2950 1832 est,
2985 1766 3173 1835 Stulte,
3202 1772 3297 1828 hac
3343 1746 3497 1834 nocte
3522 1746 3667 1859 au];-

2084 1849 2283 1945 returha
2296 1853 2356 1945 ‘te
2374 1847 2547 1901 anima
2573 1858 2659 1904 tua
2680 1868 2701 1915 ,'
2720 1869 2835 1923 qua:
2863 1862 3162 1929 praeparasti
3183 1866 3328 1929 cuius
3348 1881 3494 1925 erunt
3516 1847 3665 1945 (Luc.

2086 1947 2184 2024 xn,
2215 1933 2352 2005 20)?
2378 1938 2503 2009 quia
2520 1944 2825 2023 ctquando
2854 1946 3101 2017 dicimus,
3131 1967 3236 2009 non
3278 1933 3534 2017 recedunt
3570 1980 3670 2024 nec

2084 2021 2354 2123 declinant
2396 2043 2429 2083 a
2474 2021 2665 2099 nobis;
2713 2034 2808 2090 sed
2850 2036 3072 2107 instant,
3108 2054 3316 2115 urgent,
3361 2021 3668 2123 precantur,

2085 2117 2492 2216 tumultuantur,
2523 2133 2862 2196 extorquent,
2894 2139 2953 2184 ut
2981 2131 3111 2202 ipsis
3134 2136 3311 2204 potius
3336 2117 3403 2195 ad
3432 2143 3528 2199 ista
3550 2117 3670 2216 quae

2085 2209 2329 2282 diligunt,
2376 2229 2534 2284 quam
2564 2220 2870 2310 scrutandis
2891 2222 2987 2279 Dei
3030 2228 3293 2285 mandatis
3343 2248 3462 2304 qua:
3492 2209 3670 2310 diligi-

2084 2316 2206 2358 mus
2229 2318 2572 2376 occupemur.
2619 2308 2663 2363 Ο
2688 2321 2888 2381 quanto
2913 2315 3069 2373 taedio
3096 2319 3368 2378 turbarum
3397 2308 3669 2386 turbulen-

2086 2403 2284 2464 tarum,
2334 2407 2390 2455 et
2432 2410 2631 2470 quanto
2670 2402 2940 2461 desiderio
2983 2408 3286 2469 divinorum
3332 2417 3669 2487 eloquiorum

2085 2487 2285 2545 dictum
2311 2501 2416 2559 est,
2447 2492 2709 2549 Declinate
2727 2513 2761 2550 a
2781 2514 2878 2565 nte,
2902 2501 3135 2573 maligni,
3175 2514 3222 2558 et
3243 2509 3501 2563 scrutabor
3520 2529 3671 2568 man-

2087 2580 2207 2674 data
2232 2581 2329 2636 Dei
2367 2584 2507 2674 mei!
2549 2586 2826 2657 lgnoscant
2858 2590 3170 2649 obedientes
3215 2595 3401 2655 fideles
3430 2603 3519 2672 qui
3570 2620 3672 2674 pro

2085 2670 2196 2727 suis
2225 2673 2571 2730 saecularibus
2597 2678 2773 2732 causis
2798 2694 2920 2735 raro
2945 2696 3043 2736 nos
3071 2694 3336 2755 quaarunt,
3380 2670 3671 2760 et—judi-ciis

2087 2765 2288 2820 nostris
2307 2763 2563 2824 facillime
2586 2770 2935 2840 acquiescunt
2961 2790 2975 2839 ;
3000 2789 3103 2830 nec
3132 2793 3231 2832 nos
3253 2790 3535 2839 conterunt
3558 2787 3671 2842 liti-

2085 2854 2281 2925 gando,
2310 2856 2404 2913 sed
2432 2858 2853 2931 obtemperando
2879 2863 3057 2933 potius
3098 2869 3464 2927 consolantur.
3513 2875 3673 2933 Certe

2086 2956 2307 3017 pr0pter
2345 2963 2439 3004 eos
2479 2952 2655 3020 quiet
2702 2952 2844 3008 inter
2893 2969 2953 3010 se
2992 2955 3336 3025 pertinaciter
3364 2971 3549 3035 agunt,
3616 2976 3674 3024 et

2086 3040 2300 3111 quando
2350 3041 2521 3099 bonos
2564 3054 2856 3115 premunt,
2927 3058 3111 3104 nostra
3160 3050 3394 3119 judicata
3433 3065 3673 3113 contem-

2087 3141 2257 3199 nunt;
2306 3132 2611 3206 faciuntque
2660 3138 2815 3193 nobis
2857 3140 3033 3209 perire
3062 3150 3302 3213 tempora
3341 3146 3503 3205 rebus
3547 3166 3642 3206 ero

2087 3224 2256 3294 ganda
2284 3225 2476 3283 divinis
2496 3268 2512 3293 ,
2543 3238 2713 3297 certe,
2750 3231 2989 3302 inquam,
3033 3244 3253 3305 propter
3280 3238 3412 3295 istos
3438 3251 3492 3297 et
3518 3244 3675 3302 nobis

2088 3314 2246 3370 liceat
2274 3316 2578 3374 exclamare
2605 3320 2659 3374 in
2710 3320 2809 3377 hac
2847 3337 2979 3379 voce
3027 3329 3269 3397 corporis
3309 3329 3528 3398 Christi,
3568 3333 3677 3391 De-

2087 3404 2272 3460 clinate
2295 3423 2327 3461 a
2346 3399 2447 3497 ine,
2470 3410 2701 3483 maligni,
2731 3422 2778 3467 et
2808 3416 3067 3471 scrutabor
3092 3420 3333 3474 mandata
3362 3421 3457 3478 Dei
3485 3428 3600 3481 mei.

2162 3499 2211 3554 4.
2246 3497 2397 3583 [vers.
2428 3501 2576 3576 II6.]
2606 3503 2805 3560 Deinde
2841 3517 3184 3580 posteaquam
3214 3512 3359 3568 velut
3402 3514 3469 3570 ab
3508 3518 3676 3575 oculis

2086 3589 2266 3645 cordis
2294 3591 2377 3645 sui
2404 3605 2613 3648 muscas
2640 3593 2904 3652 irruentes
2945 3597 3143 3669 abegit,
3173 3600 3311 3657 redit
3338 3602 3406 3658 ad
3440 3620 3559 3661 eum
3588 3609 3676 3666 cui

2088 3679 2300 3738 dicebat
2330 3701 2349 3734 ι
2388 3682 2615 3753 Adjutor
2650 3699 2804 3740 meus
2828 3696 2882 3742 et
2908 3699 3188 3758 susceptor
3214 3707 3364 3748 meus
3385 3709 3443 3749 es
3469 3704 3523 3749 tu
3548 3713 3564 3762 ;
3621 3698 3676 3756 in

2090 3772 2311 3828 verbum
2333 3781 2479 3829 tuum
2501 3776 2745 3845 Speravi;
2778 3797 2796 3828 ι
2824 3792 3142 3849 precemque
3159 3782 3677 3852 continuans,«Sus-

2089 3868 2207 3938 cipe
2232 3884 2337 3933 me,
2373 3888 2391 3921 ι
2426 3869 2616 3940 inquit,
2650 3888 2669 3921 ‹
2694 3871 2985 3926 secundum
3015 3872 3282 3943 eloquium
3311 3884 3483 3943 tuum,
3515 3888 3570 3933 et
3595 3879 3676 3935 vi-

2088 3972 2245 4024 vam;
2290 3967 2345 4013 et
2374 3974 2442 4013 ne
2489 3958 2783 4015 confundas
2820 3975 2908 4015 me
2952 3961 3018 4016 ab
3055 3965 3451 4033 exspectatione
3477 3982 3615 4023 mea.
3648 3987 3668 4022 ο

2090 4046 2191 4115 Qui
2212 4048 2321 4119 jam
2347 4046 2570 4113 dixerat,
2604 4049 2885 4119 Susceptor
2906 4068 3064 4119 meus,
3096 4054 3448 4126 poscitmagis
3476 4059 3675 4130 magis-

2091 4154 2197 4210 que
2217 4139 2433 4210 suscipi,
2459 4148 2512 4195 et
2534 4139 2601 4194 ad
2630 4139 2755 4195 illud
2778 4149 2995 4211 propter
3009 4143 3149 4213 quod
3170 4144 3360 4200 tolerat
3382 4156 3486 4203 tam
3508 4150 3676 4210 multa

2092 4231 2337 4299 molesta,
2360 4231 2615 4303 perduci;
2646 4232 2824 4288 verius
2853 4234 2923 4289 ibi
2952 4250 3030 4300 se,
3060 4250 3218 4306 quam
3248 4237 3302 4292 in
3333 4238 3447 4296 istis
3482 4240 3676 4299 huma-

2092 4340 2279 4381 narum
2307 4339 2484 4379 rerum
2525 4324 2744 4381 somniis
2771 4325 2942 4382 ﬁdens
2966 4341 3086 4384 esse
3111 4327 3393 4387 victurum.
3420 4332 3507 4390 Sic
3531 4336 3678 4394 enim

2094 4416 2163 4473 de
2195 4416 2373 4472 futuro
2401 4416 2601 4472 dictum
2627 4425 2730 4483 est,
2762 4426 2808 4473 et
2845 4418 3028 4485 vivam,
3062 4428 3310 4492 tanquam
3348 4424 3401 4479 in
3432 4424 3533 4483 hoc
3556 4442 3679 4485 cor-

2095 4522 2226 4579 pore
2251 4516 2461 4563 mOrtuo
2485 4521 2591 4563 non
2632 4508 2859 4564 vivatur.
2891 4508 3098 4581 Corpus
3122 4512 3263 4568 enim
3303 4525 3568 4573 mortuum
3594 4526 3680 4577 est

2095 4610 2314 4671 propter
2361 4607 2636 4671 peccatum
2685 4615 2699 4653 :
2746 4609 2800 4656 et
2838 4610 3211 4673 exspectantes
3254 4604 3675 4677 redemptionem

2096 4692 2337 4766 corporis
2378 4693 2584 4758 nostri,
2642 4707 2738 4763 spe
2790 4693 2920 4749 salvi
2972 4693 3096 4749 facti
3150 4710 3365 4763 sumus,
3428 4705 3484 4752 et
3533 4701 3676 4770 quod

2098 4800 2204 4840 non
2236 4784 2480 4840 videmus
2505 4793 2803 4855 sperantes,
2851 4801 2947 4856 per
2975 4786 3278 4855 patientiam
3306 4800 3676 4858 exspectamus

2102 4876 2276 4949 (Rom.
2309 4891 2423 4941 vut,
2453 4875 2542 4943 10,
2589 4876 2794 4947 25-25).
2830 4876 2935 4934 Sed
2983 4891 3108 4946 spes
3141 4891 3247 4931 non
3287 4877 3584 4948 confundit,
3627 4883 3676 4939 si

2101 4972 2330 5028 charitas
2356 4971 2451 5027 Dei
2476 4969 2785 5026 diffunditur
2812 4970 2864 5026 in
2895 4969 3144 5026 cordibus
3170 4971 3364 5039 nostris
3392 4986 3487 5041 per
3510 4971 3676 5044 Spiri.

2099 5077 2210 5120 tum
2236 5072 2478 5120 sanctum
2500 5064 2587 5136 qui
2613 5063 2767 5119 datus
2786 5073 2868 5118 est
2886 5060 3040 5118 nobis
3066 5062 3241 5133 (Rom.
3271 5079 3322 5128 ν,
3352 5062 3428 5135 5).
3454 5064 3677 5137 Propter

2099 5173 2256 5229 quem
2294 5155 2493 5229 largius
2536 5154 2901 5227 accipiendum
2935 5153 3192 5208 clamatur
3216 5154 3281 5210 ad
3310 5154 3545 5225 Patrem,
3595 5157 3678 5213 Ne

2099 5251 2381 5322 confundas
2402 5266 2479 5304 me
2506 5250 2569 5303 ab
2593 5247 2960 5317 exspectatione
2982 5262 3114 5301 mea.

2171 5343 2225 5397 5.
2267 5342 2417 5414 [vers.
2447 5338 2595 5409 “7.1
2636 5339 2702 5394 Et
2738 5347 2986 5408 tanquam
3011 5338 3058 5392 ei
3090 5352 3406 5410 responsum
3437 5340 3594 5397 fuerit
3622 5342 3678 5397 in

2100 5436 2312 5491 silentio
2329 5436 2371 5499 ⁸,
2404 5432 2520 5488 Νοη
2542 5432 2621 5487 vis
2646 5430 2898 5487 confundi
2917 5431 2985 5486 ab
3011 5434 3406 5502 exSpectatione
3432 5433 3552 5487 tua?
3570 5448 3676 5489 non

2100 5527 2419 5584 intermittas
2468 5523 2714 5597 meditari
2753 5522 3162 5593 justiticationes
3205 5539 3354 5580 meas
3390 5541 3403 5577 :
3440 5523 3676 5581 sentiens

2164 5688 2181 5719 ⁸
2211 5684 2378 5735 Plures
2400 5691 2504 5735 MSS.
2531 5684 2775 5743 omittunt,
2794 5680 3042 5733 constituit
3077 5680 3202 5743 enim
3223 5680 3395 5731 talibus
3418 5676 3574 5731 causis
3593 5689 3674 5741 ec.

2099 5746 2387 5803 clesiasticos
2416 5758 2434 5794 :
2457 5745 2544 5795 sed
2561 5742 2769 5803 habent,
2788 5744 3033 5807 Apostolus
3053 5742 3334 5806 cognitores,
3353 5749 3446 5794 etc.

2165 5813 2186 5846 ³
2208 5816 2282 5865 Er.
2301 5808 2449 5881 Lugd.
2472 5816 2591 5868 Ven.
2617 5816 2669 5863 et
2692 5815 2820 5876 Lov.,
2841 5807 2889 5864 si
2911 5819 3018 5860 non.
3113 5812 3169 5862 Μ.
