  <div class='ocr_page' id='page_1' title='image "/cluster/home/n/w/nwhite01/storage/ocr_20150623/37/uva.x000827106/283.png"; bbox 0 0 4188 6454; ppageno 0'>
   <div class='ocr_carea' id='block_1_1' title="bbox 632 329 765 390">
    <p class='ocr_par' dir='ltr' id='par_1_1' title="bbox 632 329 765 390">
     <span class='ocr_line' id='line_1_1' title="bbox 632 329 765 390; baseline -0.023 0"><span class='ocrx_word' id='word_1_1' title='bbox 632 329 765 390; x_wconf 79' lang='lat' dir='ltr'><strong>157i</strong></span> 
     </span>
    </p>
   </div>
   <div class='ocr_carea' id='block_1_2' title="bbox 627 429 2219 512">
    <p class='ocr_par' dir='ltr' id='par_1_2' title="bbox 627 429 2219 512">
     <span class='ocr_line' id='line_1_2' title="bbox 627 429 2219 512; baseline -0.011 -11"><span class='ocrx_word' id='word_1_2' title='bbox 627 453 784 501; x_wconf 76' lang='lat' dir='ltr'><strong>istam</strong></span> <span class='ocrx_word' id='word_1_3' title='bbox 829 441 1228 499; x_wconf 90' lang='lat' dir='ltr'><strong>meditationem</strong></span> <span class='ocrx_word' id='word_1_4' title='bbox 1274 436 1590 512; x_wconf 85' lang='lat' dir='ltr'><strong>plerumque</strong></span> <span class='ocrx_word' id='word_1_5' title='bbox 1637 431 1830 488; x_wconf 66' lang='lat' dir='ltr'><strong>animae</strong></span> <span class='ocrx_word' id='word_1_6' title='bbox 1870 429 2219 501; x_wconf 80' lang='lat' dir='ltr'><strong>languoribus</strong></span> 
     </span>
    </p>
   </div>
   <div class='ocr_carea' id='block_1_3' title="bbox 621 523 2224 609">
    <p class='ocr_par' dir='ltr' id='par_1_3' title="bbox 621 523 2224 609">
     <span class='ocr_line' id='line_1_3' title="bbox 621 523 2224 609; baseline -0.011 -15"><span class='ocrx_word' id='word_1_7' title='bbox 621 537 897 609; x_wconf 74' lang='lat' dir='ltr'><strong>impediri,</strong></span> <span class='ocrx_word' id='word_1_8' title='bbox 928 537 1130 608; x_wconf 83' lang='lat' dir='ltr'><strong>Adjuva</strong></span> <span class='ocrx_word' id='word_1_9' title='bbox 1158 543 1254 600; x_wconf 86' lang='lat' dir='ltr'><strong>tne,</strong></span> <span class='ocrx_word' id='word_1_10' title='bbox 1287 529 1478 602; x_wconf 83' lang='lat' dir='ltr'><strong>inquit,</strong></span> <span class='ocrx_word' id='word_1_11' title='bbox 1508 535 1554 584; x_wconf 87' lang='lat' dir='ltr'><strong>et</strong></span> <span class='ocrx_word' id='word_1_12' title='bbox 1579 526 1751 585; x_wconf 82' lang='lat' dir='ltr'><strong>salvus</strong></span> <span class='ocrx_word' id='word_1_13' title='bbox 1775 541 1861 582; x_wconf 85' lang='lat' dir='ltr'><strong>ero</strong></span> <span class='ocrx_word' id='word_1_14' title='bbox 1878 542 1898 592; x_wconf 83' lang='lat'><strong>,°</strong></span> <span class='ocrx_word' id='word_1_15' title='bbox 1924 528 1971 580; x_wconf 83' lang='lat' dir='ltr'><strong>et</strong></span> <span class='ocrx_word' id='word_1_16' title='bbox 2008 523 2224 579; x_wconf 81' lang='lat' dir='ltr'><strong>medita-</strong></span> 
     </span>
    </p>
   </div>
   <div class='ocr_carea' id='block_1_4' title="bbox 628 621 1612 700">
    <p class='ocr_par' dir='ltr' id='par_1_4' title="bbox 628 621 1612 700">
     <span class='ocr_line' id='line_1_4' title="bbox 628 621 1612 700; baseline -0.009 -15"><span class='ocrx_word' id='word_1_17' title='bbox 628 631 717 685; x_wconf 75' lang='lat' dir='ltr'><strong>tor</strong></span> <span class='ocrx_word' id='word_1_18' title='bbox 741 632 792 684; x_wconf 86' lang='lat' dir='ltr'><strong>in</strong></span> <span class='ocrx_word' id='word_1_19' title='bbox 803 624 1249 700; x_wconf 86' lang='lat' dir='ltr'><strong>justi/icationibus</strong></span> <span class='ocrx_word' id='word_1_20' title='bbox 1278 624 1377 678; x_wconf 80' lang='lat' dir='ltr'><strong>tuis</strong></span> <span class='ocrx_word' id='word_1_21' title='bbox 1397 621 1612 693; x_wconf 84' lang='lat' dir='ltr'><strong>semper.</strong></span> 
     </span>
    </p>
   </div>
   <div class='ocr_carea' id='block_1_5' title="bbox 698 699 2220 796">
    <p class='ocr_par' dir='ltr' id='par_1_5' title="bbox 698 699 2220 796">
     <span class='ocr_line' id='line_1_5' title="bbox 698 699 2220 796; baseline -0.011 -17"><span class='ocrx_word' id='word_1_22' title='bbox 698 723 749 779; x_wconf 78' lang='grc' dir='ltr'><strong>ϐ.</strong></span> <span class='ocrx_word' id='word_1_23' title='bbox 786 721 924 796; x_wconf 82' lang='lat' dir='ltr'><strong>[vers</strong></span> <span class='ocrx_word' id='word_1_24' title='bbox 957 719 1076 776; x_wconf 78' lang='lat'><strong>“8.</strong></span> <span class='ocrx_word' id='word_1_25' title='bbox 1097 717 1118 791; x_wconf 91' lang='lat'>]</span> <span class='ocrx_word' id='word_1_26' title='bbox 1143 717 1392 789; x_wconf 78' lang='lat' dir='ltr'><strong>Sprevisti</strong></span> <span class='ocrx_word' id='word_1_27' title='bbox 1412 733 1619 783; x_wconf 86' lang='lat' dir='ltr'><strong>omnes;</strong></span> <span class='ocrx_word' id='word_1_28' title='bbox 1641 709 1920 796; x_wconf 49' lang='lat' dir='ltr'><strong>vehunt”</strong></span> <span class='ocrx_word' id='word_1_29' title='bbox 1941 699 2009 796; x_wconf 54' lang='lat' dir='ltr'><strong>dt?</strong></span> <span class='ocrx_word' id='word_1_30' title='bbox 2044 713 2220 796; x_wconf 56' lang='grc' dir='ltr'>εΐαξφ</span> 
     </span>
    </p>
   </div>
   <div class='ocr_carea' id='block_1_6' title="bbox 625 793 2220 887">
    <p class='ocr_par' dir='ltr' id='par_1_6' title="bbox 625 793 2220 887">
     <span class='ocr_line' id='line_1_6' title="bbox 625 793 2220 887; baseline -0.011 -14"><span class='ocrx_word' id='word_1_31' title='bbox 625 793 930 887; x_wconf 81' lang='lat' dir='ltr'><strong>diligentius</strong></span> <span class='ocrx_word' id='word_1_32' title='bbox 955 813 1169 869; x_wconf 88' lang='lat' dir='ltr'><strong>videtur</strong></span> <span class='ocrx_word' id='word_1_33' title='bbox 1206 825 1554 883; x_wconf 60' lang='lat' dir='ltr'><strong>expressum,</strong></span> <span class='ocrx_word' id='word_1_34' title='bbox 1596 797 1678 851; x_wconf 77' lang='grc' dir='ltr'><strong>Αά</strong></span> <span class='ocrx_word' id='word_1_35' title='bbox 1716 793 2220 887; x_wconf 13' lang='grc' dir='ltr'><strong>ηίΙιὲιιιηιῖάεςίπξπίειε</strong></span> 
     </span>
    </p>
   </div>
   <div class='ocr_carea' id='block_1_7' title="bbox 621 885 2220 966">
    <p class='ocr_par' dir='ltr' id='par_1_7' title="bbox 621 885 2220 966">
     <span class='ocr_line' id='line_1_7' title="bbox 621 885 2220 966; baseline -0.007 -16"><span class='ocrx_word' id='word_1_36' title='bbox 621 885 794 964; x_wconf 49' lang='lat' dir='ltr'><strong>mm,“</strong></span> <span class='ocrx_word' id='word_1_37' title='bbox 822 905 1129 961; x_wconf 70' lang='grc' dir='ltr'>ἀίεεεάεηιρε</span> <span class='ocrx_word' id='word_1_38' title='bbox 1158 921 1189 958; x_wconf 82' lang='grc' dir='ltr'><em>α</em></span> <span class='ocrx_word' id='word_1_39' title='bbox 1210 887 1664 966; x_wconf 65' lang='lat' dir='ltr'><strong>jusnﬂcationibus</strong></span> <span class='ocrx_word' id='word_1_40' title='bbox 1695 887 1832 951; x_wconf 84' lang='lat' dir='ltr'><strong>tuis;</strong></span> <span class='ocrx_word' id='word_1_41' title='bbox 1870 886 1990 959; x_wconf 89' lang='lat' dir='ltr'><strong>quia</strong></span> <span class='ocrx_word' id='word_1_42' title='bbox 2026 885 2220 956; x_wconf 86' lang='lat' dir='ltr'><strong>injusta</strong></span> 
     </span>
    </p>
   </div>
   <div class='ocr_carea' id='block_1_8' title="bbox 624 975 2217 1073">
    <p class='ocr_par' dir='ltr' id='par_1_8' title="bbox 624 975 2217 1073">
     <span class='ocr_line' id='line_1_8' title="bbox 624 975 2217 1073; baseline -0.008 -28"><span class='ocrx_word' id='word_1_43' title='bbox 624 1000 860 1073; x_wconf 61' lang='lat' dir='ltr'><strong>cogitatio</strong></span> <span class='ocrx_word' id='word_1_44' title='bbox 881 1007 1068 1053; x_wconf 62' lang='lat' dir='ltr'><strong>eorum.</strong></span> <span class='ocrx_word' id='word_1_45' title='bbox 1102 985 1224 1041; x_wconf 88' lang='lat' dir='ltr'><strong>Ideo</strong></span> <span class='ocrx_word' id='word_1_46' title='bbox 1250 1000 1377 1057; x_wconf 86' lang='lat' dir='ltr'><strong>ergo</strong></span> <span class='ocrx_word' id='word_1_47' title='bbox 1403 981 1686 1038; x_wconf 86' lang='lat' dir='ltr'><strong>clamavit:</strong></span> <span class='ocrx_word' id='word_1_48' title='bbox 1705 977 1905 1046; x_wconf 80' lang='lat' dir='ltr'><strong>Adiuva</strong></span> <span class='ocrx_word' id='word_1_49' title='bbox 1927 995 2004 1032; x_wconf 89' lang='lat' dir='ltr'><strong>me</strong></span> <span class='ocrx_word' id='word_1_50' title='bbox 2032 987 2080 1032; x_wconf 90' lang='lat' dir='ltr'><strong>et</strong></span> <span class='ocrx_word' id='word_1_51' title='bbox 2109 975 2217 1032; x_wconf 84' lang='lat' dir='ltr'><strong>sal-</strong></span> 
     </span>
    </p>
   </div>
   <div class='ocr_carea' id='block_1_9' title="bbox 621 1068 2218 1150">
    <p class='ocr_par' dir='ltr' id='par_1_9' title="bbox 621 1068 2218 1150">
     <span class='ocr_line' id='line_1_9' title="bbox 621 1068 2218 1150; baseline -0.011 -11"><span class='ocrx_word' id='word_1_52' title='bbox 621 1068 710 1147; x_wconf 45' lang='lat' dir='ltr'><strong>uis</strong></span> <span class='ocrx_word' id='word_1_53' title='bbox 750 1103 866 1150; x_wconf 74' lang='lat' dir='ltr'><strong>ero,</strong></span> <span class='ocrx_word' id='word_1_54' title='bbox 905 1083 950 1137; x_wconf 87' lang='lat' dir='ltr'><strong>et</strong></span> <span class='ocrx_word' id='word_1_55' title='bbox 977 1078 1256 1135; x_wconf 87' lang='lat' dir='ltr'><strong>meditabor</strong></span> <span class='ocrx_word' id='word_1_56' title='bbox 1281 1076 1335 1131; x_wconf 88' lang='lat' dir='ltr'><strong>in</strong></span> <span class='ocrx_word' id='word_1_57' title='bbox 1364 1071 1819 1148; x_wconf 75' lang='lat' dir='ltr'><strong>justiﬁcationibus</strong></span> <span class='ocrx_word' id='word_1_58' title='bbox 1850 1068 1947 1125; x_wconf 88' lang='lat' dir='ltr'><strong>tuis</strong></span> <span class='ocrx_word' id='word_1_59' title='bbox 1984 1085 2218 1142; x_wconf 79' lang='lat' dir='ltr'><strong>semper;</strong></span> 
     </span>
    </p>
   </div>
   <div class='ocr_carea' id='block_1_10' title="bbox 621 1158 2220 1251">
    <p class='ocr_par' dir='ltr' id='par_1_10' title="bbox 621 1158 2220 1251">
     <span class='ocr_line' id='line_1_10' title="bbox 621 1158 2220 1251; baseline -0.014 -15"><span class='ocrx_word' id='word_1_60' title='bbox 621 1186 740 1251; x_wconf 80' lang='lat' dir='ltr'><strong>quia</strong></span> <span class='ocrx_word' id='word_1_61' title='bbox 768 1178 820 1233; x_wconf 91' lang='lat' dir='ltr'><strong>in</strong></span> <span class='ocrx_word' id='word_1_62' title='bbox 848 1174 1069 1231; x_wconf 86' lang='lat' dir='ltr'><strong>nihilum</strong></span> <span class='ocrx_word' id='word_1_63' title='bbox 1099 1171 1292 1242; x_wconf 82' lang='lat' dir='ltr'><strong>redigit</strong></span> <span class='ocrx_word' id='word_1_64' title='bbox 1311 1167 1456 1223; x_wconf 84' lang='lat' dir='ltr'><strong>Deus</strong></span> <span class='ocrx_word' id='word_1_65' title='bbox 1478 1180 1666 1220; x_wconf 89' lang='lat' dir='ltr'><strong>omnes</strong></span> <span class='ocrx_word' id='word_1_66' title='bbox 1685 1161 2025 1218; x_wconf 84' lang='lat' dir='ltr'><strong>discedentes</strong></span> <span class='ocrx_word' id='word_1_67' title='bbox 2068 1176 2096 1214; x_wconf 87' lang='lat' dir='ltr'><strong>a</strong></span> <span class='ocrx_word' id='word_1_68' title='bbox 2131 1158 2220 1232; x_wconf 86' lang='lat' dir='ltr'><strong>ju-</strong></span> 
     </span>
    </p>
   </div>
   <div class='ocr_carea' id='block_1_11' title="bbox 621 1253 2218 1331">
    <p class='ocr_par' dir='ltr' id='par_1_11' title="bbox 621 1253 2218 1331">
     <span class='ocr_line' id='line_1_11' title="bbox 621 1253 2218 1331; baseline -0.015 -2"><span class='ocrx_word' id='word_1_69' title='bbox 621 1267 1032 1330; x_wconf 82' lang='lat' dir='ltr'><strong>stiticationibus</strong></span> <span class='ocrx_word' id='word_1_70' title='bbox 1061 1265 1189 1322; x_wconf 90' lang='lat' dir='ltr'><strong>suis.</strong></span> <span class='ocrx_word' id='word_1_71' title='bbox 1213 1261 1390 1331; x_wconf 84' lang='lat' dir='ltr'><strong>Quare</strong></span> <span class='ocrx_word' id='word_1_72' title='bbox 1415 1269 1592 1315; x_wconf 90' lang='lat' dir='ltr'><strong>autem</strong></span> <span class='ocrx_word' id='word_1_73' title='bbox 1618 1253 1938 1312; x_wconf 88' lang='lat' dir='ltr'><strong>dlscedunt?</strong></span> <span class='ocrx_word' id='word_1_74' title='bbox 1980 1253 2113 1319; x_wconf 89' lang='lat' dir='ltr'><strong>Quia</strong></span> <span class='ocrx_word' id='word_1_75' title='bbox 2134 1253 2218 1307; x_wconf 82' lang='lat' dir='ltr'><strong>in-</strong></span> 
     </span>
    </p>
   </div>
   <div class='ocr_carea' id='block_1_12' title="bbox 622 1345 2218 1432">
    <p class='ocr_par' dir='ltr' id='par_1_12' title="bbox 622 1345 2218 1432">
     <span class='ocr_line' id='line_1_12' title="bbox 622 1345 2218 1432; baseline -0.012 -11"><span class='ocrx_word' id='word_1_76' title='bbox 622 1369 760 1431; x_wconf 79' lang='lat' dir='ltr'><strong>iusta</strong></span> <span class='ocrx_word' id='word_1_77' title='bbox 803 1372 910 1430; x_wconf 85' lang='lat' dir='ltr'><strong>est,</strong></span> <span class='ocrx_word' id='word_1_78' title='bbox 943 1357 1147 1432; x_wconf 83' lang='lat' dir='ltr'><strong>inquit,</strong></span> <span class='ocrx_word' id='word_1_79' title='bbox 1178 1353 1417 1428; x_wconf 83' lang='lat' dir='ltr'><strong>cogitatio</strong></span> <span class='ocrx_word' id='word_1_80' title='bbox 1461 1368 1656 1407; x_wconf 90' lang='lat' dir='ltr'><strong>eorum.</strong></span> <span class='ocrx_word' id='word_1_81' title='bbox 1701 1345 1778 1404; x_wconf 89' lang='lat' dir='ltr'><strong>lbi</strong></span> <span class='ocrx_word' id='word_1_82' title='bbox 1814 1347 2117 1412; x_wconf 82' lang='lat' dir='ltr'><strong>acceditur,</strong></span> <span class='ocrx_word' id='word_1_83' title='bbox 2146 1345 2218 1402; x_wconf 86' lang='lat' dir='ltr'><strong>ibi</strong></span> 
     </span>
    </p>
   </div>
   <div class='ocr_carea' id='block_1_13' title="bbox 623 1438 2214 1517">
    <p class='ocr_par' dir='ltr' id='par_1_13' title="bbox 623 1438 2214 1517">
     <span class='ocr_line' id='line_1_13' title="bbox 623 1438 2214 1517; baseline -0.014 -3"><span class='ocrx_word' id='word_1_84' title='bbox 623 1455 932 1514; x_wconf 87' lang='lat' dir='ltr'><strong>disceditur.</strong></span> <span class='ocrx_word' id='word_1_85' title='bbox 961 1448 1153 1507; x_wconf 85' lang='lat' dir='ltr'><strong>Omnia</strong></span> <span class='ocrx_word' id='word_1_86' title='bbox 1196 1460 1360 1517; x_wconf 82' lang='lat' dir='ltr'><strong>opera</strong></span> <span class='ocrx_word' id='word_1_87' title='bbox 1383 1487 1397 1510; x_wconf 95' lang='lat'><strong>,</strong></span> <span class='ocrx_word' id='word_1_88' title='bbox 1423 1440 1509 1498; x_wconf 89' lang='lat' dir='ltr'><strong>vel</strong></span> <span class='ocrx_word' id='word_1_89' title='bbox 1539 1439 1676 1496; x_wconf 90' lang='lat' dir='ltr'><strong>mala</strong></span> <span class='ocrx_word' id='word_1_90' title='bbox 1694 1481 1710 1506; x_wconf 95' lang='lat'><strong>,</strong></span> <span class='ocrx_word' id='word_1_91' title='bbox 1750 1439 1837 1495; x_wconf 91' lang='lat' dir='ltr'><strong>vel</strong></span> <span class='ocrx_word' id='word_1_92' title='bbox 1863 1438 2003 1495; x_wconf 91' lang='lat' dir='ltr'><strong>bona</strong></span> <span class='ocrx_word' id='word_1_93' title='bbox 2021 1479 2034 1503; x_wconf 94' lang='lat'><strong>,</strong></span> <span class='ocrx_word' id='word_1_94' title='bbox 2061 1453 2092 1494; x_wconf 85' lang='lat' dir='ltr'><strong>a</strong></span> <span class='ocrx_word' id='word_1_95' title='bbox 2119 1451 2214 1494; x_wconf 82' lang='lat' dir='ltr'><strong>co-</strong></span> 
     </span>
    </p>
   </div>
   <div class='ocr_carea' id='block_1_14' title="bbox 621 1530 2214 1623">
    <p class='ocr_par' dir='ltr' id='par_1_14' title="bbox 621 1530 2214 1623">
     <span class='ocr_line' id='line_1_14' title="bbox 621 1530 2214 1623; baseline -0.013 -18"><span class='ocrx_word' id='word_1_96' title='bbox 621 1549 876 1623; x_wconf 86' lang='lat' dir='ltr'><strong>gitatione</strong></span> <span class='ocrx_word' id='word_1_97' title='bbox 905 1543 1228 1616; x_wconf 89' lang='lat' dir='ltr'><strong>procedunt:</strong></span> <span class='ocrx_word' id='word_1_98' title='bbox 1251 1539 1304 1594; x_wconf 92' lang='lat' dir='ltr'><strong>in</strong></span> <span class='ocrx_word' id='word_1_99' title='bbox 1331 1533 1654 1607; x_wconf 80' lang='lat' dir='ltr'><strong>cogitatione</strong></span> <span class='ocrx_word' id='word_1_100' title='bbox 1675 1531 1900 1603; x_wconf 87' lang='lat' dir='ltr'><strong>quisque</strong></span> <span class='ocrx_word' id='word_1_101' title='bbox 1929 1530 2214 1597; x_wconf 86' lang='lat' dir='ltr'><strong>innocens,</strong></span> 
     </span>
    </p>
   </div>
   <div class='ocr_carea' id='block_1_15' title="bbox 617 1621 2215 1711">
    <p class='ocr_par' dir='ltr' id='par_1_15' title="bbox 617 1621 2215 1711">
     <span class='ocr_line' id='line_1_15' title="bbox 617 1621 2215 1711; baseline -0.014 -12"><span class='ocrx_word' id='word_1_102' title='bbox 617 1621 676 1699; x_wconf 76' lang='lat' dir='ltr'><strong>in</strong></span> <span class='ocrx_word' id='word_1_103' title='bbox 720 1637 1042 1711; x_wconf 85' lang='lat' dir='ltr'><strong>cogitatione</strong></span> <span class='ocrx_word' id='word_1_104' title='bbox 1071 1648 1192 1689; x_wconf 90' lang='lat' dir='ltr'><strong>reus</strong></span> <span class='ocrx_word' id='word_1_105' title='bbox 1233 1638 1333 1687; x_wconf 91' lang='lat' dir='ltr'><strong>est.</strong></span> <span class='ocrx_word' id='word_1_106' title='bbox 1367 1629 1596 1697; x_wconf 82' lang='lat' dir='ltr'><strong>Propter</strong></span> <span class='ocrx_word' id='word_1_107' title='bbox 1635 1621 1778 1695; x_wconf 90' lang='lat' dir='ltr'><strong>quod</strong></span> <span class='ocrx_word' id='word_1_108' title='bbox 1803 1622 2066 1702; x_wconf 9' lang='lat' dir='ltr'><strong>scriptum,</strong></span> <span class='ocrx_word' id='word_1_109' title='bbox 2089 1631 2215 1678; x_wconf 87' lang='lat' dir='ltr'><strong>est:</strong></span> 
     </span>
    </p>
   </div>
   <div class='ocr_carea' id='block_1_16' title="bbox 621 1713 2220 1805">
    <p class='ocr_par' dir='ltr' id='par_1_16' title="bbox 621 1713 2220 1805">
     <span class='ocr_line' id='line_1_16' title="bbox 621 1713 2220 1805; baseline -0.013 -16"><span class='ocrx_word' id='word_1_110' title='bbox 621 1731 872 1805; x_wconf 87' lang='lat' dir='ltr'><strong>Cogitatio</strong></span> <span class='ocrx_word' id='word_1_111' title='bbox 898 1735 1072 1782; x_wconf 87' lang='lat' dir='ltr'><strong>sancta</strong></span> <span class='ocrx_word' id='word_1_112' title='bbox 1094 1721 1307 1778; x_wconf 83' lang='lat' dir='ltr'><strong>servabit</strong></span> <span class='ocrx_word' id='word_1_113' title='bbox 1336 1727 1382 1774; x_wconf 91' lang='lat' dir='ltr'><strong>le</strong></span> <span class='ocrx_word' id='word_1_114' title='bbox 1407 1715 1591 1789; x_wconf 86' lang='lat' dir='ltr'><strong>(Prov.</strong></span> <span class='ocrx_word' id='word_1_115' title='bbox 1613 1731 1673 1780; x_wconf 90' lang='lat' dir='ltr'><strong>ll,</strong></span> <span class='ocrx_word' id='word_1_116' title='bbox 1695 1714 1754 1770; x_wconf 79' lang='grc' dir='ltr'>Η</span> <span class='ocrx_word' id='word_1_117' title='bbox 1781 1713 1799 1786; x_wconf 95' lang='grc'>)</span> <span class='ocrx_word' id='word_1_118' title='bbox 1821 1733 1833 1770; x_wconf 89' lang='lat'><strong>:</strong></span> <span class='ocrx_word' id='word_1_119' title='bbox 1863 1713 2190 1805; x_wconf 14' lang='lat' dir='ltr'><strong>ettalibilcgi</strong></span> <span class='ocrx_word' id='word_1_120' title='bbox 2207 1743 2220 1754; x_wconf 94' lang='lat'><strong>-</strong></span> 
     </span>
    </p>
   </div>
   <div class='ocr_carea' id='block_1_17' title="bbox 622 1803 2218 1891">
    <p class='ocr_par' dir='ltr' id='par_1_17' title="bbox 622 1803 2218 1891">
     <span class='ocr_line' id='line_1_17' title="bbox 622 1803 2218 1891; baseline -0.012 -12"><span class='ocrx_word' id='word_1_121' title='bbox 622 1803 709 1879; x_wconf 83' lang='lat' dir='ltr'><strong>tur</strong></span> <span class='ocrx_word' id='word_1_122' title='bbox 731 1841 742 1875; x_wconf 94' lang='lat'><strong>:</strong></span> <span class='ocrx_word' id='word_1_123' title='bbox 763 1819 828 1874; x_wconf 83' lang='lat' dir='ltr'><strong>In</strong></span> <span class='ocrx_word' id='word_1_124' title='bbox 849 1813 1230 1891; x_wconf 76' lang='lat' dir='ltr'><strong>cogitationibus</strong></span> <span class='ocrx_word' id='word_1_125' title='bbox 1256 1810 1398 1882; x_wconf 86' lang='lat' dir='ltr'><strong>impii</strong></span> <span class='ocrx_word' id='word_1_126' title='bbox 1418 1807 1748 1879; x_wconf 86' lang='lat' dir='ltr'><strong>interrogatio</strong></span> <span class='ocrx_word' id='word_1_127' title='bbox 1770 1805 1863 1859; x_wconf 89' lang='lat' dir='ltr'><strong>erit</strong></span> <span class='ocrx_word' id='word_1_128' title='bbox 1883 1803 2037 1875; x_wconf 87' lang='lat' dir='ltr'><strong>(Sap.</strong></span> <span class='ocrx_word' id='word_1_129' title='bbox 2055 1820 2072 1860; x_wconf 85' lang='grc' dir='ltr'>ι</span> <span class='ocrx_word' id='word_1_130' title='bbox 2090 1846 2105 1871; x_wconf 92' lang='grc'><strong><em>,</em></strong></span> <span class='ocrx_word' id='word_1_131' title='bbox 2128 1804 2218 1876; x_wconf 85' lang='lat'><strong>9):</strong></span> 
     </span>
    </p>
   </div>
   <div class='ocr_carea' id='block_1_18' title="bbox 621 1901 2220 1984">
    <p class='ocr_par' dir='ltr' id='par_1_18' title="bbox 621 1901 2220 1984">
     <span class='ocr_line' id='line_1_18' title="bbox 621 1901 2220 1984; baseline -0.009 -14"><span class='ocrx_word' id='word_1_132' title='bbox 621 1924 676 1971; x_wconf 88' lang='lat' dir='ltr'><strong>et</strong></span> <span class='ocrx_word' id='word_1_133' title='bbox 714 1911 1000 1984; x_wconf 84' lang='lat' dir='ltr'><strong>Apostolus</strong></span> <span class='ocrx_word' id='word_1_134' title='bbox 1039 1928 1052 1964; x_wconf 89' lang='lat'><strong>:</strong></span> <span class='ocrx_word' id='word_1_135' title='bbox 1095 1905 1530 1978; x_wconf 86' lang='lat' dir='ltr'><strong>Cogitationibus,</strong></span> <span class='ocrx_word' id='word_1_136' title='bbox 1579 1903 1682 1970; x_wconf 88' lang='lat' dir='ltr'><strong>ait,</strong></span> <span class='ocrx_word' id='word_1_137' title='bbox 1734 1901 2087 1958; x_wconf 72' lang='lat' dir='ltr'><strong>accusantibus</strong></span> <span class='ocrx_word' id='word_1_138' title='bbox 2129 1909 2220 1956; x_wconf 88' lang='lat' dir='ltr'><strong>aut</strong></span> 
     </span>
    </p>
   </div>
   <div class='ocr_carea' id='block_1_19' title="bbox 622 1989 2221 2073">
    <p class='ocr_par' dir='ltr' id='par_1_19' title="bbox 622 1989 2221 2073">
     <span class='ocr_line' id='line_1_19' title="bbox 622 1989 2221 2073; baseline -0.007 -13"><span class='ocrx_word' id='word_1_139' title='bbox 622 2007 777 2060; x_wconf 85' lang='lat' dir='ltr'><strong>etiam</strong></span> <span class='ocrx_word' id='word_1_140' title='bbox 800 1989 1182 2073; x_wconf 74' lang='lat' dir='ltr'><strong>defendentibus</strong></span> <span class='ocrx_word' id='word_1_141' title='bbox 1207 1995 1381 2072; x_wconf 84' lang='lat' dir='ltr'><strong>(Rom.</strong></span> <span class='ocrx_word' id='word_1_142' title='bbox 1417 1996 1624 2067; x_wconf 76' lang='grc' dir='ltr'><strong>Π,15).</strong></span> <span class='ocrx_word' id='word_1_143' title='bbox 1652 1995 1754 2051; x_wconf 85' lang='lat' dir='ltr'><strong>Ubi</strong></span> <span class='ocrx_word' id='word_1_144' title='bbox 1781 2002 1960 2052; x_wconf 86' lang='lat' dir='ltr'><strong>autem</strong></span> <span class='ocrx_word' id='word_1_145' title='bbox 1986 1994 2114 2048; x_wconf 82' lang='lat' dir='ltr'><strong>felix</strong></span> <span class='ocrx_word' id='word_1_146' title='bbox 2137 2001 2221 2049; x_wconf 90' lang='lat' dir='ltr'><strong>est</strong></span> 
     </span>
    </p>
   </div>
   <div class='ocr_carea' id='block_1_20' title="bbox 617 2087 2216 2172">
    <p class='ocr_par' dir='ltr' id='par_1_20' title="bbox 617 2087 2216 2172">
     <span class='ocr_line' id='line_1_20' title="bbox 617 2087 2216 2172; baseline -0.008 -18"><span class='ocrx_word' id='word_1_147' title='bbox 617 2097 786 2172; x_wconf 82' lang='lat' dir='ltr'><strong>quiin</strong></span> <span class='ocrx_word' id='word_1_148' title='bbox 827 2095 1147 2168; x_wconf 81' lang='lat' dir='ltr'><strong>cogitatione</strong></span> <span class='ocrx_word' id='word_1_149' title='bbox 1195 2091 1360 2149; x_wconf 82' lang='lat' dir='ltr'><strong>miser</strong></span> <span class='ocrx_word' id='word_1_150' title='bbox 1389 2091 1515 2147; x_wconf 86' lang='lat' dir='ltr'><strong>est?</strong></span> <span class='ocrx_word' id='word_1_151' title='bbox 1551 2098 1644 2145; x_wconf 90' lang='lat' dir='ltr'><strong>aut</strong></span> <span class='ocrx_word' id='word_1_152' title='bbox 1684 2087 1954 2160; x_wconf 90' lang='lat' dir='ltr'><strong>quomodo</strong></span> <span class='ocrx_word' id='word_1_153' title='bbox 1997 2087 2071 2142; x_wconf 87' lang='lat' dir='ltr'><strong>ibi</strong></span> <span class='ocrx_word' id='word_1_154' title='bbox 2110 2101 2216 2142; x_wconf 91' lang='lat' dir='ltr'><strong>non</strong></span> 
     </span>
    </p>
   </div>
   <div class='ocr_carea' id='block_1_21' title="bbox 621 2179 2218 2259">
    <p class='ocr_par' dir='ltr' id='par_1_21' title="bbox 621 2179 2218 2259">
     <span class='ocr_line' id='line_1_21' title="bbox 621 2179 2218 2259; baseline -0.006 -13"><span class='ocrx_word' id='word_1_155' title='bbox 621 2191 785 2246; x_wconf 83' lang='lat' dir='ltr'><strong>miser</strong></span> <span class='ocrx_word' id='word_1_156' title='bbox 811 2198 894 2245; x_wconf 90' lang='lat' dir='ltr'><strong>est</strong></span> <span class='ocrx_word' id='word_1_157' title='bbox 915 2187 1004 2259; x_wconf 88' lang='lat' dir='ltr'><strong>qui</strong></span> <span class='ocrx_word' id='word_1_158' title='bbox 1034 2185 1099 2242; x_wconf 90' lang='lat' dir='ltr'><strong>ad</strong></span> <span class='ocrx_word' id='word_1_159' title='bbox 1131 2183 1358 2240; x_wconf 90' lang='lat' dir='ltr'><strong>nihilum</strong></span> <span class='ocrx_word' id='word_1_160' title='bbox 1387 2183 1639 2240; x_wconf 88' lang='lat' dir='ltr'><strong>redactus</strong></span> <span class='ocrx_word' id='word_1_161' title='bbox 1665 2181 1786 2236; x_wconf 86' lang='lat' dir='ltr'><strong>est?</strong></span> <span class='ocrx_word' id='word_1_162' title='bbox 1809 2179 1996 2251; x_wconf 85' lang='lat' dir='ltr'><strong>Magna</strong></span> <span class='ocrx_word' id='word_1_163' title='bbox 2022 2179 2218 2250; x_wconf 88' lang='lat' dir='ltr'><strong>quippe</strong></span> 
     </span>
    </p>
   </div>
   <div class='ocr_carea' id='block_1_22' title="bbox 620 2271 2215 2350">
    <p class='ocr_par' dir='ltr' id='par_1_22' title="bbox 620 2271 2215 2350">
     <span class='ocr_line' id='line_1_22' title="bbox 620 2271 2215 2350; baseline -0.009 -10"><span class='ocrx_word' id='word_1_164' title='bbox 620 2295 701 2340; x_wconf 88' lang='lat' dir='ltr'><strong>est</strong></span> <span class='ocrx_word' id='word_1_165' title='bbox 743 2281 1020 2348; x_wconf 84' lang='lat' dir='ltr'><strong>sterilitas,</strong></span> <span class='ocrx_word' id='word_1_166' title='bbox 1045 2278 1316 2350; x_wconf 87' lang='lat' dir='ltr'><strong>iniquitas.</strong></span> <span class='ocrx_word' id='word_1_167' title='bbox 1351 2275 1546 2332; x_wconf 85' lang='lat' dir='ltr'><strong>Merito</strong></span> <span class='ocrx_word' id='word_1_168' title='bbox 1585 2273 1787 2328; x_wconf 88' lang='lat' dir='ltr'><strong>dictum</strong></span> <span class='ocrx_word' id='word_1_169' title='bbox 1829 2280 1947 2327; x_wconf 88' lang='lat' dir='ltr'><strong>est:</strong></span> <span class='ocrx_word' id='word_1_170' title='bbox 1982 2271 2215 2343; x_wconf 79' lang='lat' dir='ltr'><strong>Confun-</strong></span> 
     </span>
    </p>
   </div>
   <div class='ocr_carea' id='block_1_23' title="bbox 620 2363 2213 2445">
    <p class='ocr_par' dir='ltr' id='par_1_23' title="bbox 620 2363 2213 2445">
     <span class='ocr_line' id='line_1_23' title="bbox 620 2363 2213 2445; baseline -0.007 -14"><span class='ocrx_word' id='word_1_171' title='bbox 620 2377 807 2431; x_wconf 86' lang='lat' dir='ltr'><strong>dantur</strong></span> <span class='ocrx_word' id='word_1_172' title='bbox 834 2373 992 2445; x_wconf 89' lang='lat' dir='ltr'><strong>iniqui</strong></span> <span class='ocrx_word' id='word_1_173' title='bbox 1022 2371 1260 2444; x_wconf 72' lang='lat' dir='ltr'><strong>facientes</strong></span> <span class='ocrx_word' id='word_1_174' title='bbox 1289 2384 1416 2422; x_wconf 87' lang='lat' dir='ltr'><strong>vane</strong></span> <span class='ocrx_word' id='word_1_175' title='bbox 1463 2364 1637 2440; x_wconf 87' lang='lat' dir='ltr'><strong>(Psal.</strong></span> <span class='ocrx_word' id='word_1_176' title='bbox 1665 2381 1788 2421; x_wconf 77' lang='lat' dir='ltr'><strong>XXIV</strong></span> <span class='ocrx_word' id='word_1_177' title='bbox 1813 2406 1828 2432; x_wconf 93' lang='lat'><strong>,</strong></span> <span class='ocrx_word' id='word_1_178' title='bbox 1868 2364 1963 2434; x_wconf 70' lang='lat'><strong>4);</strong></span> <span class='ocrx_word' id='word_1_179' title='bbox 2014 2363 2068 2420; x_wconf 92' lang='lat' dir='ltr'><strong>id</strong></span> <span class='ocrx_word' id='word_1_180' title='bbox 2110 2373 2213 2432; x_wconf 87' lang='lat' dir='ltr'><strong>est,</strong></span> 
     </span>
    </p>
   </div>
   <div class='ocr_carea' id='block_1_24' title="bbox 619 2457 1773 2533">
    <p class='ocr_par' dir='ltr' id='par_1_24' title="bbox 619 2457 1773 2533">
     <span class='ocr_line' id='line_1_24' title="bbox 619 2457 1773 2533; baseline -0.014 -8"><span class='ocrx_word' id='word_1_181' title='bbox 619 2468 850 2525; x_wconf 89' lang='lat' dir='ltr'><strong>inaniter</strong></span> <span class='ocrx_word' id='word_1_182' title='bbox 873 2507 888 2531; x_wconf 91' lang='lat'><strong>,</strong></span> <span class='ocrx_word' id='word_1_183' title='bbox 916 2475 1164 2533; x_wconf 89' lang='lat' dir='ltr'><strong>tanquam</strong></span> <span class='ocrx_word' id='word_1_184' title='bbox 1194 2459 1396 2517; x_wconf 88' lang='lat' dir='ltr'><strong>redacti</strong></span> <span class='ocrx_word' id='word_1_185' title='bbox 1423 2458 1490 2514; x_wconf 91' lang='lat' dir='ltr'><strong>ad</strong></span> <span class='ocrx_word' id='word_1_186' title='bbox 1521 2457 1773 2512; x_wconf 83' lang='lat' dir='ltr'><strong>nihilum.</strong></span> 
     </span>
    </p>
   </div>
   <div class='ocr_carea' id='block_1_25' title="bbox 690 2547 2216 2633">
    <p class='ocr_par' dir='ltr' id='par_1_25' title="bbox 690 2547 2216 2633">
     <span class='ocr_line' id='line_1_25' title="bbox 690 2547 2216 2633; baseline -0.006 -19"><span class='ocrx_word' id='word_1_187' title='bbox 690 2561 740 2615; x_wconf 91' lang='lat'><strong>7.</strong></span> <span class='ocrx_word' id='word_1_188' title='bbox 759 2557 907 2633; x_wconf 64' lang='lat' dir='ltr'><strong>[vers</strong></span> <span class='ocrx_word' id='word_1_189' title='bbox 931 2553 1077 2628; x_wconf 78' lang='lat' dir='ltr'><strong>ll9.]</strong></span> <span class='ocrx_word' id='word_1_190' title='bbox 1094 2555 1346 2627; x_wconf 85' lang='lat' dir='ltr'><strong>Sequitur</strong></span> <span class='ocrx_word' id='word_1_191' title='bbox 1366 2553 1421 2608; x_wconf 93' lang='lat' dir='ltr'><strong>in</strong></span> <span class='ocrx_word' id='word_1_192' title='bbox 1444 2551 1655 2607; x_wconf 88' lang='lat' dir='ltr'><strong>Psalmo</strong></span> <span class='ocrx_word' id='word_1_193' title='bbox 1677 2568 1688 2604; x_wconf 93' lang='lat'><strong>:</strong></span> <span class='ocrx_word' id='word_1_194' title='bbox 1711 2547 2115 2604; x_wconf 81' lang='lat' dir='ltr'><strong>Prtevaricantes</strong></span> <span class='ocrx_word' id='word_1_195' title='bbox 2127 2548 2216 2605; x_wconf 82' lang='lat' dir='ltr'><strong>de-</strong></span> 
     </span>
    </p>
   </div>
   <div class='ocr_carea' id='block_1_26' title="bbox 619 2642 2216 2728">
    <p class='ocr_par' dir='ltr' id='par_1_26' title="bbox 619 2642 2216 2728">
     <span class='ocr_line' id='line_1_26' title="bbox 619 2642 2216 2728; baseline -0.008 -20"><span class='ocrx_word' id='word_1_196' title='bbox 619 2653 810 2728; x_wconf 82' lang='lat' dir='ltr'><strong>putavi,</strong></span> <span class='ocrx_word' id='word_1_197' title='bbox 839 2649 924 2706; x_wconf 86' lang='lat' dir='ltr'><strong>vel</strong></span> <span class='ocrx_word' id='word_1_198' title='bbox 977 2648 1184 2722; x_wconf 88' lang='lat' dir='ltr'><strong>putavi,</strong></span> <span class='ocrx_word' id='word_1_199' title='bbox 1244 2645 1329 2702; x_wconf 88' lang='lat' dir='ltr'><strong>vel</strong></span> <span class='ocrx_word' id='word_1_200' title='bbox 1382 2642 1666 2699; x_wconf 81' lang='lat' dir='ltr'><strong>existimavi</strong></span> <span class='ocrx_word' id='word_1_201' title='bbox 1711 2657 1884 2696; x_wconf 88' lang='lat' dir='ltr'><strong>omnes</strong></span> <span class='ocrx_word' id='word_1_202' title='bbox 1927 2649 2216 2713; x_wconf 81' lang='lat' dir='ltr'><strong>peccatores</strong></span> 
     </span>
    </p>
   </div>
   <div class='ocr_carea' id='block_1_27' title="bbox 621 2733 2213 2804">
    <p class='ocr_par' dir='ltr' id='par_1_27' title="bbox 621 2733 2213 2804">
     <span class='ocr_line' id='line_1_27' title="bbox 621 2733 2213 2804; baseline -0.009 -4"><span class='ocrx_word' id='word_1_203' title='bbox 621 2755 783 2801; x_wconf 84' lang='lat' dir='ltr'><strong>teme.</strong></span> <span class='ocrx_word' id='word_1_204' title='bbox 803 2739 977 2798; x_wconf 82' lang='lat' dir='ltr'><strong>Multis</strong></span> <span class='ocrx_word' id='word_1_205' title='bbox 993 2740 1137 2797; x_wconf 88' lang='lat' dir='ltr'><strong>enim</strong></span> <span class='ocrx_word' id='word_1_206' title='bbox 1168 2737 1343 2794; x_wconf 91' lang='lat' dir='ltr'><strong>modis</strong></span> <span class='ocrx_word' id='word_1_207' title='bbox 1368 2735 1539 2792; x_wconf 88' lang='lat' dir='ltr'><strong>nostri</strong></span> <span class='ocrx_word' id='word_1_208' title='bbox 1556 2733 1888 2804; x_wconf 85' lang='lat' dir='ltr'><strong>interpretati</strong></span> <span class='ocrx_word' id='word_1_209' title='bbox 1905 2742 2029 2788; x_wconf 89' lang='lat' dir='ltr'><strong>sunt</strong></span> <span class='ocrx_word' id='word_1_210' title='bbox 2049 2748 2213 2788; x_wconf 91' lang='lat' dir='ltr'><strong>unum</strong></span> 
     </span>
    </p>
   </div>
   <div class='ocr_carea' id='block_1_28' title="bbox 617 2824 2215 2907">
    <p class='ocr_par' dir='ltr' id='par_1_28' title="bbox 617 2824 2215 2907">
     <span class='ocr_line' id='line_1_28' title="bbox 617 2824 2215 2907; baseline -0.009 -13"><span class='ocrx_word' id='word_1_211' title='bbox 617 2839 838 2894; x_wconf 87' lang='lat' dir='ltr'><strong>verbum</strong></span> <span class='ocrx_word' id='word_1_212' title='bbox 855 2850 1110 2907; x_wconf 72' lang='lat' dir='ltr'><strong>graecum,</strong></span> <span class='ocrx_word' id='word_1_213' title='bbox 1134 2829 1278 2904; x_wconf 88' lang='lat' dir='ltr'><strong>quod</strong></span> <span class='ocrx_word' id='word_1_214' title='bbox 1302 2838 1383 2886; x_wconf 91' lang='lat' dir='ltr'><strong>est</strong></span> <span class='ocrx_word' id='word_1_215' title='bbox 1397 2834 1681 2896; x_wconf 69' lang='grc' dir='ltr'><strong>ἐλογισάμην</strong></span> <span class='ocrx_word' id='word_1_216' title='bbox 1705 2844 1719 2880; x_wconf 90' lang='lat'><strong>:</strong></span> <span class='ocrx_word' id='word_1_217' title='bbox 1739 2826 1830 2882; x_wconf 88' lang='lat' dir='ltr'><strong>sed</strong></span> <span class='ocrx_word' id='word_1_218' title='bbox 1848 2824 2112 2898; x_wconf 84' lang='lat' dir='ltr'><strong>profunda</strong></span> <span class='ocrx_word' id='word_1_219' title='bbox 2131 2833 2215 2882; x_wconf 85' lang='lat' dir='ltr'><strong>est</strong></span> 
     </span>
    </p>
   </div>
   <div class='ocr_carea' id='block_1_29' title="bbox 619 2917 2213 2995">
    <p class='ocr_par' dir='ltr' id='par_1_29' title="bbox 619 2917 2213 2995">
     <span class='ocr_line' id='line_1_29' title="bbox 619 2917 2213 2995; baseline -0.011 -6"><span class='ocrx_word' id='word_1_220' title='bbox 619 2933 711 2989; x_wconf 88' lang='lat' dir='ltr'><strong>illa</strong></span> <span class='ocrx_word' id='word_1_221' title='bbox 740 2927 1039 2995; x_wconf 87' lang='lat' dir='ltr'><strong>sententia,</strong></span> <span class='ocrx_word' id='word_1_222' title='bbox 1092 2934 1148 2980; x_wconf 91' lang='lat' dir='ltr'><strong>et</strong></span> <span class='ocrx_word' id='word_1_223' title='bbox 1190 2923 1236 2980; x_wconf 89' lang='lat' dir='ltr'><strong>si</strong></span> <span class='ocrx_word' id='word_1_224' title='bbox 1270 2920 1542 2994; x_wconf 68' lang='lat' dir='ltr'><strong>adiuverit</strong></span> <span class='ocrx_word' id='word_1_225' title='bbox 1587 2919 1880 2986; x_wconf 87' lang='lat' dir='ltr'><strong>Dominus,</strong></span> <span class='ocrx_word' id='word_1_226' title='bbox 1933 2917 2213 2989; x_wconf 83' lang='lat' dir='ltr'><strong>operosius</strong></span> 
     </span>
    </p>
   </div>
   <div class='ocr_carea' id='block_1_30' title="bbox 620 3007 2214 3095">
    <p class='ocr_par' dir='ltr' id='par_1_30' title="bbox 620 3007 2214 3095">
     <span class='ocr_line' id='line_1_30' title="bbox 620 3007 2214 3095; baseline -0.011 -15"><span class='ocrx_word' id='word_1_227' title='bbox 620 3021 981 3095; x_wconf 87' lang='lat' dir='ltr'><strong>disputatione</strong></span> <span class='ocrx_word' id='word_1_228' title='bbox 1007 3018 1113 3074; x_wconf 86' lang='lat' dir='ltr'><strong>alia</strong></span> <span class='ocrx_word' id='word_1_229' title='bbox 1155 3012 1483 3087; x_wconf 89' lang='lat' dir='ltr'><strong>penetranda</strong></span> <span class='ocrx_word' id='word_1_230' title='bbox 1510 3020 1612 3068; x_wconf 88' lang='lat' dir='ltr'><strong>est.</strong></span> <span class='ocrx_word' id='word_1_231' title='bbox 1643 3009 1777 3066; x_wconf 84' lang='lat' dir='ltr'><strong>Nam</strong></span> <span class='ocrx_word' id='word_1_232' title='bbox 1804 3019 1857 3066; x_wconf 83' lang='lat' dir='ltr'><strong>et</strong></span> <span class='ocrx_word' id='word_1_233' title='bbox 1882 3011 2026 3081; x_wconf 90' lang='lat' dir='ltr'><strong>quod</strong></span> <span class='ocrx_word' id='word_1_234' title='bbox 2063 3007 2214 3064; x_wconf 85' lang='lat' dir='ltr'><strong>addi-</strong></span> 
     </span>
    </p>
   </div>
   <div class='ocr_carea' id='block_1_31' title="bbox 621 3101 2209 3179">
    <p class='ocr_par' dir='ltr' id='par_1_31' title="bbox 621 3101 2209 3179">
     <span class='ocr_line' id='line_1_31' title="bbox 621 3101 2209 3179; baseline -0.009 -9"><span class='ocrx_word' id='word_1_235' title='bbox 621 3124 732 3171; x_wconf 90' lang='lat' dir='ltr'><strong>tum</strong></span> <span class='ocrx_word' id='word_1_236' title='bbox 784 3122 869 3169; x_wconf 90' lang='lat' dir='ltr'><strong>est</strong></span> <span class='ocrx_word' id='word_1_237' title='bbox 913 3128 926 3164; x_wconf 87' lang='lat'><strong>:</strong></span> <span class='ocrx_word' id='word_1_238' title='bbox 979 3109 1261 3179; x_wconf 85' lang='lat' dir='ltr'><strong>Propterea</strong></span> <span class='ocrx_word' id='word_1_239' title='bbox 1306 3104 1462 3159; x_wconf 78' lang='lat' dir='ltr'><strong>dilexi</strong></span> <span class='ocrx_word' id='word_1_240' title='bbox 1513 3101 1803 3158; x_wconf 88' lang='lat' dir='ltr'><strong>testimonia</strong></span> <span class='ocrx_word' id='word_1_241' title='bbox 1858 3110 1946 3155; x_wconf 90' lang='lat' dir='ltr'><strong>tua</strong></span> <span class='ocrx_word' id='word_1_242' title='bbox 1975 3117 2209 3172; x_wconf 77' lang='lat' dir='ltr'><strong>semper,</strong></span> 
     </span>
    </p>
   </div>
   <div class='ocr_carea' id='block_1_32' title="bbox 618 3195 2213 3276">
    <p class='ocr_par' dir='ltr' id='par_1_32' title="bbox 618 3195 2213 3276">
     <span class='ocr_line' id='line_1_32' title="bbox 618 3195 2213 3276; baseline -0.01 -10"><span class='ocrx_word' id='word_1_243' title='bbox 618 3209 786 3266; x_wconf 87' lang='lat' dir='ltr'><strong>multo</strong></span> <span class='ocrx_word' id='word_1_244' title='bbox 807 3204 1036 3276; x_wconf 90' lang='lat' dir='ltr'><strong>amplius</strong></span> <span class='ocrx_word' id='word_1_245' title='bbox 1059 3217 1176 3260; x_wconf 84' lang='lat' dir='ltr'><strong>eam</strong></span> <span class='ocrx_word' id='word_1_246' title='bbox 1199 3197 1518 3272; x_wconf 82' lang='lat' dir='ltr'><strong>profundam</strong></span> <span class='ocrx_word' id='word_1_247' title='bbox 1541 3195 1687 3252; x_wconf 77' lang='lat' dir='ltr'><strong>facit.</strong></span> <span class='ocrx_word' id='word_1_248' title='bbox 1712 3195 1850 3251; x_wconf 86' lang='lat' dir='ltr'><strong>Dicit</strong></span> <span class='ocrx_word' id='word_1_249' title='bbox 1874 3195 2016 3250; x_wconf 91' lang='lat' dir='ltr'><strong>enim</strong></span> <span class='ocrx_word' id='word_1_250' title='bbox 2039 3195 2213 3264; x_wconf 86' lang='lat' dir='ltr'><strong>Apos-</strong></span> 
     </span>
    </p>
   </div>
   <div class='ocr_carea' id='block_1_33' title="bbox 620 3286 2211 3366">
    <p class='ocr_par' dir='ltr' id='par_1_33' title="bbox 620 3286 2211 3366">
     <span class='ocr_line' id='line_1_33' title="bbox 620 3286 2211 3366; baseline -0.011 -8"><span class='ocrx_word' id='word_1_251' title='bbox 620 3303 760 3358; x_wconf 87' lang='lat' dir='ltr'><strong>tolus</strong></span> <span class='ocrx_word' id='word_1_252' title='bbox 792 3317 804 3356; x_wconf 92' lang='lat'><strong>:</strong></span> <span class='ocrx_word' id='word_1_253' title='bbox 837 3297 946 3353; x_wconf 89' lang='lat' dir='ltr'><strong>Lex</strong></span> <span class='ocrx_word' id='word_1_254' title='bbox 984 3298 1116 3350; x_wconf 85' lang='lat' dir='ltr'><strong>iram</strong></span> <span class='ocrx_word' id='word_1_255' title='bbox 1169 3299 1442 3366; x_wconf 84' lang='lat' dir='ltr'><strong>operatur,</strong></span> <span class='ocrx_word' id='word_1_256' title='bbox 1475 3287 1742 3362; x_wconf 75' lang='lat' dir='ltr'><strong>huiusque</strong></span> <span class='ocrx_word' id='word_1_257' title='bbox 1787 3286 1915 3344; x_wconf 89' lang='lat' dir='ltr'><strong>dicti</strong></span> <span class='ocrx_word' id='word_1_258' title='bbox 1946 3287 2211 3342; x_wconf 88' lang='lat' dir='ltr'><strong>rationem</strong></span> 
     </span>
    </p>
   </div>
   <div class='ocr_carea' id='block_1_34' title="bbox 617 3378 2210 3461">
    <p class='ocr_par' dir='ltr' id='par_1_34' title="bbox 617 3378 2210 3461">
     <span class='ocr_line' id='line_1_34' title="bbox 617 3378 2210 3461; baseline -0.011 -12"><span class='ocrx_word' id='word_1_259' title='bbox 617 3391 849 3449; x_wconf 85' lang='lat' dir='ltr'><strong>reddens</strong></span> <span class='ocrx_word' id='word_1_260' title='bbox 878 3408 888 3441; x_wconf 92' lang='lat'><strong>:</strong></span> <span class='ocrx_word' id='word_1_261' title='bbox 925 3381 1022 3444; x_wconf 87' lang='lat' dir='ltr'><strong>Ubi</strong></span> <span class='ocrx_word' id='word_1_262' title='bbox 1047 3387 1179 3442; x_wconf 86' lang='lat' dir='ltr'><strong>enim</strong></span> <span class='ocrx_word' id='word_1_263' title='bbox 1208 3399 1310 3439; x_wconf 85' lang='lat' dir='ltr'><strong>non</strong></span> <span class='ocrx_word' id='word_1_264' title='bbox 1335 3390 1409 3438; x_wconf 85' lang='lat' dir='ltr'><strong>est</strong></span> <span class='ocrx_word' id='word_1_265' title='bbox 1445 3381 1530 3437; x_wconf 86' lang='lat' dir='ltr'><strong>lex</strong></span> <span class='ocrx_word' id='word_1_266' title='bbox 1552 3421 1566 3446; x_wconf 88' lang='lat'><strong>,</strong></span> <span class='ocrx_word' id='word_1_267' title='bbox 1611 3378 1813 3450; x_wconf 88' lang='lat' dir='ltr'><strong>inquit,</strong></span> <span class='ocrx_word' id='word_1_268' title='bbox 1844 3394 1935 3461; x_wconf 57' lang='grc' dir='ltr'><strong>ηερ</strong></span> <span class='ocrx_word' id='word_1_269' title='bbox 1960 3378 2210 3448; x_wconf 76' lang='lat' dir='ltr'><strong>prazvari-</strong></span> 
     </span>
    </p>
   </div>
   <div class='ocr_carea' id='block_1_35' title="bbox 619 3471 2212 3556">
    <p class='ocr_par' dir='ltr' id='par_1_35' title="bbox 619 3471 2212 3556">
     <span class='ocr_line' id='line_1_35' title="bbox 619 3471 2212 3556; baseline -0.01 -14"><span class='ocrx_word' id='word_1_270' title='bbox 619 3487 750 3543; x_wconf 87' lang='lat' dir='ltr'><strong>catio</strong></span> <span class='ocrx_word' id='word_1_271' title='bbox 782 3483 957 3556; x_wconf 84' lang='lat' dir='ltr'><strong>(Rom.</strong></span> <span class='ocrx_word' id='word_1_272' title='bbox 987 3496 1074 3549; x_wconf 83' lang='lat' dir='ltr'><strong>1v,</strong></span> <span class='ocrx_word' id='word_1_273' title='bbox 1106 3479 1239 3550; x_wconf 77' lang='lat' dir='ltr'><strong>l5);</strong></span> <span class='ocrx_word' id='word_1_274' title='bbox 1282 3477 1356 3533; x_wconf 90' lang='lat' dir='ltr'><strong>ita</strong></span> <span class='ocrx_word' id='word_1_275' title='bbox 1393 3471 1682 3531; x_wconf 85' lang='lat' dir='ltr'><strong>ostendens</strong></span> <span class='ocrx_word' id='word_1_276' title='bbox 1709 3487 1820 3528; x_wconf 85' lang='lat' dir='ltr'><strong>non</strong></span> <span class='ocrx_word' id='word_1_277' title='bbox 1863 3486 2050 3527; x_wconf 87' lang='lat' dir='ltr'><strong>omnes</strong></span> <span class='ocrx_word' id='word_1_278' title='bbox 2090 3484 2212 3532; x_wconf 88' lang='lat' dir='ltr'><strong>esse</strong></span> 
     </span>
    </p>
   </div>
   <div class='ocr_carea' id='block_1_36' title="bbox 618 3562 2213 3650">
    <p class='ocr_par' dir='ltr' id='par_1_36' title="bbox 618 3562 2213 3650">
     <span class='ocr_line' id='line_1_36' title="bbox 618 3562 2213 3650; baseline -0.011 -15"><span class='ocrx_word' id='word_1_279' title='bbox 618 3575 1084 3650; x_wconf 71' lang='lat' dir='ltr'><strong>praevaricatores.</strong></span> <span class='ocrx_word' id='word_1_280' title='bbox 1116 3569 1236 3625; x_wconf 90' lang='lat' dir='ltr'><strong>Non</strong></span> <span class='ocrx_word' id='word_1_281' title='bbox 1264 3567 1406 3624; x_wconf 92' lang='lat' dir='ltr'><strong>enim</strong></span> <span class='ocrx_word' id='word_1_282' title='bbox 1429 3579 1618 3622; x_wconf 91' lang='lat' dir='ltr'><strong>omnes</strong></span> <span class='ocrx_word' id='word_1_283' title='bbox 1646 3563 1844 3620; x_wconf 86' lang='lat' dir='ltr'><strong>habent</strong></span> <span class='ocrx_word' id='word_1_284' title='bbox 1870 3562 2064 3635; x_wconf 83' lang='lat' dir='ltr'><strong>legem.</strong></span> <span class='ocrx_word' id='word_1_285' title='bbox 2093 3562 2213 3623; x_wconf 83' lang='lat' dir='ltr'><strong>Non</strong></span> 
     </span>
    </p>
   </div>
   <div class='ocr_carea' id='block_1_37' title="bbox 617 3653 2208 3730">
    <p class='ocr_par' dir='ltr' id='par_1_37' title="bbox 617 3653 2208 3730">
     <span class='ocr_line' id='line_1_37' title="bbox 617 3653 2208 3730; baseline -0.011 -4"><span class='ocrx_word' id='word_1_286' title='bbox 617 3678 796 3726; x_wconf 84' lang='lat' dir='ltr'><strong>autem</strong></span> <span class='ocrx_word' id='word_1_287' title='bbox 828 3678 1015 3720; x_wconf 88' lang='lat' dir='ltr'><strong>omnes</strong></span> <span class='ocrx_word' id='word_1_288' title='bbox 1042 3661 1238 3718; x_wconf 90' lang='lat' dir='ltr'><strong>habere</strong></span> <span class='ocrx_word' id='word_1_289' title='bbox 1267 3659 1440 3730; x_wconf 80' lang='lat' dir='ltr'><strong>legem</strong></span> <span class='ocrx_word' id='word_1_290' title='bbox 1460 3698 1477 3725; x_wconf 93' lang='lat'><strong>,</strong></span> <span class='ocrx_word' id='word_1_291' title='bbox 1503 3656 1608 3712; x_wconf 89' lang='lat' dir='ltr'><strong>alio</strong></span> <span class='ocrx_word' id='word_1_292' title='bbox 1639 3656 1758 3711; x_wconf 90' lang='lat' dir='ltr'><strong>loco</strong></span> <span class='ocrx_word' id='word_1_293' title='bbox 1783 3653 2080 3710; x_wconf 87' lang='lat' dir='ltr'><strong>evidentius</strong></span> <span class='ocrx_word' id='word_1_294' title='bbox 2100 3655 2208 3710; x_wconf 88' lang='lat' dir='ltr'><strong>ait:</strong></span> 
     </span>
    </p>
   </div>
   <div class='ocr_carea' id='block_1_38' title="bbox 621 3743 2209 3830">
    <p class='ocr_par' dir='ltr' id='par_1_38' title="bbox 621 3743 2209 3830">
     <span class='ocr_line' id='line_1_38' title="bbox 621 3743 2209 3830; baseline -0.011 -13"><span class='ocrx_word' id='word_1_295' title='bbox 621 3761 721 3829; x_wconf 86' lang='lat' dir='ltr'><strong>Qui</strong></span> <span class='ocrx_word' id='word_1_296' title='bbox 747 3761 856 3816; x_wconf 86' lang='lat' dir='ltr'><strong>sine</strong></span> <span class='ocrx_word' id='word_1_297' title='bbox 898 3756 1006 3830; x_wconf 81' lang='lat' dir='ltr'><strong>lege</strong></span> <span class='ocrx_word' id='word_1_298' title='bbox 1033 3759 1398 3828; x_wconf 83' lang='lat' dir='ltr'><strong>peccaverunt,</strong></span> <span class='ocrx_word' id='word_1_299' title='bbox 1433 3751 1542 3807; x_wconf 84' lang='lat' dir='ltr'><strong>sine</strong></span> <span class='ocrx_word' id='word_1_300' title='bbox 1571 3748 1684 3820; x_wconf 85' lang='lat' dir='ltr'><strong>lege</strong></span> <span class='ocrx_word' id='word_1_301' title='bbox 1725 3746 1958 3819; x_wconf 85' lang='lat' dir='ltr'><strong>peribunt</strong></span> <span class='ocrx_word' id='word_1_302' title='bbox 1987 3743 2098 3819; x_wconf 92' lang='lat' dir='ltr'><strong>(Id.</strong></span> <span class='ocrx_word' id='word_1_303' title='bbox 2130 3761 2172 3803; x_wconf 84' lang='grc' dir='ltr'>ιι</span> <span class='ocrx_word' id='word_1_304' title='bbox 2193 3787 2209 3813; x_wconf 90' lang='grc'><strong><em>,</em></strong></span> 
     </span>
    </p>
   </div>
   <div class='ocr_carea' id='block_1_39' title="bbox 621 3840 2214 3926">
    <p class='ocr_par' dir='ltr' id='par_1_39' title="bbox 621 3840 2214 3926">
     <span class='ocr_line' id='line_1_39' title="bbox 621 3840 2214 3926; baseline -0.011 -15"><span class='ocrx_word' id='word_1_305' title='bbox 621 3855 735 3926; x_wconf 69' lang='grc'><strong>12).</strong></span> <span class='ocrx_word' id='word_1_306' title='bbox 786 3851 925 3924; x_wconf 85' lang='lat' dir='ltr'><strong>Quid</strong></span> <span class='ocrx_word' id='word_1_307' title='bbox 971 3849 1073 3906; x_wconf 86' lang='lat' dir='ltr'><strong>sibi</strong></span> <span class='ocrx_word' id='word_1_308' title='bbox 1122 3861 1252 3920; x_wconf 82' lang='lat' dir='ltr'><strong>ergo</strong></span> <span class='ocrx_word' id='word_1_309' title='bbox 1301 3845 1458 3902; x_wconf 89' lang='lat' dir='ltr'><strong>vult:</strong></span> <span class='ocrx_word' id='word_1_310' title='bbox 1493 3841 1920 3900; x_wconf 67' lang='lat' dir='ltr'><strong>Pratvaricatores</strong></span> <span class='ocrx_word' id='word_1_311' title='bbox 1977 3840 2214 3911; x_wconf 86' lang='lat' dir='ltr'><strong>deputavi</strong></span> 
     </span>
    </p>
   </div>
   <div class='ocr_carea' id='block_1_40' title="bbox 620 3934 2215 4017">
    <p class='ocr_par' dir='ltr' id='par_1_40' title="bbox 620 3934 2215 4017">
     <span class='ocr_line' id='line_1_40' title="bbox 620 3934 2215 4017; baseline -0.009 -13"><span class='ocrx_word' id='word_1_312' title='bbox 620 3965 792 4004; x_wconf 87' lang='lat' dir='ltr'><strong>omnes</strong></span> <span class='ocrx_word' id='word_1_313' title='bbox 823 3943 1108 4017; x_wconf 82' lang='lat' dir='ltr'><strong>peccatores</strong></span> <span class='ocrx_word' id='word_1_314' title='bbox 1147 3938 1335 3996; x_wconf 67' lang='lat' dir='ltr'><strong>terra?</strong></span> <span class='ocrx_word' id='word_1_315' title='bbox 1358 3935 1464 3996; x_wconf 88' lang='lat' dir='ltr'><strong>Sed</strong></span> <span class='ocrx_word' id='word_1_316' title='bbox 1503 3935 1593 3992; x_wconf 87' lang='lat' dir='ltr'><strong>hic</strong></span> <span class='ocrx_word' id='word_1_317' title='bbox 1619 3934 1974 4007; x_wconf 68' lang='lat' dir='ltr'><strong>qumstionem</strong></span> <span class='ocrx_word' id='word_1_318' title='bbox 2017 3947 2215 4005; x_wconf 53' lang='lat' dir='ltr'><strong>prope.</strong></span> 
     </span>
    </p>
   </div>
   <div class='ocr_carea' id='block_1_41' title="bbox 623 4025 2215 4100">
    <p class='ocr_par' dir='ltr' id='par_1_41' title="bbox 623 4025 2215 4100">
     <span class='ocr_line' id='line_1_41' title="bbox 623 4025 2215 4100; baseline -0.009 -5"><span class='ocrx_word' id='word_1_319' title='bbox 623 4041 795 4095; x_wconf 87' lang='lat' dir='ltr'><strong>suisse</strong></span> <span class='ocrx_word' id='word_1_320' title='bbox 837 4033 1142 4100; x_wconf 81' lang='lat' dir='ltr'><strong>sutl‘ecerit,</strong></span> <span class='ocrx_word' id='word_1_321' title='bbox 1171 4031 1314 4098; x_wconf 87' lang='lat' dir='ltr'><strong>alio,</strong></span> <span class='ocrx_word' id='word_1_322' title='bbox 1356 4029 1402 4085; x_wconf 91' lang='lat' dir='ltr'><strong>si</strong></span> <span class='ocrx_word' id='word_1_323' title='bbox 1434 4029 1577 4085; x_wconf 88' lang='lat' dir='ltr'><strong>Deus</strong></span> <span class='ocrx_word' id='word_1_324' title='bbox 1606 4025 1916 4092; x_wconf 86' lang='lat' dir='ltr'><strong>donaverit,</strong></span> <span class='ocrx_word' id='word_1_325' title='bbox 1961 4038 2215 4081; x_wconf 86' lang='lat' dir='ltr'><strong>sermone</strong></span> 
     </span>
    </p>
   </div>
   <div class='ocr_carea' id='block_1_42' title="bbox 625 4115 2213 4196">
    <p class='ocr_par' dir='ltr' id='par_1_42' title="bbox 625 4115 2213 4196">
     <span class='ocr_line' id='line_1_42' title="bbox 625 4115 2213 4196; baseline -0.011 -9"><span class='ocrx_word' id='word_1_326' title='bbox 625 4127 953 4187; x_wconf 83' lang='lat' dir='ltr'><strong>tractandam</strong></span> <span class='ocrx_word' id='word_1_327' title='bbox 975 4168 990 4193; x_wconf 90' lang='lat'><strong>,</strong></span> <span class='ocrx_word' id='word_1_328' title='bbox 1021 4140 1090 4180; x_wconf 89' lang='lat' dir='ltr'><strong>ne</strong></span> <span class='ocrx_word' id='word_1_329' title='bbox 1118 4123 1278 4196; x_wconf 85' lang='lat' dir='ltr'><strong>hujus</strong></span> <span class='ocrx_word' id='word_1_330' title='bbox 1304 4119 1584 4193; x_wconf 83' lang='lat' dir='ltr'><strong>prolixitas</strong></span> <span class='ocrx_word' id='word_1_331' title='bbox 1607 4134 1728 4175; x_wconf 91' lang='lat' dir='ltr'><strong>eam</strong></span> <span class='ocrx_word' id='word_1_332' title='bbox 1754 4125 1910 4188; x_wconf 85' lang='lat' dir='ltr'><strong>cogat</strong></span> <span class='ocrx_word' id='word_1_333' title='bbox 1936 4115 2213 4187; x_wconf 86' lang='lat' dir='ltr'><strong>angustius</strong></span> 
     </span>
    </p>
   </div>
   <div class='ocr_carea' id='block_1_43' title="bbox 623 4207 2213 4293">
    <p class='ocr_par' dir='ltr' id='par_1_43' title="bbox 623 4207 2213 4293">
     <span class='ocr_line' id='line_1_43' title="bbox 623 4207 2213 4293; baseline -0.011 -13"><span class='ocrx_word' id='word_1_334' title='bbox 623 4221 877 4293; x_wconf 69' lang='lat' dir='ltr'><strong>explicari</strong></span> <span class='ocrx_word' id='word_1_335' title='bbox 899 4262 916 4290; x_wconf 94' lang='lat'><strong>,</strong></span> <span class='ocrx_word' id='word_1_336' title='bbox 947 4232 1105 4291; x_wconf 88' lang='lat' dir='ltr'><strong>quam</strong></span> <span class='ocrx_word' id='word_1_337' title='bbox 1135 4225 1194 4273; x_wconf 87' lang='lat' dir='ltr'><strong>ut</strong></span> <span class='ocrx_word' id='word_1_338' title='bbox 1237 4214 1374 4271; x_wconf 88' lang='lat' dir='ltr'><strong>bene</strong></span> <span class='ocrx_word' id='word_1_339' title='bbox 1412 4213 1580 4284; x_wconf 87' lang='lat' dir='ltr'><strong>possit</strong></span> <span class='ocrx_word' id='word_1_340' title='bbox 1613 4210 1756 4282; x_wconf 90' lang='lat' dir='ltr'><strong>quod</strong></span> <span class='ocrx_word' id='word_1_341' title='bbox 1793 4207 2087 4283; x_wconf 82' lang='lat' dir='ltr'><strong>explicatur</strong></span> <span class='ocrx_word' id='word_1_342' title='bbox 2125 4207 2213 4278; x_wconf 84' lang='lat' dir='ltr'><strong>in-</strong></span> 
     </span>
    </p>
   </div>
   <div class='ocr_carea' id='block_1_44' title="bbox 622 4319 809 4389">
    <p class='ocr_par' dir='ltr' id='par_1_44' title="bbox 622 4319 809 4389">
     <span class='ocr_line' id='line_1_44' title="bbox 622 4319 809 4389; baseline -0.016 -13"><span class='ocrx_word' id='word_1_343' title='bbox 622 4319 809 4389; x_wconf 76' lang='lat' dir='ltr'><strong>telligi.</strong></span> 
     </span>
    </p>
   </div>
   <div class='ocr_carea' id='block_1_45' title="bbox 1247 4398 1586 4440">
    <p class='ocr_par' dir='ltr' id='par_1_45' title="bbox 1247 4398 1586 4440">
     <span class='ocr_line' id='line_1_45' title="bbox 1247 4398 1586 4440; baseline -0.012 0"><span class='ocrx_word' id='word_1_344' title='bbox 1247 4398 1420 4440; x_wconf 70' lang='grc' dir='ltr'><strong>δῖ’]ιὶΗο</strong></span> <span class='ocrx_word' id='word_1_345' title='bbox 1457 4399 1586 4440; x_wconf 71' lang='lat' dir='ltr'><strong>XXV.</strong></span> 
     </span>
    </p>
   </div>
   <div class='ocr_carea' id='block_1_46' title="bbox 913 4473 1930 4547">
    <p class='ocr_par' dir='ltr' id='par_1_46' title="bbox 913 4473 1930 4547">
     <span class='ocr_line' id='line_1_46' title="bbox 913 4473 1930 4547; baseline -0.008 -13"><span class='ocrx_word' id='word_1_346' title='bbox 913 4477 1147 4534; x_wconf 82' lang='lat' dir='ltr'><strong>Psalmus</strong></span> <span class='ocrx_word' id='word_1_347' title='bbox 1172 4493 1286 4532; x_wconf 88' lang='lat' dir='ltr'><strong>cum</strong></span> <span class='ocrx_word' id='word_1_348' title='bbox 1305 4475 1545 4547; x_wconf 79' lang='lat' dir='ltr'><strong>Apostolo</strong></span> <span class='ocrx_word' id='word_1_349' title='bbox 1566 4473 1930 4532; x_wconf 87' lang='lat' dir='ltr'><strong>conciliandus.</strong></span> 
     </span>
    </p>
   </div>
   <div class='ocr_carea' id='block_1_47' title="bbox 693 4586 2217 4670">
    <p class='ocr_par' dir='ltr' id='par_1_47' title="bbox 693 4586 2217 4670">
     <span class='ocr_line' id='line_1_47' title="bbox 693 4586 2217 4670; baseline -0.005 -18"><span class='ocrx_word' id='word_1_350' title='bbox 693 4599 750 4653; x_wconf 59' lang='lat' dir='ltr'><strong>.l.</strong></span> <span class='ocrx_word' id='word_1_351' title='bbox 781 4593 933 4670; x_wconf 74' lang='lat' dir='ltr'><strong>(vers.</strong></span> <span class='ocrx_word' id='word_1_352' title='bbox 965 4590 1117 4666; x_wconf 44' lang='lat' dir='ltr'><strong>.‘ll9.]</strong></span> <span class='ocrx_word' id='word_1_353' title='bbox 1154 4589 1491 4659; x_wconf 64' lang='lat' dir='ltr'><strong>Quaerimus,</strong></span> <span class='ocrx_word' id='word_1_354' title='bbox 1529 4589 1575 4643; x_wconf 89' lang='lat' dir='ltr'><strong>si</strong></span> <span class='ocrx_word' id='word_1_355' title='bbox 1615 4587 1727 4644; x_wconf 90' lang='lat' dir='ltr'><strong>Deo</strong></span> <span class='ocrx_word' id='word_1_356' title='bbox 1762 4587 2023 4658; x_wconf 84' lang='lat' dir='ltr'><strong>largiente</strong></span> <span class='ocrx_word' id='word_1_357' title='bbox 2062 4586 2217 4644; x_wconf 86' lang='lat' dir='ltr'><strong>inve-</strong></span> 
     </span>
    </p>
   </div>
   <div class='ocr_carea' id='block_1_48' title="bbox 624 4677 2215 4760">
    <p class='ocr_par' dir='ltr' id='par_1_48' title="bbox 624 4677 2215 4760">
     <span class='ocr_line' id='line_1_48' title="bbox 624 4677 2215 4760; baseline -0.01 -10"><span class='ocrx_word' id='word_1_358' title='bbox 624 4692 744 4750; x_wconf 86' lang='lat' dir='ltr'><strong>nire</strong></span> <span class='ocrx_word' id='word_1_359' title='bbox 785 4700 1093 4760; x_wconf 87' lang='lat' dir='ltr'><strong>possumus,</strong></span> <span class='ocrx_word' id='word_1_360' title='bbox 1117 4681 1390 4754; x_wconf 89' lang='lat' dir='ltr'><strong>quomodo</strong></span> <span class='ocrx_word' id='word_1_361' title='bbox 1428 4679 1830 4752; x_wconf 84' lang='lat' dir='ltr'><strong>intelligendum</strong></span> <span class='ocrx_word' id='word_1_362' title='bbox 1877 4679 1948 4735; x_wconf 91' lang='lat' dir='ltr'><strong>sit</strong></span> <span class='ocrx_word' id='word_1_363' title='bbox 1974 4677 2118 4750; x_wconf 89' lang='lat' dir='ltr'><strong>quod</strong></span> <span class='ocrx_word' id='word_1_364' title='bbox 2161 4678 2215 4734; x_wconf 91' lang='lat' dir='ltr'><strong>in</strong></span> 
     </span>
    </p>
   </div>
   <div class='ocr_carea' id='block_1_49' title="bbox 628 4772 2217 4856">
    <p class='ocr_par' dir='ltr' id='par_1_49' title="bbox 628 4772 2217 4856">
     <span class='ocr_line' id='line_1_49' title="bbox 628 4772 2217 4856; baseline -0.009 -13"><span class='ocrx_word' id='word_1_365' title='bbox 628 4789 732 4844; x_wconf 86' lang='lat' dir='ltr'><strong>isto</strong></span> <span class='ocrx_word' id='word_1_366' title='bbox 758 4783 973 4856; x_wconf 80' lang='lat' dir='ltr'><strong>psalmo</strong></span> <span class='ocrx_word' id='word_1_367' title='bbox 1005 4793 1203 4850; x_wconf 84' lang='lat' dir='ltr'><strong>magno</strong></span> <span class='ocrx_word' id='word_1_368' title='bbox 1232 4776 1432 4832; x_wconf 88' lang='lat' dir='ltr'><strong>dictum</strong></span> <span class='ocrx_word' id='word_1_369' title='bbox 1463 4783 1548 4831; x_wconf 86' lang='lat' dir='ltr'><strong>est</strong></span> <span class='ocrx_word' id='word_1_370' title='bbox 1577 4792 1590 4829; x_wconf 91' lang='lat'><strong>:</strong></span> <span class='ocrx_word' id='word_1_371' title='bbox 1623 4773 2046 4830; x_wconf 69' lang='lat' dir='ltr'><strong>Prwvaricatores</strong></span> <span class='ocrx_word' id='word_1_372' title='bbox 2069 4815 2085 4840; x_wconf 93' lang='lat'><strong>,</strong></span> <span class='ocrx_word' id='word_1_373' title='bbox 2130 4772 2217 4830; x_wconf 86' lang='lat' dir='ltr'><strong>vel</strong></span> 
     </span>
    </p>
   </div>
   <div class='ocr_carea' id='block_1_50' title="bbox 629 4865 2216 4950">
    <p class='ocr_par' dir='ltr' id='par_1_50' title="bbox 629 4865 2216 4950">
     <span class='ocr_line' id='line_1_50' title="bbox 629 4865 2216 4950; baseline -0.01 -14"><span class='ocrx_word' id='word_1_374' title='bbox 629 4877 808 4950; x_wconf 81' lang='lat' dir='ltr'><strong>potius</strong></span> <span class='ocrx_word' id='word_1_375' title='bbox 829 4916 844 4943; x_wconf 89' lang='lat'><strong>,</strong></span> <span class='ocrx_word' id='word_1_376' title='bbox 877 4873 1266 4946; x_wconf 69' lang='lat' dir='ltr'><strong>praveriwntes</strong></span> <span class='ocrx_word' id='word_1_377' title='bbox 1283 4885 1300 4934; x_wconf 86' lang='lat'><strong>;</strong></span> <span class='ocrx_word' id='word_1_378' title='bbox 1316 4880 1522 4940; x_wconf 66' lang='lat' dir='ltr'><strong>graecus</strong></span> <span class='ocrx_word' id='word_1_379' title='bbox 1540 4867 1684 4930; x_wconf 86' lang='lat' dir='ltr'><strong>enim</strong></span> <span class='ocrx_word' id='word_1_380' title='bbox 1699 4872 2074 4938; x_wconf 75' lang='grc' dir='ltr'><strong>παραϐαίνοντας</strong></span> <span class='ocrx_word' id='word_1_381' title='bbox 2103 4865 2176 4921; x_wconf 86' lang='lat' dir='ltr'><strong>ait</strong></span> <span class='ocrx_word' id='word_1_382' title='bbox 2198 4907 2216 4933; x_wconf 94' lang='lat'><strong>,</strong></span> 
     </span>
    </p>
   </div>
   <div class='ocr_carea' id='block_1_51' title="bbox 625 4958 2219 5040">
    <p class='ocr_par' dir='ltr' id='par_1_51' title="bbox 625 4958 2219 5040">
     <span class='ocr_line' id='line_1_51' title="bbox 625 4958 2219 5040; baseline -0.008 -13"><span class='ocrx_word' id='word_1_383' title='bbox 625 4985 740 5027; x_wconf 80' lang='lat' dir='ltr'><strong>non</strong></span> <span class='ocrx_word' id='word_1_384' title='bbox 797 4972 1079 5040; x_wconf 66' lang='grc' dir='ltr'><strong>παραϐάτας</strong></span> <span class='ocrx_word' id='word_1_385' title='bbox 1108 4982 1120 5018; x_wconf 92' lang='lat'><strong>:</strong></span> <span class='ocrx_word' id='word_1_386' title='bbox 1147 4960 1437 5034; x_wconf 79' lang='lat' dir='ltr'><strong>quaerimus</strong></span> <span class='ocrx_word' id='word_1_387' title='bbox 1467 4973 1596 5029; x_wconf 83' lang='lat' dir='ltr'><strong>ergo</strong></span> <span class='ocrx_word' id='word_1_388' title='bbox 1625 4958 1894 5029; x_wconf 83' lang='lat' dir='ltr'><strong>quomodo</strong></span> <span class='ocrx_word' id='word_1_389' title='bbox 1916 4958 2219 5028; x_wconf 85' lang='lat' dir='ltr'><strong>intelligen-</strong></span> 
     </span>
    </p>
   </div>
   <div class='ocr_carea' id='block_1_52' title="bbox 629 5052 2219 5128">
    <p class='ocr_par' dir='ltr' id='par_1_52' title="bbox 629 5052 2219 5128">
     <span class='ocr_line' id='line_1_52' title="bbox 629 5052 2219 5128; baseline -0.012 -7"><span class='ocrx_word' id='word_1_390' title='bbox 629 5065 758 5121; x_wconf 85' lang='lat' dir='ltr'><strong>dum</strong></span> <span class='ocrx_word' id='word_1_391' title='bbox 783 5063 882 5128; x_wconf 83' lang='lat' dir='ltr'><strong>sit,</strong></span> <span class='ocrx_word' id='word_1_392' title='bbox 911 5057 1317 5116; x_wconf 71' lang='lat' dir='ltr'><strong>Pravaricantes</strong></span> <span class='ocrx_word' id='word_1_393' title='bbox 1333 5052 1573 5124; x_wconf 73' lang='lat' dir='ltr'><strong>deputavi</strong></span> <span class='ocrx_word' id='word_1_394' title='bbox 1592 5066 1764 5106; x_wconf 81' lang='lat' dir='ltr'><strong>omnes</strong></span> <span class='ocrx_word' id='word_1_395' title='bbox 1792 5059 2076 5121; x_wconf 82' lang='lat' dir='ltr'><strong>peccatores</strong></span> <span class='ocrx_word' id='word_1_396' title='bbox 2114 5059 2219 5104; x_wconf 80' lang='lat' dir='ltr'><strong>ter-</strong></span> 
     </span>
    </p>
   </div>
   <div class='ocr_carea' id='block_1_53' title="bbox 631 5141 2217 5223">
    <p class='ocr_par' dir='ltr' id='par_1_53' title="bbox 631 5141 2217 5223">
     <span class='ocr_line' id='line_1_53' title="bbox 631 5141 2217 5223; baseline -0.009 -13"><span class='ocrx_word' id='word_1_397' title='bbox 631 5171 704 5210; x_wconf 81' lang='lat' dir='ltr'><strong>ra:</strong></span> <span class='ocrx_word' id='word_1_398' title='bbox 721 5172 739 5220; x_wconf 88' lang='lat'><strong>;</strong></span> <span class='ocrx_word' id='word_1_399' title='bbox 759 5161 974 5223; x_wconf 86' lang='lat' dir='ltr'><strong>propter</strong></span> <span class='ocrx_word' id='word_1_400' title='bbox 1000 5148 1143 5222; x_wconf 80' lang='lat' dir='ltr'><strong>quod</strong></span> <span class='ocrx_word' id='word_1_401' title='bbox 1171 5149 1246 5204; x_wconf 87' lang='lat' dir='ltr'><strong>ait</strong></span> <span class='ocrx_word' id='word_1_402' title='bbox 1267 5145 1592 5218; x_wconf 80' lang='lat' dir='ltr'><strong>Apostolus:</strong></span> <span class='ocrx_word' id='word_1_403' title='bbox 1621 5141 1721 5199; x_wconf 89' lang='lat' dir='ltr'><strong>Ubi</strong></span> <span class='ocrx_word' id='word_1_404' title='bbox 1746 5144 1879 5198; x_wconf 88' lang='lat' dir='ltr'><strong>enim</strong></span> <span class='ocrx_word' id='word_1_405' title='bbox 1899 5142 1980 5196; x_wconf 86' lang='lat' dir='ltr'><strong>lex</strong></span> <span class='ocrx_word' id='word_1_406' title='bbox 2002 5157 2104 5196; x_wconf 88' lang='lat' dir='ltr'><strong>non</strong></span> <span class='ocrx_word' id='word_1_407' title='bbox 2123 5149 2217 5210; x_wconf 80' lang='lat' dir='ltr'><strong>est,</strong></span> 
     </span>
    </p>
   </div>
   <div class='ocr_carea' id='block_1_54' title="bbox 633 5236 2220 5315">
    <p class='ocr_par' dir='ltr' id='par_1_54' title="bbox 633 5236 2220 5315">
     <span class='ocr_line' id='line_1_54' title="bbox 633 5236 2220 5315; baseline -0.006 -14"><span class='ocrx_word' id='word_1_408' title='bbox 633 5263 723 5301; x_wconf 87' lang='lat' dir='ltr'><strong>nec</strong></span> <span class='ocrx_word' id='word_1_409' title='bbox 755 5245 1122 5315; x_wconf 74' lang='lat' dir='ltr'><strong>prwuaricalio.</strong></span> <span class='ocrx_word' id='word_1_410' title='bbox 1150 5241 1468 5303; x_wconf 84' lang='lat' dir='ltr'><strong>Hoc-autem</strong></span> <span class='ocrx_word' id='word_1_411' title='bbox 1497 5237 1669 5308; x_wconf 80' lang='lat' dir='ltr'><strong>dixit,</strong></span> <span class='ocrx_word' id='word_1_412' title='bbox 1699 5252 1821 5295; x_wconf 90' lang='lat' dir='ltr'><strong>cum</strong></span> <span class='ocrx_word' id='word_1_413' title='bbox 1847 5252 1876 5292; x_wconf 92' lang='lat' dir='ltr'><strong>a</strong></span> <span class='ocrx_word' id='word_1_414' title='bbox 1905 5236 2022 5308; x_wconf 83' lang='lat' dir='ltr'><strong>lege</strong></span> <span class='ocrx_word' id='word_1_415' title='bbox 2041 5276 2057 5304; x_wconf 92' lang='lat'><strong>,</strong></span> <span class='ocrx_word' id='word_1_416' title='bbox 2091 5252 2220 5308; x_wconf 56' lang='grc' dir='ltr'><strong>ιρι-ο-</strong></span> 
     </span>
    </p>
   </div>
   <div class='ocr_carea' id='block_1_55' title="bbox 634 5331 2221 5405">
    <p class='ocr_par' dir='ltr' id='par_1_55' title="bbox 634 5331 2221 5405">
     <span class='ocr_line' id='line_1_55' title="bbox 634 5331 2221 5405; baseline -0.004 -11"><span class='ocrx_word' id='word_1_417' title='bbox 634 5338 799 5394; x_wconf 83' lang='lat' dir='ltr'><strong>missa</strong></span> <span class='ocrx_word' id='word_1_418' title='bbox 829 5336 1207 5405; x_wconf 79' lang='lat' dir='ltr'><strong>distingueret.</strong></span> <span class='ocrx_word' id='word_1_419' title='bbox 1251 5333 1387 5393; x_wconf 86' lang='lat' dir='ltr'><strong>Nam</strong></span> <span class='ocrx_word' id='word_1_420' title='bbox 1415 5342 1489 5390; x_wconf 93' lang='lat' dir='ltr'><strong>-ut</strong></span> <span class='ocrx_word' id='word_1_421' title='bbox 1525 5332 1597 5390; x_wconf 88' lang='lat' dir='ltr'><strong>de</strong></span> <span class='ocrx_word' id='word_1_422' title='bbox 1623 5331 1993 5403; x_wconf 80' lang='lat' dir='ltr'><strong>superioribus</strong></span> <span class='ocrx_word' id='word_1_423' title='bbox 2030 5345 2221 5387; x_wconf 86' lang='lat' dir='ltr'><strong>sensus</strong></span> 
     </span>
    </p>
   </div>
   <div class='ocr_carea' id='block_1_56' title="bbox 635 5423 2221 5503">
    <p class='ocr_par' dir='ltr' id='par_1_56' title="bbox 635 5423 2221 5503">
     <span class='ocr_line' id='line_1_56' title="bbox 635 5423 2221 5503; baseline -0.005 -15"><span class='ocrx_word' id='word_1_424' title='bbox 635 5431 848 5503; x_wconf 86' lang='lat' dir='ltr'><strong>plenior</strong></span> <span class='ocrx_word' id='word_1_425' title='bbox 871 5427 1152 5498; x_wconf 82' lang='lat' dir='ltr'><strong>colligatur</strong></span> <span class='ocrx_word' id='word_1_426' title='bbox 1179 5426 1351 5484; x_wconf 79' lang='lat' dir='ltr'><strong>:Nau</strong></span> <span class='ocrx_word' id='word_1_427' title='bbox 1377 5429 1512 5488; x_wconf 85' lang='lat' dir='ltr'><strong>enim</strong></span> <span class='ocrx_word' id='word_1_428' title='bbox 1537 5443 1627 5500; x_wconf 80' lang='lat' dir='ltr'><strong>per</strong></span> <span class='ocrx_word' id='word_1_429' title='bbox 1655 5426 1842 5498; x_wconf 81' lang='lat' dir='ltr'><strong>legem,</strong></span> <span class='ocrx_word' id='word_1_430' title='bbox 1868 5423 2070 5495; x_wconf 91' lang='lat' dir='ltr'><strong>inquit,</strong></span> <span class='ocrx_word' id='word_1_431' title='bbox 2099 5440 2221 5496; x_wconf 84' lang='lat' dir='ltr'><strong>pro-</strong></span> 
     </span>
    </p>
   </div>
   <div class='ocr_carea' id='block_1_57' title="bbox 533 5505 2218 5589">
    <p class='ocr_par' dir='ltr' id='par_1_57' title="bbox 533 5505 2218 5589">
     <span class='ocr_line' id='line_1_57' title="bbox 533 5505 2218 5589; baseline -0.007 -8"><span class='ocrx_word' id='word_1_432' title='bbox 533 5558 536 5560; x_wconf 93' lang='lat'><strong>-</strong></span> <span class='ocrx_word' id='word_1_433' title='bbox 635 5505 814 5580; x_wconf 75' lang='lat' dir='ltr'><strong>missio</strong></span> <span class='ocrx_word' id='word_1_434' title='bbox 834 5519 1053 5576; x_wconf 77' lang='lat' dir='ltr'><strong>Abralue</strong></span> <span class='ocrx_word' id='word_1_435' title='bbox 1075 5528 1162 5574; x_wconf 85' lang='lat' dir='ltr'><strong>aut</strong></span> <span class='ocrx_word' id='word_1_436' title='bbox 1188 5520 1366 5576; x_wconf 77' lang='lat' dir='ltr'><strong>semini</strong></span> <span class='ocrx_word' id='word_1_437' title='bbox 1395 5521 1505 5589; x_wconf 80' lang='lat' dir='ltr'><strong>eius</strong></span> <span class='ocrx_word' id='word_1_438' title='bbox 1524 5562 1538 5584; x_wconf 89' lang='lat'><strong>,</strong></span> <span class='ocrx_word' id='word_1_439' title='bbox 1579 5528 1633 5576; x_wconf 77' lang='lat' dir='ltr'><strong>ut</strong></span> <span class='ocrx_word' id='word_1_440' title='bbox 1664 5519 1821 5575; x_wconf 67' lang='lat' dir='ltr'><strong>lateres</strong></span> <span class='ocrx_word' id='word_1_441' title='bbox 1849 5525 1974 5574; x_wconf 84' lang='lat' dir='ltr'><strong>esset</strong></span> <span class='ocrx_word' id='word_1_442' title='bbox 2008 5516 2218 5584; x_wconf 83' lang='lat' dir='ltr'><strong>mundi,</strong></span> 
     </span>
    </p>
   </div>
   <div class='ocr_carea' id='block_1_58' title="bbox 636 5608 2221 5688">
    <p class='ocr_par' dir='ltr' id='par_1_58' title="bbox 636 5608 2221 5688">
     <span class='ocr_line' id='line_1_58' title="bbox 636 5608 2221 5688; baseline -0.006 -14"><span class='ocrx_word' id='word_1_443' title='bbox 636 5619 726 5674; x_wconf 81' lang='lat' dir='ltr'><strong>sed</strong></span> <span class='ocrx_word' id='word_1_444' title='bbox 755 5631 846 5688; x_wconf 84' lang='lat' dir='ltr'><strong>per</strong></span> <span class='ocrx_word' id='word_1_445' title='bbox 872 5613 1121 5686; x_wconf 81' lang='lat' dir='ltr'><strong>iustitiam</strong></span> <span class='ocrx_word' id='word_1_446' title='bbox 1148 5612 1290 5683; x_wconf 80' lang='lat' dir='ltr'><strong>ﬁdei.</strong></span> <span class='ocrx_word' id='word_1_447' title='bbox 1319 5612 1382 5668; x_wconf 86' lang='lat' dir='ltr'><strong>Si</strong></span> <span class='ocrx_word' id='word_1_448' title='bbox 1411 5612 1544 5667; x_wconf 89' lang='lat' dir='ltr'><strong>enim</strong></span> <span class='ocrx_word' id='word_1_449' title='bbox 1564 5612 1650 5682; x_wconf 86' lang='lat' dir='ltr'><strong>qui</strong></span> <span class='ocrx_word' id='word_1_450' title='bbox 1680 5627 1767 5683; x_wconf 87' lang='lat' dir='ltr'><strong>per</strong></span> <span class='ocrx_word' id='word_1_451' title='bbox 1811 5609 1968 5681; x_wconf 83' lang='lat' dir='ltr'><strong>legem</strong></span> <span class='ocrx_word' id='word_1_452' title='bbox 1995 5608 2221 5665; x_wconf 82' lang='lat' dir='ltr'><strong>lueredes</strong></span> 
     </span>
    </p>
   </div>
   <div class='ocr_carea' id='block_1_59' title="bbox 635 5698 2225 5776">
    <p class='ocr_par' dir='ltr' id='par_1_59' title="bbox 635 5698 2225 5776">
     <span class='ocr_line' id='line_1_59' title="bbox 635 5698 2225 5776; baseline -0.007 -9"><span class='ocrx_word' id='word_1_453' title='bbox 635 5721 786 5776; x_wconf 74' lang='lat' dir='ltr'><strong>sunt;</strong></span> <span class='ocrx_word' id='word_1_454' title='bbox 818 5707 1076 5766; x_wconf 85' lang='lat' dir='ltr'><strong>exinanita</strong></span> <span class='ocrx_word' id='word_1_455' title='bbox 1105 5716 1176 5762; x_wconf 84' lang='lat' dir='ltr'><strong>est</strong></span> <span class='ocrx_word' id='word_1_456' title='bbox 1205 5698 1331 5774; x_wconf 80' lang='lat' dir='ltr'><strong>ﬁdes</strong></span> <span class='ocrx_word' id='word_1_457' title='bbox 1348 5747 1362 5773; x_wconf 92' lang='lat'><strong>,</strong></span> <span class='ocrx_word' id='word_1_458' title='bbox 1391 5715 1435 5761; x_wconf 90' lang='lat' dir='ltr'><strong>et</strong></span> <span class='ocrx_word' id='word_1_459' title='bbox 1465 5713 1702 5759; x_wconf 74' lang='lat' dir='ltr'><strong>evacuate</strong></span> <span class='ocrx_word' id='word_1_460' title='bbox 1722 5712 1794 5760; x_wconf 83' lang='lat' dir='ltr'><strong>est</strong></span> <span class='ocrx_word' id='word_1_461' title='bbox 1812 5703 2082 5775; x_wconf 74' lang='lat' dir='ltr'><strong>promissio</strong></span> <span class='ocrx_word' id='word_1_462' title='bbox 2105 5703 2225 5757; x_wconf 88' lang='lat' dir='ltr'><strong>:lex</strong></span> 
     </span>
    </p>
   </div>
   <div class='ocr_carea' id='block_1_60' title="bbox 636 5795 2222 5875">
    <p class='ocr_par' dir='ltr' id='par_1_60' title="bbox 636 5795 2222 5875">
     <span class='ocr_line' id='line_1_60' title="bbox 636 5795 2222 5875; baseline -0.005 -16"><span class='ocrx_word' id='word_1_463' title='bbox 636 5803 772 5859; x_wconf 85' lang='lat' dir='ltr'><strong>enim</strong></span> <span class='ocrx_word' id='word_1_464' title='bbox 795 5802 927 5857; x_wconf 88' lang='lat' dir='ltr'><strong>iram</strong></span> <span class='ocrx_word' id='word_1_465' title='bbox 946 5809 1208 5875; x_wconf 73' lang='lat' dir='ltr'><strong>operatur;</strong></span> <span class='ocrx_word' id='word_1_466' title='bbox 1237 5799 1320 5858; x_wconf 89' lang='lat' dir='ltr'><strong>ubi</strong></span> <span class='ocrx_word' id='word_1_467' title='bbox 1345 5798 1478 5855; x_wconf 86' lang='lat' dir='ltr'><strong>enim</strong></span> <span class='ocrx_word' id='word_1_468' title='bbox 1503 5813 1603 5856; x_wconf 81' lang='lat' dir='ltr'><strong>non</strong></span> <span class='ocrx_word' id='word_1_469' title='bbox 1634 5806 1708 5852; x_wconf 78' lang='lat' dir='ltr'><strong>est</strong></span> <span class='ocrx_word' id='word_1_470' title='bbox 1731 5796 1847 5867; x_wconf 81' lang='lat' dir='ltr'><strong>lex,</strong></span> <span class='ocrx_word' id='word_1_471' title='bbox 1876 5811 1964 5853; x_wconf 78' lang='lat' dir='ltr'><strong>nec</strong></span> <span class='ocrx_word' id='word_1_472' title='bbox 1982 5795 2222 5867; x_wconf 76' lang='lat' dir='ltr'><strong>prtevari-</strong></span> 
     </span>
    </p>
   </div>
   <div class='ocr_carea' id='block_1_61' title="bbox 1878 310 2692 372">
    <p class='ocr_par' dir='ltr' id='par_1_61' title="bbox 1878 310 2692 372">
     <span class='ocr_line' id='line_1_61' title="bbox 1878 310 2692 372; baseline -0.005 0"><span class='ocrx_word' id='word_1_473' title='bbox 1878 315 1936 372; x_wconf 92' lang='lat' dir='ltr'><strong>S.</strong></span> <span class='ocrx_word' id='word_1_474' title='bbox 1975 310 2348 371; x_wconf 83' lang='lat' dir='ltr'><strong>AUGUSTINI</strong></span> <span class='ocrx_word' id='word_1_475' title='bbox 2389 310 2692 370; x_wconf 74' lang='lat' dir='ltr'><strong>EPISCOP!</strong></span> 
     </span>
    </p>
   </div>
   <div class='ocr_carea' id='block_1_62' title="bbox 3754 327 3867 385">
    <p class='ocr_par' dir='ltr' id='par_1_62' title="bbox 3754 327 3867 385">
     <span class='ocr_line' id='line_1_62' title="bbox 3754 327 3867 385; baseline 0.027 -3"><span class='ocrx_word' id='word_1_476' title='bbox 3754 327 3867 385; x_wconf 68' lang='lat' dir='ltr'><strong>liii!</strong></span> 
     </span>
    </p>
   </div>
   <div class='ocr_carea' id='block_1_63' title="bbox 2332 430 3865 516">
    <p class='ocr_par' dir='ltr' id='par_1_63' title="bbox 2332 430 3865 516">
     <span class='ocr_line' id='line_1_63' title="bbox 2332 430 3865 516; baseline 0.011 -32"><span class='ocrx_word' id='word_1_477' title='bbox 2332 431 2483 485; x_wconf 83' lang='lat' dir='ltr'><strong>cutio.</strong></span> <span class='ocrx_word' id='word_1_478' title='bbox 2509 430 2634 486; x_wconf 85' lang='lat' dir='ltr'><strong>Ideo</strong></span> <span class='ocrx_word' id='word_1_479' title='bbox 2663 449 2726 487; x_wconf 81' lang='lat' dir='ltr'><strong>ex</strong></span> <span class='ocrx_word' id='word_1_480' title='bbox 2748 433 2877 502; x_wconf 85' lang='lat' dir='ltr'><strong>ﬁde,</strong></span> <span class='ocrx_word' id='word_1_481' title='bbox 2905 443 2958 488; x_wconf 90' lang='lat' dir='ltr'><strong>ut</strong></span> <span class='ocrx_word' id='word_1_482' title='bbox 2980 436 3258 492; x_wconf 87' lang='lat' dir='ltr'><strong>secundum</strong></span> <span class='ocrx_word' id='word_1_483' title='bbox 3285 439 3504 510; x_wconf 85' lang='lat' dir='ltr'><strong>gratiam</strong></span> <span class='ocrx_word' id='word_1_484' title='bbox 3527 441 3664 512; x_wconf 78' lang='lat' dir='ltr'><strong>ﬁrma</strong></span> <span class='ocrx_word' id='word_1_485' title='bbox 3689 442 3744 498; x_wconf 81' lang='lat' dir='ltr'><strong>sit</strong></span> <span class='ocrx_word' id='word_1_486' title='bbox 3767 463 3865 516; x_wconf 82' lang='lat' dir='ltr'><strong>pro-</strong></span> 
     </span>
    </p>
   </div>
   <div class='ocr_carea' id='block_1_64' title="bbox 2333 523 3866 607">
    <p class='ocr_par' dir='ltr' id='par_1_64' title="bbox 2333 523 3866 607">
     <span class='ocr_line' id='line_1_64' title="bbox 2333 523 3866 607; baseline 0.008 -35"><span class='ocrx_word' id='word_1_487' title='bbox 2333 523 2505 578; x_wconf 70' lang='lat' dir='ltr'><strong>missio</strong></span> <span class='ocrx_word' id='word_1_488' title='bbox 2533 525 2670 577; x_wconf 77' lang='lat' dir='ltr'><strong>omni</strong></span> <span class='ocrx_word' id='word_1_489' title='bbox 2695 527 2877 607; x_wconf 70' lang='lat' dir='ltr'><strong>certain!</strong></span> <span class='ocrx_word' id='word_1_490' title='bbox 2892 540 2911 583; x_wconf 86' lang='lat'><strong>,&#39;</strong></span> <span class='ocrx_word' id='word_1_491' title='bbox 2949 535 3052 575; x_wconf 88' lang='lat' dir='ltr'><strong>non</strong></span> <span class='ocrx_word' id='word_1_492' title='bbox 3079 531 3124 576; x_wconf 86' lang='lat' dir='ltr'><strong>et</strong></span> <span class='ocrx_word' id='word_1_493' title='bbox 3161 532 3361 578; x_wconf 88' lang='lat' dir='ltr'><strong>tantum</strong></span> <span class='ocrx_word' id='word_1_494' title='bbox 3395 530 3529 599; x_wconf 73' lang='lat' dir='ltr'><strong>quod</strong></span> <span class='ocrx_word' id='word_1_495' title='bbox 3561 538 3620 584; x_wconf 81' lang='lat' dir='ltr'><strong>ex</strong></span> <span class='ocrx_word' id='word_1_496' title='bbox 3658 534 3750 604; x_wconf 77' lang='lat' dir='ltr'><strong>lege</strong></span> <span class='ocrx_word' id='word_1_497' title='bbox 3775 546 3866 607; x_wconf 61' lang='lat' dir='ltr'><strong>est,</strong></span> 
     </span>
    </p>
   </div>
   <div class='ocr_carea' id='block_1_65' title="bbox 2331 606 3868 692">
    <p class='ocr_par' dir='ltr' id='par_1_65' title="bbox 2331 606 3868 692">
     <span class='ocr_line' id='line_1_65' title="bbox 2331 606 3868 692; baseline 0.015 -31"><span class='ocrx_word' id='word_1_498' title='bbox 2331 608 2420 662; x_wconf 77' lang='lat' dir='ltr'><strong>sed</strong></span> <span class='ocrx_word' id='word_1_499' title='bbox 2440 616 2487 663; x_wconf 85' lang='lat' dir='ltr'><strong>et</strong></span> <span class='ocrx_word' id='word_1_500' title='bbox 2513 610 2560 663; x_wconf 90' lang='lat' dir='ltr'><strong>ei</strong></span> <span class='ocrx_word' id='word_1_501' title='bbox 2587 610 2723 681; x_wconf 85' lang='lat' dir='ltr'><strong>quod</strong></span> <span class='ocrx_word' id='word_1_502' title='bbox 2742 628 2804 666; x_wconf 90' lang='lat' dir='ltr'><strong>ex</strong></span> <span class='ocrx_word' id='word_1_503' title='bbox 2828 606 2930 682; x_wconf 81' lang='lat' dir='ltr'><strong>ﬁde</strong></span> <span class='ocrx_word' id='word_1_504' title='bbox 2950 623 3021 668; x_wconf 87' lang='lat' dir='ltr'><strong>est</strong></span> <span class='ocrx_word' id='word_1_505' title='bbox 3040 611 3319 685; x_wconf 84' lang='lat' dir='ltr'><strong>Abraham,</strong></span> <span class='ocrx_word' id='word_1_506' title='bbox 3340 619 3426 690; x_wconf 86' lang='lat' dir='ltr'><strong>qui</strong></span> <span class='ocrx_word' id='word_1_507' title='bbox 3446 630 3517 676; x_wconf 86' lang='lat' dir='ltr'><strong>est</strong></span> <span class='ocrx_word' id='word_1_508' title='bbox 3530 630 3662 692; x_wconf 87' lang='lat' dir='ltr'><strong>pater</strong></span> <span class='ocrx_word' id='word_1_509' title='bbox 3680 629 3868 684; x_wconf 85' lang='lat' dir='ltr'><strong>omnium</strong></span> 
     </span>
    </p>
   </div>
   <div class='ocr_carea' id='block_1_66' title="bbox 2329 702 3868 789">
    <p class='ocr_par' dir='ltr' id='par_1_66' title="bbox 2329 702 3868 789">
     <span class='ocr_line' id='line_1_66' title="bbox 2329 702 3868 789; baseline 0.014 -35"><span class='ocrx_word' id='word_1_510' title='bbox 2329 709 2556 755; x_wconf 88' lang='lat' dir='ltr'><strong>nostrum</strong></span> <span class='ocrx_word' id='word_1_511' title='bbox 2589 702 2766 774; x_wconf 87' lang='lat' dir='ltr'><strong>(Rom.</strong></span> <span class='ocrx_word' id='word_1_512' title='bbox 2818 720 2904 770; x_wconf 82' lang='lat' dir='ltr'><strong>Iv,</strong></span> <span class='ocrx_word' id='word_1_513' title='bbox 2956 707 3170 779; x_wconf 61' lang='lat' dir='ltr'><strong>lli-16).</strong></span> <span class='ocrx_word' id='word_1_514' title='bbox 3203 706 3312 764; x_wconf 82' lang='lat' dir='ltr'><strong>Gur</strong></span> <span class='ocrx_word' id='word_1_515' title='bbox 3347 709 3449 766; x_wconf 89' lang='lat' dir='ltr'><strong>hoc</strong></span> <span class='ocrx_word' id='word_1_516' title='bbox 3479 712 3744 784; x_wconf 83' lang='lat' dir='ltr'><strong>Apostolus</strong></span> <span class='ocrx_word' id='word_1_517' title='bbox 3782 718 3868 789; x_wconf 87' lang='lat' dir='ltr'><strong>ait,</strong></span> 
     </span>
    </p>
   </div>
   <div class='ocr_carea' id='block_1_67' title="bbox 2329 792 3867 876">
    <p class='ocr_par' dir='ltr' id='par_1_67' title="bbox 2329 792 3867 876">
     <span class='ocr_line' id='line_1_67' title="bbox 2329 792 3867 876; baseline 0.016 -30"><span class='ocrx_word' id='word_1_518' title='bbox 2329 792 2431 847; x_wconf 89' lang='lat' dir='ltr'><strong>nisi</strong></span> <span class='ocrx_word' id='word_1_519' title='bbox 2450 803 2507 848; x_wconf 92' lang='lat' dir='ltr'><strong>ut</strong></span> <span class='ocrx_word' id='word_1_520' title='bbox 2524 795 2832 853; x_wconf 89' lang='lat' dir='ltr'><strong>ostenderet</strong></span> <span class='ocrx_word' id='word_1_521' title='bbox 2854 798 3029 869; x_wconf 87' lang='lat' dir='ltr'><strong>legem</strong></span> <span class='ocrx_word' id='word_1_522' title='bbox 3050 799 3167 856; x_wconf 89' lang='lat' dir='ltr'><strong>sine</strong></span> <span class='ocrx_word' id='word_1_523' title='bbox 3209 802 3570 870; x_wconf 87' lang='lat' dir='ltr'><strong>promissionis</strong></span> <span class='ocrx_word' id='word_1_524' title='bbox 3588 807 3758 876; x_wconf 84' lang='lat' dir='ltr'><strong>gratia,</strong></span> <span class='ocrx_word' id='word_1_525' title='bbox 3779 827 3867 870; x_wconf 91' lang='lat' dir='ltr'><strong>non</strong></span> 
     </span>
    </p>
   </div>
   <div class='ocr_carea' id='block_1_68' title="bbox 2328 883 3872 965">
    <p class='ocr_par' dir='ltr' id='par_1_68' title="bbox 2328 883 3872 965">
     <span class='ocr_line' id='line_1_68' title="bbox 2328 883 3872 965; baseline 0.013 -25"><span class='ocrx_word' id='word_1_526' title='bbox 2328 884 2499 941; x_wconf 75' lang='lat' dir='ltr'><strong>s‘olum</strong></span> <span class='ocrx_word' id='word_1_527' title='bbox 2525 902 2631 942; x_wconf 91' lang='lat' dir='ltr'><strong>non</strong></span> <span class='ocrx_word' id='word_1_528' title='bbox 2660 887 2893 954; x_wconf 85' lang='lat' dir='ltr'><strong>auferre,</strong></span> <span class='ocrx_word' id='word_1_529' title='bbox 2923 899 3111 946; x_wconf 89' lang='lat' dir='ltr'><strong>verum</strong></span> <span class='ocrx_word' id='word_1_530' title='bbox 3138 898 3194 948; x_wconf 92' lang='lat' dir='ltr'><strong>et</strong></span> <span class='ocrx_word' id='word_1_531' title='bbox 3213 907 3408 964; x_wconf 88' lang='lat' dir='ltr'><strong>augere</strong></span> <span class='ocrx_word' id='word_1_532' title='bbox 3433 899 3725 965; x_wconf 80' lang='lat' dir='ltr'><strong>peccatum?</strong></span> <span class='ocrx_word' id='word_1_533' title='bbox 3743 883 3872 960; x_wconf 83' lang='lat' dir='ltr'><strong>Unde</strong></span> 
     </span>
    </p>
   </div>
   <div class='ocr_carea' id='block_1_69' title="bbox 2327 977 3868 1050">
    <p class='ocr_par' dir='ltr' id='par_1_69' title="bbox 2327 977 3868 1050">
     <span class='ocr_line' id='line_1_69' title="bbox 2327 977 3868 1050; baseline 0.012 -19"><span class='ocrx_word' id='word_1_534' title='bbox 2327 985 2383 1032; x_wconf 88' lang='lat' dir='ltr'><strong>et</strong></span> <span class='ocrx_word' id='word_1_535' title='bbox 2420 977 2548 1033; x_wconf 85' lang='lat' dir='ltr'><strong>illud</strong></span> <span class='ocrx_word' id='word_1_536' title='bbox 2583 987 2666 1034; x_wconf 87' lang='lat' dir='ltr'><strong>est</strong></span> <span class='ocrx_word' id='word_1_537' title='bbox 2695 997 2708 1034; x_wconf 89' lang='lat'><strong>:</strong></span> <span class='ocrx_word' id='word_1_538' title='bbox 2738 977 2847 1036; x_wconf 90' lang='lat' dir='ltr'><strong>Lex</strong></span> <span class='ocrx_word' id='word_1_539' title='bbox 2886 981 3216 1050; x_wconf 85' lang='lat' dir='ltr'><strong>subintravit,</strong></span> <span class='ocrx_word' id='word_1_540' title='bbox 3262 994 3318 1040; x_wconf 88' lang='lat' dir='ltr'><strong>ut</strong></span> <span class='ocrx_word' id='word_1_541' title='bbox 3345 986 3612 1041; x_wconf 79' lang='lat' dir='ltr'><strong>abundaret</strong></span> <span class='ocrx_word' id='word_1_542' title='bbox 3646 990 3868 1050; x_wconf 85' lang='lat' dir='ltr'><strong>delictum.</strong></span> 
     </span>
    </p>
   </div>
   <div class='ocr_carea' id='block_1_70' title="bbox 2329 1070 3870 1148">
    <p class='ocr_par' dir='ltr' id='par_1_70' title="bbox 2329 1070 3870 1148">
     <span class='ocr_line' id='line_1_70' title="bbox 2329 1070 3870 1148; baseline 0.01 -21"><span class='ocrx_word' id='word_1_543' title='bbox 2329 1070 2433 1127; x_wconf 91' lang='lat' dir='ltr'><strong>Sed</strong></span> <span class='ocrx_word' id='word_1_544' title='bbox 2458 1073 2582 1144; x_wconf 86' lang='lat' dir='ltr'><strong>quia</strong></span> <span class='ocrx_word' id='word_1_545' title='bbox 2611 1075 2791 1130; x_wconf 89' lang='lat' dir='ltr'><strong>omnia</strong></span> <span class='ocrx_word' id='word_1_546' title='bbox 2821 1091 2921 1146; x_wconf 90' lang='lat' dir='ltr'><strong>per</strong></span> <span class='ocrx_word' id='word_1_547' title='bbox 2947 1078 3175 1148; x_wconf 83' lang='lat' dir='ltr'><strong>gratiam</strong></span> <span class='ocrx_word' id='word_1_548' title='bbox 3202 1077 3539 1136; x_wconf 88' lang='lat' dir='ltr'><strong>dimittuntur</strong></span> <span class='ocrx_word' id='word_1_549' title='bbox 3557 1122 3570 1146; x_wconf 92' lang='lat'><strong>,</strong></span> <span class='ocrx_word' id='word_1_550' title='bbox 3602 1097 3698 1138; x_wconf 92' lang='lat' dir='ltr'><strong>non</strong></span> <span class='ocrx_word' id='word_1_551' title='bbox 3726 1085 3870 1142; x_wconf 90' lang='lat' dir='ltr'><strong>solum</strong></span> 
     </span>
    </p>
   </div>
   <div class='ocr_carea' id='block_1_71' title="bbox 2326 1168 3869 1248">
    <p class='ocr_par' dir='ltr' id='par_1_71' title="bbox 2326 1168 3869 1248">
     <span class='ocr_line' id='line_1_71' title="bbox 2326 1168 3869 1248; baseline 0.011 -27"><span class='ocrx_word' id='word_1_552' title='bbox 2326 1182 2445 1239; x_wconf 71' lang='lat' dir='ltr'><strong>qua:</strong></span> <span class='ocrx_word' id='word_1_553' title='bbox 2476 1168 2593 1224; x_wconf 85' lang='lat' dir='ltr'><strong>sine</strong></span> <span class='ocrx_word' id='word_1_554' title='bbox 2616 1169 2738 1241; x_wconf 78' lang='lat' dir='ltr'><strong>lege</strong></span> <span class='ocrx_word' id='word_1_555' title='bbox 2764 1212 2777 1237; x_wconf 92' lang='lat'><strong>,</strong></span> <span class='ocrx_word' id='word_1_556' title='bbox 2811 1186 2996 1226; x_wconf 90' lang='lat' dir='ltr'><strong>verum</strong></span> <span class='ocrx_word' id='word_1_557' title='bbox 3028 1172 3188 1228; x_wconf 90' lang='lat' dir='ltr'><strong>etiam</strong></span> <span class='ocrx_word' id='word_1_558' title='bbox 3231 1190 3349 1246; x_wconf 65' lang='lat' dir='ltr'><strong>quae</strong></span> <span class='ocrx_word' id='word_1_559' title='bbox 3375 1175 3429 1231; x_wconf 89' lang='lat' dir='ltr'><strong>in</strong></span> <span class='ocrx_word' id='word_1_560' title='bbox 3471 1176 3584 1248; x_wconf 88' lang='lat' dir='ltr'><strong>lege</strong></span> <span class='ocrx_word' id='word_1_561' title='bbox 3625 1181 3869 1239; x_wconf 87' lang='lat' dir='ltr'><strong>commissa</strong></span> 
     </span>
    </p>
   </div>
   <div class='ocr_carea' id='block_1_72' title="bbox 2332 1259 3872 1334">
    <p class='ocr_par' dir='ltr' id='par_1_72' title="bbox 2332 1259 3872 1334">
     <span class='ocr_line' id='line_1_72' title="bbox 2332 1259 3872 1334; baseline 0.009 -20"><span class='ocrx_word' id='word_1_562' title='bbox 2332 1269 2488 1324; x_wconf 89' lang='lat' dir='ltr'><strong>sunt;</strong></span> <span class='ocrx_word' id='word_1_563' title='bbox 2514 1259 2634 1316; x_wconf 90' lang='lat' dir='ltr'><strong>ideo</strong></span> <span class='ocrx_word' id='word_1_564' title='bbox 2665 1260 2737 1318; x_wconf 90' lang='lat' dir='ltr'><strong>ibi</strong></span> <span class='ocrx_word' id='word_1_565' title='bbox 2759 1272 2978 1319; x_wconf 87' lang='lat' dir='ltr'><strong>secutus</strong></span> <span class='ocrx_word' id='word_1_566' title='bbox 3006 1265 3249 1334; x_wconf 70' lang='lat' dir='ltr'><strong>adiunxit</strong></span> <span class='ocrx_word' id='word_1_567' title='bbox 3278 1286 3290 1321; x_wconf 95' lang='lat'><strong>:</strong></span> <span class='ocrx_word' id='word_1_568' title='bbox 3326 1266 3424 1322; x_wconf 90' lang='lat' dir='ltr'><strong>Ubi</strong></span> <span class='ocrx_word' id='word_1_569' title='bbox 3449 1277 3613 1324; x_wconf 84' lang='lat' dir='ltr'><strong>autem</strong></span> <span class='ocrx_word' id='word_1_570' title='bbox 3634 1270 3872 1329; x_wconf 84' lang='lat' dir='ltr'><strong>abundavit</strong></span> 
     </span>
    </p>
   </div>
   <div class='ocr_carea' id='block_1_73' title="bbox 2338 1351 3875 1436">
    <p class='ocr_par' dir='ltr' id='par_1_73' title="bbox 2338 1351 3875 1436">
     <span class='ocr_line' id='line_1_73' title="bbox 2338 1351 3875 1436; baseline 0.012 -31"><span class='ocrx_word' id='word_1_571' title='bbox 2338 1351 2575 1407; x_wconf 85' lang='lat' dir='ltr'><strong>delictum</strong></span> <span class='ocrx_word' id='word_1_572' title='bbox 2596 1395 2611 1420; x_wconf 90' lang='lat'><strong>,</strong></span> <span class='ocrx_word' id='word_1_573' title='bbox 2655 1352 3086 1426; x_wconf 84' lang='lat' dir='ltr'><strong>superabundavit</strong></span> <span class='ocrx_word' id='word_1_574' title='bbox 3131 1359 3302 1432; x_wconf 87' lang='lat' dir='ltr'><strong>gratia</strong></span> <span class='ocrx_word' id='word_1_575' title='bbox 3347 1355 3474 1432; x_wconf 82' lang='lat' dir='ltr'><strong>(Id.</strong></span> <span class='ocrx_word' id='word_1_576' title='bbox 3502 1377 3536 1415; x_wconf 92' lang='lat' dir='ltr'><strong>v</strong></span> <span class='ocrx_word' id='word_1_577' title='bbox 3558 1404 3573 1429; x_wconf 91' lang='lat'><strong>,</strong></span> <span class='ocrx_word' id='word_1_578' title='bbox 3608 1363 3731 1436; x_wconf 68' lang='lat'><strong>30).</strong></span> <span class='ocrx_word' id='word_1_579' title='bbox 3777 1364 3875 1424; x_wconf 83' lang='lat' dir='ltr'><strong>Non</strong></span> 
     </span>
    </p>
   </div>
   <div class='ocr_carea' id='block_1_74' title="bbox 2326 1441 3875 1528">
    <p class='ocr_par' dir='ltr' id='par_1_74' title="bbox 2326 1441 3875 1528">
     <span class='ocr_line' id='line_1_74' title="bbox 2326 1441 3875 1528; baseline 0.009 -30"><span class='ocrx_word' id='word_1_580' title='bbox 2326 1441 2506 1516; x_wconf 87' lang='lat' dir='ltr'><strong>itaque</strong></span> <span class='ocrx_word' id='word_1_581' title='bbox 2531 1448 2945 1516; x_wconf 74' lang='lat' dir='ltr'><strong>prmvaricantes</strong></span> <span class='ocrx_word' id='word_1_582' title='bbox 2965 1446 3187 1520; x_wconf 89' lang='lat' dir='ltr'><strong>deputat</strong></span> <span class='ocrx_word' id='word_1_583' title='bbox 3223 1465 3412 1507; x_wconf 90' lang='lat' dir='ltr'><strong>omnes</strong></span> <span class='ocrx_word' id='word_1_584' title='bbox 3434 1463 3729 1523; x_wconf 87' lang='lat' dir='ltr'><strong>peccatores</strong></span> <span class='ocrx_word' id='word_1_585' title='bbox 3757 1456 3875 1528; x_wconf 84' lang='lat' dir='ltr'><strong>Apo-</strong></span> 
     </span>
    </p>
   </div>
   <div class='ocr_carea' id='block_1_75' title="bbox 2325 1536 3876 1620">
    <p class='ocr_par' dir='ltr' id='par_1_75' title="bbox 2325 1536 3876 1620">
     <span class='ocr_line' id='line_1_75' title="bbox 2325 1536 3876 1620; baseline 0.009 -29"><span class='ocrx_word' id='word_1_586' title='bbox 2325 1536 2525 1604; x_wconf 91' lang='lat' dir='ltr'><strong>stolus,</strong></span> <span class='ocrx_word' id='word_1_587' title='bbox 2573 1536 2667 1592; x_wconf 88' lang='lat' dir='ltr'><strong>sed</strong></span> <span class='ocrx_word' id='word_1_588' title='bbox 2713 1552 2807 1593; x_wconf 89' lang='lat' dir='ltr'><strong>eos</strong></span> <span class='ocrx_word' id='word_1_589' title='bbox 2859 1547 3064 1594; x_wconf 90' lang='lat' dir='ltr'><strong>tantum</strong></span> <span class='ocrx_word' id='word_1_590' title='bbox 3096 1540 3509 1610; x_wconf 76' lang='lat' dir='ltr'><strong>praevaricantcs</strong></span> <span class='ocrx_word' id='word_1_591' title='bbox 3558 1544 3759 1617; x_wconf 86' lang='lat' dir='ltr'><strong>deputat</strong></span> <span class='ocrx_word' id='word_1_592' title='bbox 3803 1550 3876 1620; x_wconf 88' lang='lat' dir='ltr'><strong>qui</strong></span> 
     </span>
    </p>
   </div>
   <div class='ocr_carea' id='block_1_76' title="bbox 2327 1627 3874 1710">
    <p class='ocr_par' dir='ltr' id='par_1_76' title="bbox 2327 1627 3874 1710">
     <span class='ocr_line' id='line_1_76' title="bbox 2327 1627 3874 1710; baseline 0.009 -30"><span class='ocrx_word' id='word_1_593' title='bbox 2327 1627 2790 1698; x_wconf 89' lang='lat' dir='ltr'><strong>transgrediuntur</strong></span> <span class='ocrx_word' id='word_1_594' title='bbox 2811 1627 3008 1702; x_wconf 52' lang='lat' dir='ltr'><strong>1%em.</strong></span> <span class='ocrx_word' id='word_1_595' title='bbox 3051 1629 3150 1687; x_wconf 89' lang='lat' dir='ltr'><strong>Ubi</strong></span> <span class='ocrx_word' id='word_1_596' title='bbox 3172 1632 3305 1686; x_wconf 92' lang='lat' dir='ltr'><strong>enim</strong></span> <span class='ocrx_word' id='word_1_597' title='bbox 3329 1650 3433 1688; x_wconf 91' lang='lat' dir='ltr'><strong>non</strong></span> <span class='ocrx_word' id='word_1_598' title='bbox 3462 1643 3533 1689; x_wconf 86' lang='lat' dir='ltr'><strong>est</strong></span> <span class='ocrx_word' id='word_1_599' title='bbox 3564 1635 3670 1702; x_wconf 80' lang='lat' dir='ltr'><strong>lex,</strong></span> <span class='ocrx_word' id='word_1_600' title='bbox 3701 1633 3874 1710; x_wconf 89' lang='lat' dir='ltr'><strong>inquit,</strong></span> 
     </span>
    </p>
   </div>
   <div class='ocr_carea' id='block_1_77' title="bbox 2327 1721 3876 1798">
    <p class='ocr_par' dir='ltr' id='par_1_77' title="bbox 2327 1721 3876 1798">
     <span class='ocr_line' id='line_1_77' title="bbox 2327 1721 3876 1798; baseline 0.007 -26"><span class='ocrx_word' id='word_1_601' title='bbox 2327 1735 2418 1773; x_wconf 89' lang='lat' dir='ltr'><strong>nec</strong></span> <span class='ocrx_word' id='word_1_602' title='bbox 2474 1721 2843 1790; x_wconf 77' lang='lat' dir='ltr'><strong>prazvaricatio.</strong></span> <span class='ocrx_word' id='word_1_603' title='bbox 2889 1725 2968 1777; x_wconf 88' lang='lat' dir='ltr'><strong>Ac</strong></span> <span class='ocrx_word' id='word_1_604' title='bbox 3015 1737 3113 1791; x_wconf 86' lang='lat' dir='ltr'><strong>per</strong></span> <span class='ocrx_word' id='word_1_605' title='bbox 3185 1721 3288 1779; x_wconf 93' lang='lat' dir='ltr'><strong>hoc</strong></span> <span class='ocrx_word' id='word_1_606' title='bbox 3345 1725 3638 1781; x_wconf 88' lang='lat' dir='ltr'><strong>secundum</strong></span> <span class='ocrx_word' id='word_1_607' title='bbox 3684 1727 3876 1798; x_wconf 81' lang='lat' dir='ltr'><strong>Aposto-</strong></span> 
     </span>
    </p>
   </div>
   <div class='ocr_carea' id='block_1_78' title="bbox 2326 1811 3874 1892">
    <p class='ocr_par' dir='ltr' id='par_1_78' title="bbox 2326 1811 3874 1892">
     <span class='ocr_line' id='line_1_78' title="bbox 2326 1811 3874 1892; baseline 0.006 -25"><span class='ocrx_word' id='word_1_608' title='bbox 2326 1811 2466 1882; x_wconf 74' lang='lat' dir='ltr'><strong>lum,</strong></span> <span class='ocrx_word' id='word_1_609' title='bbox 2499 1813 2672 1866; x_wconf 91' lang='lat' dir='ltr'><strong>omnis</strong></span> <span class='ocrx_word' id='word_1_610' title='bbox 2694 1813 2909 1884; x_wconf 89' lang='lat' dir='ltr'><strong>quidem</strong></span> <span class='ocrx_word' id='word_1_611' title='bbox 2942 1815 3321 1883; x_wconf 67' lang='lat' dir='ltr'><strong>praevaricator</strong></span> <span class='ocrx_word' id='word_1_612' title='bbox 3349 1827 3602 1886; x_wconf 84' lang='lat' dir='ltr'><strong>peccator</strong></span> <span class='ocrx_word' id='word_1_613' title='bbox 3629 1827 3736 1888; x_wconf 86' lang='lat' dir='ltr'><strong>est,</strong></span> <span class='ocrx_word' id='word_1_614' title='bbox 3773 1821 3874 1892; x_wconf 88' lang='lat' dir='ltr'><strong>quia</strong></span> 
     </span>
    </p>
   </div>
   <div class='ocr_carea' id='block_1_79' title="bbox 2325 1903 3873 1979">
    <p class='ocr_par' dir='ltr' id='par_1_79' title="bbox 2325 1903 3873 1979">
     <span class='ocr_line' id='line_1_79' title="bbox 2325 1903 3873 1979; baseline 0.005 -20"><span class='ocrx_word' id='word_1_615' title='bbox 2325 1913 2511 1976; x_wconf 90' lang='lat' dir='ltr'><strong>peccat</strong></span> <span class='ocrx_word' id='word_1_616' title='bbox 2532 1904 2585 1959; x_wconf 92' lang='lat' dir='ltr'><strong>in</strong></span> <span class='ocrx_word' id='word_1_617' title='bbox 2614 1904 2728 1974; x_wconf 88' lang='lat' dir='ltr'><strong>lege</strong></span> <span class='ocrx_word' id='word_1_618' title='bbox 2747 1945 2762 1970; x_wconf 89' lang='lat'><strong>,</strong></span> <span class='ocrx_word' id='word_1_619' title='bbox 2789 1903 2882 1959; x_wconf 89' lang='lat' dir='ltr'><strong>sed</strong></span> <span class='ocrx_word' id='word_1_620' title='bbox 2915 1920 3022 1959; x_wconf 91' lang='lat' dir='ltr'><strong>non</strong></span> <span class='ocrx_word' id='word_1_621' title='bbox 3053 1905 3229 1960; x_wconf 90' lang='lat' dir='ltr'><strong>omnis</strong></span> <span class='ocrx_word' id='word_1_622' title='bbox 3261 1914 3512 1976; x_wconf 88' lang='lat' dir='ltr'><strong>peccator</strong></span> <span class='ocrx_word' id='word_1_623' title='bbox 3539 1912 3873 1979; x_wconf 68' lang='lat' dir='ltr'><strong>prmvaricator</strong></span> 
     </span>
    </p>
   </div>
   <div class='ocr_carea' id='block_1_80' title="bbox 2325 1995 3877 2068">
    <p class='ocr_par' dir='ltr' id='par_1_80' title="bbox 2325 1995 3877 2068">
     <span class='ocr_line' id='line_1_80' title="bbox 2325 1995 3877 2068; baseline 0.004 -17"><span class='ocrx_word' id='word_1_624' title='bbox 2325 2004 2408 2051; x_wconf 89' lang='lat' dir='ltr'><strong>est</strong></span> <span class='ocrx_word' id='word_1_625' title='bbox 2429 2036 2443 2058; x_wconf 92' lang='lat'><strong>,</strong></span> <span class='ocrx_word' id='word_1_626' title='bbox 2476 1995 2597 2067; x_wconf 87' lang='lat' dir='ltr'><strong>quia</strong></span> <span class='ocrx_word' id='word_1_627' title='bbox 2623 2004 2846 2065; x_wconf 89' lang='lat' dir='ltr'><strong>peccant</strong></span> <span class='ocrx_word' id='word_1_628' title='bbox 2871 1995 3034 2067; x_wconf 89' lang='lat' dir='ltr'><strong>aliqui</strong></span> <span class='ocrx_word' id='word_1_629' title='bbox 3067 1997 3182 2052; x_wconf 90' lang='lat' dir='ltr'><strong>sine</strong></span> <span class='ocrx_word' id='word_1_630' title='bbox 3202 1997 3362 2068; x_wconf 87' lang='lat' dir='ltr'><strong>lege;</strong></span> <span class='ocrx_word' id='word_1_631' title='bbox 3393 1997 3492 2054; x_wconf 86' lang='lat' dir='ltr'><strong>Ubi</strong></span> <span class='ocrx_word' id='word_1_632' title='bbox 3515 2008 3684 2055; x_wconf 91' lang='lat' dir='ltr'><strong>autem</strong></span> <span class='ocrx_word' id='word_1_633' title='bbox 3711 2019 3796 2056; x_wconf 88' lang='lat' dir='ltr'><strong>non</strong></span> <span class='ocrx_word' id='word_1_634' title='bbox 3819 2013 3877 2058; x_wconf 79' lang='lat' dir='ltr'><strong>est</strong></span> 
     </span>
    </p>
   </div>
   <div class='ocr_carea' id='block_1_81' title="bbox 2325 2087 3876 2164">
    <p class='ocr_par' dir='ltr' id='par_1_81' title="bbox 2325 2087 3876 2164">
     <span class='ocr_line' id='line_1_81' title="bbox 2325 2087 3876 2164; baseline 0.006 -22"><span class='ocrx_word' id='word_1_635' title='bbox 2325 2087 2428 2153; x_wconf 85' lang='lat' dir='ltr'><strong>lex,</strong></span> <span class='ocrx_word' id='word_1_636' title='bbox 2453 2104 2543 2143; x_wconf 83' lang='lat' dir='ltr'><strong>nec</strong></span> <span class='ocrx_word' id='word_1_637' title='bbox 2572 2088 2941 2158; x_wconf 75' lang='lat' dir='ltr'><strong>prazvaricatio.</strong></span> <span class='ocrx_word' id='word_1_638' title='bbox 2972 2088 3162 2155; x_wconf 87' lang='lat' dir='ltr'><strong>Porro,</strong></span> <span class='ocrx_word' id='word_1_639' title='bbox 3186 2089 3230 2144; x_wconf 90' lang='lat' dir='ltr'><strong>si</strong></span> <span class='ocrx_word' id='word_1_640' title='bbox 3259 2104 3422 2146; x_wconf 91' lang='lat' dir='ltr'><strong>nemo</strong></span> <span class='ocrx_word' id='word_1_641' title='bbox 3451 2091 3564 2148; x_wconf 89' lang='lat' dir='ltr'><strong>sine</strong></span> <span class='ocrx_word' id='word_1_642' title='bbox 3590 2091 3697 2164; x_wconf 81' lang='lat' dir='ltr'><strong>lege</strong></span> <span class='ocrx_word' id='word_1_643' title='bbox 3721 2109 3876 2164; x_wconf 85' lang='lat' dir='ltr'><strong>pecca-</strong></span> 
     </span>
    </p>
   </div>
   <div class='ocr_carea' id='block_1_82' title="bbox 2328 2181 3876 2257">
    <p class='ocr_par' dir='ltr' id='par_1_82' title="bbox 2328 2181 3876 2257">
     <span class='ocr_line' id='line_1_82' title="bbox 2328 2181 3876 2257; baseline 0.005 -22"><span class='ocrx_word' id='word_1_644' title='bbox 2328 2190 2438 2248; x_wconf 91' lang='lat' dir='ltr'><strong>ret,</strong></span> <span class='ocrx_word' id='word_1_645' title='bbox 2466 2196 2574 2236; x_wconf 89' lang='lat' dir='ltr'><strong>nou</strong></span> <span class='ocrx_word' id='word_1_646' title='bbox 2601 2181 2739 2236; x_wconf 91' lang='lat' dir='ltr'><strong>idem</strong></span> <span class='ocrx_word' id='word_1_647' title='bbox 2769 2181 2883 2252; x_wconf 92' lang='lat' dir='ltr'><strong>ipse</strong></span> <span class='ocrx_word' id='word_1_648' title='bbox 2911 2182 3186 2252; x_wconf 89' lang='lat' dir='ltr'><strong>apostolus</strong></span> <span class='ocrx_word' id='word_1_649' title='bbox 3207 2182 3448 2251; x_wconf 87' lang='lat' dir='ltr'><strong>diceret,</strong></span> <span class='ocrx_word' id='word_1_650' title='bbox 3479 2183 3770 2257; x_wconf 85' lang='lat' dir='ltr'><strong>Quicumque</strong></span> <span class='ocrx_word' id='word_1_651' title='bbox 3788 2184 3876 2242; x_wconf 79' lang='lat' dir='ltr'><strong>sine</strong></span> 
     </span>
    </p>
   </div>
   <div class='ocr_carea' id='block_1_83' title="bbox 2324 2275 3873 2348">
    <p class='ocr_par' dir='ltr' id='par_1_83' title="bbox 2324 2275 3873 2348">
     <span class='ocr_line' id='line_1_83' title="bbox 2324 2275 3873 2348; baseline 0.005 -19"><span class='ocrx_word' id='word_1_652' title='bbox 2324 2276 2434 2347; x_wconf 86' lang='lat' dir='ltr'><strong>lege</strong></span> <span class='ocrx_word' id='word_1_653' title='bbox 2463 2286 2796 2346; x_wconf 86' lang='lat' dir='ltr'><strong>peccaverunt</strong></span> <span class='ocrx_word' id='word_1_654' title='bbox 2819 2316 2837 2342; x_wconf 95' lang='lat'><strong>,</strong></span> <span class='ocrx_word' id='word_1_655' title='bbox 2869 2276 2977 2331; x_wconf 86' lang='lat' dir='ltr'><strong>sine</strong></span> <span class='ocrx_word' id='word_1_656' title='bbox 3004 2276 3112 2348; x_wconf 84' lang='lat' dir='ltr'><strong>lege</strong></span> <span class='ocrx_word' id='word_1_657' title='bbox 3141 2276 3398 2346; x_wconf 84' lang='lat' dir='ltr'><strong>peribunt.</strong></span> <span class='ocrx_word' id='word_1_658' title='bbox 3427 2275 3718 2334; x_wconf 90' lang='lat' dir='ltr'><strong>Secundum</strong></span> <span class='ocrx_word' id='word_1_659' title='bbox 3740 2281 3873 2336; x_wconf 89' lang='lat' dir='ltr'><strong>istum</strong></span> 
     </span>
    </p>
   </div>
   <div class='ocr_carea' id='block_1_84' title="bbox 2322 2367 3875 2440">
    <p class='ocr_par' dir='ltr' id='par_1_84' title="bbox 2322 2367 3875 2440">
     <span class='ocr_line' id='line_1_84' title="bbox 2322 2367 3875 2440; baseline 0.003 -17"><span class='ocrx_word' id='word_1_660' title='bbox 2322 2383 2454 2423; x_wconf 91' lang='lat' dir='ltr'><strong>vero</strong></span> <span class='ocrx_word' id='word_1_661' title='bbox 2497 2367 2760 2438; x_wconf 90' lang='lat' dir='ltr'><strong>psalmum</strong></span> <span class='ocrx_word' id='word_1_662' title='bbox 2787 2409 2802 2434; x_wconf 94' lang='lat'><strong>,</strong></span> <span class='ocrx_word' id='word_1_663' title='bbox 2833 2367 2879 2423; x_wconf 88' lang='lat' dir='ltr'><strong>si</strong></span> <span class='ocrx_word' id='word_1_664' title='bbox 2906 2367 3318 2438; x_wconf 76' lang='lat' dir='ltr'><strong>prmvaricantes</strong></span> <span class='ocrx_word' id='word_1_665' title='bbox 3359 2377 3487 2425; x_wconf 80' lang='lat' dir='ltr'><strong>sont</strong></span> <span class='ocrx_word' id='word_1_666' title='bbox 3510 2385 3689 2425; x_wconf 90' lang='lat' dir='ltr'><strong>omnes</strong></span> <span class='ocrx_word' id='word_1_667' title='bbox 3723 2385 3875 2440; x_wconf 85' lang='lat' dir='ltr'><strong>pecca-</strong></span> 
     </span>
    </p>
   </div>
   <div class='ocr_carea' id='block_1_85' title="bbox 2323 2459 3873 2531">
    <p class='ocr_par' dir='ltr' id='par_1_85' title="bbox 2323 2459 3873 2531">
     <span class='ocr_line' id='line_1_85' title="bbox 2323 2459 3873 2531; baseline 0.003 -17"><span class='ocrx_word' id='word_1_668' title='bbox 2323 2467 2469 2516; x_wconf 88' lang='lat' dir='ltr'><strong>tores</strong></span> <span class='ocrx_word' id='word_1_669' title='bbox 2495 2468 2654 2514; x_wconf 86' lang='lat' dir='ltr'><strong>terrae</strong></span> <span class='ocrx_word' id='word_1_670' title='bbox 2695 2500 2712 2527; x_wconf 91' lang='lat'><strong>,</strong></span> <span class='ocrx_word' id='word_1_671' title='bbox 2743 2459 2948 2515; x_wconf 89' lang='lat' dir='ltr'><strong>nullum</strong></span> <span class='ocrx_word' id='word_1_672' title='bbox 2978 2467 3062 2516; x_wconf 88' lang='lat' dir='ltr'><strong>est</strong></span> <span class='ocrx_word' id='word_1_673' title='bbox 3089 2460 3272 2531; x_wconf 89' lang='lat' dir='ltr'><strong>utique</strong></span> <span class='ocrx_word' id='word_1_674' title='bbox 3307 2460 3436 2515; x_wconf 89' lang='lat' dir='ltr'><strong>sine</strong></span> <span class='ocrx_word' id='word_1_675' title='bbox 3481 2462 3873 2531; x_wconf 71' lang='lat' dir='ltr'><strong>prmvaricatione</strong></span> 
     </span>
    </p>
   </div>
   <div class='ocr_carea' id='block_1_86' title="bbox 2322 2551 3873 2624">
    <p class='ocr_par' dir='ltr' id='par_1_86' title="bbox 2322 2551 3873 2624">
     <span class='ocr_line' id='line_1_86' title="bbox 2322 2551 3873 2624; baseline 0.002 -18"><span class='ocrx_word' id='word_1_676' title='bbox 2322 2561 2598 2623; x_wconf 88' lang='lat' dir='ltr'><strong>peccatum</strong></span> <span class='ocrx_word' id='word_1_677' title='bbox 2631 2570 2645 2606; x_wconf 94' lang='lat'><strong>:</strong></span> <span class='ocrx_word' id='word_1_678' title='bbox 2689 2552 2834 2608; x_wconf 91' lang='lat' dir='ltr'><strong>nulla</strong></span> <span class='ocrx_word' id='word_1_679' title='bbox 2860 2561 2944 2608; x_wconf 91' lang='lat' dir='ltr'><strong>est</strong></span> <span class='ocrx_word' id='word_1_680' title='bbox 2989 2561 3165 2608; x_wconf 88' lang='lat' dir='ltr'><strong>autem</strong></span> <span class='ocrx_word' id='word_1_681' title='bbox 3201 2552 3576 2623; x_wconf 67' lang='lat' dir='ltr'><strong>prmaricatio</strong></span> <span class='ocrx_word' id='word_1_682' title='bbox 3599 2551 3709 2608; x_wconf 86' lang='lat' dir='ltr'><strong>sine</strong></span> <span class='ocrx_word' id='word_1_683' title='bbox 3747 2553 3873 2624; x_wconf 84' lang='lat' dir='ltr'><strong>lege;</strong></span> 
     </span>
    </p>
   </div>
   <div class='ocr_carea' id='block_1_87' title="bbox 2321 2644 3874 2718">
    <p class='ocr_par' dir='ltr' id='par_1_87' title="bbox 2321 2644 3874 2718">
     <span class='ocr_line' id='line_1_87' title="bbox 2321 2644 3874 2718; baseline 0.001 -18"><span class='ocrx_word' id='word_1_684' title='bbox 2321 2645 2527 2700; x_wconf 90' lang='lat' dir='ltr'><strong>nullum</strong></span> <span class='ocrx_word' id='word_1_685' title='bbox 2555 2653 2638 2700; x_wconf 84' lang='lat' dir='ltr'><strong>est</strong></span> <span class='ocrx_word' id='word_1_686' title='bbox 2675 2644 2835 2715; x_wconf 89' lang='lat' dir='ltr'><strong>igitur</strong></span> <span class='ocrx_word' id='word_1_687' title='bbox 2858 2644 2960 2699; x_wconf 92' lang='lat' dir='ltr'><strong>nisi</strong></span> <span class='ocrx_word' id='word_1_688' title='bbox 2989 2644 3041 2698; x_wconf 93' lang='lat' dir='ltr'><strong>in</strong></span> <span class='ocrx_word' id='word_1_689' title='bbox 3073 2644 3189 2715; x_wconf 85' lang='lat' dir='ltr'><strong>lege</strong></span> <span class='ocrx_word' id='word_1_690' title='bbox 3215 2654 3521 2715; x_wconf 87' lang='lat' dir='ltr'><strong>peccatum.</strong></span> <span class='ocrx_word' id='word_1_691' title='bbox 3553 2647 3648 2714; x_wconf 86' lang='lat' dir='ltr'><strong>Qui</strong></span> <span class='ocrx_word' id='word_1_692' title='bbox 3674 2663 3785 2718; x_wconf 84' lang='lat' dir='ltr'><strong>ergo</strong></span> <span class='ocrx_word' id='word_1_693' title='bbox 3808 2645 3874 2702; x_wconf 64' lang='lat' dir='ltr'><strong>dio</strong></span> 
     </span>
    </p>
   </div>
   <div class='ocr_carea' id='block_1_88' title="bbox 2320 2735 3870 2809">
    <p class='ocr_par' dir='ltr' id='par_1_88' title="bbox 2320 2735 3870 2809">
     <span class='ocr_line' id='line_1_88' title="bbox 2320 2735 3870 2809; baseline 0.001 -17"><span class='ocrx_word' id='word_1_694' title='bbox 2320 2737 2436 2792; x_wconf 87' lang='lat' dir='ltr'><strong>cit:</strong></span> <span class='ocrx_word' id='word_1_695' title='bbox 2469 2735 2874 2794; x_wconf 83' lang='lat' dir='ltr'><strong>Prtevaricantes</strong></span> <span class='ocrx_word' id='word_1_696' title='bbox 2924 2735 3160 2808; x_wconf 85' lang='lat' dir='ltr'><strong>deputavi</strong></span> <span class='ocrx_word' id='word_1_697' title='bbox 3199 2752 3374 2791; x_wconf 88' lang='lat' dir='ltr'><strong>omnes</strong></span> <span class='ocrx_word' id='word_1_698' title='bbox 3395 2746 3674 2809; x_wconf 80' lang='lat' dir='ltr'><strong>peccatores</strong></span> <span class='ocrx_word' id='word_1_699' title='bbox 3717 2748 3870 2806; x_wconf 74' lang='lat' dir='ltr'><strong>terra,</strong></span> 
     </span>
    </p>
   </div>
   <div class='ocr_carea' id='block_1_89' title="bbox 2320 2828 3869 2901">
    <p class='ocr_par' dir='ltr' id='par_1_89' title="bbox 2320 2828 3869 2901">
     <span class='ocr_line' id='line_1_89' title="bbox 2320 2828 3869 2901; baseline -0.001 -16"><span class='ocrx_word' id='word_1_700' title='bbox 2320 2828 2500 2885; x_wconf 88' lang='lat' dir='ltr'><strong>nullos</strong></span> <span class='ocrx_word' id='word_1_701' title='bbox 2524 2843 2644 2884; x_wconf 89' lang='lat' dir='ltr'><strong>esse</strong></span> <span class='ocrx_word' id='word_1_702' title='bbox 2673 2829 2922 2894; x_wconf 89' lang='lat' dir='ltr'><strong>omnino,</strong></span> <span class='ocrx_word' id='word_1_703' title='bbox 2952 2828 3054 2884; x_wconf 88' lang='lat' dir='ltr'><strong>nisi</strong></span> <span class='ocrx_word' id='word_1_704' title='bbox 3094 2828 3183 2900; x_wconf 90' lang='lat' dir='ltr'><strong>qui</strong></span> <span class='ocrx_word' id='word_1_705' title='bbox 3212 2829 3390 2900; x_wconf 85' lang='lat' dir='ltr'><strong>legem</strong></span> <span class='ocrx_word' id='word_1_706' title='bbox 3419 2831 3718 2901; x_wconf 88' lang='lat' dir='ltr'><strong>transgressi</strong></span> <span class='ocrx_word' id='word_1_707' title='bbox 3743 2839 3869 2895; x_wconf 88' lang='lat' dir='ltr'><strong>sunt,</strong></span> 
     </span>
    </p>
   </div>
   <div class='ocr_carea' id='block_1_90' title="bbox 2319 2918 3870 2991">
    <p class='ocr_par' dir='ltr' id='par_1_90' title="bbox 2319 2918 3870 2991">
     <span class='ocr_line' id='line_1_90' title="bbox 2319 2918 3870 2991; baseline 0.001 -16"><span class='ocrx_word' id='word_1_708' title='bbox 2319 2919 2436 2975; x_wconf 89' lang='lat' dir='ltr'><strong>vult</strong></span> <span class='ocrx_word' id='word_1_709' title='bbox 2455 2919 2678 2991; x_wconf 84' lang='lat' dir='ltr'><strong>intelligi</strong></span> <span class='ocrx_word' id='word_1_710' title='bbox 2699 2929 3044 2991; x_wconf 88' lang='lat' dir='ltr'><strong>peccatores;</strong></span> <span class='ocrx_word' id='word_1_711' title='bbox 3073 2927 3128 2974; x_wconf 89' lang='lat' dir='ltr'><strong>et</strong></span> <span class='ocrx_word' id='word_1_712' title='bbox 3153 2918 3222 2974; x_wconf 92' lang='lat' dir='ltr'><strong>ob</strong></span> <span class='ocrx_word' id='word_1_713' title='bbox 3254 2919 3356 2975; x_wconf 93' lang='lat' dir='ltr'><strong>hoc</strong></span> <span class='ocrx_word' id='word_1_714' title='bbox 3381 2920 3688 2977; x_wconf 89' lang='lat' dir='ltr'><strong>adversatur</strong></span> <span class='ocrx_word' id='word_1_715' title='bbox 3709 2921 3776 2975; x_wconf 90' lang='lat' dir='ltr'><strong>illi</strong></span> <span class='ocrx_word' id='word_1_716' title='bbox 3797 2920 3870 2991; x_wconf 77' lang='lat' dir='ltr'><strong>qui</strong></span> 
     </span>
    </p>
   </div>
   <div class='ocr_carea' id='block_1_91' title="bbox 2319 3011 3871 3085">
    <p class='ocr_par' dir='ltr' id='par_1_91' title="bbox 2319 3011 3871 3085">
     <span class='ocr_line' id='line_1_91' title="bbox 2319 3011 3871 3085; baseline -0.002 -16"><span class='ocrx_word' id='word_1_717' title='bbox 2319 3013 2455 3069; x_wconf 87' lang='lat' dir='ltr'><strong>dixit</strong></span> <span class='ocrx_word' id='word_1_718' title='bbox 2482 3029 2496 3067; x_wconf 88' lang='lat'><strong>:</strong></span> <span class='ocrx_word' id='word_1_719' title='bbox 2529 3011 2843 3085; x_wconf 85' lang='lat' dir='ltr'><strong>Quicumque</strong></span> <span class='ocrx_word' id='word_1_720' title='bbox 2876 3011 2982 3067; x_wconf 87' lang='lat' dir='ltr'><strong>sine</strong></span> <span class='ocrx_word' id='word_1_721' title='bbox 3007 3012 3113 3083; x_wconf 88' lang='lat' dir='ltr'><strong>lege</strong></span> <span class='ocrx_word' id='word_1_722' title='bbox 3150 3023 3521 3082; x_wconf 86' lang='lat' dir='ltr'><strong>peccaverunt,</strong></span> <span class='ocrx_word' id='word_1_723' title='bbox 3552 3014 3654 3068; x_wconf 81' lang='lat' dir='ltr'><strong>sine</strong></span> <span class='ocrx_word' id='word_1_724' title='bbox 3675 3011 3768 3084; x_wconf 84' lang='lat' dir='ltr'><strong>lege</strong></span> <span class='ocrx_word' id='word_1_725' title='bbox 3781 3029 3871 3082; x_wconf 82' lang='lat' dir='ltr'><strong>per-</strong></span> 
     </span>
    </p>
   </div>
   <div class='ocr_carea' id='block_1_92' title="bbox 2320 3102 3867 3174">
    <p class='ocr_par' dir='ltr' id='par_1_92' title="bbox 2320 3102 3867 3174">
     <span class='ocr_line' id='line_1_92' title="bbox 2320 3102 3867 3174; baseline -0.002 -15"><span class='ocrx_word' id='word_1_726' title='bbox 2320 3104 2485 3159; x_wconf 89' lang='lat' dir='ltr'><strong>ibunt.</strong></span> <span class='ocrx_word' id='word_1_727' title='bbox 2511 3102 2816 3159; x_wconf 89' lang='lat' dir='ltr'><strong>Secundum</strong></span> <span class='ocrx_word' id='word_1_728' title='bbox 2846 3102 2992 3158; x_wconf 89' lang='lat' dir='ltr'><strong>illum</strong></span> <span class='ocrx_word' id='word_1_729' title='bbox 3023 3102 3220 3173; x_wconf 83' lang='lat' dir='ltr'><strong>quippe</strong></span> <span class='ocrx_word' id='word_1_730' title='bbox 3245 3112 3369 3156; x_wconf 86' lang='lat' dir='ltr'><strong>sunt</strong></span> <span class='ocrx_word' id='word_1_731' title='bbox 3392 3103 3556 3174; x_wconf 88' lang='lat' dir='ltr'><strong>aliqui</strong></span> <span class='ocrx_word' id='word_1_732' title='bbox 3583 3112 3867 3174; x_wconf 87' lang='lat' dir='ltr'><strong>peccatores,</strong></span> 
     </span>
    </p>
   </div>
   <div class='ocr_carea' id='block_1_93' title="bbox 2320 3193 3870 3267">
    <p class='ocr_par' dir='ltr' id='par_1_93' title="bbox 2320 3193 3870 3267">
     <span class='ocr_line' id='line_1_93' title="bbox 2320 3193 3870 3267; baseline -0.001 -17"><span class='ocrx_word' id='word_1_733' title='bbox 2320 3193 2562 3267; x_wconf 90' lang='lat' dir='ltr'><strong>quamvis</strong></span> <span class='ocrx_word' id='word_1_734' title='bbox 2583 3209 2688 3250; x_wconf 91' lang='lat' dir='ltr'><strong>non</strong></span> <span class='ocrx_word' id='word_1_735' title='bbox 2716 3194 2823 3248; x_wconf 89' lang='lat' dir='ltr'><strong>sint</strong></span> <span class='ocrx_word' id='word_1_736' title='bbox 2846 3194 3259 3263; x_wconf 72' lang='lat' dir='ltr'><strong>prmvaricantes</strong></span> <span class='ocrx_word' id='word_1_737' title='bbox 3282 3235 3298 3260; x_wconf 93' lang='lat'><strong>,</strong></span> <span class='ocrx_word' id='word_1_738' title='bbox 3333 3193 3393 3250; x_wconf 89' lang='lat' dir='ltr'><strong>id</strong></span> <span class='ocrx_word' id='word_1_739' title='bbox 3420 3205 3533 3262; x_wconf 90' lang='lat' dir='ltr'><strong>est,</strong></span> <span class='ocrx_word' id='word_1_740' title='bbox 3561 3196 3647 3267; x_wconf 92' lang='lat' dir='ltr'><strong>qui</strong></span> <span class='ocrx_word' id='word_1_741' title='bbox 3673 3195 3766 3251; x_wconf 85' lang='lat' dir='ltr'><strong>sine</strong></span> <span class='ocrx_word' id='word_1_742' title='bbox 3786 3193 3870 3265; x_wconf 79' lang='lat' dir='ltr'><strong>lege</strong></span> 
     </span>
    </p>
   </div>
   <div class='ocr_carea' id='block_1_94' title="bbox 2320 3285 3870 3360">
    <p class='ocr_par' dir='ltr' id='par_1_94' title="bbox 2320 3285 3870 3360">
     <span class='ocr_line' id='line_1_94' title="bbox 2320 3285 3870 3360; baseline -0.002 -17"><span class='ocrx_word' id='word_1_743' title='bbox 2320 3297 2650 3360; x_wconf 83' lang='lat' dir='ltr'><strong>peccaverunt</strong></span> <span class='ocrx_word' id='word_1_744' title='bbox 2678 3303 2697 3342; x_wconf 92' lang='lat'><strong><em>:</em></strong></span> <span class='ocrx_word' id='word_1_745' title='bbox 2734 3285 2832 3342; x_wconf 85' lang='lat' dir='ltr'><strong>Ubi</strong></span> <span class='ocrx_word' id='word_1_746' title='bbox 2877 3286 3009 3340; x_wconf 91' lang='lat' dir='ltr'><strong>enim</strong></span> <span class='ocrx_word' id='word_1_747' title='bbox 3052 3303 3156 3341; x_wconf 91' lang='lat' dir='ltr'><strong>non</strong></span> <span class='ocrx_word' id='word_1_748' title='bbox 3198 3296 3271 3342; x_wconf 86' lang='lat' dir='ltr'><strong>est</strong></span> <span class='ocrx_word' id='word_1_749' title='bbox 3313 3288 3436 3356; x_wconf 81' lang='lat' dir='ltr'><strong>lex,</strong></span> <span class='ocrx_word' id='word_1_750' title='bbox 3481 3304 3569 3342; x_wconf 86' lang='lat' dir='ltr'><strong>nec</strong></span> <span class='ocrx_word' id='word_1_751' title='bbox 3610 3287 3870 3360; x_wconf 72' lang='lat' dir='ltr'><strong>pravarica-</strong></span> 
     </span>
    </p>
   </div>
   <div class='ocr_carea' id='block_1_95' title="bbox 2321 3375 3867 3450">
    <p class='ocr_par' dir='ltr' id='par_1_95' title="bbox 2321 3375 3867 3450">
     <span class='ocr_line' id='line_1_95' title="bbox 2321 3375 3867 3450; baseline -0.002 -15"><span class='ocrx_word' id='word_1_752' title='bbox 2321 3382 2391 3435; x_wconf 86' lang='lat' dir='ltr'><strong>tio</strong></span> <span class='ocrx_word' id='word_1_753' title='bbox 2414 3397 2432 3434; x_wconf 90' lang='lat'><strong>:</strong></span> <span class='ocrx_word' id='word_1_754' title='bbox 2455 3379 2749 3435; x_wconf 89' lang='lat' dir='ltr'><strong>secundum</strong></span> <span class='ocrx_word' id='word_1_755' title='bbox 2776 3378 2937 3433; x_wconf 88' lang='lat' dir='ltr'><strong>istum</strong></span> <span class='ocrx_word' id='word_1_756' title='bbox 2982 3385 3162 3432; x_wconf 91' lang='lat' dir='ltr'><strong>autem</strong></span> <span class='ocrx_word' id='word_1_757' title='bbox 3197 3376 3382 3432; x_wconf 90' lang='lat' dir='ltr'><strong>nullus</strong></span> <span class='ocrx_word' id='word_1_758' title='bbox 3409 3388 3492 3434; x_wconf 91' lang='lat' dir='ltr'><strong>est</strong></span> <span class='ocrx_word' id='word_1_759' title='bbox 3517 3379 3628 3434; x_wconf 89' lang='lat' dir='ltr'><strong>sine</strong></span> <span class='ocrx_word' id='word_1_760' title='bbox 3654 3375 3867 3450; x_wconf 59' lang='lat' dir='ltr'><strong>praevari-</strong></span> 
     </span>
    </p>
   </div>
   <div class='ocr_carea' id='block_1_96' title="bbox 2319 3470 3870 3543">
    <p class='ocr_par' dir='ltr' id='par_1_96' title="bbox 2319 3470 3870 3543">
     <span class='ocr_line' id='line_1_96' title="bbox 2319 3470 3870 3543; baseline -0.003 -15"><span class='ocrx_word' id='word_1_761' title='bbox 2319 3474 2531 3529; x_wconf 90' lang='lat' dir='ltr'><strong>catione</strong></span> <span class='ocrx_word' id='word_1_762' title='bbox 2551 3480 2834 3543; x_wconf 88' lang='lat' dir='ltr'><strong>peccator;</strong></span> <span class='ocrx_word' id='word_1_763' title='bbox 2874 3471 3001 3542; x_wconf 85' lang='lat' dir='ltr'><strong>quia</strong></span> <span class='ocrx_word' id='word_1_764' title='bbox 3039 3470 3457 3541; x_wconf 83' lang='lat' dir='ltr'><strong>praevaricantes</strong></span> <span class='ocrx_word' id='word_1_765' title='bbox 3487 3470 3692 3542; x_wconf 86' lang='lat' dir='ltr'><strong>deputat</strong></span> <span class='ocrx_word' id='word_1_766' title='bbox 3716 3483 3870 3526; x_wconf 86' lang='lat' dir='ltr'><strong>omnes</strong></span> 
     </span>
    </p>
   </div>
   <div class='ocr_carea' id='block_1_97' title="bbox 2319 3562 3868 3637">
    <p class='ocr_par' dir='ltr' id='par_1_97' title="bbox 2319 3562 3868 3637">
     <span class='ocr_line' id='line_1_97' title="bbox 2319 3562 3868 3637; baseline -0.003 -17"><span class='ocrx_word' id='word_1_767' title='bbox 2319 3574 2633 3637; x_wconf 87' lang='lat' dir='ltr'><strong>peccatores</strong></span> <span class='ocrx_word' id='word_1_768' title='bbox 2663 3573 2842 3618; x_wconf 75' lang='lat' dir='ltr'><strong>terrm.</strong></span> <span class='ocrx_word' id='word_1_769' title='bbox 2871 3562 3059 3617; x_wconf 87' lang='lat' dir='ltr'><strong>Nullus</strong></span> <span class='ocrx_word' id='word_1_770' title='bbox 3088 3577 3217 3633; x_wconf 84' lang='lat' dir='ltr'><strong>ergo</strong></span> <span class='ocrx_word' id='word_1_771' title='bbox 3247 3562 3553 3618; x_wconf 90' lang='lat' dir='ltr'><strong>secundum</strong></span> <span class='ocrx_word' id='word_1_772' title='bbox 3596 3563 3742 3618; x_wconf 90' lang='lat' dir='ltr'><strong>istum</strong></span> <span class='ocrx_word' id='word_1_773' title='bbox 3773 3562 3868 3617; x_wconf 80' lang='lat' dir='ltr'><strong>sine</strong></span> 
     </span>
    </p>
   </div>
   <div class='ocr_carea' id='block_1_98' title="bbox 2318 3655 3866 3729">
    <p class='ocr_par' dir='ltr' id='par_1_98' title="bbox 2318 3655 3866 3729">
     <span class='ocr_line' id='line_1_98' title="bbox 2318 3655 3866 3729; baseline -0.003 -17"><span class='ocrx_word' id='word_1_774' title='bbox 2318 3659 2437 3729; x_wconf 88' lang='lat' dir='ltr'><strong>lege</strong></span> <span class='ocrx_word' id='word_1_775' title='bbox 2471 3657 2745 3728; x_wconf 88' lang='lat' dir='ltr'><strong>peccavit;</strong></span> <span class='ocrx_word' id='word_1_776' title='bbox 2773 3657 2892 3728; x_wconf 83' lang='lat' dir='ltr'><strong>quia</strong></span> <span class='ocrx_word' id='word_1_777' title='bbox 2913 3656 3000 3710; x_wconf 91' lang='lat' dir='ltr'><strong>ubi</strong></span> <span class='ocrx_word' id='word_1_778' title='bbox 3029 3672 3131 3710; x_wconf 89' lang='lat' dir='ltr'><strong>non</strong></span> <span class='ocrx_word' id='word_1_779' title='bbox 3156 3665 3227 3710; x_wconf 86' lang='lat' dir='ltr'><strong>est</strong></span> <span class='ocrx_word' id='word_1_780' title='bbox 3267 3655 3382 3723; x_wconf 88' lang='lat' dir='ltr'><strong>lex,</strong></span> <span class='ocrx_word' id='word_1_781' title='bbox 3408 3674 3501 3712; x_wconf 86' lang='lat' dir='ltr'><strong>nec</strong></span> <span class='ocrx_word' id='word_1_782' title='bbox 3544 3656 3866 3726; x_wconf 81' lang='lat' dir='ltr'><strong>prtcvaricatio.</strong></span> 
     </span>
    </p>
   </div>
   <div class='ocr_carea' id='block_1_99' title="bbox 2319 3745 3868 3818">
    <p class='ocr_par' dir='ltr' id='par_1_99' title="bbox 2319 3745 3868 3818">
     <span class='ocr_line' id='line_1_99' title="bbox 2319 3745 3868 3818; baseline -0.002 -15"><span class='ocrx_word' id='word_1_783' title='bbox 2319 3749 2402 3804; x_wconf 89' lang='lat' dir='ltr'><strong>Au</strong></span> <span class='ocrx_word' id='word_1_784' title='bbox 2430 3746 2567 3802; x_wconf 85' lang='lat' dir='ltr'><strong>forte</strong></span> <span class='ocrx_word' id='word_1_785' title='bbox 2587 3747 2782 3802; x_wconf 91' lang='lat' dir='ltr'><strong>dicturi</strong></span> <span class='ocrx_word' id='word_1_786' title='bbox 2807 3761 2992 3802; x_wconf 89' lang='lat' dir='ltr'><strong>sumus</strong></span> <span class='ocrx_word' id='word_1_787' title='bbox 3009 3788 3024 3813; x_wconf 92' lang='lat'><strong>,</strong></span> <span class='ocrx_word' id='word_1_788' title='bbox 3052 3761 3239 3802; x_wconf 84' lang='lat' dir='ltr'><strong>verum</strong></span> <span class='ocrx_word' id='word_1_789' title='bbox 3262 3747 3486 3817; x_wconf 90' lang='lat' dir='ltr'><strong>quidem</strong></span> <span class='ocrx_word' id='word_1_790' title='bbox 3508 3761 3625 3804; x_wconf 85' lang='lat' dir='ltr'><strong>esse</strong></span> <span class='ocrx_word' id='word_1_791' title='bbox 3643 3745 3772 3818; x_wconf 91' lang='lat' dir='ltr'><strong>quod</strong></span> <span class='ocrx_word' id='word_1_792' title='bbox 3789 3757 3868 3800; x_wconf 86' lang='lat' dir='ltr'><strong>nec</strong></span> 
     </span>
    </p>
   </div>
   <div class='ocr_carea' id='block_1_100' title="bbox 2320 3840 3867 3915">
    <p class='ocr_par' dir='ltr' id='par_1_100' title="bbox 2320 3840 3867 3915">
     <span class='ocr_line' id='line_1_100' title="bbox 2320 3840 3867 3915; baseline -0.002 -19"><span class='ocrx_word' id='word_1_793' title='bbox 2320 3840 2690 3915; x_wconf 72' lang='lat' dir='ltr'><strong>praevaricatio</strong></span> <span class='ocrx_word' id='word_1_794' title='bbox 2733 3840 2804 3895; x_wconf 86' lang='lat' dir='ltr'><strong>sit</strong></span> <span class='ocrx_word' id='word_1_795' title='bbox 2827 3840 2916 3896; x_wconf 89' lang='lat' dir='ltr'><strong>ubi</strong></span> <span class='ocrx_word' id='word_1_796' title='bbox 2933 3854 3045 3895; x_wconf 88' lang='lat' dir='ltr'><strong>non</strong></span> <span class='ocrx_word' id='word_1_797' title='bbox 3069 3849 3151 3896; x_wconf 89' lang='lat' dir='ltr'><strong>est</strong></span> <span class='ocrx_word' id='word_1_798' title='bbox 3175 3841 3301 3906; x_wconf 81' lang='lat' dir='ltr'><strong>lex,</strong></span> <span class='ocrx_word' id='word_1_799' title='bbox 3329 3841 3431 3896; x_wconf 82' lang='lat' dir='ltr'><strong>sed</strong></span> <span class='ocrx_word' id='word_1_800' title='bbox 3453 3855 3632 3896; x_wconf 83' lang='lat' dir='ltr'><strong>verum</strong></span> <span class='ocrx_word' id='word_1_801' title='bbox 3655 3854 3750 3894; x_wconf 88' lang='lat' dir='ltr'><strong>non</strong></span> <span class='ocrx_word' id='word_1_802' title='bbox 3765 3851 3867 3894; x_wconf 85' lang='lat' dir='ltr'><strong>esse</strong></span> 
     </span>
    </p>
   </div>
   <div class='ocr_carea' id='block_1_101' title="bbox 2321 3927 3864 4006">
    <p class='ocr_par' dir='ltr' id='par_1_101' title="bbox 2321 3927 3864 4006">
     <span class='ocr_line' id='line_1_101' title="bbox 2321 3927 3864 4006; baseline -0.003 -18"><span class='ocrx_word' id='word_1_803' title='bbox 2321 3933 2465 4006; x_wconf 87' lang='lat' dir='ltr'><strong>quod</strong></span> <span class='ocrx_word' id='word_1_804' title='bbox 2495 3931 2660 4002; x_wconf 86' lang='lat' dir='ltr'><strong>aliqui</strong></span> <span class='ocrx_word' id='word_1_805' title='bbox 2688 3931 2806 3988; x_wconf 91' lang='lat' dir='ltr'><strong>sine</strong></span> <span class='ocrx_word' id='word_1_806' title='bbox 2826 3932 2944 4003; x_wconf 85' lang='lat' dir='ltr'><strong>lege</strong></span> <span class='ocrx_word' id='word_1_807' title='bbox 2965 3931 3339 4002; x_wconf 84' lang='lat' dir='ltr'><strong>peccaverint;</strong></span> <span class='ocrx_word' id='word_1_808' title='bbox 3370 3941 3469 3988; x_wconf 86' lang='lat' dir='ltr'><strong>aut</strong></span> <span class='ocrx_word' id='word_1_809' title='bbox 3490 3946 3667 3988; x_wconf 87' lang='lat' dir='ltr'><strong>verum</strong></span> <span class='ocrx_word' id='word_1_810' title='bbox 3688 3927 3864 4002; x_wconf 84' lang='lat' dir='ltr'><strong>quidem</strong></span> 
     </span>
    </p>
   </div>
   <div class='ocr_carea' id='block_1_102' title="bbox 2321 4023 3864 4094">
    <p class='ocr_par' dir='ltr' id='par_1_102' title="bbox 2321 4023 3864 4094">
     <span class='ocr_line' id='line_1_102' title="bbox 2321 4023 3864 4094; baseline -0.005 -12"><span class='ocrx_word' id='word_1_811' title='bbox 2321 4040 2443 4082; x_wconf 88' lang='lat' dir='ltr'><strong>esse</strong></span> <span class='ocrx_word' id='word_1_812' title='bbox 2469 4024 2678 4094; x_wconf 87' lang='lat' dir='ltr'><strong>aliquos</strong></span> <span class='ocrx_word' id='word_1_813' title='bbox 2702 4024 2818 4079; x_wconf 85' lang='lat' dir='ltr'><strong>sine</strong></span> <span class='ocrx_word' id='word_1_814' title='bbox 2857 4024 2974 4094; x_wconf 82' lang='lat' dir='ltr'><strong>lege</strong></span> <span class='ocrx_word' id='word_1_815' title='bbox 2999 4038 3275 4094; x_wconf 87' lang='lat' dir='ltr'><strong>peccasse,</strong></span> <span class='ocrx_word' id='word_1_816' title='bbox 3295 4023 3393 4080; x_wconf 88' lang='lat' dir='ltr'><strong>sed</strong></span> <span class='ocrx_word' id='word_1_817' title='bbox 3421 4039 3604 4081; x_wconf 89' lang='lat' dir='ltr'><strong>verum</strong></span> <span class='ocrx_word' id='word_1_818' title='bbox 3635 4036 3731 4078; x_wconf 88' lang='lat' dir='ltr'><strong>non</strong></span> <span class='ocrx_word' id='word_1_819' title='bbox 3748 4035 3864 4085; x_wconf 83' lang='lat' dir='ltr'><strong>esse,</strong></span> 
     </span>
    </p>
   </div>
   <div class='ocr_carea' id='block_1_103' title="bbox 2320 4111 3867 4188">
    <p class='ocr_par' dir='ltr' id='par_1_103' title="bbox 2320 4111 3867 4188">
     <span class='ocr_line' id='line_1_103' title="bbox 2320 4111 3867 4188; baseline -0.005 -15"><span class='ocrx_word' id='word_1_820' title='bbox 2320 4117 2412 4174; x_wconf 90' lang='lat' dir='ltr'><strong>ubi</strong></span> <span class='ocrx_word' id='word_1_821' title='bbox 2435 4118 2524 4173; x_wconf 88' lang='lat' dir='ltr'><strong>lex</strong></span> <span class='ocrx_word' id='word_1_822' title='bbox 2555 4131 2661 4171; x_wconf 92' lang='lat' dir='ltr'><strong>non</strong></span> <span class='ocrx_word' id='word_1_823' title='bbox 2689 4124 2802 4183; x_wconf 89' lang='lat' dir='ltr'><strong>est,</strong></span> <span class='ocrx_word' id='word_1_824' title='bbox 2831 4115 3326 4186; x_wconf 68' lang='lat' dir='ltr'><strong>praevaricationem</strong></span> <span class='ocrx_word' id='word_1_825' title='bbox 3347 4131 3476 4174; x_wconf 89' lang='lat' dir='ltr'><strong>esse</strong></span> <span class='ocrx_word' id='word_1_826' title='bbox 3501 4132 3604 4174; x_wconf 92' lang='lat' dir='ltr'><strong>non</strong></span> <span class='ocrx_word' id='word_1_827' title='bbox 3627 4111 3867 4188; x_wconf 62' lang='lat' dir='ltr'><strong>possent</strong></span> 
     </span>
    </p>
   </div>
   <div class='ocr_carea' id='block_1_104' title="bbox 2321 4208 3867 4282">
    <p class='ocr_par' dir='ltr' id='par_1_104' title="bbox 2321 4208 3867 4282">
     <span class='ocr_line' id='line_1_104' title="bbox 2321 4208 3867 4282; baseline -0.005 -15"><span class='ocrx_word' id='word_1_828' title='bbox 2321 4222 2613 4282; x_wconf 88' lang='lat' dir='ltr'><strong>utrumque</strong></span> <span class='ocrx_word' id='word_1_829' title='bbox 2640 4208 2932 4280; x_wconf 86' lang='lat' dir='ltr'><strong>Apostolus</strong></span> <span class='ocrx_word' id='word_1_830' title='bbox 2975 4208 3110 4264; x_wconf 85' lang='lat' dir='ltr'><strong>dixit</strong></span> <span class='ocrx_word' id='word_1_831' title='bbox 3154 4226 3168 4263; x_wconf 90' lang='lat'><strong>:</strong></span> <span class='ocrx_word' id='word_1_832' title='bbox 3201 4224 3387 4264; x_wconf 88' lang='lat' dir='ltr'><strong>verum</strong></span> <span class='ocrx_word' id='word_1_833' title='bbox 3418 4219 3502 4267; x_wconf 87' lang='lat' dir='ltr'><strong>est</strong></span> <span class='ocrx_word' id='word_1_834' title='bbox 3547 4223 3670 4280; x_wconf 86' lang='lat' dir='ltr'><strong>ergo</strong></span> <span class='ocrx_word' id='word_1_835' title='bbox 3695 4215 3867 4262; x_wconf 89' lang='lat' dir='ltr'><strong>utrum-</strong></span> 
     </span>
    </p>
   </div>
   <div class='ocr_carea' id='block_1_105' title="bbox 2320 4296 3864 4374">
    <p class='ocr_par' dir='ltr' id='par_1_105' title="bbox 2320 4296 3864 4374">
     <span class='ocr_line' id='line_1_105' title="bbox 2320 4296 3864 4374; baseline -0.005 -16"><span class='ocrx_word' id='word_1_836' title='bbox 2320 4318 2462 4374; x_wconf 88' lang='lat' dir='ltr'><strong>que,</strong></span> <span class='ocrx_word' id='word_1_837' title='bbox 2521 4301 2644 4372; x_wconf 87' lang='lat' dir='ltr'><strong>quia</strong></span> <span class='ocrx_word' id='word_1_838' title='bbox 2693 4309 2980 4372; x_wconf 86' lang='lat' dir='ltr'><strong>utrumque</strong></span> <span class='ocrx_word' id='word_1_839' title='bbox 3024 4315 3120 4371; x_wconf 89' lang='lat' dir='ltr'><strong>per</strong></span> <span class='ocrx_word' id='word_1_840' title='bbox 3140 4301 3462 4372; x_wconf 84' lang='lat' dir='ltr'><strong>Apostolum</strong></span> <span class='ocrx_word' id='word_1_841' title='bbox 3499 4300 3701 4357; x_wconf 78' lang='lat' dir='ltr'><strong>Veritas</strong></span> <span class='ocrx_word' id='word_1_842' title='bbox 3739 4296 3864 4354; x_wconf 81' lang='lat' dir='ltr'><strong>dixit.</strong></span> 
     </span>
    </p>
   </div>
   <div class='ocr_carea' id='block_1_106' title="bbox 2321 4391 3867 4466">
    <p class='ocr_par' dir='ltr' id='par_1_106' title="bbox 2321 4391 3867 4466">
     <span class='ocr_line' id='line_1_106' title="bbox 2321 4391 3867 4466; baseline -0.004 -16"><span class='ocrx_word' id='word_1_843' title='bbox 2321 4393 2599 4464; x_wconf 85' lang='lat' dir='ltr'><strong>Quomodo</strong></span> <span class='ocrx_word' id='word_1_844' title='bbox 2642 4407 2771 4464; x_wconf 86' lang='lat' dir='ltr'><strong>ergo</strong></span> <span class='ocrx_word' id='word_1_845' title='bbox 2814 4393 2919 4449; x_wconf 88' lang='lat' dir='ltr'><strong>erit</strong></span> <span class='ocrx_word' id='word_1_846' title='bbox 2947 4408 3132 4448; x_wconf 91' lang='lat' dir='ltr'><strong>verum</strong></span> <span class='ocrx_word' id='word_1_847' title='bbox 3181 4393 3323 4464; x_wconf 90' lang='lat' dir='ltr'><strong>quod</strong></span> <span class='ocrx_word' id='word_1_848' title='bbox 3349 4394 3407 4448; x_wconf 94' lang='lat' dir='ltr'><strong>in</strong></span> <span class='ocrx_word' id='word_1_849' title='bbox 3433 4394 3634 4466; x_wconf 89' lang='lat' dir='ltr'><strong>psalmo</strong></span> <span class='ocrx_word' id='word_1_850' title='bbox 3667 4391 3760 4447; x_wconf 86' lang='lat' dir='ltr'><strong>isto</strong></span> <span class='ocrx_word' id='word_1_851' title='bbox 3793 4401 3867 4444; x_wconf 83' lang='lat' dir='ltr'><strong>ea-</strong></span> 
     </span>
    </p>
   </div>
   <div class='ocr_carea' id='block_1_107' title="bbox 2317 4483 3866 4558">
    <p class='ocr_par' dir='ltr' id='par_1_107' title="bbox 2317 4483 3866 4558">
     <span class='ocr_line' id='line_1_107' title="bbox 2317 4483 3866 4558; baseline -0.005 -16"><span class='ocrx_word' id='word_1_852' title='bbox 2317 4487 2443 4543; x_wconf 84' lang='lat' dir='ltr'><strong>dem</strong></span> <span class='ocrx_word' id='word_1_853' title='bbox 2471 4488 2655 4558; x_wconf 84' lang='lat' dir='ltr'><strong>procul</strong></span> <span class='ocrx_word' id='word_1_854' title='bbox 2683 4486 2846 4542; x_wconf 87' lang='lat' dir='ltr'><strong>dubio</strong></span> <span class='ocrx_word' id='word_1_855' title='bbox 2875 4486 3086 4543; x_wconf 84' lang='lat' dir='ltr'><strong>Veritas</strong></span> <span class='ocrx_word' id='word_1_856' title='bbox 3133 4487 3287 4553; x_wconf 87' lang='lat' dir='ltr'><strong>dixit,</strong></span> <span class='ocrx_word' id='word_1_857' title='bbox 3319 4486 3709 4544; x_wconf 75' lang='lat' dir='ltr'><strong>Praevaricantes</strong></span> <span class='ocrx_word' id='word_1_858' title='bbox 3734 4483 3866 4552; x_wconf 75' lang='lat' dir='ltr'><strong>depu-</strong></span> 
     </span>
    </p>
   </div>
   <div class='ocr_carea' id='block_1_108' title="bbox 2323 4577 3866 4651">
    <p class='ocr_par' dir='ltr' id='par_1_108' title="bbox 2323 4577 3866 4651">
     <span class='ocr_line' id='line_1_108' title="bbox 2323 4577 3866 4651; baseline -0.003 -17"><span class='ocrx_word' id='word_1_859' title='bbox 2323 4579 2423 4634; x_wconf 87' lang='lat' dir='ltr'><strong>tavi</strong></span> <span class='ocrx_word' id='word_1_860' title='bbox 2463 4595 2634 4634; x_wconf 88' lang='lat' dir='ltr'><strong>omnes</strong></span> <span class='ocrx_word' id='word_1_861' title='bbox 2672 4589 2957 4650; x_wconf 81' lang='lat' dir='ltr'><strong>peccatores</strong></span> <span class='ocrx_word' id='word_1_862' title='bbox 2999 4581 3185 4636; x_wconf 76' lang='lat' dir='ltr'><strong>teme?</strong></span> <span class='ocrx_word' id='word_1_863' title='bbox 3227 4579 3606 4651; x_wconf 80' lang='lat' dir='ltr'><strong>Respondetur</strong></span> <span class='ocrx_word' id='word_1_864' title='bbox 3626 4577 3756 4636; x_wconf 86' lang='lat' dir='ltr'><strong>enim</strong></span> <span class='ocrx_word' id='word_1_865' title='bbox 3787 4588 3866 4630; x_wconf 88' lang='lat' dir='ltr'><strong>no-</strong></span> 
     </span>
    </p>
   </div>
   <div class='ocr_carea' id='block_1_109' title="bbox 2321 4666 3864 4745">
    <p class='ocr_par' dir='ltr' id='par_1_109' title="bbox 2321 4666 3864 4745">
     <span class='ocr_line' id='line_1_109' title="bbox 2321 4666 3864 4745; baseline -0.008 -15"><span class='ocrx_word' id='word_1_866' title='bbox 2321 4672 2407 4730; x_wconf 84' lang='lat' dir='ltr'><strong>bis</strong></span> <span class='ocrx_word' id='word_1_867' title='bbox 2434 4691 2448 4728; x_wconf 90' lang='lat'><strong>:</strong></span> <span class='ocrx_word' id='word_1_868' title='bbox 2476 4671 2579 4740; x_wconf 87' lang='lat' dir='ltr'><strong>Qui</strong></span> <span class='ocrx_word' id='word_1_869' title='bbox 2607 4681 2734 4728; x_wconf 86' lang='lat' dir='ltr'><strong>sunt</strong></span> <span class='ocrx_word' id='word_1_870' title='bbox 2759 4687 2888 4744; x_wconf 84' lang='lat' dir='ltr'><strong>ergo</strong></span> <span class='ocrx_word' id='word_1_871' title='bbox 2905 4672 2979 4728; x_wconf 88' lang='lat' dir='ltr'><strong>illi</strong></span> <span class='ocrx_word' id='word_1_872' title='bbox 3005 4672 3098 4743; x_wconf 92' lang='lat' dir='ltr'><strong>qui</strong></span> <span class='ocrx_word' id='word_1_873' title='bbox 3125 4672 3426 4729; x_wconf 89' lang='lat' dir='ltr'><strong>secundum</strong></span> <span class='ocrx_word' id='word_1_874' title='bbox 3452 4671 3750 4745; x_wconf 84' lang='lat' dir='ltr'><strong>Apostolum</strong></span> <span class='ocrx_word' id='word_1_875' title='bbox 3770 4666 3864 4722; x_wconf 89' lang='lat' dir='ltr'><strong>sine</strong></span> 
     </span>
    </p>
   </div>
   <div class='ocr_carea' id='block_1_110' title="bbox 2323 4763 3865 4838">
    <p class='ocr_par' dir='ltr' id='par_1_110' title="bbox 2323 4763 3865 4838">
     <span class='ocr_line' id='line_1_110' title="bbox 2323 4763 3865 4838; baseline -0.007 -14"><span class='ocrx_word' id='word_1_876' title='bbox 2323 4766 2442 4838; x_wconf 84' lang='lat' dir='ltr'><strong>lege</strong></span> <span class='ocrx_word' id='word_1_877' title='bbox 2462 4763 2990 4837; x_wconf 71' lang='lat' dir='ltr'><strong>peccaverunti-Non</strong></span> <span class='ocrx_word' id='word_1_878' title='bbox 3017 4765 3163 4822; x_wconf 89' lang='lat' dir='ltr'><strong>enim</strong></span> <span class='ocrx_word' id='word_1_879' title='bbox 3189 4774 3242 4822; x_wconf 91' lang='lat' dir='ltr'><strong>et</strong></span> <span class='ocrx_word' id='word_1_880' title='bbox 3262 4780 3450 4821; x_wconf 87' lang='lat' dir='ltr'><strong>eorum</strong></span> <span class='ocrx_word' id='word_1_881' title='bbox 3476 4767 3736 4836; x_wconf 85' lang='lat' dir='ltr'><strong>quisquam</strong></span> <span class='ocrx_word' id='word_1_882' title='bbox 3751 4772 3865 4829; x_wconf 73' lang='lat' dir='ltr'><strong>pra:-</strong></span> 
     </span>
    </p>
   </div>
   <div class='ocr_carea' id='block_1_111' title="bbox 2325 4848 3865 4929">
    <p class='ocr_par' dir='ltr' id='par_1_111' title="bbox 2325 4848 3865 4929">
     <span class='ocr_line' id='line_1_111' title="bbox 2325 4848 3865 4929; baseline -0.008 -14"><span class='ocrx_word' id='word_1_883' title='bbox 2325 4858 2572 4916; x_wconf 82' lang='lat' dir='ltr'><strong>varicans</strong></span> <span class='ocrx_word' id='word_1_884' title='bbox 2613 4856 2951 4929; x_wconf 86' lang='lat' dir='ltr'><strong>deputandus</strong></span> <span class='ocrx_word' id='word_1_885' title='bbox 2992 4866 3108 4925; x_wconf 87' lang='lat' dir='ltr'><strong>est,</strong></span> <span class='ocrx_word' id='word_1_886' title='bbox 3154 4872 3276 4913; x_wconf 91' lang='lat' dir='ltr'><strong>cum</strong></span> <span class='ocrx_word' id='word_1_887' title='bbox 3323 4857 3612 4914; x_wconf 86' lang='lat' dir='ltr'><strong>secundum</strong></span> <span class='ocrx_word' id='word_1_888' title='bbox 3654 4848 3865 4910; x_wconf 86' lang='lat' dir='ltr'><strong>eumdem</strong></span> 
     </span>
    </p>
   </div>
   <div class='ocr_carea' id='block_1_112' title="bbox 2289 4949 3776 5025">
    <p class='ocr_par' dir='ltr' id='par_1_112' title="bbox 2289 4949 3776 5025">
     <span class='ocr_line' id='line_1_112' title="bbox 2289 4949 3776 5025; baseline -0.008 -17"><span class='ocrx_word' id='word_1_889' title='bbox 2289 5000 2292 5002; x_wconf 52' lang='grc' dir='ltr'><em>η</em></span> <span class='ocrx_word' id='word_1_890' title='bbox 2323 4952 2626 5025; x_wconf 81' lang='lat' dir='ltr'><strong>apostolum</strong></span> <span class='ocrx_word' id='word_1_891' title='bbox 2644 4993 2660 5020; x_wconf 93' lang='lat'><strong>,</strong></span> <span class='ocrx_word' id='word_1_892' title='bbox 2692 4950 3062 5022; x_wconf 70' lang='lat' dir='ltr'><strong>praevaricatio</strong></span> <span class='ocrx_word' id='word_1_893' title='bbox 3087 4964 3195 5006; x_wconf 90' lang='lat' dir='ltr'><strong>non</strong></span> <span class='ocrx_word' id='word_1_894' title='bbox 3223 4950 3294 5006; x_wconf 89' lang='lat' dir='ltr'><strong>sit</strong></span> <span class='ocrx_word' id='word_1_895' title='bbox 3323 4949 3413 5006; x_wconf 89' lang='lat' dir='ltr'><strong>ubi</strong></span> <span class='ocrx_word' id='word_1_896' title='bbox 3453 4951 3539 5006; x_wconf 89' lang='lat' dir='ltr'><strong>lex</strong></span> <span class='ocrx_word' id='word_1_897' title='bbox 3563 4962 3664 5004; x_wconf 89' lang='lat' dir='ltr'><strong>non</strong></span> <span class='ocrx_word' id='word_1_898' title='bbox 3687 4953 3776 5000; x_wconf 88' lang='lat' dir='ltr'><strong>est.</strong></span> 
     </span>
    </p>
   </div>
   <div class='ocr_carea' id='block_1_113' title="bbox 2394 5036 3864 5113">
    <p class='ocr_par' dir='ltr' id='par_1_113' title="bbox 2394 5036 3864 5113">
     <span class='ocr_line' id='line_1_113' title="bbox 2394 5036 3864 5113; baseline -0.007 -15"><span class='ocrx_word' id='word_1_899' title='bbox 2394 5044 2450 5099; x_wconf 79' lang='grc'><strong>2.</strong></span> <span class='ocrx_word' id='word_1_900' title='bbox 2480 5043 2590 5101; x_wconf 90' lang='lat' dir='ltr'><strong>Sed</strong></span> <span class='ocrx_word' id='word_1_901' title='bbox 2637 5044 2889 5100; x_wconf 90' lang='lat' dir='ltr'><strong>nimirum</strong></span> <span class='ocrx_word' id='word_1_902' title='bbox 2919 5058 3042 5099; x_wconf 91' lang='lat' dir='ltr'><strong>cum</strong></span> <span class='ocrx_word' id='word_1_903' title='bbox 3071 5041 3275 5098; x_wconf 90' lang='lat' dir='ltr'><strong>diceret</strong></span> <span class='ocrx_word' id='word_1_904' title='bbox 3302 5042 3609 5113; x_wconf 85' lang='lat' dir='ltr'><strong>Apostolus,</strong></span> <span class='ocrx_word' id='word_1_905' title='bbox 3655 5036 3864 5104; x_wconf 53' lang='lat' dir='ltr'><strong>Quicum.</strong></span> 
     </span>
    </p>
   </div>
   <div class='ocr_carea' id='block_1_114' title="bbox 2325 5124 3860 5211">
    <p class='ocr_par' dir='ltr' id='par_1_114' title="bbox 2325 5124 3860 5211">
     <span class='ocr_line' id='line_1_114' title="bbox 2325 5124 3860 5211; baseline -0.011 -16"><span class='ocrx_word' id='word_1_906' title='bbox 2325 5156 2420 5210; x_wconf 83' lang='lat' dir='ltr'><strong>que</strong></span> <span class='ocrx_word' id='word_1_907' title='bbox 2448 5139 2556 5195; x_wconf 77' lang='lat' dir='ltr'><strong>sine</strong></span> <span class='ocrx_word' id='word_1_908' title='bbox 2595 5138 2703 5211; x_wconf 84' lang='lat' dir='ltr'><strong>lege</strong></span> <span class='ocrx_word' id='word_1_909' title='bbox 2729 5145 3058 5208; x_wconf 81' lang='lat' dir='ltr'><strong>peccaverunt</strong></span> <span class='ocrx_word' id='word_1_910' title='bbox 3083 5178 3098 5205; x_wconf 89' lang='lat'><strong>,</strong></span> <span class='ocrx_word' id='word_1_911' title='bbox 3126 5137 3235 5190; x_wconf 78' lang='lat' dir='ltr'><strong>sine</strong></span> <span class='ocrx_word' id='word_1_912' title='bbox 3250 5135 3372 5208; x_wconf 75' lang='lat' dir='ltr'><strong>lege</strong></span> <span class='ocrx_word' id='word_1_913' title='bbox 3409 5135 3633 5206; x_wconf 83' lang='lat' dir='ltr'><strong>peribunt</strong></span> <span class='ocrx_word' id='word_1_914' title='bbox 3653 5173 3668 5200; x_wconf 94' lang='lat'><strong>,</strong></span> <span class='ocrx_word' id='word_1_915' title='bbox 3707 5129 3766 5185; x_wconf 84' lang='lat' dir='ltr'><strong>de</strong></span> <span class='ocrx_word' id='word_1_916' title='bbox 3788 5124 3860 5181; x_wconf 85' lang='lat' dir='ltr'><strong>illa</strong></span> 
     </span>
    </p>
   </div>
   <div class='ocr_carea' id='block_1_115' title="bbox 2327 5218 3860 5304">
    <p class='ocr_par' dir='ltr' id='par_1_115' title="bbox 2327 5218 3860 5304">
     <span class='ocr_line' id='line_1_115' title="bbox 2327 5218 3860 5304; baseline -0.012 -15"><span class='ocrx_word' id='word_1_917' title='bbox 2327 5233 2445 5304; x_wconf 87' lang='lat' dir='ltr'><strong>lege</strong></span> <span class='ocrx_word' id='word_1_918' title='bbox 2475 5230 2667 5302; x_wconf 80' lang='lat' dir='ltr'><strong>agebat</strong></span> <span class='ocrx_word' id='word_1_919' title='bbox 2690 5245 2848 5300; x_wconf 88' lang='lat' dir='ltr'><strong>quam</strong></span> <span class='ocrx_word' id='word_1_920' title='bbox 2891 5228 3032 5284; x_wconf 88' lang='lat' dir='ltr'><strong>Deus</strong></span> <span class='ocrx_word' id='word_1_921' title='bbox 3075 5227 3223 5285; x_wconf 87' lang='lat' dir='ltr'><strong>dedit</strong></span> <span class='ocrx_word' id='word_1_922' title='bbox 3267 5243 3365 5300; x_wconf 89' lang='lat' dir='ltr'><strong>per</strong></span> <span class='ocrx_word' id='word_1_923' title='bbox 3403 5227 3615 5299; x_wconf 82' lang='lat' dir='ltr'><strong>Moysen</strong></span> <span class='ocrx_word' id='word_1_924' title='bbox 3643 5218 3860 5284; x_wconf 78' lang='lat' dir='ltr'><strong>famulum</strong></span> 
     </span>
    </p>
   </div>
   <div class='ocr_carea' id='block_1_116' title="bbox 2326 5315 3858 5396">
    <p class='ocr_par' dir='ltr' id='par_1_116' title="bbox 2326 5315 3858 5396">
     <span class='ocr_line' id='line_1_116' title="bbox 2326 5315 3858 5396; baseline -0.006 -14"><span class='ocrx_word' id='word_1_925' title='bbox 2326 5340 2484 5382; x_wconf 88' lang='lat' dir='ltr'><strong>suum</strong></span> <span class='ocrx_word' id='word_1_926' title='bbox 2512 5323 2708 5396; x_wconf 88' lang='lat' dir='ltr'><strong>populo</strong></span> <span class='ocrx_word' id='word_1_927' title='bbox 2733 5337 2832 5379; x_wconf 90' lang='lat' dir='ltr'><strong>suo</strong></span> <span class='ocrx_word' id='word_1_928' title='bbox 2864 5321 3051 5378; x_wconf 84' lang='lat' dir='ltr'><strong>Israel.</strong></span> <span class='ocrx_word' id='word_1_929' title='bbox 3078 5321 3192 5378; x_wconf 83' lang='lat' dir='ltr'><strong>Hoc</strong></span> <span class='ocrx_word' id='word_1_930' title='bbox 3229 5323 3345 5394; x_wconf 83' lang='lat' dir='ltr'><strong>ipsa</strong></span> <span class='ocrx_word' id='word_1_931' title='bbox 3384 5336 3499 5394; x_wconf 67' lang='lat' dir='ltr'><strong>quae</strong></span> <span class='ocrx_word' id='word_1_932' title='bbox 3521 5315 3858 5376; x_wconf 63' lang='lat' dir='ltr'><strong>circumstant.</strong></span> 
     </span>
    </p>
   </div>
   <div class='ocr_carea' id='block_1_117' title="bbox 2327 5406 3862 5490">
    <p class='ocr_par' dir='ltr' id='par_1_117' title="bbox 2327 5406 3862 5490">
     <span class='ocr_line' id='line_1_117' title="bbox 2327 5406 3862 5490; baseline -0.014 -13"><span class='ocrx_word' id='word_1_933' title='bbox 2327 5420 2488 5478; x_wconf 81' lang='lat' dir='ltr'><strong>verba</strong></span> <span class='ocrx_word' id='word_1_934' title='bbox 2518 5417 2634 5490; x_wconf 85' lang='lat' dir='ltr'><strong>ejus</strong></span> <span class='ocrx_word' id='word_1_935' title='bbox 2661 5415 2966 5474; x_wconf 86' lang='lat' dir='ltr'><strong>ostendunt.</strong></span> <span class='ocrx_word' id='word_1_936' title='bbox 3000 5416 3310 5487; x_wconf 79' lang='lat' dir='ltr'><strong>Disputabat</strong></span> <span class='ocrx_word' id='word_1_937' title='bbox 3339 5416 3484 5474; x_wconf 81' lang='lat' dir='ltr'><strong>enim</strong></span> <span class='ocrx_word' id='word_1_938' title='bbox 3519 5412 3584 5470; x_wconf 88' lang='lat' dir='ltr'><strong>de</strong></span> <span class='ocrx_word' id='word_1_939' title='bbox 3607 5406 3784 5467; x_wconf 65' lang='lat' dir='ltr'><strong>Judxis</strong></span> <span class='ocrx_word' id='word_1_940' title='bbox 3811 5406 3862 5457; x_wconf 86' lang='lat' dir='ltr'><strong>et</strong></span> 
     </span>
    </p>
   </div>
   <div class='ocr_carea' id='block_1_118' title="bbox 2327 5500 3856 5578">
    <p class='ocr_par' dir='ltr' id='par_1_118' title="bbox 2327 5500 3856 5578">
     <span class='ocr_line' id='line_1_118' title="bbox 2327 5500 3856 5578; baseline -0.009 -8"><span class='ocrx_word' id='word_1_941' title='bbox 2327 5512 2530 5570; x_wconf 61' lang='lat' dir='ltr'><strong>Graecis</strong></span> <span class='ocrx_word' id='word_1_942' title='bbox 2553 5553 2568 5578; x_wconf 92' lang='lat'><strong>,</strong></span> <span class='ocrx_word' id='word_1_943' title='bbox 2619 5509 2674 5566; x_wconf 91' lang='lat' dir='ltr'><strong>id</strong></span> <span class='ocrx_word' id='word_1_944' title='bbox 2717 5518 2801 5565; x_wconf 87' lang='lat' dir='ltr'><strong>est</strong></span> <span class='ocrx_word' id='word_1_945' title='bbox 2829 5507 3123 5575; x_wconf 87' lang='lat' dir='ltr'><strong>Gentibus,</strong></span> <span class='ocrx_word' id='word_1_946' title='bbox 3158 5524 3266 5564; x_wconf 85' lang='lat' dir='ltr'><strong>non</strong></span> <span class='ocrx_word' id='word_1_947' title='bbox 3304 5508 3373 5563; x_wconf 89' lang='lat' dir='ltr'><strong>ad</strong></span> <span class='ocrx_word' id='word_1_948' title='bbox 3409 5500 3856 5564; x_wconf 71' lang='lat' dir='ltr'><strong>circumcisiouem.</strong></span> 
     </span>
    </p>
   </div>
   <div class='ocr_carea' id='block_1_119' title="bbox 2329 5593 3859 5675">
    <p class='ocr_par' dir='ltr' id='par_1_119' title="bbox 2329 5593 3859 5675">
     <span class='ocr_line' id='line_1_119' title="bbox 2329 5593 3859 5675; baseline -0.014 -13"><span class='ocrx_word' id='word_1_949' title='bbox 2329 5605 2424 5662; x_wconf 91' lang='lat' dir='ltr'><strong>sed</strong></span> <span class='ocrx_word' id='word_1_950' title='bbox 2449 5605 2515 5660; x_wconf 86' lang='lat' dir='ltr'><strong>ad</strong></span> <span class='ocrx_word' id='word_1_951' title='bbox 2555 5603 2874 5675; x_wconf 79' lang='lat' dir='ltr'><strong>praeputium</strong></span> <span class='ocrx_word' id='word_1_952' title='bbox 2918 5600 3342 5672; x_wconf 89' lang='lat' dir='ltr'><strong>pertinentibus;</strong></span> <span class='ocrx_word' id='word_1_953' title='bbox 3371 5599 3485 5655; x_wconf 90' lang='lat' dir='ltr'><strong>ideo</strong></span> <span class='ocrx_word' id='word_1_954' title='bbox 3510 5596 3622 5651; x_wconf 90' lang='lat' dir='ltr'><strong>sine</strong></span> <span class='ocrx_word' id='word_1_955' title='bbox 3649 5593 3752 5662; x_wconf 86' lang='lat' dir='ltr'><strong>lege</strong></span> <span class='ocrx_word' id='word_1_956' title='bbox 3780 5597 3859 5642; x_wconf 70' lang='lat' dir='ltr'><strong>eos</strong></span> 
     </span>
    </p>
   </div>
   <div class='ocr_carea' id='block_1_120' title="bbox 2330 5680 3857 5768">
    <p class='ocr_par' dir='ltr' id='par_1_120' title="bbox 2330 5680 3857 5768">
     <span class='ocr_line' id='line_1_120' title="bbox 2330 5680 3857 5768; baseline -0.018 -10"><span class='ocrx_word' id='word_1_957' title='bbox 2330 5700 2514 5758; x_wconf 87' lang='lat' dir='ltr'><strong>dicens</strong></span> <span class='ocrx_word' id='word_1_958' title='bbox 2537 5739 2552 5766; x_wconf 91' lang='lat'><strong>,</strong></span> <span class='ocrx_word' id='word_1_959' title='bbox 2581 5697 2704 5768; x_wconf 89' lang='lat' dir='ltr'><strong>quia</strong></span> <span class='ocrx_word' id='word_1_960' title='bbox 2726 5710 2831 5752; x_wconf 92' lang='lat' dir='ltr'><strong>non</strong></span> <span class='ocrx_word' id='word_1_961' title='bbox 2850 5704 3170 5766; x_wconf 83' lang='lat' dir='ltr'><strong>acceperant</strong></span> <span class='ocrx_word' id='word_1_962' title='bbox 3193 5695 3360 5766; x_wconf 77' lang='lat' dir='ltr'><strong>legem</strong></span> <span class='ocrx_word' id='word_1_963' title='bbox 3379 5705 3532 5765; x_wconf 81' lang='lat' dir='ltr'><strong>quam</strong></span> <span class='ocrx_word' id='word_1_964' title='bbox 3550 5703 3608 5745; x_wconf 81' lang='lat' dir='ltr'><strong>se</strong></span> <span class='ocrx_word' id='word_1_965' title='bbox 3625 5680 3857 5752; x_wconf 81' lang='lat' dir='ltr'><strong>accepisse</strong></span> 
     </span>
    </p>
   </div>
   <div class='ocr_carea' id='block_1_121' title="bbox 2329 5770 3850 5867">
    <p class='ocr_par' dir='ltr' id='par_1_121' title="bbox 2329 5770 3850 5867">
     <span class='ocr_line' id='line_1_121' title="bbox 2329 5770 3850 5867; baseline -0.018 -17"><span class='ocrx_word' id='word_1_966' title='bbox 2329 5791 2695 5867; x_wconf 87' lang='lat' dir='ltr'><strong>gloriabantur</strong></span> <span class='ocrx_word' id='word_1_967' title='bbox 2721 5787 2890 5846; x_wconf 71' lang='lat' dir='ltr'><strong>Judari</strong></span> <span class='ocrx_word' id='word_1_968' title='bbox 2925 5806 2937 5842; x_wconf 90' lang='lat'><strong>:</strong></span> <span class='ocrx_word' id='word_1_969' title='bbox 2967 5787 3106 5843; x_wconf 89' lang='lat' dir='ltr'><strong>unde</strong></span> <span class='ocrx_word' id='word_1_970' title='bbox 3135 5787 3241 5842; x_wconf 93' lang='lat' dir='ltr'><strong>illis</strong></span> <span class='ocrx_word' id='word_1_971' title='bbox 3285 5787 3390 5852; x_wconf 87' lang='lat' dir='ltr'><strong>ait,</strong></span> <span class='ocrx_word' id='word_1_972' title='bbox 3423 5783 3478 5840; x_wconf 79' lang='lat' dir='ltr'><strong>Si</strong></span> <span class='ocrx_word' id='word_1_973' title='bbox 3505 5788 3662 5837; x_wconf 80' lang='lat' dir='ltr'><strong>autem</strong></span> <span class='ocrx_word' id='word_1_974' title='bbox 3685 5783 3733 5830; x_wconf 86' lang='lat' dir='ltr'><strong>tu</strong></span> <span class='ocrx_word' id='word_1_975' title='bbox 3763 5770 3850 5826; x_wconf 78' lang='lat' dir='ltr'><strong>lu-</strong></span> 
     </span>
    </p>
   </div>
  </div>
