4188 6476
382 345 526 404 13⁸13

387 465 533 517 dtzus
563 453 934 530 cognominaris
953 496 966 522 ,
993 462 1039 510 et
1062 449 1327 527 requiescis
1347 449 1399 504 in
1424 447 1531 521 lege
1548 489 1564 516 ,
1588 455 1634 502 et
1659 445 1896 519 gloriaris
1919 444 1976 500 in

390 541 521 611 Deo.
561 547 802 617 Denique
834 547 973 598 inside
999 549 1065 594 ad
1095 547 1233 593 hanc
1272 543 1596 597 sententiam
1622 537 1862 609 Venerit,
1895 537 1978 596 ill-

384 642 643 700 tue'ndum
671 645 788 704 est,
819 633 876 690 ut
903 635 1106 689 diceret
1137 673 1152 698 ,
1187 631 1499 699 Quicumque
1528 626 1636 680 sine
1671 624 1778 714 lege
1797 633 1976 695 pecus-

386 741 604 803 reruni,
633 734 742 789 sine
768 731 875 803 lege
904 726 1151 801 peribunt.
1186 723 1277 778 I‘r'a
1297 767 1312 791 ,
1343 721 1546 792 inquit,
1582 728 1627 773 et
1655 715 1940 788 indignatio
1962 757 1979 784 ,

387 828 650 886 tribulatio
691 834 737 880 et
768 822 1006 894 angustia
1036 820 1088 873 in
1132 822 1329 872 omnem
1355 815 1576 896 animam
1606 805 1823 866 hominis
1862 803 1984 879 ope-

389 922 554 979 rantis
577 913 765 974 malum
792 957 805 981 ,
832 913 1006 969 Judtei
1032 911 1251 984 primum
1282 915 1326 964 et
1366 905 1528 962 erat:
1545 922 1565 971 ;
1613 903 1777 977 gloria
1814 901 1984 957 autem

393 1023 438 1075 et
462 1017 628 1071 Ιιοιιοι·
657 1023 702 1068 et
729 1028 833 1086 pax
861 1008 998 1065 omni
1025 1004 1253 1078 aperanti
1298 999 1485 1058 bonum
1506 1044 1520 1068 ,
1548 995 1733 1054 Judtro
1763 997 1982 1069 primum

389 1122 436 1169 et
483 1109 662 1166 Greece
690 1103 853 1161 :No'n
899 1107 974 1158 est
1020 1103 1153 1156 enim
1205 1095 1535 1171 personarum
1576 1089 1800 1165 acceptio
1845 1087 1985 1162 apud

390 1203 580 1262 Deum.
613 1201 693 1256 Ad
719 1199 836 1253 lucc
865 1183 1068 1250 addidit
1091 1189 1230 1248 unde
1251 1203 1391 1244 nunc
1415 1186 1642 1259 quarstio
1664 1179 1777 1252 est,
1801 1189 1855 1239 et
1873 1183 1946 1237 ait
1966 1224 1982 1248 ,

395 1292 711 1366 Quicunlqite
740 1291 872 1345 enim
913 1286 1020 1341 sine
1050 1285 1158 1356 lege
1198 1287 1562 1354 peccaverunt,
1594 1271 1701 1332 sine
1733 1277 1841 1371 lege
1869 1292 1985 1371 per-

390 1390 566 1451 ibunt;
599 1391 645 1441 et
669 1385 968 1456 quicumque
988 1379 1040 1432 in
1068 1377 1175 1448 lege
1201 1380 1529 1445 peccaverunt
1549 1412 1564 1438 ,
1597 1385 1685 1440 per
1713 1367 1869 1439 legent
1889 1367 1985 1436 'ju-

394 1478 702 1536 dicabuntitr
735 1471 909 1546 (Rom.
937 1472 1005 1538 ιε’,
1040 1465 1226 1537 8-17).
1258 1460 1365 1520 llos
1389 1464 1571 1533 utique
1591 1459 1836 1526 Indaeos,
1863 1457 1986 1512 illos

393 1584 575 1632 autem
624 1567 842 1627 Graccus
869 1565 1053 1622 volens
1079 1559 1308 1630 intelligi
1334 1601 1348 1626 ,
1379 1552 1630 1628 quoniam
1653 1552 1723 1610 de
1752 1552 1834 1608 his
1861 1567 1987 1624 age.

393 1669 521 1733 bat;
555 1665 810 1733 ntrosque
835 1658 933 1714 sub
957 1663 1171 1728 peccato
1192 1667 1313 1708 esse
1339 1647 1712 1705 demonstrans
1733 1688 1747 1713 ,
1775 1654 1834 1702 ut
1858 1641 1985 1716 ege-

393 1775 452 1815 re
490 1773 551 1812 se
582 1755 750 1828 gratia
783 1749 994 1820 utrique
1026 1745 1291 1802 fateantur
1323 1761 1335 1798 :
1371 1748 1590 1812 propter
1619 1735 1762 1809 quod
1812 1735 1938 1791 dicit
1968 1779 1983 1802 ,

397 1849 519 1906 Non
557 1849 690 1902 enim
743 1853 812 1899 est
856 1841 1108 1896 distinctio
1136 1855 1154 1890 :
1185 1852 1357 1891 omnes
1404 1833 1537 1888 enim
1563 1839 1906 1903 peccaverunt,
1940 1837 1987 1883 'et

395 1953 538 2015 egent
571 1939 735 2012 gloria
764 1935 895 1998 Dei;
929 1927 1206 2003 justi/icati
1231 1927 1392 2000 gratis
1419 1942 1508 1997 per
1546 1923 1762 1995 gratiam
1789 1922 1945 1993 ipsius
1966 1962 1981 1988 ,

398 2053 486 2107 per
511 2027 908 2100 redemptionem
935 2039 1046 2095 qua:
1081 2031 1153 2077 est
1184 2022 1237 2074 in
1281 2016 1479 2074 Christo
1507 2015 1655 2071 Iesu.
1690 2015 1837 2082 Quos
1881 2016 1984 2068 ita-

397 2142 501 2200 quc
528 2125 657 2179 dicit
682 2137 867 2176 omnes
899 2130 1150 2189 peccasse
1177 2155 1192 2181 ,
1237 2111 1345 2167 nisi
1370 2109 1584 2166 Iudaeos
1629 2118 1684 2164 et
1729 2109 1982 2200 Graecos,

397 2199 464 2276 de
491 2216 682 2289 quibus
707 2214 916 2270 dixerat
948 2253 962 2277 ,
998 2206 1120 2264 Non
1147 2206 1281 2262 enim
1307 2216 1379 2259 est
1422 2201 1720 2258 distinctio?
1757 2199 1990 2288 Nam-de

399 2311 483 2372 his
509 2321 564 2369 et
590 2311 745 2383 paulo
771 2316 894 2363 ante
926 2323 938 2360 :
973 2300 1178 2359 Causati
1223 2300 1356 2354 enim
1377 2313 1551 2352 sumus
1575 2337 1590 2364 ,
1632 2295 1838 2366 inquit,
1884 2291 1989 2348 Ju-

399 2407 538 2459 (IIC‘OS
568 2415 612 2457 et
644 2402 845 2459 Ceteros
866 2405 1036 2452 omnes
1063 2392 1152 2448 sub
1175 2399 1378 2463 peccato
1405 2406 1507 2444 esse
1527 2386 1640 2459 (Id.
1671 2403 1746 2452 ιιι,
1768 2385 1868 2453 22,
1896 2385 1987 2448 23,

397 2495 486 2560 2i,
521 2494 603 2564 9).
636 2494 711 2546 Ac
743 2495 836 2559 per
864 2489 965 2544 hoc
989 2487 1293 2557 quicumque
1323 2484 1430 2537 sine
1477 2482 1583 2553 lege
1611 2489 1940 2551 peccaverunt
1970 2521 1985 2546 ,

399 2588 490 2644 ilia
519 2584 726 2640 scilicet
754 2581 821 2636 de
850 2596 951 2652 qua
983 2577 1153 2634 Judari
1186 2575 1581 2647 gloriabantur,
1613 2573 1720 2628 sine
1749 2573 1856 2643 lege
1875 2589 1993 2641 per-

399 2681 539 2734 ibunt
563 2693 583 2742 ;
613 2686 659 2730 et
683 2674 981 2743 quicumque
1001 2671 1051 2724 in
1079 2670 1186 2740 lege
1205 2675 1529 2738 peccaverunt
1551 2709 1565 2734 ,
1592 2665 1744 2720 idest
1766 2665 1862 2736 ipsi
1893 2663 1990 2719 Ju-

400 2771 502 2828 drci
523 2813 539 2839 ,
571 2786 660 2839 per
688 2767 844 2839 legem
865 2764 1255 2837 jttdicabuntur.
1286 2760 1395 2816 Nec
1419 2759 1537 2816 ideo
1565 2773 1669 2814 non
1716 2759 1988 2828 peribunt,

407 2863 507 2917 nisi
550 2859 769 2915 credant
801 2858 851 2912 in
889 2871 1010 2910 eum
1038 2854 1126 2925 qui
1172 2853 1317 2907 venit
1358 2866 1600 2924 qualrere
1647 2849 1784 2920 quod
1816 2851 1991 2920 perie-

403 2963 488 3010 rat
521 2949 686 3022 (Luc.
721 2965 843 3013 xix,
869 2944 981 3019 lO).

478 3044 534 3101 3.
565 3039 814 3097 Nonnulli
842 3039 1039 3109 quippe
1074 3035 1234 3091 etiam
1262 3027 1510 3090 catholici
1557 3040 1906 3099 tractatores,
1941 3032 1993 3089 ih

410 3133 492 3191 his
521 3131 765 3204 Apostoli
805 3128 981 3184 verbis
1010 3127 1167 3182 aliter
1192 3121 1352 3196 quam
1383 3139 1441 3180 se
1466 3140 1554 3180 res
1584 3123 1774 3191 habet,
1807 3133 1995 3194 parum

405 3224 733 3282 attendendo
774 3230 1095 3293 sapuerunt,
1149 3228 1207 3273 ut
1234 3218 1475 3275 dicerent
1511 3218 1631 3273 illos
1681 3218 1855 3288 perire
1906 3221 1995 3291 qui

405 3321 524 3378 sine
556 3319 670 3390 lege
697 3323 1087 3383 peccaverunt;
1118 3312 1216 3368 hos
1237 3323 1415 3368 autem
1445 3311 1533 3384 qui
1560 3314 1612 3368 in
1648 3313 1765 3384 lege
1803 3329 1995 3384 pecca-

410 3424 638 3479 verunt,
660 3410 884 3483 iudicari
917 3407 1320 3473 tantummodo,
1352 3421 1458 3462 non
1487 3407 1662 3478 perire
1696 3425 1709 3461 :
1743 3416 1992 3478 tanquam

409 3525 505 3580 per
533 3521 721 3577 poenas
747 3502 1077 3560 transitorias
1103 3497 1391 3556 credantur
1415 3515 1534 3556 esse
1563 3501 1860 3572 purgandi,
1888 3501 1999 3557 sic-

409 3610 470 3656 ut
515 3592 604 3653 ille
631 3598 699 3653 de
726 3612 832 3668 quo
860 3596 1058 3652 dictmn
1084 3605 1166 3650 est
1187 3638 1200 3662 ,
1233 3593 1355 3666 Ipse
1377 3603 1545 3649 autem
1564 3595 1732 3649 salvus
1772 3595 1897 3664 erit,
1927 3596 1998 3651 sic

410 3705 581 3746 tamen
610 3688 758 3758 quasi
790 3704 876 3752 per
911 3687 1095 3758 ignem.
1138 3684 1244 3748 Sed
1291 3684 1394 3740 hoc
1436 3686 1628 3741 merito
1664 3673 1996 3743 fundamenti

409 3781 547 3838 bene
570 3779 905 3850 intelligitur,
931 3778 998 3832 de
1022 3791 1126 3849 quo
1155 3777 1344 3848 agebat
1373 3777 1680 3847 Apostolus,
1704 3788 1762 3833 ut
1786 3779 1889 3834 hoc
1914 3779 1996 3834 di-

405 3880 576 3930 ceret.
609 3871 867 3940 Superius
895 3870 1088 3940 quippe
1142 3869 1372 3936 dixerat,
1407 3865 1475 3924 Ut
1516 3871 1716 3937 sapiens
1746 3873 1996 3926 architec-

407 3973 485 4018 tus
543 3964 927 4036 fundamentum
972 3961 1118 4031 posui
1141 3979 1161 4026 ,-
1200 3962 1332 4016 alius
1368 3961 1738 4031 supertediﬁcat
1782 3979 1800 4016 :
1838 3980 1998 4019 unus-

398 4057 620 4127 quisque
647 4065 812 4108 autem
843 4053 1004 4107 rideat
1047 4053 1296 4122 quomodo
1335 4052 1728 4123 superwdiﬁcat.
1783 4053 2000 4109 Funda-

407 4161 636 4203 mentum
667 4145 797 4201 enim
825 4144 966 4198 aliud
1008 4160 1153 4198 nemo
1184 4153 1342 4215 potest
1369 4160 1554 4214 ponere
1580 4153 1760 4213 preter
1782 4146 1837 4200 id
1866 4147 1999 4216 quod

401 4239 640 4312 positum
668 4248 742 4293 est
766 4280 781 4306 ,
813 4235 950 4306 quod
976 4247 1046 4292 est
1071 4237 1300 4293 Christus
1322 4235 1476 4291 .lcsus
1497 4251 1518 4290 :
1542 4245 1594 4292 et
1615 4244 1809 4292 caetera
1834 4252 2000 4308 usque

413 4331 482 4390 ad
506 4332 757 4390 eumdem
785 4329 958 4387 locum
980 4371 994 4395 ,
1028 4331 1116 4386 ubi
1139 4346 1260 4386 eum
1291 4331 1426 4387 dixit
1452 4346 1545 4391 uer
1566 4331 1741 4403 ignem
1769 4332 1995 4399 salvari,

407 4426 499 4498 qui
529 4439 694 4496 super
717 4421 818 4478 hoc
848 4414 1250 4478 fundamentum
1269 4464 1284 4489 ,
1314 4437 1420 4478 non
1441 4422 1662 4491 aurum,
1684 4432 1997 4496 argentum,

399 4511 622 4589 lapides
648 4516 910 4588 pretiosos
930 4558 946 4583 ,
978 4516 1072 4570 sed
1095 4516 1254 4587 ligna,
1276 4516 1478 4581 fenum,
1501 4516 1750 4587 stipulam
1769 4518 2003 4574 mdilicat

417 4614 456 4681 (I
483 4611 605 4664 Cor.
652 4625 742 4675 ιιι,
788 4608 1014 4677 10-15);
1058 4623 1164 4662 non
1199 4616 1375 4662 tamen
1402 4609 1604 4678 respuit
1637 4624 1705 4665 ne
1741 4610 1998 4680 recipiat,

409 4720 509 4758 nec
545 4714 817 4773 receptum
847 4701 1043 4756 deserit
1080 4699 1518 4768 fundamentum;
1558 4700 1717 4772 idque
1757 4703 2003 4758 omnibus

411 4794 722 4849 carnalilms
757 4794 866 4846 suis
886 4832 902 4858 ,
929 4792 1120 4863 quibus
1145 4793 1356 4862 capitur
1378 4801 1536 4863 atque
1558 4793 1885 4857 succumbit,
1910 4794 2004 4850 de-

409 4886 792 4942 let-lationibus
822 4885 1094 4954 anteponit
1112 4926 1126 4949 ,
1160 4900 1280 4940 eum
1304 4885 1369 4940 ad
1393 4885 1531 4940 hunc
1557 4885 1842 4942 articulum
1870 4903 2003 4943 ven-

407 4973 526 5032 ἰιιιιι
549 4969 752 5043 luerit,
787 4985 842 5030 ut
871 4987 962 5030 aut
994 4977 1094 5031 illa:
1121 4977 1457 5046 deserantur,
1483 4987 1574 5034 aut
1601 4978 1881 5046 Christus;
1913 4979 2005 5035 ubi

412 5070 456 5123 si
491 5085 598 5122 non
631 5069 970 5138 anteponitur
1009 5067 1288 5136 Christus,
1319 5085 1423 5126 non
1456 5071 1529 5126 illi
1571 5079 1656 5127 est
1685 5070 2003 5128 fundamen-

415 5171 550 5214 tum.
580 5159 838 5214 Omnibus
877 5161 1076 5230 quippe
1105 5170 1388 5217 structurae
1425 5163 1812 5232 posterioribus
1839 5164 2003 5234 parti-

413 5249 515 5306 bus
548 5251 888 5321 anteponitur
915 5252 1338 5310 fundamentum.
1381 5253 1492 5310 Nec
1518 5257 1781 5328 cogitasse
1819 5255 2007 5313 exist-i-

415 5358 508 5398 mo
552 5357 645 5397 eos
684 5344 776 5414 qui
817 5349 1099 5400 senserunt
1129 5361 1232 5402 non
1266 5349 1441 5418 perire
1482 5347 1548 5404 de
1575 5349 1766 5420 quibus
1807 5349 2005 5409 dictum

419 5443 500 5491 est
527 5475 541 5500 ,
574 5432 677 5488 Per
708 5435 866 5506 legem
888 5437 1254 5508 judicabunlttr
1277 5482 1292 5508 ,
1327 5441 1427 5496 nisi
1451 5442 1570 5512 quia
1602 5439 2007 5500 fundamentmn

413 5519 624 5583 habent
649 5525 941 5582 Christum.
975 5528 1168 5586 Parum
1207 5547 1334 5604 ergo
1375 5534 1717 5592 attenderunt
1744 5538 1884 5608 quod
1911 5538 2008 5594 de-

413 5622 885 5688 monstravimus;
917 5631 1075 5694 atque
1104 5624 1217 5695 ipsa
1261 5626 1532 5697 Scriptura
1562 5630 1790 5698 clamat,
1821 5632 1888 5688 de
1911 5633 2009 5690 .lu-

422 5714 561 5770 da:is
613 5714 716 5770 hoc
766 5717 1080 5798 Apostolum
1134 5719 1349 5788 dicere,
1401 5722 1491 5791 qui
1535 5722 1651 5781 sine
1695 5725 2009 5785 tun-damen-

417 5817 478 5867 to
541 5815 668 5863 sunt.
721 5806 952 5866 Christo.
1015 5811 1143 5879 Quis
1189 5823 1363 5870 autem
1429 5813 1764 5884 Christianus
1817 5821 2012 5880 dixerit

1452 328 1849 390 ENARRATIO
1887 328 1956 387 ΙΝ
1991 327 2321 390 PSALMUM
2358 330 2588 413 CXVlll.

3540 343 3681 406 1576

2090 461 2196 502 ιιοη
2238 449 2412 518 perire
2461 449 2740 520 Judreum,
2786 454 2831 508 si
2875 467 2981 511 non
3031 455 3213 532 credat
3264 457 3318 514 in
3363 457 3670 528 Christum,

2084 539 2178 595 sed
2209 541 2574 600 tantummodo
2594 541 2821 616 judicari
2850 565 2862 601 :
2891 543 3012 604 cum
3034 547 3278 608 Christus
3304 547 3418 622 ipse
3443 550 3508 606 ad
3530 542 3676 607 eam-

2085 632 2206 716 dem
2238 645 2448 707 gentem
2474 680 2489 706 ,
2521 649 2740 710 propter
2778 643 2906 697 oves
2953 643 3072 713 qum
3101 641 3226 700 inde
3255 642 3562 716 perierant,
3610 651 3672 702 se

2087 715 2311 807 missum
2335 742 2449 772 uno
2476 737 2702 787 testetur
2733 732 2749 764 ¹
2784 729 2995 807 (Matth.
3028 750 3128 804 xv,
3173 715 3266 804 24)
3293 753 3310 803 ;
3340 743 3392 791 et
3425 736 3680 793 tolerabi-

2087 803 2193 864 lius
2215 807 2358 900 di'cat
2399 809 2634 866 futurum
2660 803 2953 882 ﬁodomitis
3003 826 3056 884 in
3082 803 3170 884 die
3206 826 3393 900 judicii
3417 870 3432 897 ,
3459 827 3548 900 qui
3578 829 3680 884 uti-

2089 915 2192 996 que
2223 898 2340 957 sine
2360 899 2481 972 lege
2503 902 2806 996 perierunt,
2832 917 2990 996 quam
3009 898 3220 977 unum
3243 919 3440 978 Judmm
3467 898 3586 996 qua:
3621 921 3676 978 in

2090 989 2211 1047 eum
2242 1007 2346 1048 non
2393 991 2620 1049 credidit
2667 1001 2813 1052 tanta
2859 995 3054 1057 virtute
3093 1012 3350 1070 mirabilia
3391 989 3678 1071 facientem

2092 1084 2200 1156 (Id.
2255 1104 2342 1156 XI,
2373 1083 2480 1157 es,
2508 1087 2642 1163 at)?

2161 1178 2214 1235 4.
2237 1179 2290 1235 Si
2317 1196 2445 1252 ergo
2484 1181 2773 1254 Apostolus
2795 1181 3090 1245 secundum
3131 1183 3304 1263 legem
3331 1208 3490 1267 quam
3533 1197 3670 1260 Deus

2077 1295 2186 1356 per
2210 1269 2424 1356 Moysen
2470 1285 2666 1354 populo
2695 1271 2857 1342 lsrael
2885 1273 3071 1357 dedit,
3100 1293 3310 1349 caeteris
3339 1304 3517 1351 autem
3545 1313 3682 1369 gen-

2094 1375 2231 1431 tibus
2252 1390 2356 1431 non
2381 1376 2550 1445 dedit,
2581 1378 2696 1434 sine
2723 1379 2840 1452 lege
2864 1380 3007 1438 dixit
3047 1398 3168 1442 esse
3189 1395 3420 1446 caeteras
3447 1401 3632 1462 gentes
3659 1409 3676 1460 ;

2090 1467 2217 1554 quid
2245 1467 2562 1526 intellecturi
2591 1486 2780 1529 sumus
2815 1473 2876 1529 in
2906 1475 3009 1532 isto
3038 1479 3244 1554 psalmo
3293 1481 3493 1540 dictum
3537 1501 3679 1555 esse,

2083 1551 2493 1644 .Prtevaticantes
2505 1565 2750 1621 testimoni
2772 1583 2942 1624 omnes
2971 1551 3255 1640 peceatores
3271 1582 3441 1646 terrae,
3471 1579 3573 1633 nisi
3602 1551 3683 1636 in;

2092 1652 2391 1725 telligamus
2411 1656 2638 1728 aliquam
2666 1657 2834 1731 legem
2862 1675 2968 1736 non
2995 1676 3091 1732 per
3112 1663 3330 1736 Moysen
3360 1668 3563 1735 datam,
3590 1687 3682 1728 se-

2091 1747 2324 1803 cundum
2365 1765 2523 1820 quam
2567 1760 2694 1806 sunt
2738 1754 3149 1822 prazvaricantes
3186 1767 3500 1818 exterarum
3543 1780 3680 1836 gen-

2097 1839 2224 1895 tium
2255 1844 2603 1912 peccatores?
2633 1843 2730 1899 Ubi
2765 1846 2896 1900 enim
2930 1845 3014 1901 lea:
3052 1864 3152 1919 non
3190 1859 3286 1916 est,
3311 1867 3405 1905 nec
3435 1857 3682 1923 praevari-

2095 1932 2248 1988 catio.
2275 1932 2403 2002 Qua:
2430 1934 2529 1990 ista
2555 1935 2640 1991 lex
2667 1944 2769 2003 est,
2797 1937 2899 1992 nisi
2926 1937 3063 1996 forte
3085 1939 3180 1996 illa
3197 1940 3274 1998 de
3299 1957 3403 2014 qua
3433 1944 3572 2001 idem
3599 1945 3684 2001 di-

2083 2025 2166 2094 _cit
2188 2026 2494 2097 apostolus,
2532 2024 2714 2082 Gentes
2743 2023 2856 2098 qua:
2881 2029 3040 2109 legem
3064 2047 3165 2086 non
3192 2033 3397 2100 habent,
3438 2036 3686 2091 naturali—

2095 2123 2169 2169 ter
2191 2132 2303 2187 qua:
2321 2115 2444 2188 legis
2477 2126 2592 2171 sunt
2618 2119 2844 2189 faciunt;
2873 2120 2924 2172 hi
2951 2122 3112 2191 legem
3154 2139 3257 2177 non
3285 2123 3520 2181 habentes
3543 2168 3558 2194 ,
3587 2129 3687 2198 ipsi

2079 2205 2187 2278 sibi
2207 2217 2323 2260 sunt
2352 2207 2433 2261 lex
2457 2207 2631 2280 (Rom.
2656 2225 2714 2272 ιι,
2743 2207 2810 2265 ill
2832 2209 2892 2281 )?
2923 2211 3227 2268 Secundum
3257 2214 3359 2272 hoc
3383 2232 3512 2290 ergo
3540 2219 3685 2290 quod

2095 2293 2244 2362 dicit,
2275 2294 2462 2368 Legem
2493 2314 2595 2353 non
2621 2299 2899 2367 habentes;
2929 2302 3045 2358 sine
3072 2302 3187 2375 lege
3213 2317 3584 2376 peccaverunt,
3631 2318 3686 2366 et

2089 2385 2212 2442 'sine
2237 2386 2356 2459 lege
2380 2388 2629 2459 peribunt
2659 2409 2672 2444 :
2706 2392 3000 2449 secundum
3031 2394 3082 2450 id
3124 2412 3249 2452 vero
3274 2397 3416 2468 quod
3447 2400 3539 2466 ait,
3573 2399 3686 2471 Ipsi

2095 2475 2191 2534 sibi
2216 2489 2335 2534 sunt
2359 2482 2443 2536 lex
2471 2497 2492 2547 ;
2521 2498 2625 2539 non
2654 2483 2923 2541 immerito
2949 2488 3387 2556 prtevaricatores
3413 2492 3685 2547 :estima-u-

2098 2577 2185 2625 tur
2221 2586 2409 2628 omnes
2438 2584 2745 2644 peceatores
2791 2585 2967 2632 terrae.
2996 2577 3181 2634 Nullus
3210 2580 3352 2635 enim
3379 2591 3459 2637 est
3485 2583 3572 2653 qui
3603 2582 3685 2638 fa-

2098 2663 2204 2718 ciat
2225 2664 2376 2720 alteri
2402 2665 2670 2736 injuriam,
2704 2669 2806 2724 nisi
2836 2669 2922 2739 qui
2953 2667 3067 2725 ﬁeri
3097 2671 3230 2726 nolit
3255 2672 3355 2727 sibi
3383 2691 3395 2728 :
3425 2683 3480 2729 et
3507 2674 3558 2729 in
3581 2674 3688 2736 hoc

2101 2759 2484 2831 transgreditur
2509 2771 2713 2818 natura:
2744 2763 2938 2836 legem,
2967 2781 3128 2837 quam
3159 2782 3266 2823 non
3305 2768 3496 2824 sinitur
3525 2771 3682 2842 igno-

2085 2865 2240 2921 rare,
2279 2851 2408 2908 dum
2439 2853 2490 2908 id
2533 2855 2675 2926 quod
2706 2855 2832 2912 facit
2859 2872 2966 2912 non
2996 2859 3106 2913 vult
3130 2859 3259 2929 pati.
3300 2859 3567 2933 Numquid
3593 2878 3689 2918 a-u-

2100 2949 2206 2998 tem
2229 2943 2316 2999 lex
2346 2945 2444 3000 ista
2473 2947 2729 3003 naturalis
2757 2963 2861 3004 non
2879 2958 2996 3005 erat
3019 2951 3073 3006 in
3102 2952 3298 3022 populo
3326 2951 3489 3008 Israel
3513 2953 3536 3006 ?
3562 2954 3691 3016 Erat

2100 3035 2280 3106 plane,
2308 3028 2558 3108 quoniam
2580 3048 2634 3094 et
2663 3039 2762 3111 ipsi
2792 3041 3038 3098 homines
3063 3052 3216 3099 erant
3243 3061 3257 3098 :
3287 3045 3402 3100 sine
3446 3046 3564 3116 lege
3588 3063 3689 3102 au-

2103 3136 2208 3183 tem
2239 3131 2464 3186 naturali
2489 3142 2694 3200 essent,
2723 3133 2769 3188 si
2792 3142 2985 3203 praeter
3008 3143 3253 3191 natur-am
3276 3136 3494 3193 humani
3523 3154 3691 3208 gene-

2100 3219 2174 3274 ris
2204 3235 2322 3276 esse
2369 3222 2685 3292 potuissent.
2737 3224 2904 3281 Multo
2947 3225 3112 3298 magis
3157 3242 3285 3300 ergo
3313 3229 3692 3300 praevaricato-

2101 3326 2190 3366 res
2231 3311 2355 3367 lacti
2382 3314 2645 3388 suntlege
2686 3313 2884 3383 divina,
2914 3334 3016 3388 qua
3046 3319 3299 3376 naturalis
3341 3321 3428 3377 illa
3470 3321 3694 3379 sive-ins
3725 3359 3738 3375 κ

2100 3413 2354 3472 staurata,
2385 3407 2496 3463 sive
2516 3417 2692 3477 aucta,
2723 3410 2834 3466 sive
2863 3411 3069 3468 lirmata
3093 3422 3198 3468 est.

2169 3496 2489 3555 5.1amvero
2509 3500 2619 3554 siin
2648 3501 2896 3557 Omnibus
2923 3504 3290 3573 peccatoribus
3318 3513 3592 3562 terraeneu
3611 3508 3695 3563 in-

2099 3589 2664 3661 congruedeputantur
2676 3600 2728 3648 et
2743 3594 2966 3663 parvuli,
2981 3579 3699 3668 proptenoﬁginalisvincula

2101 3683 2334 3752 peccati,
2359 3683 2516 3737 etiam
2537 3684 2634 3754 ipsi
2668 3685 2717 3739 in
2736 3675 3076 3742 similitudine
3098 3687 3548 3758 prasvaricationis
3567 3687 3701 3743 Adae

2095 3771 2215 3846 '(ld.
2240 3776 2422 3848 v.14),
2456 3777 2523 3832 ad
2551 3779 2692 3833 illam
2730 3779 3216 3848 praavaricatiouem
3239 3782 3510 3849 pertinere
3545 3794 3702 3836 mon-

2102 3878 2359 3937 strantur,
2389 3887 2525 3939 quae,
2557 3869 2679 3925 data
2706 3870 2821 3941 lege
2850 3870 2903 3925 in
2929 3869 3196 3942 paradiso,
3219 3869 3388 3942 prima
3413 3869 3700 3927 commissa

2095 3970 2185 4036 est
2203 3959 2350 4031 (Gen.
2371 3977 2447 4028 ιιι,
2466 3962 2518 4030 6)
2539 3979 2550 4014 :
2569 3976 2630 4016 ac
2652 3976 2747 4032 per
2762 3960 2864 4016 hoc
2881 3970 3044 4029 recte,
3061 3962 3204 4016 nullo
3217 3975 3435 4031 prorsus
3450 3968 3696 4031 excepto,

2106 4054 2540 4124 prtevaricatores
2582 4055 2908 4109 aestimantur
2941 4070 3128 4110 omnes
3166 4061 3476 4127 peccatores
3517 4062 3694 4110 terras.

2111 4144 2295 4200 Omnes
2325 4153 2500 4200 autem
2529 4155 2873 4218 peccaverunt,
2917 4157 2961 4201 et
2988 4155 3129 4219 egent
3165 4145 3330 4219 gloria
3359 4144 3476 4202 Dei.
3498 4143 3699 4202 Omnes

2106 4238 2265 4309 igitur
2287 4241 2692 4312 praevaricautes
2713 4241 2880 4313 gratia
2895 4242 3184 4299 Salvatoris
3203 4241 3424 4309 invenit,
3439 4242 3576 4298 alios
3587 4257 3702 4310 ma-

2107 4336 2207 4406 gis,
2232 4334 2366 4390 alios
2378 4333 2574 4388 minus.
2589 4332 2797 4401 Quanto
2807 4335 2949 4390 enim
2961 4335 3090 4406 legis
3102 4335 3272 4406 major
3288 4335 3340 4390 in
3367 4350 3703 4406 quocumque

2094 4426 2360 4497 cognitio,
2391 4434 2537 4480 tanto
2566 4426 2741 4481 minor
2783 4426 2986 4497 peccati
3018 4426 3291 4494 excusatio
3319 4443 3332 4481 :
3364 4435 3563 4499 quanto
3587 4427 3702 4482 sni-

2095 4533 2215 4586 nor
2238 4518 2440 4589 peccati
2465 4518 2737 4574 excusatio
2764 4520 2784 4550 ³
2806 4561 2820 4586 ,
2855 4528 2998 4575 tanto
3026 4518 3356 4574 manifestior
3383 4519 3703 4589 prmvarica-

2107 4612 2204 4666 tio.
2237 4611 2492 4667 Restabat
2515 4627 2663 4683 ergo,
2689 4621 2744 4667 ut
2767 4612 3013 4668 omnibus
3039 4611 3059 4642 ³
3092 4626 3196 4667 non
3224 4626 3339 4678 sua,
3366 4610 3460 4667 sed
3488 4610 3580 4666 Dei
3597 4651 3615 4676 ,
3649 4610 3704 4666 id

2110 4711 2192 4760 est
2217 4719 2247 4756 a
2289 4702 2399 4759 Deo
2424 4703 2638 4771 donata,
2687 4704 2891 4775 justitia
2919 4704 3245 4761 subveniret.
3277 4701 3432 4758 Unde
3456 4701 3528 4755 ait
3554 4701 3704 4772 Apo-

2109 4798 2279 4854 stolus
2308 4816 2320 4851 :
2364 4796 2468 4853 Per
2491 4799 2649 4870 legem
2689 4800 2904 4872 cognitio
2932 4800 3140 4870 peccati.
3169 4797 3286 4852 Non
3312 4810 3439 4866 ergo
3461 4793 3662 4851 ablatio
3685 4836 3702 4862 ,

2109 4889 2204 4946 sed
2230 4891 2472 4962 cognitio.
2500 4889 2661 4946 .N-unc
2681 4903 2850 4946 autem
2874 4893 2982 4946 sine
3008 4891 3134 4960 lege,
3169 4887 3358 4958 inquit,
3375 4886 3582 4958 justitia
3600 4884 3704 4942 Dei

2110 4984 2435 5055 manifestata
2452 4994 2545 5052 est,
2563 4986 2828 5054 testiﬁcata
2851 5001 2939 5055 per
2954 4983 3135 5055 Legem
3149 4990 3196 5036 et
3215 4979 3504 5052 Pmphetas
3521 4979 3701 5051 (Rom.

2112 5090 2191 5141 Ill,
2218 5074 2392 5132 20-25
2412 5076 2453 5148 ).
2478 5076 2708 5132 Proinde
2735 5078 2898 5132 etiam
2925 5076 3029 5131 iste
3054 5072 3329 5144 subiunxit
3360 5089 3372 5128 :
3398 5071 3701 5143 Propterea,

2112 5167 2299 5239 inquit,
2335 5169 2490 5223 dilati
2521 5169 2804 5225 testimonia
2849 5178 2955 5223 tua.
2990 5167 3261 5236 Tanquam
3289 5163 3493 5220 diceret
3523 5164 3706 5232 :Quo-

2105 5262 2256 5316 niam
2283 5262 2369 5318 lex
2396 5263 2510 5319 sive
2532 5263 2584 5318 in
2603 5262 2850 5333 paradiso
2867 5262 3009 5330 data,
3039 5261 3154 5318 sive
3184 5260 3498 5316 naturaliter
3525 5261 3705 5327 insita,

2112 5353 2228 5411 sive
2270 5355 2322 5411 in
2354 5356 2542 5411 litteris
2568 5357 2918 5428 promulgata,
2945 5353 3392 5426 praevaricatores
3421 5353 3546 5410 fecit
3573 5365 3708 5409 =om-

2116 5464 2215 5506 nes
2239 5458 2546 5521 peccatores
2575 5459 2728 5508 terrae
2745 5467 2760 5518 ;
2780 5450 3063 5523 Propterea
3086 5448 3246 5504 dilexi
3292 5449 3577 5504 testimonia
3601 5456 3708 5510 tua,

2183 5584 2198 5616 ί
2226 5591 2298 5634 ttr.
2325 5590 2457 5642 ιον..
2475 5590 2704 5648 testatur;
2729 5587 2975 5639 remissius
3000 5594 3046 5639 et
3068 5584 3386 5644 tolerabilius,
3403 5579 3712 5644 etc—Lugd.

2117 5655 2271 5710 Vena,
2285 5653 2512 5708 testatur;
2537 5656 2583 5700 et
2609 5648 2855 5702 remissius
2877 5650 3255 5710 “tolerabilius,
3277 5657 3381 5700 etc.
3461 5651 3536 5710 μ.

2117 5711 2199 5825 ἅθ’
2229 5708 2453 5774 Plerique
2474 5705 2583 5762 tiss.
2607 5713 2863 5776 omittunt,
2889 5722 3072 5780 quanto
3107 5705 3264 5772 ntinor
3304 5705 3492 5775 peccati
3509 5717 3716 5760 excusa-

2186 5834 2208 5867 ³
2230 5839 2337 5885 Mss.
2359 5847 2510 5900 [ιι-ονε
2534 5835 2721 5901 omnes,
2748 5845 2797 5890 ut
2816 5839 3097 5892 honiinitms.

3257 5942 3311 5958 -_'...
