4188 6452
580 384 721 444 1575

582 560 782 665 justitia
830 602 968 651 mea,
1014 560 1109 639 sed
1135 590 1245 638 tua.
1279 578 1387 632 Lex
1418 573 1561 628 enim
1606 568 1672 624 ad
1698 566 1801 621 hoc
1847 560 2081 634 prodest,
2113 565 2172 612 ut

584 652 758 742 mittat
786 682 852 737 ad
880 678 1123 751 gratiam.
1166 673 1281 728 Non
1325 668 1497 726 solum
1526 662 1671 721 enim
1720 656 1863 731 quod
1890 652 2169 751 attestatur

586 744 985 833 manifestandae
1008 766 1226 837 iustitiae
1253 761 1369 827 Dei,
1401 774 1518 831 qua:
1544 757 1667 837 sine
1682 752 1797 837 tcse
1819 744 1910 837 ἐει
1934 746 2168 837 ςῃνεξιιηι

758 824 1026 932 vlidqipso'
1043 857 1186 931 quod
1214 824 1619 927 pravas-icalltes
1635 832 1787 932 lit-Cll,
1818 830 1979 932 ll:
2004 824 2168 881 etiam

586 917 763 1014 libera
808 917 1019 1010 acetiam
1037 917 1146 1018 ςἐιδ
1174 917 1525 991 viviﬁcantem
1557 924 1815 997 Spiritum
1845 918 1909 993 (ll
1934 917 2052 974 Cor.
2089 931 2166 983 ιιι,

581 1051 638 1120 6)
673 1048 955 1117 confugero
986 1034 1177 1090 timore
1212 1024 1505 1097 compellit,
1526 1035 1621 1093 per
1644 1031 1802 1120 quem
1823 1020 2167 1116 peccatorum

836 1101 1171 1187 iiniversitas,
1203 1128 1258 1175 et
1286 1123 1430 1173 recte
1458 1113 1719 1168 laetorum
1745 1104 1977 1162 charitas
2003 1101 2170 1171 inspi-

761 1243 773 1279 :
805 1222 1103 1290 Propterea,
1151 1210 1342 1283 inquit,
1389 1205 1545 1261 dilexi
1590 1198 1873 1256 testimonia
1899 1205 2004 1250 tua.
2034 1191 2167 1261 Qui-

579 1320 700 1374 dam
729 1284 939 1371 codices
960 1311 1176 1372 habent,
1199 1317 1413 1373 semmzr,
1439 1295 1655 1369 quidam
1682 1306 1790 1347 non
1818 1288 2039 1344 habent.
2060 1284 2169 1343 Sed

580 1411 625 1466 si
652 1418 753 1474 est,
786 1406 862 1461 sic
887 1397 1251 1472 accipiendum
1279 1402 1361 1449 cst
1380 1405 1596 1459 semper,
1627 1394 1684 1441 ut
1709 1385 1786 1441 sic
1817 1380 2163 1451 intelligatur,

581 1499 845 1571 Quamdiu
871 1496 959 1550 lilc
986 1491 1199 1548 vivitur.
1229 1486 1323 1541 llic
1343 1491 1467 1539 sunt
1487 1480 1629 1537 enim
1645 1473 1948 1533 testimonia
1975 1486 2167 1528 neces-

581 1563 738 1657 saria,
784 1590 850 1644 de
878 1587 1019 1658 Lege
1047 1591 1103 1639 et
1130 1574 1431 1647 Prophetis,
1473 1568 1774 1627 attestantia
1800 1564 2020 1637 justitire
2046 1563 2166 1629 Dei,

581 1701 685 1757 qua
707 1655 1057 1755 justiﬁcamur
1082 1670 1245 1745 gratis
1275 1686 1287 1722 :
1316 1668 1402 1722 hic
1421 1672 1546 1721 sunt
1568 1672 1623 1719 et
1648 1669 1831 1715 nostra
1858 1655 2164 1713 testimonia

582 1746 903 1836 necessaria,
940 1783 1037 1839 pro
1064 1764 1256 1836 quibus
1302 1760 1472 1830 ipsam
1503 1770 1623 1827 qua:
1652 1752 1741 1807 hic
1767 1749 1973 1821 agitur,
2004 1746 2167 1803 vitam

583 1875 844 1937 martyres
869 1861 1142 1916 ﬁnierunt.

655 1932 885 2029 6.'[vers.
916 1948 1065 2023 120.]
1095 1946 1315 2019 Cognita
1347 1943 1526 2012 itaque
1554 1940 1648 1995 Dci
1674 1937 1863 2009 gratia,
1909 1949 2029 2005 qua:
2054 1932 2168 1988 sola

585 2052 829 2107 liberata
858 2041 1313 2116 praevaricatione,
1344 2050 1465 2107 quae
1512 2033 1644 2104 legis
1669 2029 1973 2101 cognitione
2014 2042 2169 2083 com-

585 2142 833 2207 mittitur,
863 2134 1067 2195 orando
1088 2132 1217 2187 dicit
1248 2148 1260 2184 :
1290 2127 1498 2198 Conﬁge
1526 2124 1680 2180 clavis
1699 2141 1731 2177 a
1750 2123 1927 2177 timore
1961 2129 2046 2174 tuo
2064 2135 2173 2173 car-

585 2252 673 2291 nes
715 2248 869 2287 meas.
909 2229 998 2286 Sic
1023 2225 1166 2282 enim
1193 2219 1499 2291 expressius
1525 2214 1863 2286 interpretati
1903 2221 2026 2269 sunt
2056 2211 2172 2282 qui-

586 2326 707 2382 dam
737 2321 921 2385 nostri,
951 2317 1089 2389 quod
1106 2329 1280 2387 grzece
1302 2327 1408 2368 uno
1434 2310 1602 2365 verbo
1622 2308 1728 2364 dici
1757 2307 1951 2378 potuit,
1980 2305 2034 2361 id
2060 2312 2167 2373 est,

588 2425 870 2477 καθήλωσον.
900 2411 1012 2465 Hoc
1051 2409 1140 2463 alii
1170 2407 1369 2477 conﬁge
1408 2403 1589 2459 dicere
1616 2401 1920 2466 voluerunt,
1950 2412 2051 2454 nec
2075 2396 2172 2452 ad-

587 2508 834 2564 diderunt
864 2502 1058 2566 clavis;
1102 2508 1260 2569 atque
1309 2498 1380 2552 ita
1431 2494 1557 2551 dum
1609 2492 1795 2548 volunt
1844 2504 1951 2546 uno
2008 2489 2174 2544 verbo

588 2615 763 2672 grmco
790 2611 953 2653 unum
998 2593 1220 2648 latinum
1250 2584 1652 2658 interpretando
1680 2581 1927 2649 reddere,
1957 2588 2175 2637 sentcn-

588 2693 716 2749 tiam
762 2690 938 2746 minus
962 2686 1361 2756 explicaverunt
1392 2698 1405 2735 :
1451 2679 1703 2751 quoniam
1735 2676 1788 2732 in
1831 2690 1896 2731 eo
1925 2672 2065 2746 quod
2092 2681 2176 2729 est

590 2786 803 2857 conﬁge,
837 2797 943 2835 non
988 2786 1180 2834 sonant
1203 2775 1377 2841 clavi;
1407 2782 1670 2834 καθήλωσον
1697 2778 1874 2825 autem
1904 2768 2022 2824 sine
2061 2766 2175 2822 cla-

591 2880 673 2933 vis
698 2874 916 2944 intelligi
944 2888 1051 2927 non
1078 2879 1273 2943 potest,
1304 2882 1404 2923 nec
1430 2866 1531 2922 nisi
1559 2864 1767 2920 duobus
1809 2862 1987 2919 verbis
2014 2860 2178 2917 latine

592 2970 698 3027 dici
728 2976 921 3039 potest,
968 2966 1105 3021 sicut
1128 2964 1328 3019 dictum
1354 2968 1458 3028 est,
1481 2959 1679 3029 conﬁge
1701 2956 1875 3010 clavis.
1923 2953 2023 3011 Ubi
2051 2952 2176 3024 quid

591 3064 705 3118 vult
732 3060 973 3129 intelligi,
1011 3057 1113 3113 nisi
1142 3054 1284 3126 quod
1334 3054 1408 3107 ait
1459 3049 1749 3122 Apostolus
1796 3066 1808 3102 :
1842 3045 1973 3101 Mihi
2011 3054 2180 3100 autem

592 3156 722 3210 absit
750 3152 978 3225 gloriari,
1003 3149 1100 3204 nisi
1127 3148 1180 3202 in
1209 3161 1355 3201 cruce
1382 3142 1591 3199 Domini
1619 3140 1777 3195 nostri
1801 3138 1928 3194 Jesu
1950 3137 2139 3193 Christi
2158 3151 2178 3201 ,°

593 3264 682 3320 per
720 3261 869 3316 quem
920 3241 1045 3296 mihi
1092 3239 1311 3293 mundus
1350 3235 1622 3305 cruciﬁxus
1649 3242 1743 3300 est,
1782 3240 1829 3287 et
1859 3246 1949 3302 ego
1987 3228 2178 3284 mundo

596 3339 615 3409 (
640 3336 809 3392 Galat.
840 3350 916 3400 vr,
948 3330 1094 3405 1L)?
1122 3331 1187 3386 Et
1223 3329 1417 3385 iterum
1446 3345 1458 3380 :
1490 3325 1713 3392 Christo,
1736 3322 1924 3394 inquit,
1951 3321 2181 3390 conﬁxus

596 3447 707 3486 sum
730 3430 906 3491 cruci;
931 3428 1041 3480 vivo
1082 3432 1248 3477 autent
1288 3424 1394 3488 iam
1435 3436 1536 3473 non
1574 3434 1687 3490 ego,
1716 3416 1832 3471 vivit
1872 3430 1987 3470 vero
2013 3414 2067 3467 in
2103 3430 2180 3467 me

598 3521 826 3577 Christus
855 3517 972 3591 (Id.
1017 3532 1076 3582 ιι,
1107 3514 1174 3569 19
1198 3555 1211 3579 ,
1238 3513 1308 3567 ΞΟ
1328 3512 1372 3580 ).
1418 3509 1569 3579 Quod
1598 3507 1724 3579 quid
1754 3515 1837 3562 est
1864 3504 2027 3569 aliud,
2055 3503 2178 3568 nisi,

558 3656 564 3681 ι
598 3615 716 3671 Νοιι
750 3620 833 3669 est
857 3611 910 3665 in
948 3624 1034 3665 me
1056 3606 1259 3678 justitia
1286 3619 1426 3668 mea,
1466 3618 1585 3673 quae
1610 3617 1673 3656 ex
1703 3600 1821 3670 lege
1849 3608 1952 3664 est,
2000 3600 2052 3655 in
2078 3612 2184 3667 qua

600 3704 975 3779 praevaricator
1012 3699 1232 3756 effectus
1270 3712 1422 3760 sum;
1464 3694 1559 3751 sed
1600 3692 1802 3764 justitia
1850 3691 1965 3757 Dei,
1998 3688 2052 3745 id
2077 3698 2179 3754 est,

600 3812 721 3868 qua:
746 3794 877 3851 mihi
903 3808 968 3849 ex
999 3792 1111 3847 Deo
1140 3797 1223 3845 est
1248 3788 1267 3860 (
1292 3788 1523 3858 Philipp.
1570 3800 1649 3851 ιιι,
1677 3783 1750 3856 9)
1777 3824 1792 3850 ,
1830 3796 1934 3837 non
1961 3796 2026 3837 ex
2056 3780 2185 3836 me?

601 3890 691 3947 Sic
714 3889 910 3959 quippe
935 3887 989 3941 in
1016 3899 1102 3941 me
1130 3882 1261 3937 vivit
1285 3923 1299 3945 ,
1326 3896 1431 3936 non
1462 3895 1561 3951 ego
1583 3921 1598 3947 ,
1630 3877 1721 3935 sed
1748 3876 2013 3944 Christus,
2048 3895 2068 3929 ‹
2096 3876 2187 3946 qui

604 3985 774 4041 factus
801 3990 886 4039 est
908 3980 1061 4036 nobis
1087 3977 1345 4048 sapientia
1362 3990 1392 4030 a
1413 3975 1545 4041 Deo,
1567 3981 1622 4030 et
1642 3972 1842 4043 justitia
1859 4014 1874 4037 ,
1903 3979 1959 4027 et
1985 3969 2186 4026 sancti-

605 4076 814 4141 ﬁcatio,
849 4085 903 4130 et
926 4070 1264 4143 redemptio:
1309 4079 1389 4136 ut,
1436 4064 1881 4138 quemadmodum
1933 4064 2188 4133 scriptum

606 4177 707 4230 cst,
738 4166 836 4233 Qui
862 4165 1135 4235 gloriatur,
1168 4162 1220 4216 in
1247 4159 1471 4215 Domino
1496 4158 1748 4228 glorietur
1780 4175 1799 4209 ι
1822 4153 1866 4228 (ι
1896 4155 2015 4211 Cor.
2044 4154 2187 4220 1,50,

605 4257 718 4328 '51).
741 4258 869 4312 Item
896 4255 1041 4322 dicit,
1076 4272 1094 4307 s
1126 4251 1225 4320 Qui
1246 4259 1422 4306 autem
1440 4257 1563 4303 sunt
1584 4247 1709 4303 Jesu
1732 4245 1943 4311 Christi,
1975 4259 2191 4299 carnem

609 4350 985 4404 crueiﬁxerunt
1036 4360 1157 4401 cum
1208 4342 1542 4413 passionibus
1595 4347 1649 4394 et
1694 4335 2135 4407 concupiscentiis
2166 4353 2185 4387 ι

612 4438 824 4514 (Galat.
855 4453 907 4504 ν,
929 4436 1062 4507 24).
1107 4434 1238 4490 Cum
1289 4434 1377 4487 liic
1401 4432 1598 4486 dictum
1643 4428 1871 4499 sitquod
1910 4427 2007 4497 ipsi
2032 4425 2194 4479 cruci-

613 4533 830 4601 ﬁxerunt
855 4543 1055 4582 carnem
1096 4542 1261 4591 suam,
1299 4524 1350 4578 in
1377 4524 1477 4578 isto
1507 4530 1681 4576 tamen
1711 4519 1917 4590 psalmo
1947 4518 2085 4572 Deus
2107 4531 2194 4572 ro-

612 4630 767 4693 gatur
789 4626 847 4674 ut
872 4617 922 4673 id
951 4617 1125 4681 faciat,
1152 4615 1239 4670 cui
1277 4614 1470 4669 dicitur
1491 4655 1505 4679 ,
1538 4611 1746 4682 Conﬁge
1772 4609 1926 4664 clavis
1949 4624 1981 4662 a
2019 4609 2195 4663 timore

617 4724 705 4768 tuo
746 4727 921 4766 carnes
961 4725 1098 4763 meus
1120 4723 1139 4772 ;
1168 4714 1223 4762 ut
1266 4705 1621 4775 intelligamus
1660 4702 1818 4757 etiam
1862 4699 1915 4756 id
1940 4700 2080 4772 quod
2107 4715 2195 4755 re-

615 4815 703 4860 ete
747 4803 1007 4866 iacimus,
1056 4798 1239 4870 gratim
1282 4797 1377 4852 Dei
1422 4810 1544 4852 esse
1583 4792 1956 4860 tribuendum,
2000 4792 2089 4863 qui
2142 4791 2196 4846 in

617 4895 772 4952 nobis
815 4901 1065 4964 operatur
1090 4900 1146 4947 et
1174 4890 1310 4946 velle
1348 4896 1405 4945 et
1448 4886 1660 4958 Operari
1684 4928 1697 4951 ,
1728 4901 1826 4957 pro
1851 4884 1989 4941 bona
2013 4884 2198 4941 volun-

617 4998 727 5045 tate
755 4986 1025 5060 (Philipp.
1056 5001 1111 5047 tt,
1147 4983 1272 5055 13).
1996 4966 2005 4980 ’

691 5080 870 5138 7.Scd
897 5079 1025 5151 quid
1060 5077 1161 5134 sibi
1184 5078 1319 5144 vult,
1364 5075 1504 5148 quod
1546 5090 1666 5131 cum
1708 5074 1962 5138 dixisset,
1994 5072 2202 5145 Conﬁge

622 5174 776 5227 clavis
802 5188 832 5225 a
856 5172 1031 5225 timore
1052 5180 1136 5225 tuo
1157 5186 1331 5224 carnes
1358 5184 1495 5223 meas
1516 5186 1536 5235 ;
1557 5165 1777 5230 addidit,
1801 5182 1831 5219 a
1843 5165 2048 5236 iudiciis
2069 5167 2202 5221 enim

625 5263 723 5317 tuis
752 5262 938 5316 timui?
965 5260 1101 5330 Quid
1121 5269 1223 5325 est,
1242 5260 1451 5332 Conﬁge
1469 5275 1500 5312 (ι
1517 5260 1694 5313 timore
1716 5268 1799 5312 tuo
1822 5275 1841 5323 ;
1863 5259 2004 5311 timui
2027 5257 2158 5311 enim
2180 5259 2204 5311 ?

627 5354 683 5412 Si
710 5354 821 5424 jam
852 5352 1119 5419 timuerat,
1148 5352 1233 5407 vel
1263 5352 1500 5415 timebat,
1529 5366 1623 5406 cur
1647 5349 1842 5416 adhuc,
1873 5357 1931 5404 ut
1957 5364 1985 5402 a
2016 5348 2205 5403 timore

627 5461 725 5504 suo
758 5445 896 5500 Deus
924 5443 1255 5512 cruciﬁgeret
1299 5459 1487 5500 carnes
1515 5443 1628 5515 ejus
1647 5484 1661 5509 ,
1691 5441 1922 5497 orabat?
1968 5442 2048 5495 An
2083 5439 2205 5494 addi

592 5618 595 5621 Α
627 5540 727 5619 sibi
774 5535 987 5592 volebat
1029 5534 1271 5590 timorem
1294 5578 1309 5603 ,
1353 5544 1409 5590 ut
1459 5544 1660 5590 tantum
1692 5535 1923 5601 timeret,
1954 5540 2207 5604 quantum

628 5630 899 5685 sufﬁceret
917 5625 1285 5696 cruciﬁgendis
1313 5626 1422 5681 suis
1450 5628 1697 5681 carnibus
1721 5668 1735 5693 ,
1767 5626 1819 5681 id
1849 5636 1930 5682 est
1954 5626 2208 5695 concupi-

628 5725 845 5781 scentiis
891 5721 1268 5792 allectibusque
1313 5719 1653 5776 carnalibus:
1704 5731 1951 5791 tanquam
1987 5720 2209 5784 dicens,

630 5816 835 5882 Perﬁce
873 5813 926 5879 in
954 5829 1040 5872 me
1084 5812 1329 5879 timorem
1375 5820 1559 5881 tuum;
1603 5812 1752 5875 timui
1778 5813 1920 5873 enim
1946 5812 2213 5890 ajudiciis

1820 351 1877 408 S.
1917 341 2284 406 AUGUSTINI
2319 343 2622 407 EPISCOPI

2442 244 2515 261 ευ.

3706 352 3829 414 15⁸16

2276 459 2417 516 tuis?
2449 461 2554 517 Sed
2588 469 2671 517 est
2696 461 2783 517 hic
2824 461 2962 517 alius
2986 461 3145 518 altior
3174 474 3387 529 sensus.
3428 470 3675 536 quantum
3700 464 3829 524 Dens

2274 554 2457 612 donat,
2483 561 2719 602 scrutato
2759 553 2882 601 sinu
2906 545 3196 617 Scriptura:
3223 546 3385 619 hujus
3403 550 3678 608 eruendus.
3706 555 3834 611 Con-

2274 638 2395 710 ﬁge,
2421 638 2611 708 inquit,
2640 638 2796 695 clavis
2819 655 2852 693 a
2873 638 3051 694 timore
3078 648 3166 693 tuo
3190 655 3367 695 carnes
3394 657 3568 708 meas;
3592 660 3624 697 a
3642 644 3835 715 judiciis

2274 732 2408 785 enim
2434 730 2533 784 tuis
2552 730 2698 784 timui
2726 745 2744 785 :
2769 729 2872 786 hoc
2894 740 2996 798 est,
3024 746 3056 786 a
3087 732 3277 788 timere
3297 740 3390 789 tuo
3413 743 3581 805 casto,
3606 737 3694 808 qui
3717 726 3833 810 per?

2273 832 2457 880 manet
2477 822 2532 878 in
2559 822 2812 879 saeculum
2841 824 3021 880 seculi
3050 821 3071 897 (
3088 821 3234 879 Psal.
3268 841 3419 891 xvtn,
3447 826 3553 900 10)
3578 869 3594 896 ,
3618 832 3851 901 carnalia,

2274 932 2395 974 mea
2422 916 2685 973 desideria
2724 915 3171 987 comprimantur;
3198 933 3232 971 a
3250 918 3459 989 judiciis
3501 920 3635 975 enim
3662 924 3753 980 tuis
3778 924 3840 980 ti-

2275 1010 2403 1077 mui,
2430 1024 2551 1067 eum
2580 1009 2708 1066 mihi
2734 1010 2821 1067 lex
2859 1010 3153 1068 minaretur
3176 1026 3413 1083 poenam,
3452 1029 3575 1085 quae
3598 1016 3721 1072 mihi
3743 1034 3841 1078 non
3902 993 3909 1011 ἶ

2277 1111 2488 1175 poterat
2513 1102 2643 1159 dare
2665 1102 2943 1174 justitiam.
2972 1102 3079 1160 Sed
3103 1102 3246 1159 hunc
3272 1103 3517 1161 timorem
3533 1146 3550 1172 ,
3581 1121 3683 1178 quo
3695 1123 3841 1180 poma

2277 1195 2533 1251 metuitur
2551 1236 2568 1263 ,
2595 1202 2963 1251 consummata
2991 1194 3221 1251 charitas
3249 1194 3395 1250 fora's
3422 1196 3587 1252 mittit
3612 1196 3839 1269 (Ucan.

2277 1301 2351 1353 iv,
2386 1284 2526 1358 18);
2557 1301 2678 1357 qua:
2730 1299 2838 1341 non
2884 1285 3077 1341 timore
3121 1300 3329 1355 preme,
3376 1286 3469 1342 sed
3511 1287 3843 1351 delectatione

2271 1377 2492 1448 justitia:
2535 1377 2733 1435 liberos
2761 1376 2959 1434 reddit.
2988 1376 3173 1433 Timor
3198 1393 3429 1450 namque
3453 1379 3556 1435 iste
3579 1422 3595 1449 ,
3620 1395 3722 1453 quo
3746 1398 3843 1442 non

2274 1476 2485 1524 amatur
2506 1468 2710 1538 justitia
2730 1510 2748 1535 ,
2778 1468 2872 1524 sed
2900 1468 3118 1525 timetur
3141 1484 3298 1541 poena
3323 1510 3337 1534 ,
3366 1470 3581 1527 servilis
3608 1481 3707 1539 est,
3732 1474 3843 1545 quia

2277 1560 2507 1618 carnalis
2545 1569 2660 1626 est;
2708 1569 2764 1617 et
2813 1560 2934 1618 ideo
2980 1576 3087 1617 non
3115 1562 3376 1634 cruciﬁgit
3428 1577 3664 1620 carnem.
3716 1565 3846 1624 Vivit

2276 1654 2419 1709 enim
2450 1652 2703 1723 peccandi
2731 1652 2980 1709 voluntas
3003 1695 3020 1721 ,
3047 1668 3167 1725 qua:
3192 1663 3317 1711 tunc
3342 1664 3575 1727 apparet
3602 1655 3654 1712 in
3677 1671 3843 1729 opere,

2273 1743 2487 1817 quando
2515 1754 2760 1816 speratur
2786 1745 3095 1815 impunitas.
3122 1746 3257 1803 Cum
3286 1762 3415 1804 vero
3444 1763 3604 1818 paena
3625 1750 3840 1808 creditur

2275 1846 2544 1904 secutura,
2567 1836 2795 1893 latenter
2819 1836 2952 1891 vivit
2980 1853 2993 1888 :
3022 1837 3153 1891 vivit
3178 1848 3377 1892 tamen.
3407 1839 3589 1896 Mallet
3630 1841 3763 1897 enim
3788 1842 3846 1899 li-

2275 1942 2434 1994 cere,
2465 1934 2520 1982 ct
2547 1926 2694 1982 dolet
2740 1940 2847 1981 non
2875 1926 3037 1982 licere
3082 1926 3225 1997 quod
3256 1927 3344 1983 lex
3372 1935 3562 1997 vetat;
3588 1931 3706 2001 quia
3751 1947 3845 1989 non

2274 2017 2621 2090 spiritualiter
2647 2016 2941 2073 delectatur
2969 2017 3087 2087 ejus
3113 2017 3278 2087 bono,
3306 2018 3401 2075 sed
3446 2020 3729 2078 carnaliter
3749 2038 3849 2078 ma-

2275 2112 2387 2169 lum
2412 2111 2601 2169 metuit
2638 2110 2781 2182 quod
2809 2111 3062 2166 minatur.
3092 2110 3310 2167 Timore
3335 2120 3520 2168 autem
3547 2122 3694 2171 casto
3717 2115 3840 2187 ipsa,

2275 2220 2396 2276 quae
2418 2204 2558 2259 hunc
2583 2203 2829 2259 timorem
2857 2200 2997 2257 foras
3022 2200 3206 2269 mittit,
3247 2216 3477 2273 peccare
3522 2204 3673 2262 timet
3693 2205 3847 2263 chari-

2279 2305 2383 2362 tas,
2415 2294 2624 2352 etiamsi
2667 2302 2921 2364 sequatur
2946 2292 3272 2363 impunitas;
3296 2293 3420 2364 quia
3453 2309 3558 2352 nec
3584 2296 3843 2367 impunita-

2277 2398 2386 2445 tem
2424 2387 2627 2459 judicat
2656 2394 2959 2443 secuturam
2984 2426 3000 2453 ,
3028 2384 3244 2455 quando
3271 2399 3462 2442 amore
3502 2385 3715 2457 justitia:
3740 2402 3848 2458 pec.

2278 2491 2455 2538 catttm
2506 2481 2679 2552 ipsum
2730 2478 2951 2549 deputat
2991 2492 3225 2549 pcenam.
3279 2476 3397 2533 Tali
3448 2478 3641 2535 timore
3682 2494 3847 2537 carnes
3888 2546 3891 2549 λ

2279 2574 2695 2645 cruciﬁguntur;
2732 2570 2981 2642 quoniam
3028 2569 3271 2627 carnales
3312 2569 3713 2637 delectationes,
3742 2587 3846 2643 qua:

2280 2668 2414 2740 legis
2450 2667 2627 2722 littera
2661 2672 2903 2721 vetantur
2939 2662 3278 2735 potiusquam
3314 2662 3578 2732 vitantur,
3624 2662 3844 2734 spiritus-

2280 2763 2408 2819 lium
2424 2761 2685 2817 bonorum
2705 2757 3060 2814 delectatione
3086 2756 3388 2822 vincuntur,
3414 2765 3480 2813 et
3499 2756 3679 2814 eadem
3702 2772 3847 2830 usque

2282 2853 2349 2909 ad
2379 2851 2762 2923 perfectionem
2792 2857 3068 2906 crescente
3092 2848 3317 2905 victoria
3347 2849 3700 2920 perimuntur.
3739 2849 3847 2906 Con-

2286 2945 2386 3016 ﬁge
2412 2958 2541 3014 ergo
2580 2941 2735 2996 clavis
2757 2982 2772 3006 ,
2813 2939 3006 3011 inquit,
3047 2956 3079 2993 a
3105 2938 3282 2994 timore
3321 2948 3406 2993 tuo
3437 2955 3618 2995 carnes
3642 2955 3848 3007 meas;a

2275 3036 2487 3111 judiciis
2512 3036 2645 3090 enim
2674 3035 2773 3089 tuis
2808 3033 2949 3087 timui
2980 3032 3120 3088 :hoc
3157 3039 3277 3097 est,
3309 3030 3385 3085 Da
3413 3032 3554 3089 mihi
3584 3040 3770 3089 castum
3793 3033 3846 3088 ti-

2282 3144 2511 3196 morem,
2549 3127 2617 3183 ad
2646 3140 2804 3197 quem
2841 3124 3129 3196 petendum
3157 3139 3244 3179 me
3271 3131 3534 3193 tanquam
3565 3124 3847 3195 paedagogus

2283 3222 2445 3279 timor
2491 3219 2623 3292 legis
2657 3218 2747 3276 ille
2784 3216 3067 3289 perduxit,
3100 3231 3207 3288 quo
3236 3216 3430 3273 timore
3476 3233 3511 3271 a
3529 3217 3730 3291 judicit's
3764 3216 3846 3271 tuis

2285 3316 2449 3371 timui.

2888 3416 3059 3459 εειιιιο
3125 3415 3272 3456 XXVI.

2360 3502 2410 3556 1.
2441 3499 2591 3570 [vers.
2616 3495 2765 3569 121.]
2786 3495 2921 3551 [stos
2942 3492 3121 3565 magni
3148 3491 3338 3563 psalmi
3354 3490 3523 3562 hujus
3547 3505 3725 3548 versus
3740 3504 3849 3547 cott-

2287 3589 2601 3647 siderandos
2629 3603 2771 3644 nunc
2795 3586 3123 3657 suscepimus
3158 3592 3320 3655 atque
3365 3582 3675 3640 tractandos
3706 3598 3719 3636 :
3746 3580 3850 3636 Feci

2282 3683 2537 3757 judicium
2560 3691 2607 3736 et
2619 3680 2875 3752 justitiam
2895 3696 2915 3745 ;
2944 3694 3007 3732 ne
3026 3676 3200 3731 tradas
3224 3692 3305 3731 me
3324 3674 3619 3730 nocentibus
3641 3689 3730 3728 me.
3749 3670 3848 3728 Non

2290 3778 2483 3833 mirum
2513 3784 2597 3830 est
2619 3789 2740 3829 eum
2768 3772 2958 3828 fecisse
2976 3769 3235 3841 judicium
3265 3778 3320 3825 et
3352 3769 3641 3838 justitiam,
3666 3765 3746 3838 qui
3769 3779 3845 3820 suo

2290 3869 2471 3941 peritis
2500 3873 2816 3938 poposcerat
2841 3878 2871 3918 a
2898 3864 3088 3919 timore
3116 3861 3230 3927 Dei,
3267 3860 3455 3932 utique
3488 3869 3654 3923 casto,
3680 3854 3847 3927 conligi

2291 3961 2457 4015 clavis
2483 3972 2671 4015 carnes
2694 3970 2820 4013 suas
2842 3996 2858 4021 ,
2893 3955 2995 4010 hoc
3017 3963 3100 4010 est
3119 3951 3364 4008 carnales
3391 3949 3847 4024 concupiscentias,

2292 4068 2412 4124 quae
2440 4053 2631 4117 solent,
2660 4049 2947 4122 quominus
2975 4055 3180 4103 rectum
3228 4046 3319 4111 sit,
3349 4054 3598 4101 nostrum
3622 4039 3848 4113 impedire

2290 4144 2570 4215 judicium.
2599 4140 2853 4211 Quamvis
2880 4146 3057 4195 autem
3083 4138 3197 4194 sive
3223 4144 3454 4201 rectum,
3490 4137 3602 4193 sive
3630 4145 3845 4205 pravum,

2297 4236 2352 4291 in
2384 4235 2554 4291 nostri
2578 4232 2839 4290 sermonis
2864 4228 3234 4300 usujudicium
3252 4236 3593 4298 nuncupetur
3614 4224 3742 4281 unde
3764 4221 3846 4276 ho-

2297 4329 2529 4386 minibus
2574 4328 2628 4383 in
2654 4324 2944 4396 Evangelio
2971 4322 3168 4378 dicitur
3186 4362 3202 4389 ,
3236 4318 3414 4375 Nolite
3449 4320 3682 4390 judicare
3704 4328 3847 4383 perso-

2298 4420 2501 4484 naliter,
2532 4418 2621 4473 sed
2642 4425 2834 4471 rectum
2869 4412 3122 4487 judicium
3137 4412 3366 4483 judicate
3391 4409 3581 4480 (Joan.
3610 4422 3695 4474 vn,
3720 4402 3844 4474 21):

2298 4523 2477 4567 tamen
2504 4507 2607 4564 hoc
2629 4508 2749 4564 loco
2773 4507 2847 4561 ita
2868 4503 3102 4577 positum
3138 4513 3222 4560 est
3253 4501 3539 4573 judicium,
3566 4508 3788 4570 tanquam
3808 4490 3846 4547 si

2298 4612 2506 4660 rectum
2551 4612 2658 4655 non
2708 4596 2884 4665 luerit,
2932 4610 3040 4651 non
3066 4592 3260 4651 debeat
3297 4591 3557 4663 judicium
3585 4582 3843 4648 nominati;

2301 4696 2535 4767 alioquin
2562 4707 2671 4750 non
2696 4690 2967 4748 sufﬁceret
3004 4688 3203 4754 dicere,
3236 4684 3361 4740 Feci
3379 4684 3652 4757 judicium,
3674 4676 3757 4734 sed
3776 4673 3845 4730 di-

2302 4797 2550 4853 ceretur,
2592 4784 2717 4841 Feci
2762 4790 2965 4838 rectum
2992 4780 3271 4851 judicium.
3318 4778 3431 4833 Hoc
3455 4790 3646 4849 genere
3668 4772 3845 4827 locutus

2303 4892 2387 4939 est
2403 4880 2663 4937 Dominus
2686 4878 2863 4942 Jesus,
2889 4874 2977 4931 ubi
3004 4874 3111 4930 ait:
3134 4872 3425 4943 Reliquistis
3450 4867 3674 4943 graviora
3688 4860 3846 4931 Legit:

2295 4975 2570 5047 judicium,
2593 4980 2640 5025 et
2664 4966 3078 5031 misericordiam,
3107 4974 3154 5019 et
3182 4965 3335 5034 [idem
3354 4961 3562 5035 (Matth.
3588 4971 3727 5022 χχιιι,
3748 4947 3845 5021 33)-

2306 5068 2375 5123 Et
2414 5066 2502 5122 hic
2529 5063 2670 5120 enim
2691 5059 2949 5133 judicium
2979 5057 3058 5113 sic
3095 5056 3326 5127 positum
3356 5061 3438 5108 est
3458 5093 3473 5118 ,
3503 5059 3735 5119 tanquam
3758 5053 3847 5097 non

2307 5158 2653 5233 sitjudicium
2674 5196 2687 5220 ,
2719 5154 2763 5209 si
2790 5164 3101 5224 perversum
3138 5157 3239 5204 est.
3274 5148 3340 5203 Et
3367 5144 3546 5202 multis
3585 5140 3846 5233 divinarum

2309 5224 2703 5324 Scripturarum
2726 5247 2856 5303 locis
2884 5246 2955 5301 ita
2978 5242 3212 5314 ponitur,
3242 5239 3400 5310 quale
3428 5234 3555 5292 illud
3574 5239 3697 5324 est:

2310 5310 2583 5401 ricordiam
2603 5350 2651 5397 et
2660 5339 2913 5412 judicium
2929 5310 3142 5391 cantabo
3167 5332 3276 5400 tibi,
3308 5327 3522 5385 Domine
3541 5318 3698 5394 (Psal.
3716 5331 3761 5412 ε.
3781 5310 3844 5381 1).

2313 5442 2383 5497 Et
2404 5439 2531 5495 illud
2563 5408 2704 5508 apud
2735 5433 2922 5489 Isaiam
2951 5449 2964 5485 :
2997 5427 3301 5499 Exspectavi
3326 5434 3379 5479 ut
3404 5408 3846 5508 faceretﬂjudicittmi

2316 5534 2428 5606 fecit
2454 5504 2618 5585 autem
2636 5524 2952 5596 iniquitatem
2976 5520 3025 5590 (I
3032 5521 3127 5575 sai.
3150 5534 3203 5582 v,
3226 5515 3303 5588 7).
3322 5514 3436 5571 Non
3460 5504 3847 5606 ain-Exspectav:

2317 5580 2374 5680 in
2395 5624 2593 5678 faceret
2613 5580 2869 5689 judicium
2893 5613 3115 5685 justum,
3145 5580 3275 5666 fecit
3288 5615 3463 5663 autem
3500 5599 3722 5667 iniquum
3744 5606 3759 5641 ι

2318 5726 2567 5787 tanquam
2598 5686 2719 5768 ideo
2743 5709 2851 5780 jam
2874 5706 3132 5778 judicium
3153 5702 3243 5768 sit,
3270 5699 3392 5772 quia
3414 5698 3471 5769 ju
3487 5698 3619 5749 stum
3653 5690 3757 5747 est;
3779 5686 3862 5732 ηει

2325 5814 2395 5872 sit
2420 5781 2694 5892 judicium,
2728 5801 2870 5884 quod
2896 5801 3150 5881 injustam
3174 5806 3273 5859 est.
3296 5792 3501 5855 iustitia
3534 5796 3648 5842 vero
3667 5789 3761 5837 non
3780 5781 3853 5827 so-
