4188 6494
374 471 509 524 1577

372 584 445 639 let
472 581 578 636 dici
604 581 740 633 bona
758 575 977 647 justitia,
999 576 1082 631 vel
1099 576 1233 631 mala
1256 575 1479 646 justitia,
1503 577 1639 631 sicut
1658 575 1941 646 aliquando

370 671 565 726 dicitur
593 667 793 722 bonum
823 666 1085 719 malumvc
1119 665 1374 735 judicium
1404 682 1419 732 ;
1451 666 1545 721 sed
1574 682 1639 721 eo
1672 666 1785 735 ipso
1831 666 1941 734 jam

372 759 508 814 bona
535 766 640 824 est,
670 757 789 826 quia
815 756 1015 826 justitia
1042 767 1138 811 est.
1165 757 1252 811 Sic
1274 772 1401 826 ergo
1427 756 1588 812 habet
1615 756 1942 811 consuetudo

373 848 622 917 loquendi
650 887 665 911 ,
707 854 763 900 ut
800 846 1003 900 dicatur
1031 856 1084 900 et
1126 846 1320 900 bonum
1356 845 1629 915 judicium,
1663 854 1717 899 et
1745 846 1941 899 malum

366 937 662 1008 judicium;
694 935 1134 1007 quemadmodum
1164 935 1347 1001 habet,
1376 945 1433 989 ut
1458 935 1665 989 dicatur
1693 944 1746 989 et
1773 936 1943 989 bonus

368 1029 563 1100 judex,
594 1036 649 1083 et
676 1027 844 1081 malus
874 1026 1036 1095 judcx
1077 1044 1089 1079 :
1127 1026 1203 1079 sic
1230 1033 1404 1079 autem
1438 1040 1542 1078 non
1586 1025 1777 1079 dicitur
1805 1024 1941 1078 bona

370 1120 573 1190 justitia
598 1159 614 1183 ,
647 1119 731 1172 vel
749 1118 894 1171 mala
917 1116 1119 1186 justitia
1140 1156 1155 1181 ,
1201 1117 1339 1171 sicut
1382 1131 1485 1169 non
1518 1115 1729 1179 dicitur,
1773 1116 1943 1171 bonus

366 1210 564 1280 justus,
594 1218 649 1263 et
678 1207 847 1261 malus
867 1207 1058 1275 justus,
1089 1206 1209 1276 quia
1234 1208 1484 1261 continuo
1505 1206 1675 1260 bonus
1699 1206 1938 1275 quisque,

372 1300 415 1354 si
437 1298 636 1367 justus.
662 1296 869 1352 Justitia
901 1310 1029 1363 ergo
1068 1296 1231 1349 virtus
1247 1303 1329 1348 est
1352 1294 1514 1348 animi
1539 1309 1725 1364 magna
1752 1296 1939 1363 praeci-

372 1406 577 1461 pueque
607 1387 902 1451 laudabilis,
931 1387 998 1442 de
1018 1402 1118 1454 qua
1150 1402 1290 1441 nunc
1315 1401 1421 1440 non
1447 1394 1529 1441 est
1549 1385 1814 1455 copiosius
1832 1386 1943 1440 dis-

370 1478 587 1551 putandi
631 1478 937 1532 necessitas.
982 1476 1243 1531 Judicium
1268 1491 1432 1540 vero,
1473 1476 1689 1545 quando
1730 1476 1941 1531 nonnisi

372 1571 423 1624 in
453 1570 594 1623 bono
618 1568 764 1638 ponit
784 1568 1079 1622 distinctior
1099 1568 1115 1599 ¹
1145 1567 1392 1637 loquendi
1422 1568 1579 1635 ratio,
1611 1568 1765 1637 hujus
1784 1569 1941 1623 virtu-

372 1661 439 1714 tis
468 1670 550 1714 est
576 1659 831 1729 operatio.
869 1659 968 1725 Qui
1006 1659 1145 1712 enim
1178 1658 1338 1713 habet
1376 1658 1654 1727 justitiam,
1690 1668 1833 1714 recte
1850 1659 1940 1729 ju-

372 1752 509 1806 dieat
543 1767 558 1803 :
588 1751 694 1803 imo
739 1748 1028 1803 secundum
1074 1749 1229 1802 istam
1272 1748 1616 1814 locutionem,
1665 1749 1753 1818 qui
1786 1748 1941 1804 habet

368 1842 648 1912 jusﬁtiam,
673 1840 907 1909 judicat;
936 1840 1057 1908 quia
1086 1854 1182 1893 nec
1205 1838 1426 1907 jndicat,
1456 1838 1500 1890 si
1544 1853 1647 1892 non
1679 1848 1821 1892 recte
1849 1838 1939 1908 ju-

374 1932 531 1986 dicat.
566 1932 630 1984 Et
662 1930 880 2000 jus-litim
920 1930 1132 1983 nomine
1169 1929 1271 1984 hoc
1300 1930 1434 1994 loco,
1469 1944 1575 1983 non
1610 1929 1719 1998 ipsa
1753 1929 1933 1996 virtus,

373 2023 464 2077 sed
492 2037 627 2090 opus
648 2023 760 2089 ejus
797 2022 1147 2091 signiﬁcatum
1175 2029 1273 2075 est.
1302 2021 1430 2087 Quis
1455 2021 1593 2074 enim
1626 2019 1744 2075 facit
1770 2021 1820 2075 in
1845 2020 1940 2075 ho-

373 2114 517 2168 mine
557 2114 814 2182 justitiam
838 2153 851 2177 ,
885 2113 985 2166 nisi
1027 2112 1115 2182 qui
1140 2111 1393 2181 justiﬁcat
1435 2112 1669 2180 impium,
1712 2112 1810 2166 hoc
1836 2122 1936 2177 est,

374 2217 467 2272 per
491 2202 713 2271 gratiam
754 2217 899 2256 suum
947 2216 1011 2255 ex
1061 2200 1222 2269 impio
1260 2199 1382 2253 facit
1418 2197 1662 2269 justum?
1688 2200 1839 2255 Unde
1866 2203 1941 2256 ait

374 2293 659 2361 Apostolus
690 2310 702 2343 :
728 2291 1004 2358 Justiﬁcati
1024 2293 1181 2361 gratis
1207 2306 1294 2360 per
1318 2290 1534 2360 gratiam
1560 2291 1716 2359 ipsius
1748 2290 1934 2361 (Rom.

374 2401 449 2449 ιιι,
479 2385 550 2439 24
575 2384 620 2454 ).
661 2383 812 2437 Facit
840 2397 966 2453 ergo
1000 2383 1280 2451 justitiam,
1312 2381 1362 2435 id
1407 2392 1510 2447 est,
1539 2398 1671 2451 opus
1695 2382 1934 2452 justitizc,

372 2476 460 2547 qui
483 2474 641 2529 habet
666 2474 717 2528 in
739 2474 1092 2542 sejustitiam,
1123 2472 1174 2526 id
1197 2480 1278 2526 est
1301 2487 1434 2539 Opus
1467 2473 1674 2543 gratias.

438 2565 495 2619 2.
536 2563 679 2629 Feci,
702 2564 885 2633 inquit,
900 2564 1150 2634 judicium
1172 2573 1216 2616 et
1227 2563 1479 2632 justitiam
1513 2579 1534 2617 .°
1575 2580 1636 2618 ne
1664 2564 1835 2620 tradas
1862 2582 1939 2619 me

373 2657 659 2709 nocentibus
676 2671 751 2707 me
769 2670 788 2707 :
810 2653 860 2707 id
878 2662 977 2719 est,
1000 2652 1121 2708 Feci
1139 2652 1390 2721 judicium
1403 2652 1600 2722 justum
1627 2669 1640 2718 ;
1666 2669 1731 2708 nc
1763 2655 1938 2711 tradas

372 2761 455 2800 me
489 2745 593 2798 illis
634 2745 721 2814 qui
758 2752 1032 2812 prOpterea
1074 2758 1158 2795 mc
1186 2749 1587 2810 persequuntur.
1623 2741 1753 2797 Nam
1779 2745 1936 2799 etiam

368 2834 581 2905 quidam
627 2833 838 2887 codices
866 2831 1095 2896 habent,
1130 2829 1212 2883 Ne
1239 2830 1409 2883 tradas
1437 2845 1516 2885 me
1539 2833 1938 2901 persequentibus

369 2939 445 2976 me
478 2938 497 2976 :
533 2920 673 2990 quod
712 2920 850 2974 enim
892 2935 1062 2990 gnece
1099 2920 1294 2973 dictum
1328 2929 1444 2987 est,
1482 2937 1576 2981 τοῖς
1611 2924 1896 2984 ᾀντιδικοῦσι
1918 2963 1934 2989 ,

368 3013 579 3085 quidam
602 3011 927 3081 interpretati
957 3020 1109 3073 sunt,
1138 3011 1420 3066 nocentibus
1444 3030 1462 3077 ;
1488 3013 1695 3081 quidam
1722 3052 1735 3077 ,
1768 3030 1935 3082 perse-

366 3104 663 3175 quentibus;
697 3104 930 3173 quidam,
961 3103 1395 3157 calumniantibus.
1435 3103 1594 3158 Miror
1617 3113 1788 3158 autem
1820 3120 1935 3159 om-

366 3196 511 3249 nium
539 3207 672 3262 quos
692 3193 741 3245 in
768 3200 1006 3261 promptu
1026 3191 1219 3245 habere
1246 3193 1387 3260 potui
1415 3192 1657 3247 codicum
1678 3209 1934 3262 nusquam

366 3298 451 3339 me
480 3284 676 3352 legisse
695 3281 1101 3345 adversantibus;
1127 3296 1245 3336 cum
1272 3284 1386 3336 sine
1413 3282 1765 3335 controversia
1795 3282 1935 3351 quod

365 3388 537 3443 grmce
591 3375 821 3431 ἀντίδικος
849 3411 863 3435 ,
898 3370 999 3424 hoc
1049 3370 1209 3424 latine
1244 3370 1575 3424 adversarius
1618 3372 1932 3441 appelletur.

365 3465 535 3519 Orans
557 3462 731 3531 itaque
756 3476 823 3514 ne
850 3460 1127 3514 tradatura
1150 3460 1370 3513 Domino
1396 3460 1793 3517 adversantibus
1813 3463 1932 3526 sibi,

363 3555 486 3624 quid
518 3562 654 3615 orat,
685 3552 785 3605 nisi
812 3553 949 3621 quod
972 3566 1185 3607 oramus
1212 3566 1329 3605 cum
1360 3551 1605 3617 dicimus,
1636 3552 1718 3606 Ne
1745 3570 1833 3607 nos
1859 3555 1937 3608 in-

364 3652 498 3716 feras
523 3646 575 3697 in
598 3643 915 3696 tentationem
964 3641 983 3712 (
1009 3640 1192 3694 Matth.
1216 3656 1288 3707 vr,
1319 3641 1383 3694 13
1404 3641 1421 3710 )
1444 3641 1467 3694 ?
1491 3640 1836 3696 Adversarius
1856 3652 1938 3698 est

364 3736 506 3789 enim
548 3733 615 3790 de
656 3747 759 3801 quo
797 3732 925 3786 dicit
963 3731 1246 3801 Apostolus
1271 3772 1287 3797 ,
1319 3729 1400 3784 Ne
1418 3735 1548 3801 forte
1567 3734 1823 3786 tentaverit
1851 3750 1936 3788 vos

363 3826 446 3895 qui
490 3831 645 3876 tcutat
687 3822 741 3892 (l
770 3821 942 3875 Thess.
982 3836 1078 3885 ιιι,
1110 3820 1211 3890 5).
1252 3820 1315 3874 Ei
1357 3820 1516 3875 tradit
1551 3823 1572 3854 ³
1610 3822 1750 3876 Deus
1778 3839 1934 3893 quem

365 3913 584 3968 deserit.
618 3912 751 3965 Eum
779 3912 971 3979 quippe
1004 3909 1092 3965 ille
1119 3925 1223 3963 non
1256 3908 1489 3979 decipit,
1518 3925 1673 3980 quem
1707 3911 1804 3964 istc
1830 3927 1934 3965 non

362 4002 597 4065 deserit,
631 4001 682 4054 in
718 3999 986 4053 voluntate
1034 4013 1127 4053 sua
1180 4008 1434 4067 prmstans
1485 3998 1663 4053 decori
1709 3999 1935 4053 hominis

366 4095 620 4148 virtutem
645 4110 657 4144 :
689 4090 858 4143 abillo
875 4097 1047 4142 autem
1069 4089 1157 4158 qui
1178 4089 1384 4142 dixerat
1404 4088 1454 4141 in
1482 4087 1799 4142 abundantia
1817 4103 1932 4155 sua,

367 4182 487 4237 Non
517 4181 745 4234 movebar
769 4180 819 4232 in
861 4190 1121 4245 wternum,
1148 4178 1337 4232 avertit
1363 4176 1546 4232 faciem
1576 4192 1743 4243 suam,
1777 4186 1829 4233 et
1854 4178 1933 4232 la-

364 4283 485 4328 ctus
513 4281 595 4325 cst
634 4269 973 4325 conturbatus
1012 4270 1029 4336 (
1062 4267 1206 4321 Psal.
1239 4284 1363 4321 xm
1393 4310 1406 4333 ,
1463 4269 1493 4323 7
1523 4310 1538 4334 ,
1578 4267 1683 4339 8),
1730 4269 1935 4339 sibique

365 4370 711 4420 monstratus.
741 4359 989 4429 Quisquis
1015 4358 1170 4427 igitur
1194 4373 1223 4411 a
1250 4358 1439 4412 timore
1468 4357 1560 4412 Dei
1588 4367 1734 4413 casto
1762 4362 1934 4414 cruci-

366 4454 501 4511 ﬁxas
549 4451 707 4506 habet
749 4463 936 4504 carnes
968 4463 1122 4514 suas,
1169 4458 1223 4502 et
1266 4448 1408 4501 nulla
1437 4448 1633 4502 carnali
1658 4457 1934 4518 corruptus

367 4544 619 4600 illecebra
646 4540 766 4595 facit
793 4539 1046 4609 judicium
1068 4553 1303 4609 Opusque
1323 4539 1562 4608 iustitiae,
1586 4554 1740 4595 orare
1779 4540 1937 4597 debet

367 4651 434 4690 ne
458 4632 863 4689 adversantibus
898 4629 1172 4693 tradatur;
1214 4629 1265 4683 id
1300 4637 1380 4683 est
1404 4668 1418 4693 ,
1460 4644 1527 4684 ne
1558 4630 1791 4685 timendo
1817 4646 1936 4701 per-

370 4726 474 4796 peti
503 4723 642 4778 mala
667 4762 681 4786 ,
706 4722 775 4799 ad
810 4718 1044 4774 facienda
1074 4720 1206 4774 mala
1238 4719 1671 4788 persequentibus
1696 4720 1865 4776 cedat.
1890 4726 1935 4777 A

370 4833 473 4886 quo
489 4815 637 4871 enim
662 4812 851 4883 accipit
873 4812 1147 4867 victoriam
1169 4811 1611 4880 concupiscentia:
1633 4852 1648 4877 ,
1689 4828 1756 4866 ne
1782 4813 1933 4868 volu-

372 4919 514 4978 ptatc
549 4904 915 4976 pertrahatur;
943 4903 1010 4960 ab
1048 4902 1139 4956 illo
1166 4901 1324 4955 etiam
1350 4900 1512 4956 robur
1536 4901 1801 4972 patientiae
1823 4944 1839 4969 ,
1870 4920 1935 4960 ne

372 4998 556 5051 dolore
584 4994 855 5063 frangatur
884 5009 895 5044 :
930 4992 1176 5060 quoniam
1204 4989 1271 5044 de
1306 5006 1410 5059 quo
1434 4990 1625 5045 dicitur
1647 5030 1661 5055 ,
1690 4990 1935 5048 Dominus

376 5088 505 5142 dabit
526 5082 860 5153 suavitatem(
891 5080 1278 5146 l’sal.t.xxx1v,
1310 5079 1443 5151 15);
1470 5080 1536 5135 de
1566 5081 1654 5135 illo
1673 5081 1829 5136 etiam
1857 5083 1936 5137 di—

375 5178 537 5242 citur,
566 5176 641 5230 Ab
666 5175 776 5243 ipso
804 5182 877 5227 est-
901 5173 1032 5225 enim
1057 5172 1296 5241 patientia
1324 5187 1433 5224 mea
1474 5170 1655 5243 (Psal.
1687 5187 1794 5239 ut,
1840 5173 1932 5245 6).

438 5269 492 5323 5.
537 5263 843 5337 [vers.122,
876 5257 1043 5333 125.]
1073 5261 1303 5330 Denique
1324 5261 1595 5329 sequitur:
1626 5260 1816 5332 Excipe
1833 5278 1938 5318 ser-

377 5375 483 5411 vum
514 5368 655 5410 tuum
683 5356 735 5408 in
766 5354 948 5407 bonum
972 5369 992 5418 ;
1020 5369 1119 5406 non
1155 5351 1521 5405 calumnientur
1553 5353 1676 5405 milii
1716 5355 1931 5422 superbi.

378 5447 443 5503 illi
460 5447 760 5516 impellunt,
779 5455 835 5499 ut
851 5444 1034 5498 cadam
1057 5444 1107 5497 in
1126 5444 1319 5499 malum
1340 5460 1355 5507 ;
1380 5451 1433 5497 tu
1451 5445 1633 5513 excipe
1649 5445 1699 5498 in
1718 5446 1930 5501 bonum.

378 5535 469 5605 Qui
510 5545 688 5590 autem
729 5535 1054 5603 interpretati
1091 5541 1241 5598 sunt,
1276 5532 1397 5586 Non
1434 5533 1797 5588 calumnientur
1828 5552 1932 5602 me,

376 5640 598 5694 graecam
629 5624 945 5678 locutionem
973 5622 1135 5677 secuti
1164 5629 1317 5687 sunt,
1347 5621 1522 5677 latimc
1549 5622 1738 5693 lingua:
1766 5624 1937 5707 minus

432 5757 675 5826 {quidam
848 5754 1129 5826 distﬁctior.
1277 5822 1286 5826 _
1369 5816 1399 5826 η

398 5882 411 5885 _
434 5825 455 5855 ε
479 5816 557 5869 sic
580 5818 760 5881 aliquot
778 5824 883 5868 uss.
904 5816 1015 5867 Edd.
1040 5830 1177 5877 vero,
1196 5822 1247 5866 El
1269 5816 1434 5867 tradit.

655 5900 865 5961 Saxcr
911 5903 1183 5961 Avcosr.
1215 5899 1317 5961 iV.

1430 463 1823 521 ENAllRATlO
1861 460 1924 516 ιιι
1967 460 2283 520 ι’δΑωιυιι
2324 465 2549 531 CXVI".

3478 475 3614 533 1578

2051 574 2315 630 usitatam.
2356 578 2437 632 Ait
2465 578 2599 633 forte
2629 579 2787 635 habet
2816 579 2919 634 vim
2953 595 3073 636 cum
3102 582 3293 639 dicitur
3315 626 3330 652 ,
3365 586 3485 641 Non
3526 605 3611 642 ca-

2046 664 2349 720 lumnientur
2387 679 2464 721 me
2487 710 2499 732 ,
2540 684 2696 739 quam
2737 670 2952 726 haberet
2986 674 3031 727 si
3054 670 3349 743 diceretur,
3380 676 3495 733 Non
3525 695 3612 734 me

2045 752 2255 820 capiant
2282 754 2651 810 calumniando
2678 756 2700 807 ?

2114 842 2168 896 4.
2209 842 2385 897 Multae
2422 853 2596 898 autem
2629 855 2847 914 possunt
2875 846 3093 919 intelligi
3123 850 3397 907 calumniae
3426 870 3610 925 supcr-

2046 928 2232 984 borum
2256 972 2270 996 ,
2299 946 2327 984 a
2354 933 2542 1001 quibus
2568 934 2833 989 humilitas
2860 936 3142 993 christiana
3172 941 3484 1011 chpicitur;
3517 948 3609 1000 sed

2045 1021 2134 1075 illa
2160 1023 2243 1076 vel
2264 1025 2488 1077 maxima
2519 1034 2600 1080 est
2620 1065 2635 1090 ,
2662 1026 2707 1079 si
2747 1026 2989 1082 homines
3018 1030 3116 1084 hoc
3142 1031 3257 1087 loco
3282 1034 3609 1103 accipiuntur

2044 1112 2300 1180 superbi;
2343 1113 2483 1178 quod
2523 1128 2553 1168 a
2594 1114 2744 1169 nobis
2771 1126 3034 1171 mortuum
3064 1120 3455 1178 calumniantur
3481 1126 3607 1180 coli.

2044 1200 2319 1256 Hnmilitas
2348 1204 2543 1273 quippe
2572 1205 2682 1275 ipsa
2714 1205 3000 1261 christiana
3020 1247 3034 1272 ,
3064 1209 3259 1265 Christi
3293 1226 3462 1270 morte
3482 1217 3611 1271 insi-

2042 1300 2238 1344 nuatur
2261 1331 2276 1358 ,
2321 1292 2825 1364 commendaturque
2863 1295 3130 1351 divinitus.
3169 1299 3293 1354 H;cc
3316 1312 3491 1357 autem
3519 1320 3610 1360 ca-

2043 1378 2242 1433 lumnia
2268 1382 2501 1451 utrisque
2518 1382 2839 1450 inﬁdelibus,
2856 1385 2907 1439 id
2936 1387 3613 1464 eSI,Jud.eisGentibusque

2042 1470 2339 1523 communis
2355 1479 2456 1523 est.
2499 1471 2699 1525 Habent
2722 1474 3012 1530 calumnias
3033 1492 3155 1532 suas
3172 1480 3329 1533 etiam
3353 1479 3609 1550 haeretici,

2042 1556 2259 1626 singulis
2274 1559 2566 1627 quibusque
2581 1559 2869 1616 lneresibus
2887 1566 3153 1633 proprias:
3178 1566 3377 1623 habent
3393 1579 3445 1623 et
3472 1572 3586 1625 schi
3597 1603 3614 1614 ο

2042 1646 2247 1699 smatici
2270 1686 2285 1712 ,
2313 1662 2445 1717 quos
2469 1664 2653 1704 omnes
2682 1653 2924 1720 superbia
2953 1653 3018 1708 de
3039 1656 3391 1712 membrorum
3418 1659 3611 1717 Christi

2042 1750 2294 1806 compage
2347 1738 2604 1806 prmcidit.
2661 1740 2829 1810 Ipsius
2882 1751 3057 1798 autem
3109 1745 3305 1801 diaboli
3350 1752 3611 1806 calumnia

2045 1834 2242 1893 quanta
2269 1826 2353 1880 vel
2381 1828 2551 1895 qualis
2576 1838 2657 1883 est
2679 1871 2693 1895 ,
2724 1846 2827 1899 qua
2849 1832 3195 1890 calumniatus
3226 1846 3307 1890 est
3331 1838 3503 1907 justo,
3527 1841 3609 1896 di—

2041 1928 2186 1978 ccns,
2217 1913 2478 1985 Numquid
2495 1919 2652 1987 gratis
2679 1921 2796 1974 colit
2831 1921 2930 1975 Job
2966 1922 3238 1978 Dominum
3269 1926 3403 1999 (Job
3442 1946 3481 1999 ι,
3504 1932 3612 2002 9)?

2043 2002 2277 2069 Quorum
2304 2006 2538 2059 omnium
2566 2008 2839 2064 calumnice
2868 2013 3213 2081 superborum
3246 2025 3489 2087 tanquam
3520 2036 3614 2076 co-

2043 2092 2313 2148 lubrorum
2356 2112 2557 2151 venena
2607 2101 2917 2166 vincuntur,
2966 2118 3086 2157 eum
3133 2107 3525 2175 vigilantissima
3564 2122 3616 2168 et

2044 2182 2444 2252 diligentissima
2490 2187 2682 2255 pietate
2706 2188 2949 2245 Christus
2992 2194 3269 2249 crucifixus
3307 2200 3612 2255 attenditur.

2040 2270 2265 2339 Propter
2308 2272 2448 2342 quod
2491 2276 2927 2346 praeﬁgurandum
2956 2280 3160 2351 Moyses
3194 2284 3300 2339 Deo
3330 2288 3615 2345 miserante

2040 2377 2103 2417 ac
2124 2362 2342 2433 jubente
2375 2366 2623 2421 exaltavit
2650 2369 2702 2422 in
2728 2384 2908 2424 eremo
2934 2372 3328 2431 similitudinem
3355 2383 3615 2448 serpentis

2041 2454 2093 2509 in
2122 2456 2263 2525 ligno
2302 2454 2502 2529 (Num.
2533 2475 2647 2525 XXI,
2678 2460 2711 2515 9
2742 2477 2756 2525 ;
2788 2460 2943 2516 Joan.
2972 2480 3048 2530 ιιι,
3079 2467 3143 2521 14
3164 2467 3183 2536 )
3205 2507 3219 2531 ,
3247 2477 3305 2522 ιιι
3329 2472 3617 2532 similitudo

2040 2548 2213 2601 carnis
2236 2549 2434 2617 peccati
2463 2551 2815 2620 cruciﬁgenda
2844 2554 3268 2625 prmﬁgnraretnr
3294 2561 3344 2615 in
3378 2562 3611 2620 Christo.

2042 2638 2190 2694 Hanc
2218 2640 2482 2696 intuentes
2499 2643 2825 2700 salutiferam
2847 2661 3080 2714 crucem,
3104 2665 3261 2706 omne
3287 2654 3616 2710 caiumnian-

2041 2729 2169 2784 tium
2216 2732 2561 2800 superborum
2591 2736 2736 2789 virus
2771 2738 3085 2806 cxpellimus
3137 2759 3150 2795 :
3191 2758 3347 2812 quam
3402 2761 3617 2815 prorsus

2040 2822 2198 2877 etiam
2229 2824 2326 2878 istc
2350 2826 2739 2894 quodammodo
2782 2829 2936 2884 valde
2977 2832 3177 2887 intente
3223 2833 3433 2891 intuens
3460 2878 3474 2901 ,
3504 2839 3613 2904 ait,

2045 2911 2192 2966 Oculi
2231 2913 2327 2967 mei
2368 2914 2657 2985 defecerunt
2686 2918 2739 2970 in
2764 2919 2987 2973 salutare
3013 2929 3151 2974 tuum
3174 2962 3189 2985 ,
3231 2932 3275 2977 et
3299 2924 3351 2978 in
3372 2926 3616 2995 eloquium

2031 3002 2250 3070 justitia:
2272 3011 2386 3057 tute.
2421 3002 2688 3059 Christum
2714 3008 2907 3077 quippe
2939 3009 3108 3078 ipsum
3142 3011 3280 3065 Deus
3301 3024 3516 3084 propter
3543 3017 3616 3071 sic

2042 3091 2393 3146 militudinem
2417 3095 2593 3147 carnis
2623 3098 2820 3164 peccati
2846 3096 3030 3168 (Rom.
3052 3114 3164 3165 vm,
3200 3101 3232 3155 5
3260 3102 3277 3170 )
3303 3143 3317 3168 ,
3347 3115 3617 3171 peccatum

2039 3196 2137 3250 pro
2169 3183 2319 3237 nobis
2346 3183 2466 3238 fecit
2494 3224 2508 3249 ,
2542 3195 2597 3239 ut
2625 3201 2721 3241 nos
2756 3187 2922 3243 simus
2946 3189 3147 3259 justitia
3180 3192 3271 3247 Dei
3298 3194 3348 3248 in
3383 3194 3496 3263 ipso
3535 3196 3615 3267 (11

2040 3272 2157 3328 Cor.
2190 3275 2331 3337 v.21
2368 3276 2409 3346 ).
2454 3276 2509 3330 In
2561 3277 2716 3347 lmjns
2754 3279 2913 3348 igitur
2953 3281 3219 3351 eloquium
3267 3284 3485 3353 justitia:
3526 3288 3615 3343 Dei

2039 3365 2292 3421 defecisse
2323 3367 2447 3422 dicit
2473 3369 2655 3423 oculos
2697 3385 2854 3434 suos,
2897 3372 3143 3427 ardenter
3181 3384 3233 3428 et
3272 3376 3514 3431 sitienter
3539 3378 3617 3432 iu-

2049 3456 2265 3523 tuendo,
2290 3456 2415 3510 dum
2442 3473 2644 3512 memor
2671 3459 2989 3517 inﬁrmitatis
3017 3462 3278 3532 humanae,
3311 3466 3538 3523 divinam
3565 3469 3616 3523 in

2038 3546 2249 3602 Christo
2279 3551 2294 3579 ¹
2323 3547 2587 3603 desiderat
2612 3551 2855 3618 gratiam.

2109 3638 2161 3693 5.
2220 3637 2378 3709 [vers.
2410 3637 2569 3711 124.]
2616 3639 2839 3710 Pmptcr
2879 3642 3019 3712 quod
3046 3645 3319 3715 sequitur,
3370 3646 3480 3702 Fac
3505 3665 3615 3703 cum

2038 3743 2176 3782 servo
2212 3738 2295 3781 tuo
2334 3728 2609 3782 secundant
2648 3731 3040 3785 misericordiam
3082 3743 3219 3787 tuam
3244 3750 3263 3789 :
3304 3751 3407 3790 non
3440 3739 3617 3807 utique

2039 3819 2327 3873 secundum
2350 3820 2605 3888 justitiam
2631 3835 2825 3875 meam.
2874 3821 2939 3875 Et
2968 3824 3357 3892 justi/icationes
3382 3866 3396 3891 ,
3425 3826 3613 3896 inquit,

2038 3917 2148 3962 tuas
2190 3909 2313 3962 doce
2363 3925 2472 3963 me:
2500 3910 2613 3964 illas
2656 3910 2836 3979 procul
2880 3909 3073 3977 dubio,
3116 3913 3305 3982 quibus
3334 3914 3472 3969 Deus
3493 3915 3616 3971 facit

2034 3994 2225 4065 justos,
2258 4011 2361 4050 non
2389 3997 2486 4065 ipsi
2515 4011 2591 4051 se.

2109 4084 2161 4139 6.
2205 4084 2555 4158 [vei-3.125.]
2588 4085 2774 4141 Servus
2812 4096 2927 4141 tuus
2969 4105 3057 4158 ego
3092 4107 3219 4143 sum.
3262 4089 3442 4161 Neque
3471 4094 3610 4155 enim

2038 4177 2176 4232 bene
2203 4176 2331 4230 mihi
2358 4179 2540 4244 cessit,
2571 4178 2781 4249 quando
2809 4194 2928 4234 esse
2958 4182 3095 4237 volui
3124 4184 3255 4237 liber
3288 4200 3437 4240 meus
3458 4226 3474 4253 ,
3506 4203 3614 4244 non

2041 4280 2229 4321 servus
2253 4275 2390 4320 tuus.
2440 4267 2522 4320 Da
2559 4268 2682 4323 mihi
2710 4268 3017 4325 intellectum
3040 4314 3054 4339 ,
3089 4282 3133 4327 et
3159 4275 3314 4329 sciam
3336 4277 3614 4335 testimonia

2040 4367 2144 4410 tua.
2166 4357 2442 4427 Nunquam
2466 4358 2856 4415 intermittenda
2885 4372 2967 4416 est
2991 4363 3088 4417 ista
3116 4366 3317 4434 petitio.
3341 4367 3453 4423 Non
3472 4372 3611 4426 enim

2039 4448 2237 4505 sufficit
2263 4452 2532 4521 accepisse
2557 4452 2878 4509 intellectum
2904 4496 2917 4520 ,
2955 4467 3007 4511 et
3037 4457 3131 4513 Dei
3153 4462 3450 4517 testimonia
3479 4464 3614 4519 didi-

2040 4542 2197 4608 cisse,
2219 4543 2316 4597 nisi
2341 4558 2552 4612 semper
2572 4545 2880 4615 accipiatur,
2905 4557 2957 4601 et
2976 4550 3201 4618 quodam
3228 4554 3384 4607 modo
3405 4569 3613 4625 semper

2039 4632 2248 4689 bibatur
2267 4633 2333 4689 de
2362 4634 2504 4690 fonte
2525 4636 2658 4691 lucis
2682 4645 2916 4693 celerare.
2936 4640 3257 4698 Testimonia
3278 4647 3470 4715 quippe
3496 4648 3605 4712 Dei,

2040 4732 2237 4790 quanto
2262 4723 2323 4776 ﬁt
2352 4726 2574 4796 quisque
2601 4726 2976 4797 intelligen’tior
2999 4771 3013 4796 ,
3055 4742 3199 4787 tanto
3228 4735 3390 4804 magis
3418 4740 3610 4805 magis-

2039 4824 2141 4879 que
2169 4812 2425 4865 sciuntur.

2110 4902 2164 4956 7.
2213 4901 2535 4977 [vers.126.]
2579 4904 2811 4977 Tempus,
2844 4909 3029 4979 inquit,
3060 4912 3277 4978 faciendi
3302 4913 3607 4972 Domino.ld

2039 4992 2178 5046 enim
2203 4992 2380 5061 plures
2400 4995 2608 5051 codices
2636 4996 2856 5059 habent;
2886 5015 3010 5064 non,
3044 5009 3099 5054 ut
3115 5001 3348 5069 quidam,
3368 5003 3602 5063 Domine.

2040 5078 2191 5169 Quod
2233 5097 2357 5151 ergo
2402 5092 2630 5154 tempus,
2666 5087 2746 5140 vel
2787 5087 2909 5156 quid
2953 5090 3170 5158 faciendi
3195 5092 3356 5147 voluit
3382 5094 3603 5169 intelligi

2040 5167 2300 5226 Domino?
2345 5172 2472 5227 Illud
2500 5174 2709 5243 quidem
2736 5176 2875 5245 quod
2901 5177 3057 5246 paulo
3084 5188 3205 5233 ante
3227 5181 3462 5251 dixerat,
3494 5167 3608 5242 Fac

2041 5275 2155 5312 cum
2184 5276 2323 5314 seruo
2352 5270 2435 5315 tuo
2461 5262 2731 5315 secundum
2770 5264 3159 5320 misericordiam
3198 5279 3335 5324 tuam
3354 5288 3373 5325 :
3398 5272 3498 5329 hoc
3522 5277 3606 5345 fa-

2041 5349 2203 5402 ciendi
2228 5359 2419 5419 tempus
2450 5350 2680 5405 Domino.
2701 5350 2833 5419 Quid
2855 5362 2933 5407 est
2961 5364 3154 5418 autem,
3178 5358 3277 5413 nisi
3303 5364 3468 5431 gratia
3488 5380 3606 5434 qua:

2044 5438 2096 5492 in
2127 5436 2340 5492 Christo
2364 5452 2462 5492 suo
2491 5447 2729 5509 tempore
2758 5442 2982 5496 revelata
3006 5445 3120 5499 est?
3150 5447 3223 5502 De
3246 5465 3353 5525 quo
3370 5461 3605 5523 tempore

2042 5529 2115 5582 ait
2156 5529 2440 5597 Apostolus
2463 5569 2477 5594 ,
2509 5530 2634 5584 Cum
2671 5540 2835 5587 autem
2865 5536 2993 5589 venit
3024 5538 3281 5606 plenitudo
3324 5546 3561 5614 temporis
3586 5587 3600 5611 ,

2043 5620 2175 5673 misit
2196 5618 2329 5671 Deus
2356 5619 2402 5671 F
2405 5620 2544 5673 ilium
2569 5637 2713 5675 suum
2743 5623 2951 5694 (Galot.
2983 5642 3059 5695 tv,
3089 5630 3172 5701 4).
3204 5631 3424 5701 Propter
3464 5637 3603 5704 quod

2043 5711 2164 5766 alibi
2196 5710 2353 5765 etiam
2394 5712 2749 5768 testimonium
2774 5718 3137 5786 prOpheIicum
3164 5721 3487 5793 adjungens,
3512 5727 3601 5787 ubi

2115 5824 2130 5852 ί
2157 5821 2228 5869 sic
2249 5826 2354 5870 Mss.
2383 5829 2433 5869 At
2459 5821 2588 5881 rdd.,
2614 5823 2822 5875 divinam
2842 5826 3034 5877 Christi.

2969 5908 3409 6000 (Ct'nquanlcn)
