4160 6500
1488 419 1511 461 τι

624 480 763 537 1579
1094 474 1095 479 ‘
1156 461 1168 473 “
1861 475 1915 532 s.
1960 470 2184 532 AUGUS

2284 468 2321 524 u
2362 471 2657 529 EPlSCUPl
3044 532 3051 539 ,
3715 494 3823 552 ,εςο

623 593 757 648 dixit
778 631 792 656 ,
824 589 1063 660 Tempore
1084 587 1372 657 acceptabili
1400 587 1633 641 exaudiui
1660 597 1723 649 te,
1764 596 1807 639 et
1837 590 1887 639 in
1915 586 1995 638 die
2015 586 2194 639 salutis

624 682 801 753 adjuvi
824 690 901 745 te;
926 679 1057 733 Ecce
1082 694 1247 741 nunc,
1280 678 1466 745 inquit,
1496 684 1689 745 tempus
1719 676 2044 745 acceptabile,
2083 690 2198 728 ecce

618 789 754 827 nunc
766 772 870 825 dies
883 770 1063 825 salutis
1078 767 1230 837 (lsai.
1250 782 1393 832 χιιι,
1414 767 1467 833 8;
1486 766 1525 820 ll
1549 765 1744 834 Camn,
1762 767 1839 837 9.).
1857 766 1962 822 Sed
1977 766 2099 836 quid
2115 774 2197 821 est

614 862 755 932 quod
777 869 1022 928 tanquam
1039 857 1221 912 volens
1240 854 1521 912 ostendere
1534 865 1741 927 tempus
1754 857 1977 911 Domino
1988 870 2107 910 esse
2119 854 2196 908 fa-

612 951 817 1016 ciendi,
832 949 1085 1005 continuo
1105 947 1395 1018 subjuuxit,
1425 946 1813 1016 Dissipaverunt
1839 947 1996 1017 legem
2020 954 2193 999 tuam:

616 1040 762 1096 velut
787 1048 1067 1111 prOpterea
1097 1046 1306 1109 tempus
1332 1046 1475 1093 esset
1522 1037 1749 1092 faciendi
1784 1037 2028 1101 Domino,
2071 1035 2192 1105 quia

619 1131 736 1201 ejus
766 1131 937 1202 legem
963 1128 1355 1198 dissipaverunt
1379 1126 1613 1196 superbi,
1647 1127 1736 1197 qui
1768 1127 2069 1196 ignorantes
2100 1125 2192 1179 Dei

608 1222 864 1288 iustitiam
904 1230 958 1277 et
1000 1233 1150 1275 suam
1187 1217 1427 1272 volentes
1465 1216 1789 1271 constituere
1812 1257 1825 1281 ,
1854 1215 2070 1285 justitiae
2100 1213 2193 1267 Dei

619 1329 721 1370 non
753 1322 877 1371 sunt
895 1310 1117 1381 subjecti
1143 1308 1316 1379 (Rom.
1346 1325 1400 1375 χ,
1435 1306 1489 1379 5)
1512 1309 1534 1361 ?
1560 1307 1694 1375 Quid
1723 1316 1805 1362 est
1832 1307 2000 1371 enim,
2030 1303 2195 1357 Dissi-

620 1415 866 1479 paverunt
888 1405 1046 1475 legem
1069 1412 1232 1468 tuam,
1261 1401 1382 1466 nisi,
1416 1399 1869 1455 Praavaricationis
1897 1397 2189 1466 iniquitate,

617 1497 729 1567 ejus
767 1494 1125 1565 integritatem
1158 1506 1263 1546 non
1308 1490 1714 1546 custodierunt?
1751 1488 2038 1558 Oportebat
2065 1500 2193 1555 ergo

616 1595 673 1641 ut
698 1583 939 1655 superbis
966 1592 1020 1638 et
1049 1582 1117 1638 de
1145 1581 1386 1637 libertate
1412 1580 1491 1635 sui
1521 1578 1724 1634 arbitrii
1753 1575 2193 1648 prmsumentibus

611 1678 698 1731 lex
726 1676 942 1731 daretur
969 1716 983 1741 ,
1017 1687 1119 1744 qua
1147 1672 1486 1742 praevaricata
1531 1670 1849 1739 quicumque
1891 1660 2194 1737 compuncti

613 1767 1037 1831 humiliarentur,
1079 1780 1183 1818 non
1202 1764 1310 1833 jam
1346 1778 1438 1832 per
1465 1762 1656 1831 legem,
1691 1760 1783 1816 sed
1816 1776 1909 1831 per
1940 1760 2094 1813 fidem
2125 1757 2191 1812 ad

612 1857 1013 1913 subvenientem
1035 1860 1313 1909 currerent
1340 1852 1586 1922 gratiam.
1621 1851 1879 1921 Dissipata
1909 1865 2034 1919 ergo
2055 1849 2188 1918 lege,

612 1958 821 2017 tempus
858 1945 961 2000 fuit
993 1953 1048 1999 ut
1086 1959 1181 2013 per
1204 1943 1529 2014 unigenitum
1556 1941 1746 2022 Filium
1775 1940 1865 1995 Dei
1894 1939 2191 1995 misericor-

611 2040 696 2093 dia
730 2037 1049 2093 mitteretur.
1081 2035 1191 2090 Lex
1234 2034 1376 2089 enim
1417 2031 1750 2096 subintravit,
1802 2040 1859 2085 ut
1900 2027 2192 2084 abundaret

610 2127 859 2183 delictum
885 2143 897 2179 :
930 2140 1033 2195 quo
1058 2124 1251 2179 delicto
1278 2124 1364 2180 lex
1391 2123 1642 2192 dissipata
1679 2130 1760 2176 est
1780 2137 1793 2185 ;
1817 2129 1870 2175 et
1896 2129 2191 2190 opportuno

608 2219 716 2289 iam
761 2227 1001 2288 tempore
1057 2214 1300 2271 Christus
1344 2213 1556 2268 adxenit
1586 2253 1602 2279 ,
1659 2222 1717 2266 ut
1770 2213 1857 2266 ubi
1908 2211 2191 2265 abundavit

608 2309 881 2375 delictum,
904 2304 1357 2377 superabundaret
1377 2305 1544 2375 gratia
1571 2303 1677 2373 (Id.
1695 2319 1746 2368 v,
1765 2302 1880 2373 20).

680 2401 733 2456 8.
778 2398 927 2471 [vers.
960 2395 1107 2469 127.]
1135 2395 1282 2463 Ideo,
1316 2396 1504 2465 inquit,
1537 2394 1690 2448 dilexi
1719 2394 1958 2447 mandata
1989 2402 2074 2445 tua
2103 2408 2189 2444 su-

606 2507 695 2561 per
734 2506 915 2543 aurum
957 2498 1003 2542 et
1049 2487 1306 2556 topazion.
1351 2485 1407 2540 ld
1442 2485 1548 2555 agit
1574 2484 1777 2555 gratia,
1814 2490 1873 2537 ut
1908 2481 2190 2536 dilectione

612 2580 939 2650 impleantur
964 2578 1210 2633 mandata
1238 2578 1365 2643 Dei,
1393 2592 1510 2647 quae
1550 2577 1738 2631 timore
1777 2590 1881 2629 non
1924 2582 2185 2644 poterant.

606 2674 788 2729 Gratia
814 2674 1009 2744 quippe
1037 2671 1129 2726 Dei
1159 2669 1463 2737 di/Tunditur
1487 2670 1705 2723 charitas
1739 2668 1791 2723 in
1822 2668 2055 2721 cordibus
2094 2681 2187 2719 no-

606 2764 720 2818 stris
749 2780 836 2834 per
857 2762 1105 2833 Spiritum
1124 2772 1372 2828 sanctum,
1395 2764 1477 2830 qui
1508 2762 1655 2814 datus
1678 2769 1746 2815 est
1763 2760 1902 2814 nobis
1920 2758 2078 2832 (Ibid.
2106 2757 2184 2828 5).

606 2856 830 2927 Propter
858 2854 997 2924 quod
1023 2864 1076 2908 et
1106 2855 1218 2924 ipse
1250 2855 1501 2908 Dominus
1529 2854 1694 2919 dicit,
1734 2851 1853 2905 Non
1892 2852 2002 2904 veni
2032 2850 2187 2920 legem

607 2946 815 3013 solvere,
838 2945 924 2999 sed
944 2945 1150 3013 implere
1179 2944 1391 3014 (Matth.
1421 2961 1474 3010 v,
1496 2945 1621 3011 l7);
1651 2952 1703 2998 ct
1725 2944 1861 2997 idem
1894 2942 2183 3011 apostolus,

609 3035 885 3091 Plenitudo
906 3036 1027 3105 legis
1048 3035 1269 3089 charitas
1308 3034 1491 3103 (Rom.
1528 3050 1623 3087 xm
1647 3075 1660 3098 ,
1700 3033 1825 3103 10).
1856 3033 2006 3097 Ideo,
2038 3048 2186 3101 super

608 3144 789 3182 aurum
814 3138 859 3181 et
890 3127 1142 3196 topazion.
1164 3126 1275 3182 Hoc
1294 3126 1433 3180 enim
1458 3126 1583 3180 etin
1608 3124 1713 3178 alio
1731 3124 1932 3195 psalmo
1958 3123 2143 3194 legitur
2168 3142 2180 3177 :

603 3217 775 3288 Super
802 3232 983 3270 aurum
1006 3225 1050 3270 et
1067 3216 1287 3285 lapidem
1306 3216 1577 3285 pretiosum
1600 3215 1808 3269 multum
1839 3212 2011 3285 (Psal.
2033 3231 2180 3281 xvnl,

602 3308 721 3377 11).
751 3306 1016 3378 Topazion
1043 3306 1238 3375 quippe
1257 3305 1485 3374 lapidem
1512 3305 1731 3360 multum
1760 3304 2038 3375 perhibent
2063 3320 2183 3361 esse

603 3397 911 3466 pretiosum.
944 3395 999 3450 ln
1037 3404 1355 3451 testamento
1385 3404 1563 3451 autem
1589 3398 1755 3452 veteri
1785 3398 2033 3451 latentem
2058 3413 2179 3467 gra-

604 3487 729 3543 tiam
755 3528 771 3552 ,
821 3495 1070 3556 tanquam
1118 3487 1234 3541 velo
1263 3486 1608 3556 interposito,
1650 3502 1755 3540 non
1799 3488 2180 3557 intelligentes,

604 3579 746 3649 quod
772 3578 1166 3649 significabatur
1188 3576 1400 3647 quando
1431 3577 1481 3630 in
1511 3576 1694 3631 faciem
1717 3577 1879 3648 Moysi
1908 3578 2182 3634 intendere

604 3686 708 3726 non
740 3669 986 3723 valebant
1009 3666 1386 3735 (Exodmxstv,
1413 3667 1618 3730 55-55;
1651 3666 1827 3721 llCor.
1859 3685 1933 3733 nr,
1966 3670 2177 3738 l5-16),

603 3768 819 3832 propter
837 3758 1136 3814 mercedem
1162 3767 1424 3812 terrenam
1438 3766 1595 3827 atque
1617 3757 1883 3811 carnalem
1909 3758 2000 3813 Dei
2028 3774 2181 3813 man-

602 3854 724 3908 data
772 3852 946 3907 facere
982 3850 1335 3913 conabantur,
1380 3863 1552 3918 neque
1599 3849 1894 3916 faciebant;
1923 3854 2042 3922 quia
2076 3869 2178 3907 non

601 3948 745 4016 ipsa,
773 3944 868 4001 sed
898 3942 1039 3997 aliud
1066 3942 1380 4011 diligebant.
1411 3941 1559 3997 Unde
1589 3942 1672 3996 illa
1704 3958 1808 3996 non
1840 3955 1990 3999 erant
2018 3960 2180 4015 Opera

602 4035 926 4099 volentium,
961 4031 1055 4086 sed
1094 4046 1259 4085 onera
1300 4031 1473 4100 potius
1524 4030 1829 4086 invitorum.
1878 4033 2008 4088 Cum
2054 4051 2181 4091 vero

603 4125 718 4193 ipsa
749 4122 992 4176 mandata
1022 4120 1313 4192 diliguntur
1341 4135 1502 4189 super
1530 4135 1716 4175 aurum
1740 4132 1794 4177 et
1818 4123 2042 4193 lapidem
2064 4141 2181 4193 prc-

602 4213 795 4267 tiosum
840 4211 1060 4265 multum
1089 4251 1104 4276 ,
1152 4211 1325 4265 omnis
1378 4226 1487 4280 pra:
1529 4211 1655 4280 ipsis
1684 4212 1944 4268 mandatis
1974 4223 2178 4269 terrena

601 4302 723 4356 vilis
752 4310 835 4356 est
864 4316 1101 4366 merces;
1133 4316 1229 4355 nec
1246 4300 1352 4354 ulla
1373 4315 1439 4355 ex
1469 4310 1617 4371 parte
1633 4312 2008 4372 comparantur
2030 4321 2177 4374 qum-

602 4406 832 4459 cumque
852 4392 952 4448 alia
975 4390 1201 4445 hominis
1218 4391 1377 4457 bona,
1406 4391 1486 4445 his
1506 4391 1659 4448 bonis
1681 4393 1872 4463 quibus
1888 4394 2000 4463 ipse
2020 4393 2180 4451 homo

603 4482 662 4535 fit
689 4482 878 4536 bonus.

677 4571 730 4625 9.
759 4568 908 4642 [vers.
943 4567 1085 4641 128.]
1114 4567 1408 4638 Pr0pterea,
1438 4570 1622 4640 inquit,
1654 4572 1719 4625 ad
1745 4573 1912 4625 omnia
1939 4576 2179 4629 mandata

604 4674 691 4717 tua
739 4661 1041 4733 corrigebar.
1095 4658 1288 4729 Utique
1326 4659 1628 4730 corrigebat
1652 4701 1666 4726 ,
1698 4663 1819 4731 quia
1854 4663 2134 4731 diligebam
2162 4684 2175 4732 ;

606 4766 767 4827 atque
799 4756 900 4810 illis
927 4754 1086 4809 rectis
1114 4762 1169 4806 ut
1194 4752 1353 4806 etiam
1380 4752 1492 4822 ipse
1507 4764 1682 4808 rectus
1709 4754 1911 4821 ﬁerem,
1935 4756 2177 4811 dilectio-

603 4862 671 4902 ne
694 4845 1046 4901 colurrcbatn.
1079 4842 1194 4898 Jam
1224 4842 1350 4895 illud
1380 4841 1517 4911 quod
1551 4843 1805 4913 adjungit,
1848 4860 2180 4915 consequens

603 4946 752 4990 erat:
780 4933 987 4987 Omnem
1005 4975 1019 4997 ,
1050 4932 1245 5001 inquit,
1278 4931 1408 4984 viam
1429 4931 1649 5000 iniquam
1676 4933 1791 4987 odio
1818 4933 1991 4988 habui.
2024 4935 2178 4992 Unde

602 5027 745 5081 enim
775 5025 887 5080 fieri
921 5032 1155 5093 poterat,
1196 5031 1254 5076 ut
1283 5023 1515 5091 iniquam
1543 5024 1681 5076 viam
1710 5039 1812 5078 non
1839 5024 2040 5080 odisset
2059 5026 2179 5080 dili-

602 5130 734 5185 gens
764 5114 1151 5171 rectarn'lNam
1177 5114 1316 5168 sicut
1336 5128 1520 5166 aurum
1548 5122 1602 5167 et
1630 5114 1855 5182 lapidem
1883 5116 2177 5185 pretiosum

602 5205 647 5258 si
674 5205 936 5274 diligeret,
957 5203 1155 5258 odisset
1178 5202 1413 5272 profecto
1440 5204 1695 5275 quidquid
1721 5208 1767 5260 ei
1798 5207 1977 5262 talium
2001 5224 2178 5264 rerum

606 5293 856 5346 damnum
897 5302 1078 5363 posset
1121 5292 1354 5348 inferre:
1385 5293 1456 5347 ita
1503 5295 1751 5364 quoniam
1795 5298 1888 5352 Dei
1933 5299 2178 5355 mandata

607 5383 896 5453 diligebat,
944 5383 1129 5438 oderat
1175 5383 1465 5455 iniquitatis
1505 5386 1642 5441 viam
1674 5428 1688 5453 ,
1729 5390 2176 5458 quemadmodum

607 5472 821 5544 aliquod
860 5473 1298 5527 immanissimum
1350 5476 1537 5530 marini
1580 5478 1782 5532 itineris
1825 5494 2046 5546 saxum,
2089 5482 2177 5536 ubi

608 5575 716 5618 tam
757 5564 1107 5632 pretiosarum
1134 5577 1311 5618 rerum
1339 5580 1557 5625 necesse
1578 5569 1793 5637 estpati
1825 5570 2174 5642 naufragium.

614 5655 764 5721 Quod
796 5662 851 5708 ut
879 5667 985 5706 non
1025 5652 1329 5721 contingat,
1364 5653 1519 5723 longe
1549 5656 1671 5711 inde
1702 5658 1928 5715 velificat
1950 5703 1964 5728 ,
2006 5663 2093 5730 qui
2126 5664 2177 5717 in

615 5743 759 5812 ligno
809 5743 981 5799 crucis
1010 5756 1129 5797 cum
1175 5742 1543 5798 mandatorum
1585 5746 1880 5803 divinorum
1914 5752 2179 5807 mercibus

616 5832 839 5902 navigat.
1740 5855 1744 5859 ‘

2913 602 3080 643 SERIIO
3107 606 3275 643 XXVII.

2376 674 2425 727 1.
2458 672 2605 743 [vers
2647 675 2792 747 l29.]
2840 677 3011 732 Verba
3050 680 3245 734 Psalmi
3278 682 3391 736 htec
3417 695 3532 740 sunt
3566 687 3626 742 de
3653 690 3824 761 quibus,

2301 761 2593 831 adiuvante
2630 764 2853 819 Domino
2878 808 2891 831 ,
2914 766 3231 843 disputaturi
3261 786 3440 827 sumus
3477 791 3489 828 :
3522 775 3753 833 Mirabilia
3774 792 3830 839 te-

2301 852 2536 906 stimonia
2565 863 2693 918 tua;
2738 866 2942 925 propter
2986 859 3079 912 hoc
3102 871 3322 914 scrutata
3350 871 3421 916 est
3445 880 3502 917 ea
3539 868 3692 922 anima
3724 889 3829 927 mea.

2300 943 2428 1011 Quis
2496 956 2772 1001 enumerat
2826 948 3014 1004 saltem
3076 953 3369 1021 generatim
3412 957 3686 1014 testimonia
3725 962 3833 1019 Dei?

2299 1032 2505 1090 Caelum
2529 1045 2582 1090 et
2611 1046 2749 1091 terra
2774 1079 2788 1104 ,
2822 1039 3048 1094 visibilia
3076 1050 3131 1096 et
3160 1042 3418 1097 invisibila
3448 1060 3600 1117 opera
3625 1050 3744 1119 ejus,
3770 1053 3832 1108 di-

2299 1133 2422 1177 cunt
2448 1124 2840 1194 quodammodo
2868 1130 3230 1185 testimonium
3262 1132 3507 1189 bonitatis
3535 1146 3584 1192 et
3607 1143 3831 1211 magnitu-

2299 1211 2437 1269 dinis
2489 1215 2647 1283 ejus;
2713 1225 2767 1269 et
2825 1218 2939 1286 ipse
2995 1234 3184 1275 cursus
3250 1221 3499 1293 frequens
3552 1228 3836 1301 usitatusque

2298 1310 2501 1357 natura:
2520 1345 2534 1369 ,
2567 1319 2673 1373 quo
2704 1316 3000 1375 temporum
3034 1311 3299 1379 rapacitas
3327 1314 3550 1369 volvitur
3572 1357 3586 1381 ,
3614 1317 3661 1372 in
3689 1336 3835 1377 rerum

2298 1406 2631 1464 quarumque
2678 1397 2963 1465 generibus
2986 1440 3001 1466 ,
3027 1402 3270 1468 quamvis
3311 1405 3674 1473 temporalibus
3702 1419 3833 1481 atque

2296 1483 2641 1552 mortalibus,
2672 1502 2790 1555 quae
2842 1498 2988 1544 certe
3042 1493 3432 1550 consuetudine
3485 1497 3760 1569 viluerunt,
3799 1505 3834 1558 si

2297 1575 2415 1644 pius
2464 1578 2829 1634 considerator
2896 1583 3172 1652 advertat,
3233 1587 3474 1656 perbibet
3520 1594 3835 1653 testimonium

2295 1667 2562 1723 Creatori.
2604 1670 2739 1737 Quid
2765 1682 2942 1727 autem
2974 1674 3163 1730 horum
3193 1686 3276 1733 est
3300 1679 3442 1749 quod
3474 1697 3574 1735 non
3611 1684 3673 1737 sit
3704 1689 3836 1741 mira-

2296 1758 2403 1815 bile
2430 1802 2444 1825 ,
2475 1761 2519 1815 si
2554 1778 2718 1818 unum
2743 1765 2990 1835 quodque
3017 1784 3123 1823 non
3154 1785 3250 1824 usu
3270 1812 3284 1836 ,
3317 1772 3411 1827 sed
3459 1775 3654 1831 ratione
3685 1781 3842 1835 metia-

2296 1853 2460 1907 mur?
2491 1852 2546 1908 Si
2602 1870 2731 1909 vero
2784 1866 3036 1928 tanquam
3088 1861 3187 1916 sub
3228 1864 3384 1919 unius
3422 1870 3839 1937 contemplationis

2293 1953 2513 2012 aspectu
2535 1945 2677 2000 velut
2702 1947 2994 2003 audeamus
3017 1961 3205 2006 cuncta
3234 1956 3496 2023 contueri,
3528 1972 3693 2014 nonne
3717 1959 3765 2014 fit
3796 1962 3838 2017 in

2297 2032 2451 2088 nobis
2492 2035 2631 2117 quod
2678 2037 2752 2091 ait
2778 2039 3033 2108 propheta
3065 2060 3076 2095 :
3124 2043 3450 2100 Consideravi
3477 2063 3622 2117 apera
3659 2059 3765 2115 tua,
3799 2064 3836 2107 et

2294 2118 2473 2185 expavi
2495 2116 2718 2187 (Habac.
2765 2137 2820 2174 Ill
2852 2162 2865 2188 ,
2898 2122 2999 2192 l)?
3046 2124 3114 2179 Et
3151 2134 3325 2182 tamen
3370 2129 3471 2183 iste
3500 2116 3599 2185 non
3639 2144 3711 2187 est
3748 2135 3839 2202 ipsa

2294 2220 2472 2261 rerum
2503 2208 2855 2266 admiratione
2902 2215 3213 2282 perterritus
3236 2257 3251 2282 ,
3281 2218 3374 2272 sed
3405 2234 3521 2274 eam
3549 2224 3710 2291 potius
3733 2224 3841 2280 dixit

2292 2312 2411 2351 esse
2432 2313 2644 2356 causam
2666 2316 2762 2356 cur
2788 2318 2849 2357 ea
2875 2303 3119 2358 debuerit
3142 2308 3387 2374 scrutari,
3421 2311 3543 2379 quia
3571 2315 3692 2368 mira
3715 2327 3838 2370 sunt.

2291 2387 2424 2442 Cum
2452 2391 2592 2445 enim
2616 2391 2841 2447 dixisset
2866 2436 2881 2461 ,
2908 2394 3171 2450 Mirabilia
3196 2400 3485 2454 testimonia
3511 2410 3631 2456 tua:
3658 2414 3841 2461 secutus

2292 2481 2553 2550 adjunxit,
2582 2495 2785 2554 propter
2810 2486 2905 2539 hoc
2921 2496 3147 2541 scrutata
3169 2499 3240 2542 est
3264 2506 3321 2542 ea
3344 2492 3523 2545 anima
3551 2510 3690 2559 mea;
3715 2498 3839 2566 quasi

2293 2571 2464 2629 factus
2503 2576 2571 2629 sit
2612 2576 2725 2646 ipse
2782 2579 3179 2649 pervestigandi
3230 2580 3549 2640 difficultate
3597 2588 3838 2641 curiosior.

2292 2665 2498 2731 Quanto
2528 2668 2669 2721 enim
2705 2684 2929 2738 qumque
2956 2686 3041 2725 res
3066 2671 3428 2730 abstrusiores
3461 2675 3616 2732 habet
3641 2676 3841 2745 causas,

2294 2763 2438 2808 tanto
2461 2766 2543 2810 est
2572 2757 2886 2813 mirabilior.

2360 2846 2414 2901 ἓ.
2455 2846 2509 2902 Si
2545 2864 2672 2918 ergo
2709 2849 2860 2905 nobis
2889 2850 3050 2906 homo
3090 2853 3207 2907 talis
3236 2865 3518 2923 occurrat,
3548 2860 3631 2927 qui
3655 2868 3839 2931 preptcr

2291 2935 2391 2991 hoc
2421 2937 2561 2992 dicat
2599 2953 2657 2992 se
2696 2942 2923 2994 scrutari
2963 2942 3266 2997 testimonia
3306 2944 3441 3011 Dei,
3475 2948 3592 3015 quia
3620 2951 3841 3004 mirabilia

2289 3037 2449 3094 sunt,
2488 3043 2607 3082 cum
2652 3030 2806 3098 plena
2838 3031 2905 3084 sit
2942 3031 3019 3086 eis
3048 3041 3102 3086 et
3136 3049 3254 3103 quae
3283 3036 3641 3104 conspicitur,
3670 3047 3718 3091 et
3748 3053 3842 3108 qum

2288 3133 2394 3173 non
2433 3120 2757 3188 conspicitur
2780 3162 2794 3186 ,
2826 3122 3069 3177 universa
3114 3132 3397 3189 creatura;
3449 3143 3620 3182 nonne
3656 3143 3837 3196 compe-

2288 3209 2486 3264 scimus
2516 3225 2637 3264 eum
2659 3250 2674 3276 ,
2701 3210 2939 3265 dicentes
2968 3227 2981 3264 :
3009 3212 3207 3267 Altiora
3236 3223 3282 3267 te
3307 3231 3369 3268 ne
3393 3218 3670 3286 quiesieris,
3695 3228 3735 3271 et
3759 3222 3843 3288 [or-

2287 3301 2414 3354 tiora
2446 3309 2493 3355 te
2531 3317 2593 3354 ne
2620 3311 2868 3356 scrutatus
2897 3303 3093 3370 fueris;
3122 3304 3210 3357 sed
3237 3321 3350 3374 qua:
3396 3307 3488 3359 tibi
3520 3308 3738 3377 prwcepit
3760 3306 3844 3360 Do-

2287 3394 2474 3458 minus,
2492 3391 2585 3444 illa
2605 3392 2767 3462 cogita
2793 3409 2988 3463 semper
3014 3392 3214 3462 (Eccli.
3247 3411 3323 3461 Ill,
3351 3395 3430 3449 22
3448 3397 3503 3464 )?
3532 3398 3630 3453 Sed
3653 3399 3692 3453 si
3718 3398 3844 3452 nobis

2286 3483 2637 3552 reSpondeat,
2670 3490 2724 3537 et
2752 3482 2924 3549 dicat,
2956 3483 3081 3538 Haec
3121 3484 3234 3553 ipsa
3264 3501 3381 3555 quae
3429 3489 3671 3558 praecepit
3696 3487 3845 3543 Domi-

2288 3588 2385 3628 nus
2409 3614 2421 3636 ,
2446 3581 2500 3628 et
2534 3588 2652 3642 quze
2680 3573 2876 3642 jubetis
2915 3582 2972 3628 ut
3012 3575 3236 3645 cogitem
3260 3615 3277 3641 ,
3309 3578 3577 3633 mirabilia
3614 3586 3724 3632 sunt
3751 3578 3843 3646 ejus

2288 3665 2587 3719 testimonia
2615 3683 2630 3731 ;
2667 3680 2786 3719 eum
2814 3665 3007 3735 quippe
3031 3675 3087 3720 et
3115 3667 3395 3722 Dominmn
3425 3712 3438 3733 ,
3469 3671 3588 3739 quia
3612 3669 3747 3739 jubet
3770 3710 3781 3735 ,
3804 3678 3845 3722 et

2285 3754 2481 3809 bonum
2512 3764 2566 3809 et
2595 3770 2863 3825 magnum,
2893 3757 3013 3827 quia
3047 3758 3168 3811 talia
3194 3759 3380 3827 jubet,
3417 3777 3541 3817 esse
3579 3770 3841 3817 testantur:

2284 3842 2544 3913 numquid
2575 3844 2887 3900 audebimus
2934 3845 3203 3903 hominem
3249 3850 3316 3903 ab
3342 3865 3537 3906 eorum
3563 3851 3845 3907 scrutatione

2285 3948 2575 3998 revocare,
2606 3948 2669 3989 ac
2712 3951 2816 3991 non
2856 3935 3028 4004 potius
3071 3946 3128 3991 ut
3166 3937 3352 3993 scdulo
3391 3940 3449 3995 id
3480 3947 3843 4011 agat,ettaut:e

2286 4026 2360 4079 rei
2391 4040 2606 4094 operam
2634 4035 2886 4095 quantam
2933 4037 3109 4097 potest
3149 4029 3430 4098 impendat
3453 4071 3468 4095 ,
3510 4028 3843 4086 hortabimur?

2284 4116 2366 4171 An
2398 4116 2534 4172 forte
2576 4118 2669 4172 Dei
2717 4127 2983 4189 praecepta
3030 4120 3330 4175 testimonia
3371 4123 3590 4191 quidem
3632 4122 3842 4177 bonitatis

2285 4206 2399 4275 ejus
2426 4222 2546 4263 esse
2585 4207 2869 4263 fatebimur
2893 4250 2906 4273 ,
2940 4209 3034 4264 sed
3074 4211 3338 4265 mirabilia
3379 4227 3506 4266 esse
3535 4208 3842 4282 negabimus?

2284 4296 2420 4363 Quid
2446 4298 2585 4351 enim
2614 4298 2829 4363 mirum,
2863 4299 2906 4353 si
2951 4299 3088 4354 bona
3122 4301 3347 4370 imperat
3374 4300 3555 4357 bonus
3584 4298 3842 4356 Dominus?

2286 4386 2396 4441 lmo
2422 4404 2546 4441 vero
2578 4388 2802 4457 idipsum
2844 4398 2926 4443 est
2954 4392 3173 4445 omnino
3217 4392 3523 4448 mirandum
3550 4435 3563 4458 ,
3590 4403 3643 4450 et
3681 4408 3762 4449 cur
3786 4392 3841 4445 ita

2285 4477 2355 4531 sit
2384 4479 2846 4547 perscrutandum,
2876 4479 3015 4549 quod
3045 4496 3165 4535 cum
3200 4482 3336 4537 Deus
3367 4483 3543 4538 bonus
3574 4486 3700 4539 bona
3728 4496 3841 4551 pra:-

2284 4570 2505 4637 ceperit,
2532 4571 2610 4624 eis
2635 4579 2809 4625 tamen
2846 4570 3053 4625 dederit
3079 4572 3271 4627 bonam
3308 4575 3509 4643 legem,
3538 4591 3663 4645 quos
3686 4573 3839 4628 eadem

2286 4659 2370 4714 lex
2398 4660 2667 4715 viviﬁcare
2694 4676 2799 4714 non
2829 4669 3006 4729 posset
3030 4701 3045 4725 ,
3073 4678 3169 4716 nec
3200 4664 3303 4717 ulla
3335 4676 3484 4719 esset
3511 4682 3573 4719 ex
3597 4666 3723 4719 bona
3746 4664 3840 4730 lege

2279 4752 2502 4822 justitia.
2535 4752 2593 4807 Si
2634 4753 2766 4805 enim
2803 4753 2923 4805 data
2969 4764 3093 4808 esset
3141 4756 3221 4809 lex
3259 4772 3370 4825 qua:
3409 4768 3573 4826 posset
3601 4755 3837 4825 viri/irate,

2287 4843 2491 4896 omnino
2521 4858 2582 4896 ea:
2607 4844 2713 4914 lege
2756 4853 2881 4897 esset
2914 4844 3136 4913 justitia.
3183 4846 3288 4900 Cur
3326 4862 3454 4916 ergo
3484 4848 3603 4901 data
3644 4854 3719 4899 est
3744 4856 3840 4912 qua:

2283 4933 2554 4987 viviticare
2580 4948 2685 4986 non
2731 4942 2929 5001 posset,
2959 4943 3013 4988 et
3039 4948 3104 4988 ex
3131 4950 3230 5004 qua
3269 4946 3413 4990 esset
3454 4938 3599 4991 nulla
3632 4932 3836 5006 justitiat

2285 5021 2489 5092 Nempe
2525 5023 2820 5077 mirandum
2849 5033 2966 5088 est,
2997 5040 3189 5093 nempe
3223 5027 3578 5096 stupendum.
3602 5026 3717 5081 llzec
3740 5032 3843 5077 sunt

2284 5129 2410 5185 ergo
2461 5114 2723 5169 mirabilia
2774 5116 3077 5170 testimonia
3130 5117 3222 5171 Dei
3256 5134 3267 5169 :
3304 5127 3521 5188 propter
3570 5119 3665 5172 hoc
3710 5114 3842 5183 hujus

2284 5204 2458 5259 anima
2499 5213 2734 5261 scrutata
2779 5218 2862 5260 est
2902 5222 2963 5260 ea
2990 5247 3004 5271 ,
3050 5208 3299 5276 quoniam
3328 5208 3394 5263 de
3436 5209 3521 5264 his
3549 5224 3651 5264 non
3677 5209 3721 5262 ei
3754 5205 3840 5259 dici

2284 5302 2462 5363 posset
2487 5335 2502 5359 ,
2531 5292 2766 5347 Fortiora
2794 5303 2840 5348 te
2865 5311 2925 5349 ne
2972 5306 3222 5351 scrutatus
3251 5298 3434 5368 fueris;
3465 5299 3555 5352 sed
3593 5313 3700 5366 qua:
3732 5309 3840 5363 prw-

2286 5384 2413 5453 cepit
2439 5382 2527 5436 tibi
2565 5382 2814 5438 Dominus
2834 5427 2847 5448 ,
2880 5386 2970 5438 illa
2995 5388 3158 5456 cegita
3184 5404 3393 5458 semper.
3439 5390 3559 5457 Ipsa
3588 5397 3703 5442 sunt
3722 5385 3840 5439 enim

2286 5488 2403 5542 qua:
2434 5475 2683 5542 praecepit
2713 5476 2865 5531 nobis
2897 5477 3150 5533 Dominus
3175 5496 3188 5544 ;
3221 5489 3275 5534 et
3304 5480 3421 5533 ideo
3450 5477 3718 5549 cogitanda
3739 5480 3841 5526 sunt

2286 5578 2515 5633 semper.
2563 5565 2744 5620 Potius
2787 5566 2969 5636 itaque
3012 5569 3284 5626 videamus
3328 5570 3485 5639 hujus
3532 5569 3699 5623 anima
3740 5576 3840 5633 qum

2287 5662 2518 5707 scrutata
2546 5663 2647 5721 est,
2677 5656 2803 5726 quid
2832 5657 3112 5722 invenerit.

2358 5744 2411 5797 5.
2454 5742 2609 5815 [vers
2645 5744 2802 5817 150.]
2845 5746 3213 5819 Manifestatio,
3248 5748 3432 5819 inquit,
3468 5756 3717 5803 verborum
3744 5752 3839 5796 tuo-

2290 5848 2400 5885 rum
2424 5834 2675 5887 illuminat
2701 5877 2715 5899 ,
2747 5847 2792 5889 et
2832 5839 3108 5908 intelligere
3146 5842 3265 5910 facit
3310 5840 3559 5910 parvulos.
3605 5836 3730 5903 Quid
3767 5839 3838 5885 est

2292 5926 2569 5994 parvulus,
2608 5928 2708 5982 nisi
2744 5928 2957 5986 humilis
2986 5940 3037 5986 et
3068 5930 3341 5991 inﬁrmus?
3367 5928 3482 5984 Noli
3514 5944 3635 5999 ergo
3663 5937 3832 5993 supcr-
