4160 6496
401 463 535 521 1581

396 575 544 639 bire,
576 573 682 628 noli
708 572 775 626 de
814 578 923 636 tua,
955 584 1073 639 qua:
1102 567 1244 623 nulla
1272 576 1371 631 est,
1400 567 1593 621 virtute
1625 580 1978 634 praesumere;

398 674 455 721 et
478 662 747 732 intelliges
770 674 934 730 quare
964 660 1032 713 sit
1059 674 1088 712 a
1118 659 1257 713 bono
1284 657 1391 712 Deo
1421 657 1560 711 bona
1588 657 1669 711 lex
1696 656 1839 719 data,
1868 672 1984 727 quin

399 767 580 811 tamen
605 754 873 809 vivificare
912 768 1018 807 non
1063 752 1249 822 possit.
1282 750 1361 805 Ad
1392 750 1494 805 hoc
1529 750 1671 804 enim
1711 749 1835 805 data
1863 758 1980 815 est,

399 856 457 902 ut
488 855 539 900 te
568 845 636 910 de
663 858 855 915 magno
886 842 1164 914 parvulum
1191 842 1408 910 faceret,
1437 851 1495 897 ut
1523 851 1572 896 te
1589 840 1663 897 'ad
1693 842 1985 897 faciendam

400 938 571 1008 legem
600 936 745 991 vires
785 934 852 990 de
895 943 985 989 tuo
1028 949 1134 989 non
1177 932 1376 989 habere
1414 941 1768 1000 monstraret;
1813 948 1876 989 ac
1909 934 1988 991 sic

399 1030 515 1098 opis
540 1027 749 1097 indigus
774 1035 828 1081 et
852 1041 1051 1097 egenus
1080 1026 1147 1081 ad
1176 1027 1399 1097 gratiam
1434 1027 1775 1098 confugeres,
1801 1036 1855 1083 et
1879 1028 1986 1083 cta-

399 1133 577 1173 mares
607 1136 622 1172 :
649 1117 887 1171 Miserere
910 1117 1006 1171 mei
1028 1158 1044 1185 ,
1073 1116 1316 1186 Domine,
1347 1120 1584 1187 quoniam
1609 1120 1840 1188 in/irmus
1876 1137 1987 1175 sum

400 1207 575 1279 (Psul.
603 1223 677 1275 vr,
708 1207 798 1278 5).
828 1207 940 1262 Hoc
973 1222 1101 1278 ergo
1142 1208 1431 1264 scrutando
1457 1210 1716 1266 intellexit
1743 1211 1830 1265 hic
1866 1226 1987 1281 par-

403 1300 583 1365 vulus,
608 1297 750 1369 quod
772 1299 1023 1353 minimus
1046 1299 1420 1369 Apostolorum
1444 1300 1656 1366 Paulus,
1686 1301 1736 1356 id
1761 1311 1844 1357 est
1865 1318 1988 1373 par-v

403 1391 577 1455 vulus,
612 1390 863 1455 ostendit,
896 1390 1017 1446 ideo
1044 1391 1220 1446 datam
1248 1391 1416 1463 legem
1446 1408 1564 1463 quae
1588 1395 1854 1451 viviﬁcare
1880 1412 1986 1453 non

404 1489 606 1553 posset,
633 1480 753 1550 quia
794 1481 1035 1535 conclusit
1074 1481 1342 1552 Scriptura
1371 1484 1540 1538 omnia
1566 1485 1658 1538 sub
1683 1495 1904 1554 peccato,
1933 1498 1987 1541 ut

405 1573 673 1644 promissio
693 1588 755 1626 ex
773 1572 873 1640 ﬁde
886 1571 917 1625 J
924 1589 1009 1626 esu
1030 1572 1216 1627 Christi
1236 1573 1442 1628 daretur
1460 1574 1770 1631 credentibus
1792 1575 1984 1646 (Galat.

406 1679 480 1730 ιιι,
511 1663 605 1730 21,
634 1662 760 1733 22).
786 1662 880 1730 ita,
906 1663 1150 1731 Domine,
1173 1664 1244 1719 ita
1269 1665 1370 1733 fac,
1399 1665 1703 1722 misericors
1730 1667 1984 1735 Domine;

406 1756 607 1825 impera
633 1756 775 1826 quod
803 1770 909 1813 non
953 1757 1122 1826 possit
1169 1758 1419 1828 impleri,
1452 1759 1561 1813 imo
1602 1760 1804 1830 impera
1847 1763 1988 1831 quod

406 1849 617 1903 nonnisi
643 1863 741 1918 per
770 1856 909 1903 tuam
940 1851 1162 1920 gratiam
1192 1853 1363 1921 possit
1386 1853 1591 1922 impleri
1622 1872 1636 1908 :
1664 1862 1722 1909 ut
1744 1870 1865 1910 cum
1895 1857 1990 1913 ho-

405 1940 577 1995 mines
599 1953 695 2009 per
718 1954 843 1995 suas
866 1941 1006 1997 vires
1036 1942 1088 1996 id
1119 1942 1341 2013 implere
1373 1945 1742 2014 nequiverint,
1764 1963 1910 2003 omne
1934 1966 1989 2005 os

406 2030 715 2097 obstruatur,
741 2041 795 2087 et
824 2047 979 2087 nemo
1002 2033 1104 2089 sibi
1130 2048 1352 2105 magnus
1374 2036 1631 2093 videatur.
1661 2038 1779 2094 Sint
1805 2056 1991 2099 omnes

410 2122 611 2192 parvuli
636 2165 652 2189 ,
678 2132 731 2178 et
756 2139 881 2179 reus
913 2125 1004 2179 fiat
1026 2127 1200 2182 omnis
1225 2128 1454 2184 mundus
1485 2130 1577 2185 tibi
1608 2148 1621 2185 :
1650 2133 1774 2202 quia
1821 2153 1839 2185 ι
1884 2149 1989 2189 non

406 2211 785 2282 justitlcabitur
804 2229 869 2269 ex
898 2214 1015 2284 lege
1039 2214 1212 2270 omnis
1237 2231 1363 2272 caro
1386 2232 1562 2273 coram
1586 2228 1639 2274 te
1663 2238 1676 2285 ;
1706 2236 1801 2290 per
1823 2222 1992 2292 legem

409 2304 552 2358 enim
583 2304 820 2373 cognitio
850 2305 1072 2374 peccati.
1104 2305 1257 2362 Nunc
1292 2316 1467 2362 autem
1493 2309 1609 2365 sine
1648 2311 1764 2381 lege
1786 2312 1992 2383 justitia

411 2404 497 2448 tua
525 2394 863 2449 manifestata
904 2405 985 2450 est
1007 2437 1022 2462 ,
1053 2397 1413 2455 testimonium
1460 2399 1662 2456 habens
1699 2416 1728 2455 a
1759 2402 1901 2474 Lege
1940 2412 1994 2460 et

412 2484 697 2555 Prophetis
743 2504 762 2537 ι
807 2484 980 2556 (Rom.
1017 2502 1092 2553 ιιι,
1136 2486 1356 2559 19-21).
1405 2488 1531 2545 Haec
1566 2499 1692 2545 sunt
1732 2492 1993 2547 mirabilia

413 2573 719 2629 te5timonia
740 2583 849 2641 tua,
871 2590 989 2645 quae
1010 2585 1243 2631 scrutata
1270 2586 1352 2633 est
1376 2579 1552 2635 anima
1575 2581 1777 2651 parvuli
1800 2582 1990 2652 hujus;

414 2674 465 2720 et
486 2664 607 2721 ideo
629 2666 855 2732 invenit,
881 2666 1003 2735 quia
1030 2666 1331 2722 humiliatus
1351 2678 1450 2734 est,
1471 2678 1525 2725 et
1545 2671 1797 2739 parvulus
1824 2672 1995 2729 factus

413 2765 511 2811 est.
542 2755 672 2823 Quis
696 2756 836 2811 enim
863 2754 985 2811 facit
1011 2757 1255 2812 mandata
1286 2766 1371 2813 tua
1401 2759 1537 2815 sicut
1571 2760 1809 2816 facienda
1836 2772 1991 2829 sunt,

414 2847 464 2902 id
498 2858 616 2914 est,
647 2862 715 2903 ex
744 2847 845 2904 fide
872 2864 990 2919 quae
1019 2864 1111 2919 per
1138 2849 1472 2907 dilectionem
1503 2863 1752 2921 operatur
1782 2852 1990 2925 (Galat.

416 2955 465 3005 v,
497 2939 590 3009 6),
624 2939 724 2992 nisi
754 2938 867 3008 ejus
896 2940 945 2993 in
976 2940 1137 2995 corde
1181 2955 1277 3010 per
1312 2940 1568 3011 Spiritum
1611 2954 1853 2999 sanctum
1881 2946 1993 3015 ipsa

413 3029 626 3084 dilectio
654 3028 977 3084 diffundatur
1004 3029 1178 3103 (Rom.
1211 3047 1262 3099 v,
1291 3032 1398 3102 5)?

480 3122 533 3176 4.
578 3118 738 3194 [υενε.
774 3119 933 3193 151.]
974 3121 1085 3177 Hoc
1103 3122 1261 3177 etiam
1287 3123 1385 3179 iste
1405 3124 1657 3193 parvulus
1677 3125 1989 3182 confitetur:

415 3211 484 3267 Os
506 3229 692 3277 meum,
724 3212 910 3283 inquit,
939 3215 1151 3282 aperui,
1177 3222 1224 3267 et
1247 3216 1433 3268 attraxi
1460 3216 1693 3284 spiritum
1715 3257 1729 3282 ,
1757 3218 1993 3287 quoniam

410 3306 654 3359 mandata
686 3313 774 3357 tua
813 3304 1176 3359 desiderabam.
1208 3304 1345 3371 Quid
1383 3304 1752 3373 desiderabat,
1782 3308 1882 3362 nisi
1918 3308 1996 3362 fa-

407 3413 533 3453 cere
550 3396 803 3451 mandata
822 3396 1035 3452 divina?
1059 3397 1166 3453 Sed
1195 3412 1299 3452 non
1326 3406 1441 3453 erat
1467 3397 1607 3453 unde
1628 3397 1826 3455 faceret
1849 3400 1995 3455 infir-

405 3505 531 3545 mas
573 3489 731 3544 fortia
755 3531 768 3554 ,
798 3490 1051 3560 parvulus
1091 3504 1279 3560 magna
1312 3506 1325 3542 :
1357 3494 1566 3559 aperuit
1609 3505 1703 3555 os,
1737 3492 1995 3557 confitens

400 3581 550 3653 quod
571 3596 668 3651 per
692 3596 751 3636 se
772 3582 883 3651 ipse
902 3597 1007 3637 non
1032 3582 1257 3647 faceret;
1285 3592 1338 3637 et
1357 3584 1571 3637 attraxit
1592 3583 1731 3639 unde
1751 3583 1950 3641 faceret
1977 3603 1990 3639 :

401 3672 628 3743 aperuit
658 3687 719 3727 os
759 3672 984 3743 petendo
1005 3714 1021 3740 ,
1052 3673 1341 3743 quaerendo
1365 3715 1379 3741 ,
1414 3674 1698 3744 pulsando;
1730 3685 1784 3731 et
1808 3677 1997 3734 sitiens

380 3764 593 3821 hausit
616 3763 873 3833 Spiritum
916 3763 1111 3819 bonum
1137 3804 1151 3830 ,
1182 3763 1325 3819 unde
1368 3764 1584 3830 faceret,
1614 3765 1754 3835 quod
1784 3782 1879 3836 per
1906 3782 1995 3823 se-

391 3858 594 3929 ipsum
624 3870 731 3910 non
765 3864 996 3926 poterat,
1026 3855 1329 3911 mandatum
1359 3867 1601 3911 sanctum
1636 3868 1690 3912 et
1710 3859 1909 3927 justum
1941 3869 1995 3915 et

381 3951 614 4006 bonum
668 3946 776 4018 (Id.
803 3963 877 4003 vn
902 3989 916 4014 ,
953 3947 1073 4018 12).
1122 3947 1177 4003 Si
1205 3947 1345 4003 enim
1373 3964 1470 4003 nos
1496 3964 1618 4004 cum
1651 3949 1819 4005 simus
1847 3951 1991 4017 mali,

376 4043 663 4099 novimus
687 4040 821 4095 bona
851 4040 973 4094 data
1002 4040 1132 4095 dare
1170 4040 1291 4095 ﬁliis
1330 4041 1559 4105 nostris;
1605 4050 1803 4111 quanto
1828 4043 1996 4112 magis

373 4136 577 4191 Pater
605 4144 787 4187 noster
810 4133 878 4188 de
903 4133 1040 4188 cado
1064 4133 1153 4188 dat
1182 4134 1433 4202 Spiritum
1471 4134 1666 4189 bonum
1698 4135 1997 4204 petentibus

367 4243 525 4285 eum
568 4223 735 4296 (Luc.
771 4240 827 4278 XI
850 4266 865 4291 ,
898 4225 963 4279 10
985 4264 1001 4291 ,
1033 4226 1178 4294 15)?
1207 4225 1321 4280 Non
1365 4226 1506 4280 enim
1552 4226 1642 4295 qui
1685 4226 1873 4295 spiritu
1900 4241 1999 4281 suo

362 4324 602 4389 agunt,
636 4315 729 4369 sed
758 4324 1017 4385 qumquot
1044 4315 1245 4386 Spiritu
1271 4316 1365 4370 Dei
1396 4324 1641 4387 aguntur,
1672 4316 1725 4370 hi
1754 4316 1847 4371 filii
1876 4324 2000 4372 sunt

368 4407 491 4462 Dei
534 4403 559 4472 (
585 4404 738 4458 Rom.
767 4420 853 4458 Vllt
879 4445 895 4470 ,
925 4403 1031 4477 1i)
1060 4422 1073 4457 :
1104 4421 1207 4461 non
1238 4406 1355 4475 quia
1385 4407 1482 4476 ipsi
1512 4406 1640 4461 nihil
1670 4415 1868 4477 agunt;
1902 4405 1997 4463 sed

384 4514 455 4554 ne
487 4493 647 4551 nihil
690 4493 813 4549 boni
850 4504 1045 4565 agant,
1074 4510 1103 4549 a
1143 4496 1284 4551 bono
1308 4505 1534 4566 aguntur
1564 4506 1621 4552 ut
1660 4507 1837 4568 agant.
1865 4497 1997 4553 Nam

389 4597 565 4643 tanto
594 4585 763 4655 magis
786 4584 1016 4640 efficitur
1034 4586 1259 4656 quisque
1288 4586 1425 4641 filius
1452 4587 1640 4654 bonus,
1670 4597 1867 4658 quanto
1894 4588 1999 4644 lar-

388 4681 524 4750 gius
563 4676 615 4729 ei
648 4674 802 4729 datur
828 4689 857 4728 a
886 4675 1042 4731 Patre
1067 4675 1294 4745 Spiritus
1322 4676 1513 4732 bonus.

464 4769 537 4824 5.
574 4763 752 4837 [νει-ε.
803 4764 967 4838 152.]
1009 4766 1243 4836 Denique
1272 4766 1372 4822 iste
1408 4767 1579 4822 adhuc
1605 4768 1757 4838 petit.
1789 4768 1860 4823 Os
1884 4769 1999 4839 qui-

393 4861 534 4916 dem
586 4857 831 4925 aperuit,
872 4865 925 4911 et
988 4856 1205 4912 attraxit
1249 4859 1525 4928 Spiritum;
1578 4859 1669 4914 sed
1719 4859 1892 4914 adhuc
1932 4860 1998 4915 ad

396 4954 637 5008 Patrem
668 4949 875 5017 pulsat,
904 4958 956 5005 et
982 4950 1172 5019 quierit
1203 4968 1215 5004 :
1245 4950 1413 5015 bibit,
1444 4951 1537 5006 sed
1564 4960 1761 5020 quanto
1786 4953 2000 5009 suavius

397 5044 610 5103 sensit,
644 5049 788 5095 tanto
814 5041 1084 5096 ardentius
1109 5041 1282 5097 adhuc
1307 5042 1434 5096 sitit.
1462 5042 1601 5097 Audi
1628 5043 1785 5098 verba
1816 5043 2001 5099 sitien-

402 5138 472 5192 tis
503 5152 518 5187 :
561 5133 777 5202 Respice
799 5175 811 5198 ,
840 5134 1026 5203 inquit,
1058 5134 1109 5186 in
1140 5149 1216 5187 me
1234 5173 1247 5197 ,
1275 5142 1322 5188 et
1350 5134 1581 5188 miserere
1608 5134 1702 5186 mei
1729 5135 2000 5187 secundum

400 5227 671 5297 judicium
697 5226 1009 5295 diligentiam
1036 5242 1215 5279 nomen
1255 5235 1394 5280 tuum
1433 5242 1451 5278 :
1494 5225 1545 5279 id
1576 5235 1676 5290 est,
1708 5226 2000 5280 secundum

406 5317 676 5387 judicium
693 5316 832 5385 quod
855 5317 905 5371 in
927 5330 1021 5372 eos
1043 5315 1233 5379 fecisti,
1253 5318 1340 5386 qui
1364 5316 1588 5385 diligunt
1609 5331 1799 5370 nomen
1819 5325 1963 5370 tuum
1984 5333 1999 5382 ;

412 5408 675 5479 quoniam
698 5417 755 5461 ut
774 5407 1051 5478 diligerent
1074 5416 1146 5469 te,
1179 5410 1322 5477 prius
1351 5408 1579 5463 dilexisti
1607 5423 1719 5463 eos.
1748 5408 1836 5463 Sic
1858 5408 1998 5463 enim

415 5501 658 5555 Joannes
683 5501 956 5568 apostolus
979 5501 1073 5566 ait,
1109 5499 1219 5554 Nos
1245 5500 1501 5569 diligimus
1520 5539 1533 5564 ,
1568 5500 1755 5569 inquit,
1788 5499 1953 5553 Deum
1982 5518 2001 5553 :

419 5603 466 5646 et
500 5591 651 5645 velut
676 5604 834 5644 causa
881 5601 1242 5660 quaereretur,
1274 5606 1389 5659 qua:
1435 5606 1531 5645 nos
1575 5591 1793 5660 diligere
1836 5591 1996 5656 fecit;

418 5681 681 5749 adjunxit,
707 5680 959 5747 Quoniam
972 5681 1080 5748 ipse
1095 5681 1231 5749 prior
1245 5679 1417 5733 dilexit
1435 5696 1524 5733 nos
1544 5678 1596 5750 (l
1616 5679 1772 5734 Joan.
1797 5697 1867 5746 IV,
1884 5681 1997 5751 19).

488 5772 544 5825 6.
573 5773 593 5843 ί
613 5786 741 5825 vers.
771 5768 936 5842 155.]
976 5770 1104 5826 Vide
1124 5779 1177 5825 et
1202 5768 1300 5826 iste
1325 5770 1449 5841 quid
1472 5772 1804 5841 apertissime
1823 5771 1996 5827 dicat:

418 5858 633 5917 Crestus
662 5877 793 5915 meos
822 5862 981 5932 dirige
1019 5861 1289 5915 secundum
1323 5868 1570 5932 «toqutum
1604 5872 1743 5916 tuum
1770 5905 1782 5929 ,
1818 5871 1862 5917 cl
1900 5879 1999 5919 non

1466 449 1857 507 ENARRATIO
1898 448 1961 504 IN
2004 450 2324 508 PSALMUM
2362 454 2591 511 CXVI”.

3536 477 3672 534 1582

2095 563 2378 620 dominetur
2406 570 2503 623 mei
2545 571 2706 625 omnis
2750 573 3005 643 iniquitas.
3039 578 3138 636 Ubi
3182 584 3310 653 quid
3357 586 3498 645 aliud
3544 591 3674 648 dicit

2090 668 2247 723 quam
2273 697 2288 723 ,
2318 655 2538 714 Rectum
2566 669 2619 716 et
2644 662 2869 720 liberum
2898 681 2984 723 me
3010 668 3091 725 fac
3113 676 3405 733 secundum
3442 684 3674 751 promis-

2092 758 2210 799 sum
2233 746 2417 801 tuum?
2440 749 2650 817 Quanto
2673 761 2849 809 autem
2871 759 3039 829 magis
3059 774 3241 832 regnat
3261 766 3313 822 in
3335 746 3674 845 quocumque

2093 835 2187 892 Dei
2235 837 2505 909 charitas,
2549 851 2697 899 tanto
2738 847 2915 904 minus
2957 851 3008 906 ei
3052 835 3367 913 dominatur
3397 835 3670 934 iniquitas.

2092 926 2229 1026 Quid
2256 932 2566 1026 e‘rgoaliud‘
2596 936 2761 1003 petit,
2794 953 2951 1008 quam
2996 952 3053 998 ut
3089 944 3320 1005 donante
3349 950 3460 1009 Deo
3487 926 3674 1026 diligat

2092 1018 2301 1075 Deum?
2331 1022 2608 1093 Diligendo
2636 1028 2777 1083 enim
2809 1031 2997 1097 Deum,
3027 1034 3193 1107 diligit
3219 1040 3473 1113 seipsum,
3507 1056 3566 1104 ut
3584 1018 3671 1104 di-

2092 1110 2255 1180 ligcre
2279 1113 2562 1171 salubriter
2591 1119 2758 1187 possit
2788 1130 2844 1177 et
2886 1126 3183 1193 proximum
3226 1110 3364 1188 sicut
3387 1110 3619 1207 seipsum
3655 1161 3668 1195 :

2092 1201 2376 1299 iri-quibus
2414 1208 2696 1277 praeceptis
2745 1218 2851 1266 tota
2898 1213 3009 1271 Lex
3053 1218 3252 1287 pendet
3294 1231 3348 1277 et
3390 1201 3673 1299 Prophetas

2093 1292 2305 1362 (Matth.
2335 1311 2447 1390 xxu
2470 1338 2483 1361 ,
2517 1299 2742 1372 57-40).
2777 1302 2915 1370 Quid
2956 1305 3116 1375 igitur
3140 1319 3293 1378 orat,
3322 1315 3424 1370 nisi
3453 1292 3514 1373 ut
3534 1334 3674 1390 prte-

2092 1393 2243 1482 ccpta
2270 1400 2389 1482 quae
2417 1386 2556 1443 Deus
2586 1390 2809 1460 imponit
2829 1393 3086 1466 jubendo,
3115 1400 3321 1472 impleri
3346 1404 3506 1465 faciat
3534 1386 3676 1482 adju-

2091 1472 2262 1529 vando
2279 1473 2304 1528 ?

2166 1568 2217 1620 7.
2252 1567 2413 1639 [vers.
2451 1572 2608 1646 154.]
2646 1574 2750 1632 Sed
2780 1578 2905 1648 quid
2949 1590 3033 1638 est
3076 1585 3215 1654 quod
3253 1587 3418 1657 dicit,
3465 1592 3677 1652 Redime

2094 1674 2172 1712 me
2198 1676 2230 1713 a
2258 1662 2522 1719 calumniis
2566 1666 2824 1724 hominum
2848 1712 2861 1737 ,
2894 1683 2939 1726 et
2968 1677 3246 1732 custodiam
3274 1685 3517 1740 mandata
3544 1697 3632 1742 tua
3652 1691 3678 1743 .’

2094 1747 2149 1804 Si
2173 1765 2295 1805 vera
2318 1752 2390 1807 illi
2416 1753 2661 1812 homines
2679 1760 2902 1816 crimina
2923 1764 3198 1834 objiciunt,
3222 1785 3327 1825 non
3349 1774 3677 1834 calumnian-

2096 1848 2181 1893 tur
2210 1858 2223 1893 :
2248 1842 2292 1896 si
2320 1842 2471 1909 falsa,
2501 1846 2626 1916 quid
2656 1858 2739 1903 est
2765 1852 2907 1921 quod
2934 1868 2994 1909 se
3020 1857 3208 1913 redimi
3233 1859 3553 1922 desiderata
3583 1884 3675 1924 ca-

2097 1929 2331 1996 lumniis,
2355 1933 2406 1987 id
2434 1944 2516 1990 est
2540 1951 2567 1989 a
2593 1937 2904 1996 criminibus
2926 1942 3092 2014 falsis,
3116 1962 3233 2018 quze
3250 1950 3325 2006 illi
3350 1968 3546 2012 nocere
3571 1973 3677 2015 non

2094 2024 2352 2089 possunt?
2380 2024 2593 2083 Crimen
2622 2030 2817 2100 quippe
2841 2031 3032 2090 falsum
3057 2078 3072 2103 ,
3102 2039 3244 2108 quod
3269 2050 3351 2097 est
3375 2044 3638 2103 calumnia
3658 2093 3672 2113 ,

2095 2126 2246 2167 reum
2290 2130 2397 2170 non
2426 2116 2552 2173 facit
2582 2119 2848 2178 hominem
2874 2162 2890 2190 ,
2921 2125 3023 2181 nisi
3065 2129 3205 2197 apud
3232 2131 3466 2200 judicem
3508 2136 3677 2194 homi.

2096 2219 2218 2258 nem
2251 2223 2263 2258 :
2294 2205 2383 2261 ubi
2410 2216 2586 2264 autem
2616 2211 2758 2268 Deus
2782 2213 2945 2283 judex
2975 2229 3075 2283 est,
3103 2221 3277 2277 nullus
3302 2224 3433 2282 falso
3456 2229 3679 2287 crimine

2098 2296 2344 2391 laeditur;
2374 2301 2497 2391 quia
2527 2318 2631 2358 non
2658 2306 2743 2360 cui
2772 2306 3039 2377 objicitur,
3070 2312 3165 2368 sed
3204 2314 3474 2386 objicienti
3504 2322 3679 2391 potius

2099 2386 2407 2456 imputatur.
2449 2390 2531 2445 An
2577 2393 2664 2449 hic
2707 2395 2963 2454 Ecclesiae
3008 2403 3357 2474 praesignatur
3384 2386 3594 2479 oratio,
3625 2423 3679 2468 et

2097 2477 2331 2534 universi
2371 2483 2550 2552 populi
2578 2484 2853 2543 chriSIiani
2879 2529 2894 2555 ,
2925 2492 3015 2559 qui
3056 2493 3363 2565 redemptus
3407 2509 3488 2555 est
3532 2477 3678 2559 arca-

2098 2568 2312 2625 lnmniis
2338 2570 2632 2640 hominum,
2663 2578 2857 2647 quibus
2879 2583 3281 2653 exagitabantur
3305 2605 3678 2666 usquequaque

2098 2657 2418 2716 Christiani?
2443 2661 2547 2719 Sed
2575 2669 2830 2739 numquid
2877 2682 3156 2744 propterea
3184 2678 3278 2734 Dei
3306 2657 3555 2740 mandata
3580 2657 3677 2742 tiu-

2099 2748 2262 2804 stodit
2291 2751 2343 2804 ‘?
2366 2751 2555 2811 Nonne
2582 2756 2721 2813 inter
2749 2759 2892 2829 ipsas
2919 2764 3230 2835 calumnias,
3262 2775 3472 2843 quando
3500 2776 3677 2835 ferve-

2098 2837 2244 2903 bant,
2276 2842 2444 2897 multo
2473 2845 2760 2915 gloriosius
2788 2854 3013 2921 papulus
3042 2868 3256 2916 sanctus
3277 2837 3351 2917 vin
3382 2865 3679 2925 tribulatio-

2098 2932 2255 2987 nibus
2293 2933 2387 2989 Dei
2431 2937 2677 2993 mandata
2716 2943 2997 3013 servabat,
3028 2962 3151 3003 cum
3192 2950 3257 3005 ad
3299 2960 3680 3024 perpetrandas

2099 3020 2397 3092 impietates
2415 3031 2857 3098 persequentibus
2888 3049 2993 3090 non
3019 3037 3280 3095 cedebat?
3299 3020 3411 3099 Sed
3430 3046 3679 3106 nimirum

2099 3112 2200 3168 hoc
2218 3122 2321 3183 est,
2346 3114 2556 3173 Redime
2576 3136 2654 3174 me
2675 3138 2707 3175 a
2736 3124 2999 3181 calumniis
3025 3128 3303 3200 hominum,
3328 3143 3375 3189 et
3399 3139 3679 3195 custodiam

2068 3205 2339 3259 -mandata
2368 3217 2454 3261 tua
2483 3224 2502 3263 :
2532 3209 2607 3265 Tu
2639 3226 2735 3281 age
2779 3213 2955 3270 infuso
2982 3216 3178 3287 Spiritu
3209 3229 3299 3278 tuo
3321 3264 3336 3291 ,
3371 3241 3439 3281 ne
3468 3243 3554 3282 me
3590 3244 3681 3285 ca-

2098 3295 2311 3351 lumnize
2342 3297 2615 3354 hominum
2648 3303 2940 3360 terroribus
2984 3309 3235 3379 vincant,
3265 3322 3318 3369 et
3340 3329 3370 3370 a
3401 3318 3504 3372 tuis
3530 3335 3682 3374 man-

2097 3384 2234 3442 datis
2259 3387 2323 3442 ad
2347 3403 2442 3443 sua
2465 3391 2600 3445 mala
2626 3391 2763 3448 facta
2784 3395 3082 3463 traducant.
3103 3400 3158 3456 Si
3182 3405 3322 3458 enim
3350 3406 3452 3463 hoc
3473 3425 3682 3467 mecum

2099 3480 2292 3549 egeris,
2321 3481 2373 3569 id
2403 3490 2517 3549 est,
2545 3484 2648 3540 hoc
2672 3487 2833 3543 modo
2862 3504 2949 3546 me
2976 3492 3044 3547 ab
3068 3507 3253 3550 eorum
3284 3499 3585 3570 calumniis,
3615 3521 3684 3560 ne

2099 3562 2495 3629 criminationes
2520 3574 2679 3631 falsas
2706 3593 2839 3649 quas
2865 3580 3121 3650 objiciunt
3149 3588 3519 3655 pertimescam
3546 3562 3683 3666 ,ypa-

2102 3661 2283 3717 tientia
2312 3663 2506 3720 donata
2550 3666 2873 3736 redemeris;
2908 3671 3045 3729 inter
3075 3674 3214 3745 ipsas
3253 3679 3545 3740 calumnias
3582 3661 3683 3751 cu-

2099 3752 2323 3809 stodiam
2353 3755 2597 3812 mandata
2628 3768 2735 3814 tua.

2171 3846 2223 3901 8.
2259 3845 2423 3918 [vers.
2459 3849 2619 3921 155.]
2663 3850 2869 3917 Faciem
2899 3864 3076 3923 tuam,
3109 3856 3314 3927 inquit,
3343 3861 3573 3918 illumina
3598 3882 3683 3920 su-

2102 3952 2190 4004 per
2208 3952 2402 3990 servum
2423 3946 2563 3991 tuum
2584 3955 2602 3991 :
2624 3938 2675 3993 id
2695 3949 2798 4006 est,
2826 3950 2966 3996 tuam
2990 3944 3292 4012 manifesta,
3315 3950 3681 4010 subveniendo

2100 4034 2156 4080 et
2179 4026 2489 4095 opitulando
2513 4069 2527 4092 ,
2561 4030 2919 4098 praesentiam.
2955 4031 3021 4085 Et
3046 4033 3170 4088 doce
3195 4051 3272 4089 me
3291 4038 3683 4107 justiﬁcationes

2101 4124 2232 4169 tuas.
2264 4116 2404 4171 Doce
2435 4115 2616 4186 utique
2646 4126 2701 4172 ut
2740 4117 2929 4173 faciam
2978 4138 2990 4173 :
3036 4122 3179 4191 quod
3217 4125 3513 4184 evidentius
3553 4131 3681 4188 alibi

2102 4208 2326 4277 legitur,
2362 4207 2497 4263 Doce
2538 4225 2617 4262 me
2662 4219 2716 4263 ut
2759 4210 2947 4281 faciam
2988 4214 3291 4270 voluntatem
3328 4203 3481 4273 tuam
3510 4220 3681 4294 (Psal.

2102 4313 2261 4363 chu,
2297 4298 2412 4368 10).
2439 4298 2538 4366 Qui
2577 4299 2720 4354 enim
2744 4299 3003 4369 audiunt,
3036 4302 3161 4359 licet
3186 4309 3441 4363 memoria
3470 4319 3686 4369 teneant

2103 4387 2242 4457 quod
2268 4388 2530 4455 audiunt,
2563 4403 2894 4460 nequaquam
2921 4390 3173 4449 didicisse
3201 4398 3419 4465 putandi
3448 4410 3609 4471 sunt,
3638 4405 3686 4461 si

2103 4494 2207 4532 non
2239 4477 2453 4533 faciunt.
2483 4478 2738 4534 Veritatis
2762 4494 2991 4551 namque
3018 4484 3239 4539 verbum
3265 4495 3367 4554 est,
3402 4489 3579 4545 Omnis
3598 4497 3683 4562 qui

2102 4568 2293 4622 audivit
2314 4586 2344 4622 a
2368 4568 2526 4623 Patre
2552 4578 2598 4623 et
2626 4568 2838 4637 didicit,
2868 4572 3000 4626 venit
3030 4575 3097 4627 ad
3124 4591 3202 4630 me
3231 4576 3407 4647 (Joan.
3436 4595 3486 4634 vt
3508 4623 3522 4645 ,
3553 4583 3683 4653 45).

2102 4657 2202 4724 Qui
2229 4672 2355 4727 ergo
2381 4672 2487 4713 non
2514 4657 2658 4725 facit,
2687 4658 2740 4714 id
2768 4667 2850 4715 est
2875 4676 2979 4716 non
3004 4664 3166 4729 venit,
3200 4681 3306 4721 non
3333 4667 3537 4725 didicit.

2174 4751 2227 4805 9.
2259 4747 2420 4820 [vers.
2455 4748 2614 4820 156.]
2655 4749 2919 4805 Recolens
2964 4762 3139 4808 autem
3171 4756 3272 4811 iste
3300 4756 3537 4813 dolorem
3570 4776 3684 4830 po:-

2103 4840 2339 4895 nitentiae
2366 4841 2815 4910 praevaricationis
2837 4856 2968 4908 suae,
2994 4843 3176 4899 Exitus
3201 4863 3464 4916 aquarum,
3488 4851 3679 4922 inquit,

2104 4932 2461 4987 descenderunt
2499 4933 2633 4988 oculi
2670 4937 2801 5004 mei,
2843 4933 2961 5005 quia
3004 4952 3104 4989 non
3141 4938 3481 4994 custodierunt
3525 4942 3685 5012 legem

2104 5031 2240 5075 tuam
2283 5039 2301 5076 :
2331 5022 2381 5078 id
2423 5032 2537 5090 est,
2591 5024 2688 5094 ipsi
2746 5027 2885 5080 oculi
2926 5027 3051 5079 mei.
3098 5025 3231 5081 Nam
3274 5028 3326 5081 in
3353 5030 3683 5098 .quibusdam

2104 5113 2373 5169 codicibus
2414 5123 2469 5169 et
2511 5117 2611 5170 hoc
2656 5115 2879 5185 legitur,
2914 5114 3047 5181 Quia
3092 5131 3194 5169 non
3239 5119 3482 5173 custodiu'
3526 5132 3684 5191 legem

2105 5213 2261 5257 tuam.
2288 5202 2665 5259 Descenderam
2705 5218 2833 5274 ergo
2858 5204 3022 5257 exitus
3050 5220 3294 5273 aquarum
3316 5246 3329 5271 ,
3360 5207 3413 5261 id
3441 5218 3523 5263 est
3551 5210 3684 5266 effu-

2105 5296 2283 5350 siones
2302 5296 2675 5366 lacrymarum.
2699 5294 2766 5349 Et
2786 5309 2847 5348 ea
2873 5294 3141 5351 locutione
3164 5311 3266 5366 qua
3293 5297 3470 5356 dicere
3492 5304 3684 5370 potuit,

2105 5386 2311 5442 Montes
2334 5387 2721 5442 descenderunt
2746 5386 2908 5455 pedes
2934 5387 3057 5450 mei;
3088 5389 3186 5443 etsi
3214 5406 3318 5444 non
3344 5392 3566 5459 diceret,
3591 5412 3685 5466 per

2106 5485 2333 5542 montes,
2364 5478 2477 5538 vel,
2508 5477 2559 5529 in
2590 5484 2798 5531 montes
2832 5493 2844 5528 ε
2876 5489 2937 5529 ea
2965 5476 3235 5534 locutione
3260 5480 3473 5547 dicitur,
3504 5485 3684 5539 Scalas

2105 5566 2399 5630 descendit,
2420 5567 2518 5619 etsi
2548 5580 2649 5618 non
2677 5564 2905 5633 dicatur,
2934 5581 3027 5636 per
3046 5569 3250 5635 scalas;
3285 5579 3394 5636 aut,
3418 5572 3681 5628 Piscinam

2106 5659 2399 5723 descendit,
2427 5659 2525 5713 etsi
2555 5672 2658 5711 non
2694 5658 2919 5725 dicatur,
2948 5659 3000 5713 in
3032 5662 3309 5730 piscinam.
3338 5662 3407 5717 Et
3430 5663 3563 5718 bene
3588 5666 3682 5732 ait,

2108 5752 2491 5814 descenderunt,
2523 5749 2818 5823 humilitate
2846 5750 3049 5804 scilicet
3080 5752 3387 5820 paenitendi.
3416 5754 3688 5811 Ascende-

2175 5868 2189 5897 ί
2210 5862 2340 5923 ωδί,
2360 5872 2452 5912 non
2476 5859 2693 5911 custodit.
2717 5860 2876 5920 Abest,
2901 5872 3007 5917 non,
3032 5871 3060 5907 a
3084 5866 3191 5909 Mss.
