4160 6452
599 451 731 504 ἰὲὶδ.)

595 571 717 615 runt
743 562 905 622 enim.
927 558 1139 629 quando
1166 572 1259 627 per
1282 554 1586 625 superbiam
1612 561 1978 607 contumacem
2005 549 2167 605 erecti

596 652 802 706 fuerant
838 658 890 705 ct
914 649 1057 704 elati.
1100 648 1320 703 Sursum
1353 645 1493 700 enim
1533 646 1634 700 sibi
1671 659 1789 698 esse
1821 642 2166 705 videbantur,

596 743 809 813 quando
835 743 1136 811 ignorantes
1164 740 1253 794 Dei
1273 738 1551 807 justitiam,
1578 736 1902 790 constituere
1926 735 2172 788 volebant

596 851 743 889 suam
777 834 963 903 (Rom.
1005 848 1059 895 ιι,
1090 832 1157 900 5)
1190 848 1201 883 :
1234 832 1284 884 in
1313 845 1412 899 qua
1445 828 1640 898 fatigati
1676 838 1729 882 et
1758 827 1888 896 legis
1920 826 2170 894 praevari-

596 925 807 977 catione
835 921 1064 983 confusi,
1093 921 1159 974 ab
1190 920 1277 973 illa
1309 919 1536 974 elatione
1564 917 1951 998 descenderunt
1976 915 2169 981 ﬂendo,

596 1022 652 1066 ιιι
676 1013 933 1078 justitiam
965 1012 1054 1065 Dei
1084 1011 1259 1079 potius
1287 1010 1629 1079 impetrarent
1651 1005 1953 1076 pmnilcndo
1980 1006 2017 1057 ¹.
2042 1005 2174 1059 Sunt

596 1103 805 1158 codices
832 1103 919 1171 qui
950 1116 1054 1155 non
1087 1101 1283 1154 habent
1311 1100 1691 1164 descenderunt,
1720 1097 1813 1151 sed
1848 1097 2170 1160 transierunt,

598 1205 847 1264 tanquam
870 1200 1247 1261 exaggeranter
1273 1189 1474 1243 diceret
1501 1188 1753 1242 transisse
1780 1201 1836 1240 se
1864 1185 2036 1239 ﬂendo
2063 1186 2176 1238 t'on-

599 1295 679 1341 tes
705 1298 1001 1353 aquarum;
1048 1290 1105 1335 ut
1151 1281 1251 1334 hoc
1298 1279 1652 1348 intelligamus
1696 1278 1855 1331 exitus
1884 1290 2174 1344 aquarum:

600 1373 653 1429 id
684 1381 765 1427 est
788 1375 807 1404 ³
831 1413 843 1436 ,
874 1372 991 1440 plus
1035 1370 1243 1425 ﬂevisse
1268 1409 1282 1433 ,
1314 1384 1470 1438 quam
1517 1376 1733 1422 manant
1779 1382 1930 1435 aqua:
1958 1366 2025 1419 de
2068 1364 2176 1417 suis

601 1464 849 1519 exitibus.
873 1462 981 1516 Cur
1004 1469 1178 1516 autem
1210 1474 1315 1514 non
1345 1458 1605 1514 custodita
1634 1460 1747 1528 lege
1778 1460 1853 1512 sic
1873 1458 2045 1521 ﬂetur,
2078 1456 2175 1509 nisi

602 1564 658 1607 ut
684 1553 994 1623 impetretur
1018 1552 1183 1621 gratia
1209 1592 1223 1616 ,
1246 1566 1364 1621 qua:
1406 1548 1711 1619 ptenitentis
1751 1548 1891 1603 delet
1929 1547 2175 1618 iniquita-

602 1639 732 1713 tem,
761 1653 813 1700 et
839 1644 1107 1699 credentis
1135 1643 1347 1714 adjuvat
1375 1641 1742 1697 voluntatem?

1200 1792 1369 1833 SERMO
1396 1794 1580 1832 XXVI".

674 1911 726 1964 1.
769 1908 919 1981 [vers.
972 1908 1091 1970 157,
1141 1906 1288 1978 158.]
1338 1907 1550 1961 Dixerat
1588 1907 1829 1975 superius
1871 1905 1957 1973 qui
2004 1913 2180 1959 cantat

603 2007 744 2059 hunc
761 2002 1039 2072 psalmum,
1057 2000 1234 2054 Exitus
1255 2016 1499 2068 aquarum
1519 2000 1878 2052 descenderunt
1905 1998 2037 2051 oculi
2060 1997 2174 2059 mei,

603 2095 838 2165 quoniam
872 2108 973 2145 non
1002 2090 1342 2144 custodierunt
1373 2089 1527 2159 legem
1554 2098 1691 2141 luant
1719 2104 1736 2141 :
1760 2089 1847 2141 ubi
1876 2103 1932 2141 se
1958 2088 2181 2140 multum

605 2185 816 2239 ﬂevisse
848 2190 1068 2236 testatus
1095 2189 1175 2235 est
1206 2180 1689 2249 przevaricationcm
1733 2194 1900 2233 suam.
1931 2177 2180 2242 Proinde,

605 2273 748 2328 velut
775 2272 1033 2325 rationem
1083 2270 1309 2323 reddens
1338 2285 1432 2324 cur
1461 2269 1679 2323 multum
1710 2269 1837 2322 ﬂere
1865 2268 2106 2322 debuerit
2132 2278 2186 2323 et

604 2378 758 2418 suum
786 2361 1014 2431 graviter
1040 2359 1223 2414 dolere
1250 2368 1546 2430 peccatum,
1570 2359 1749 2412 Justus
1771 2376 1840 2422 es,
1866 2359 2053 2427 inquit,
2083 2357 2184 2412 Do-

604 2457 759 2519 mine,
788 2461 835 2505 et
864 2460 1049 2505 rectum
1066 2450 1318 2521 judicium
1349 2459 1508 2502 tuum.
1559 2448 1815 2502 Maudusti
1837 2449 2094 2517 justitiam
2117 2458 2188 2501 te-

605 2546 838 2601 stimonia
859 2553 962 2608 tua,
985 2553 1029 2596 et
1059 2543 1310 2596 veritatem
1334 2552 1469 2594 luant
1496 2542 1655 2594 valde.
1686 2541 1810 2594 llzee
1836 2539 2188 2609 utiquejusti-

606 2636 680 2689 tia
730 2633 826 2688 Dei
883 2643 1190 2701 rectumque
1238 2632 1492 2698 judicium
1545 2639 1599 2685 et
1646 2630 1861 2693 veritas,
1919 2630 2063 2683 omni
2107 2638 2186 2683 est

611 2722 888 2778 metuenda
936 2722 1173 2792 peceanti
1208 2738 1224 2775 :
1254 2722 1349 2775 hac
1391 2722 1530 2774 enim
1574 2720 1893 2775 damnantur
1942 2719 2191 2773 divinitus

610 2817 927 2884 quicumque
968 2813 1322 2876 damnantur;
1355 2828 1450 2865 nec
1489 2820 1571 2866 est
1607 2812 1825 2865 omnino
1870 2811 1958 2880 qui
2001 2810 2066 2865 de
2097 2826 2190 2865 sua

613 2904 953 2957 damnatione
983 2912 1165 2955 contra
1197 2902 1357 2954 Deum
1385 2901 1584 2969 justum
1613 2911 1754 2956 recte
1780 2902 2032 2969 conqueri
2065 2918 2191 2969 pos-

613 2993 699 3047 sit.
736 2991 864 3045 Inde
890 2991 1043 3044 ﬂetus
1070 3000 1245 3044 rectus
1270 2999 1350 3043 cst
1380 2991 1679 3058 paenitentis
1703 3007 1717 3054 ;
1760 2992 2005 3059 quoniam
2033 2990 2077 3043 si
2102 3006 2195 3045 cor

615 3082 728 3153 ejus
769 3082 1108 3151 impoenitens
1152 3081 1522 3144 damnaretur,
1554 3081 1844 3151 juSIissime
1892 3084 2074 3151 utique
2103 3083 2195 3137 da-

615 3184 907 3230 mnaretur.
937 3173 1349 3242 Sanejustitiam
1371 3173 1497 3227 dicit
1520 3175 1818 3228 testimonia
1848 3175 1937 3229 Dei
1960 3174 2188 3243 :justum

615 3267 810 3337 quippe
838 3280 896 3320 se
925 3265 1112 3333 prohat
1138 3264 1435 3318 mandando
1456 3264 1735 3332 justitiam.
1766 3266 1861 3319 Est
1898 3266 2057 3320 etiam
2083 3265 2198 3321 hcce

619 3360 834 3425 veritas,
867 3366 924 3410 ut
951 3357 1088 3410 Deus
1120 3357 1447 3433 testimoniis
1468 3357 1657 3410 talibus
1683 3355 1995 3411 innotescat.

694 3447 748 3501 2.
778 3446 928 3519 [vers.
950 3445 1095 3518 459.]
1118 3446 1219 3500 Sed
1244 3446 1364 3515 quid
1394 3456 1473 3499 est
1494 3446 1630 3514 quod
1653 3447 1889 3516 sequitur
1912 3466 1924 3500 :
1945 3448 2198 3518 Tabefecit

622 3554 699 3595 me
724 3540 859 3591 zelus
901 3554 1079 3599 meus;
1108 3537 1211 3599 vel,
1258 3537 1395 3589 sicut
1430 3537 1517 3590 alii
1562 3537 1772 3591 codices
1818 3540 2033 3605 habent,
2063 3540 2199 3593 zelus

623 3642 736 3685 tuus
759 3631 783 3683 ?
810 3630 1012 3683 Habent
1035 3628 1273 3682 nonnulli
1299 3629 1475 3693 etiam,
1518 3629 1693 3682 domus
1720 3640 1819 3681 tua:
1842 3646 1860 3681 :
1890 3640 1941 3684 et
1968 3647 2094 3696 non,
2120 3641 2198 3684 ta-

622 3723 796 3793 befeu‘t
826 3738 941 3785 me;
984 3719 1098 3785 sed,
1145 3718 1357 3771 comedit
1388 3736 1482 3772 me.
1523 3719 1673 3786 Quod
1714 3734 1777 3772 ex
1806 3720 1909 3773 alio
1956 3720 2198 3789 psalmo,

623 3824 877 3886 quantum
905 3811 1032 3866 ntihi
1059 3811 1288 3875 videtur,
1312 3818 1553 3880 putatum
1574 3818 1655 3863 est
1678 3810 2199 3876 emendandumhubi

624 3908 877 3978 scriptum
906 3913 1009 3971 cst,
1033 3904 1185 3958 Zelus
1207 3902 1383 3956 domus
1401 3913 1499 3955 tua:
1520 3901 1729 3955 comedit
1756 3918 1833 3955 me
1855 3918 1872 3955 :
1895 3903 2034 3972 quod
2054 3919 2202 3958 com-

627 4008 975 4054 memoratum
998 3996 1154 4050 etiam
1176 3994 1227 4047 in
1251 3994 1536 4062 Evangelia
1552 3993 1792 4047 novimus
1819 3992 1988 4061 (Psal.
2014 4011 2199 4062 vattt,

629 4091 734 4154 10;
764 4089 918 4141 Joan.
948 4102 1003 4150 tt,
1039 4084 1146 4155 l7).
1179 4082 1363 4139 Simile
1392 4092 1566 4137 tamen
1596 4083 1795 4151 aliquid
1822 4094 1922 4149 est,
1952 4086 2199 4153 labefecit,

627 4180 676 4233 ei
707 4177 846 4246 quod
873 4176 941 4229 ibi
969 4182 1067 4237 est,
1102 4175 1330 4226 comedit.
1363 4172 1513 4225 Zelus
1534 4182 1708 4227 autem
1740 4190 1898 4237 meus,
1927 4176 2064 4243 quod
2092 4176 2206 4243 plu-

628 4283 717 4324 res
744 4266 955 4321 codices
981 4264 1196 4326 habent,
1228 4264 1422 4316 nullam
1454 4263 1645 4331 ingerit
1673 4265 2018 4332 quaastionem
2042 4282 2054 4315 :
2077 4265 2202 4333 qttid

622 4357 773 4411 enim
817 4354 1006 4407 mirum
1038 4360 1119 4405 est
1160 4352 1204 4405 si
1230 4353 1343 4406 zelo
1370 4367 1465 4405 suo
1509 4352 1730 4420 quisque
1761 4352 2021 4406 tabescit?
2052 4354 2202 4419 Quod

626 4460 758 4500 vero
778 4442 973 4497 habent
996 4440 1178 4507 aliqui,
1200 4442 1334 4494 zelus
1358 4450 1493 4504 tuus,
1525 4440 1785 4509 signiﬁcat
1806 4441 2070 4495 hominem
2097 4442 2205 4497 Deo

631 4535 914 4599 zelantcm,
946 4546 1049 4584 non
1084 4526 1216 4591 sibi;
1244 4528 1336 4583 sed
1367 4543 1469 4582 non
1508 4538 1763 4597 repugnat
1788 4529 1830 4581 si
1859 4532 1971 4597 ipse
1997 4529 2205 4585 dicatur

631 4636 687 4681 et
728 4641 883 4678 meus.
930 4622 1059 4676 Nam
1108 4617 1231 4689 quid
1268 4619 1410 4674 aliud
1447 4618 1575 4674 dicit
1613 4620 1918 4689 Apostolus,
1965 4621 2208 4677 dimittor

633 4718 765 4771 enim
790 4732 873 4770 vos
894 4714 1020 4780 Deo,
1047 4712 1365 4767 teumlatione
1388 4710 1528 4765 Dei?
1545 4710 1675 4765 Nam
1693 4711 1938 4776 dicendo,
1965 4712 2208 4769 zEmulor

632 4826 737 4871 vos,
778 4806 926 4877 quid,
968 4805 1068 4859 nisi
1095 4802 1484 4858 azmulationem
1528 4800 1860 4856 demonstrat
1884 4818 2030 4857 suam
2055 4805 2074 4857 ?
2102 4805 2207 4859 Sed

632 4896 755 4969 quia
778 4894 929 4957 dixit.
961 4892 1087 4958 Deo,
1121 4890 1170 4945 id
1202 4900 1302 4955 est,
1333 4905 1436 4944 non
1462 4889 1584 4955 sibi,
1619 4889 1713 4943 sed
1744 4892 1886 4953 Deo;
1920 4892 2038 4946 ideo
2061 4893 2207 4947 addi~

631 4990 731 5054 dit,
755 4984 1072 5041 aemulatione
1098 4981 1209 5035 Dei.
1240 4981 1385 5035 Hanc
1405 4981 1600 5049 quippe
1620 4995 1717 5033 suo
1743 4978 1940 5049 Spiritu
1966 4982 2208 5038 fidelibus

632 5079 745 5134 suis
774 5075 996 5145 inspirat
1021 5072 1156 5125 Deus
1181 5088 1193 5123 :
1217 5069 1412 5124 amoris
1433 5069 1572 5123 enim
1596 5077 1695 5133 est,
1725 5084 1827 5123 non
1852 5070 2048 5124 livoris.
2077 5071 2206 5125 Nam

635 5184 754 5238 quae
797 5166 895 5221 fuit
932 5178 1057 5219 cura
1084 5162 1104 5193 ³
1135 5170 1194 5217 ut
1235 5162 1336 5216 hoe
1374 5160 1660 5230 Apostolus
1704 5160 1939 5216 diceret?
1973 5182 1990 5213 ‹
2024 5163 2210 5231 Aptavi

636 5257 780 5313 enim
795 5270 911 5319 vos,
936 5272 955 5306 ι
978 5253 1163 5323 inquit,
1185 5270 1203 5303 ι
1230 5252 1317 5305 uni
1336 5252 1449 5305 viro
1462 5252 1721 5321 virginem
1739 5261 1932 5305 castam
1960 5250 2210 5308 exhibere

636 5345 877 5402 Christo:
896 5343 1057 5396 timeo
1068 5350 1241 5395 autem
1256 5356 1320 5394 ne
1332 5340 1466 5394 sicut
1478 5356 1695 5409 serpens
1709 5341 1870 5395 Evam
1885 5342 2090 5396 seduxit
2103 5358 2212 5396 vcr-

637 5436 772 5493 sutia
802 5447 895 5487 sua
913 5473 928 5497 ,
961 5432 1037 5497 sic
1062 5440 1115 5484 et
1157 5441 1345 5483 vesme
1370 5440 1572 5484 mentes
1600 5443 2004 5501 corrumpantur
2027 5447 2056 5485 a
2083 5433 2212 5486 sim-

639 5518 870 5592 plicitate
905 5524 956 5569 et
980 5513 1216 5570 castitate
1252 5527 1369 5581 qua:
1401 5524 1479 5566 est
1506 5514 1555 5566 in
1587 5513 1800 5569 Christo
1829 5534 1846 5567 ι
1879 5514 1943 5586 (ll
1972 5513 2087 5569 Cor.
2117 5532 2169 5569 xi
2192 5558 2207 5581 ,

634 5612 692 5679 2,
725 5611 799 5680 5).
828 5604 1153 5663 Comedcbat
1180 5618 1300 5657 eum
1326 5603 1468 5656 zelus
1498 5604 1688 5659 domus
1715 5606 1829 5699 Dei,
1857 5622 2010 5677 quam
2036 5616 2208 5681 tamen

704 5723 721 5752 ι
750 5730 848 5768 Am.
868 5724 942 5765 Er.
971 5723 1021 5765 et
1045 5714 1269 5777 plerique
1295 5718 1425 5777 Mss,
1442 5712 1660 5777 petendo.

700 5782 720 5812 ⁸
746 5787 815 5826 tr.
844 5777 985 5824 ιιιεςιι.
1016 5786 1032 5814 ’ρ
1050 5775 1131 5824 en.
1161 5775 1267 5823 ιον.
1291 5786 1386 5822 non
1412 5775 1609 5831 habent,
1627 5775 1678 5823 id
1698 5782 1783 5826 est.
1884 5784 1939 5825 Μ.

703 5840 725 5874 ⁸
748 5840 932 5901 Aliquot
945 5844 1071 5888 llas;
1100 5846 1216 5888 Nam
1238 5835 1340 5887 hac
1354 5834 1443 5896 [itu
1459 5846 1621 5882 arma.

1813 441 1869 493 S.
1911 436 2275 495 AUGUSTINI
2314 438 2615 495 EPiSCOH

3692 460 3807 517 1581

2277 550 2478 606 zelabat
2520 553 2749 621 Christo,
2799 573 2901 612 non
2951 560 3071 614 sibi.
3119 563 3359 631 Sponsus
3394 567 3534 622 enim
3578 570 3671 625 sibi
3698 577 3816 631 zelat

2276 664 2522 717 Sponsam
2566 665 2711 703 suam
2743 667 2753 703 :
2785 653 2987 707 amicus
3029 665 3204 709 autem
3246 658 3421 726 sponsi
3457 675 3557 714 non
3597 678 3705 718 eam
3732 670 3817 723 sibi

2278 739 2448 792 zelare
2476 738 2654 806 debet,
2685 742 2778 796 sed
2806 756 3021 811 Sponso.
3050 737 3225 799 Bonus
3253 763 3378 817 ergo
3399 759 3447 802 et
3472 751 3623 819 hujus
3648 754 3820 811 intelli-

2278 829 2479 897 gendus
2509 840 2588 883 est
2619 832 2760 885 zelus
2794 850 2808 887 :
2838 848 3049 887 causam
3081 852 3307 907 namque
3333 839 3596 910 subjungit
3620 854 3669 896 et
3690 845 3819 911 dicit,

2284 920 2413 985 Quia
2442 921 2580 973 obliti
2617 931 2731 974 sunt
2770 924 3026 977 verborum
3057 936 3255 979 tuorum
3298 928 3485 983 inimici
3516 932 3629 985 mei.
3670 934 3823 990 Retri-

2280 1010 2511 1065 buebant
2535 1028 2659 1081 ergo
2686 1014 2819 1066 mala
2859 1030 2953 1083 pro
2984 1016 3172 1079 bonis;
3202 1020 3448 1082 quoniam
3492 1022 3688 1077 zelabat
3726 1027 3826 1081 illus

2281 1100 2390 1154 Deo
2421 1108 2523 1154 tam
2568 1103 2908 1159 vehementer
2937 1114 2988 1159 et
3013 1106 3290 1175 ardenter,
3320 1119 3377 1163 ut
3403 1126 3467 1164 eo
3498 1113 3611 1167 zelo
3648 1116 3826 1170 tabefa-

2281 1202 2421 1245 ctum
2448 1209 2506 1247 se
2548 1193 2785 1260 diceret;
2817 1196 2888 1250 illi
2919 1209 3093 1252 autem
3120 1200 3188 1253 ob
3218 1201 3317 1256 hoc
3348 1201 3398 1255 in
3439 1204 3606 1271 ipsum
3631 1207 3647 1237 ί
3678 1208 3830 1263 ἰιιίιιιίο

2281 1285 2431 1339 citias
2457 1288 2776 1341 exercebant
2803 1306 2814 1341 :
2843 1288 2961 1358 quia
3006 1292 3185 1359 utique
3214 1300 3270 1345 ut
3300 1294 3465 1347 Deum
3493 1308 3722 1351 amarent
3747 1314 3831 1355 vo;

2283 1373 2440 1439 lebat,
2469 1390 2600 1443 quos
2626 1377 2850 1430 amando
2872 1379 3094 1433 zelabat.
3122 1380 3234 1435 Non
3256 1382 3488 1452 ingratus
3512 1387 3648 1438 enim
3669 1391 3831 1456 gratia:

2284 1465 2396 1527 Dei,
2429 1481 2522 1533 per
2561 1482 2717 1535 quam
2763 1467 2931 1521 fuerat
2960 1485 3027 1523 ex
3061 1471 3271 1527 inimico
3301 1475 3666 1531 retonciliatus
3706 1479 3829 1545 Deo,

2283 1556 2439 1609 etiam
2462 1557 2572 1624 ipse
2602 1573 2727 1611 suos
2748 1558 2998 1628 diligebat
3018 1561 3279 1630 inimicos,
3298 1572 3351 1618 et
3390 1581 3484 1620 eos
3504 1568 3698 1621 zelabat
3720 1570 3830 1636 Deo,

2283 1644 2469 1699 dolens
2496 1656 2549 1700 et
2575 1649 2849 1702 tabescens
2872 1651 3007 1718 quod
3032 1661 3209 1706 essent
3236 1654 3521 1709 verborum
3552 1658 3663 1723 ejus
3685 1660 3832 1714 obliti.

2356 1738 2406 1791 ’5.
2445 1736 2591 1810 [vers
2624 1738 2767 1811 140]
2816 1741 3015 1794 Deinde
3043 1743 3386 1797 considerans
3418 1746 3552 1814 ipse,
3598 1749 3647 1802 in
3684 1750 3836 1806 verbis

2287 1831 2377 1885 Dei
2405 1847 2506 1899 qua
2536 1832 2742 1885 ﬂamma
2773 1832 3070 1887 dilectionis
3096 1836 3309 1901 arderet
3342 1855 3353 1889 :
3382 1835 3631 1907 Ignitum,
3656 1840 3836 1908 inquit,

2285 1923 2532 1990 eloquium
2554 1932 2690 1974 tuum
2720 1923 2883 1987 valde,
2916 1934 2960 1977 et
2980 1940 3149 1977 servus
3172 1936 3285 1979 tuus
3306 1925 3485 1980 dilexit
3503 1929 3646 1982 illud.
3671 1930 3837 1986 Merito

2288 2015 2489 2068 zelabat
2518 2014 2569 2066 in
2600 2014 2708 2067 suis
2737 2014 2965 2068 inimicis
3004 2029 3098 2068 cor
3129 2015 3490 2084 impaenitens,
3531 2019 3617 2087 qui
3657 2019 3839 2075 fuerant

2289 2104 2436 2159 obliti
2466 2104 2745 2158 verborum
2774 2105 2865 2156 Dei
2896 2122 2907 2156 :
2938 2104 3003 2158 ad
3045 2104 3146 2159 hoc
3190 2106 3329 2159 enim
3374 2107 3630 2176 ﬂagrabat
3656 2126 3739 2164 eos
3763 2111 3839 2164 ad-

2289 2195 2502 2257 ducere,
2536 2194 2677 2264 quod
2705 2195 2816 2263 ipse
2847 2193 3250 2264 ﬂagrantissime
3280 2196 3556 2265 diligebat.

2360 2288 2411 2340 4.
2447 2286 2594 2358 [υενσ.
2624 2285 2971 2357 141.]Juniar
2990 2303 3079 2356 ego
3101 2304 3229 2352 sum,
3255 2287 3448 2355 inquit,
3466 2298 3511 2340 et
3529 2298 3837 2359 contemptus;

2292 2376 2667 2443 iustiﬁcationes
2694 2384 2803 2429 tuas
2841 2392 2939 2428 non
2970 2392 3080 2428 sum
3110 2376 3288 2429 oblitus
3319 2393 3337 2429 :
3368 2393 3479 2430 non
3520 2378 3649 2432 sicut
3674 2380 3841 2433 inimici

2293 2472 2417 2533 mei,
2440 2468 2526 2537 qui
2554 2466 2703 2521 obliti
2728 2477 2851 2521 sunt
2870 2468 3154 2522 verborum
3182 2479 3412 2521 tuorum.
3458 2468 3669 2523 Videtur
3691 2480 3840 2525 autem

2295 2562 2468 2615 minor
2491 2570 2646 2614 astate
2675 2576 2776 2614 non
2803 2560 2999 2614 oblitus
3019 2560 3427 2630 justiticationes
3461 2562 3548 2615 Dei
3578 2562 3741 2617 dolere
3763 2578 3842 2632 pro

2295 2652 2521 2707 inimicis
2567 2653 2676 2705 suis
2723 2661 2878 2706 actate
2922 2652 3208 2721 majoribus
3254 2653 3341 2721 qui
3388 2653 3541 2707 obliti
3572 2662 3703 2707 sunt.
3732 2653 3840 2707 Nam

2296 2742 2420 2811 quid
2450 2752 2552 2808 est,
2583 2741 2768 2795 Iunior
2793 2759 2882 2812 ego
2908 2758 3005 2795 non
3032 2759 3141 2795 sum
3162 2741 3363 2805 oblitus,
3391 2744 3522 2809 nisi,
3551 2744 3623 2798 Illi
3648 2745 3841 2812 majores

2297 2835 2443 2889 obliti
2475 2835 2639 2887 sunt?
2668 2842 2905 2903 Νεώτερος
2931 2843 3011 2888 est
3040 2833 3178 2885 enim
3206 2849 3394 2903 grmce.
3450 2835 3586 2904 quod
3613 2843 3687 2889 est
3708 2835 3840 2889 etiam

2300 2925 2350 2978 in
2378 2926 2468 2978 illo
2492 2925 2608 2978 loco
2639 2925 2723 2979 ubi
2752 2925 2947 2979 dictum
2971 2935 3071 2989 est,
3105 2923 3168 2977 In
3194 2941 3292 2994 quo
3322 2927 3534 2995 corrigit
3554 2927 3717 2997 junior
3736 2927 3842 2979 viam

2299 3016 2488 3093 suam?
2518 3016 2627 3070 Hoc
2654 3028 2830 3070 autem
2878 3031 3069 3069 nomen
3101 3017 3523 3084 comparativum
3552 3027 3645 3077 est,
3676 3026 3722 3070 et
3746 3015 3843 3071 ideo

2300 3108 2436 3163 bene
2475 3108 2781 3177 intelligitur
2814 3109 2863 3160 in
2894 3108 3289 3176 comparatione
3318 3108 3560 3177 majoris.
3592 3108 3720 3161 Duos
3741 3122 3843 3175 ergo

2300 3199 2520 3269 populos
2549 3198 2633 3251 hic
2658 3213 3002 3269 agnoscamus
3028 3240 3041 3264 ,
3071 3199 3155 3267 qui
3184 3198 3339 3251 etiam
3365 3197 3421 3250 in
3452 3198 3693 3251 Rebecca:
3722 3206 3844 3250 utero

2302 3290 2670 3353 luctabantur;
2698 3289 2908 3358 quando
2952 3305 3050 3341 non
3079 3304 3141 3341 ea:
3181 3288 3442 3356 operibus,
3474 3288 3559 3340 sed
3584 3304 3639 3340 ex
3677 3296 3845 3339 vocante

2304 3384 2489 3435 dictum
2512 3392 2580 3436 est
2609 3382 2671 3444 ei,
2703 3380 2874 3450 Major
2901 3382 3074 3434 serviet
3101 3381 3281 3432 minori
3323 3378 3482 3451 (Cen.
3510 3396 3626 3445 xxv,
3653 3380 3732 3444 2‘2,
3756 3378 3843 3441 25;

2306 3474 2454 3527 Rom.
2483 3490 2557 3539 ιχ,
2590 3473 2672 3537 12,
2696 3474 2807 3542 15).
2841 3471 2943 3527 Sed
2965 3481 3319 3540 contemptum
3340 3486 3395 3524 se
3422 3471 3551 3525 dicit
3574 3470 3653 3524 hic
3673 3472 3842 3529 tninor;

2307 3567 2424 3621 ideo
2452 3565 2621 3619 factus
2646 3574 2727 3618 est
2754 3564 2923 3633 major
2954 3580 2967 3615 :
2998 3563 3115 3632 quia
3147 3562 3392 3631 ignobilia
3434 3572 3487 3615 et
3515 3558 3844 3630 contemptibi-

2306 3657 2372 3711 lia
2403 3655 2583 3708 mundi
2608 3654 2767 3723 elegit
2799 3655 2956 3717 Deus,
3002 3661 3054 3706 ct
3083 3668 3142 3705 ea
3173 3667 3290 3720 qua:
3323 3666 3436 3705 non
3465 3658 3601 3714 sunt,
3637 3659 3845 3717 tanquam

2307 3748 2431 3813 sint,
2466 3754 2524 3799 ut
2548 3762 2663 3815 qua:
2703 3756 2825 3799 sunt
2851 3753 3168 3797 evacuentur
3196 3742 3236 3813 (1
3267 3740 3383 3793 (ἔον.
3422 3759 3463 3806 ι,
3508 3741 3597 3810 28)
3622 3758 3635 3804 ;
3663 3748 3711 3793 et
3747 3751 3847 3791 ecce

2308 3846 2428 3891 sunt
2454 3835 2724 3890 novissimi
2748 3836 2833 3904 qui
2862 3845 3013 3889 erant
3036 3833 3211 3903 primi,
3242 3841 3295 3888 et
3321 3834 3482 3901 primi
3508 3836 3593 3903 qui
3618 3839 3753 3887 erant
3772 3842 3845 3883 no-

2309 3928 2506 3982 viSsimi
2539 3927 2745 3997 (Matth.
2782 3944 2867 3989 xx,
2901 3925 3011 3995 16).

2378 4020 2431 4075 5.
2463 4017 2610 4093 [vers.
2644 4018 2761 4072 142.
2784 4017 2805 4090 ]
2832 4018 2943 4073 Nec
2972 4017 3234 4070 immerito
3261 4014 3411 4070 obliti
3440 4022 3561 4069 sunt
3599 4012 3840 4067 verborum

2311 4115 2426 4179 Dci,
2468 4114 2555 4181 qui
2583 4127 2731 4165 suam
2768 4112 3022 4179 justitiam
3055 4109 3381 4163 constituere
3413 4107 3695 4165 voluerunt,
3723 4103 3841 4170 igno-

2309 4213 2485 4258 rantes
2523 4203 2778 4273 justitiam
2811 4202 2902 4255 Dei
2950 4201 3120 4271 (Rom.
3151 4215 3204 4265 x,
3238 4198 3292 4269 5)
3334 4216 3346 4251 :
3380 4199 3480 4252 iste
3505 4208 3669 4251 autem
3696 4192 3841 4263 junior

2310 4316 2415 4354 non
2440 4308 2521 4353 est
2549 4297 2763 4361 oblitus,
2787 4295 2873 4365 qui
2899 4311 3003 4348 non
3022 4309 3169 4347 suam
3192 4292 3358 4346 voluit
3385 4291 3579 4347 habere
3597 4286 3836 4358 justitiam,

2312 4409 2336 4446 s
2359 4393 2402 4443 ~d
2436 4393 2546 4444 Dei,
2577 4392 2641 4442 de
2672 4405 2768 4456 qua
2802 4386 2959 4440 etiam
3002 4400 3139 4439 nunc
3163 4382 3309 4449 dicit,
3349 4380 3558 4435 Iustitia
3582 4374 3842 4446 luajttstilia

2313 4491 2363 4539 in
2384 4494 2643 4546 internum,
2679 4488 2724 4532 et
2746 4478 2825 4532 lex
2852 4487 2936 4531 tua
2956 4477 3153 4530 veritas.
3182 4472 3460 4539 Quomodo
3488 4472 3620 4526 enim
3652 4482 3740 4521 non
3765 4478 3839 4516 ve-

2311 4576 2437 4630 ritas
2462 4574 2565 4639 lex,
2597 4586 2689 4639 per
2712 4584 2871 4639 quam
2899 4567 3129 4636 cognitio
3156 4564 3377 4633 peccati,
3411 4572 3464 4616 et
3494 4577 3609 4631 quae
3638 4556 3838 4612 testimo-

2311 4667 2456 4720 nium
2482 4659 2953 4732 perhibetjustitire
2982 4657 3110 4709 Dei?
3135 4654 3224 4710 Sic
3249 4655 3389 4708 enim
3415 4651 3542 4706 dicit
3570 4645 3836 4718 Apostolus:

2311 4757 2517 4811 Iustitia
2564 4753 2652 4806 Dei
2683 4751 2993 4823 manifestata
3036 4755 3126 4812 est,
3173 4744 3437 4812 testiﬁcata
3482 4758 3567 4813 per
3608 4738 3767 4807 Legem
3803 4741 3841 4784 et

2318 4845 2599 4914 Prophetas
2637 4839 2744 4909 (Id.
2771 4855 2846 4904 nt,
2875 4837 2966 4903 20,
2991 4835 3106 4905 21).

2383 4936 2433 4991 6.
2455 4935 2603 5007 [vers.
2620 4929 2765 5002 145]
2782 4930 2998 4997 Propter
3011 4928 3146 4980 hanc
3165 4938 3351 4995 passus
3367 4930 3449 4977 est
3467 4916 3840 4990 persecutionem

2309 5028 2489 5098 junior
2527 5041 2557 5079 a
2600 5024 2821 5093 majore,
2866 5031 2923 5074 ut
2965 5020 3165 5073 diceret
3200 5017 3377 5086 junior
3418 5014 3557 5085 quod
3600 5008 3842 5078 sequitur:

2317 5117 2595 5174 Tribulalio
2623 5126 2670 5170 et
2715 5114 2980 5168 necessitas
3020 5111 3310 5163 invenerunt
3355 5123 3462 5170 me,
3508 5101 3729 5157 mandata
3772 5104 3842 5146 tua

2313 5210 2568 5265 meditatio
2588 5223 2699 5259 mea
2722 5214 2813 5259 est.
2840 5202 3090 5262 vaiant,
3118 5206 3530 5268 persequantur;
3561 5193 3673 5247 dum
3696 5199 3840 5241 tamen

2315 5300 2560 5355 mandata
2592 5297 2686 5350 Dei
2729 5310 2833 5348 non
2879 5293 3260 5359 relinquantur,
3293 5297 3345 5341 et
3375 5302 3436 5341 ex
3469 5284 3590 5354 ipsis
3620 5271 3842 5334 mandatis

2315 5394 2472 5446 etiam
2498 5388 2586 5459 qui
2612 5384 2835 5441 saeviunt
2858 5382 3163 5450 diligantur.

2384 5482 2436 5535 7.
2469 5480 2620 5552 [vers.
2649 5475 2795 5548 144.]
2825 5474 3030 5528 Iustitia
3077 5471 3357 5525 testimonia
3395 5476 3478 5520 tua
3518 5465 3566 5516 in
3594 5468 3835 5552 ωιειπξιη,

2314 5542 2619 5627 iittellectum
2656 5569 2722 5621 da
2764 5542 2906 5631 mihi,
2937 5574 2983 5618 et
3009 5564 3188 5616 vivam.
3222 5560 3537 5613 Intellectum
3569 5548 3721 5621 poscit
3757 5542 3837 5593 istc

2312 5663 2525 5732 junior;
2566 5674 2722 5731 quem
2767 5659 2809 5712 si
2853 5671 2955 5710 non
3001 5654 3249 5716 haberet;
3295 5665 3395 5704 non
3439 5658 3593 5713 super
3633 5634 3836 5692 seniores

2380 5776 2392 5805 '
2416 5781 2549 5882 ,Μεδεε
2576 5770 2642 5821 ob
2656 5770 2742 5820 hoc
2767 5768 2922 5833 ipsum
2944 5763 3215 5817 inimicitias
3234 5758 3514 5813 exercebant
3535 5752 3725 5803 :omissa
3743 5751 3828 5804 par-

2380 5850 2412 5882 ιιι
2435 5848 2479 5882 a.
2504 5847 2569 5882 ιη.

2317 5840 2479 5896 ticula,
2504 5840 2569 5883 in.
