4160 6440
357 364 495 419 1585

350 478 675 547 intelligeret
700 494 711 529 :
738 475 830 529 sed
860 484 981 530 eum
1013 474 1180 544 poscit
1223 474 1274 528 in
1306 472 1641 527 tribulatione
1671 482 1723 527 ct
1750 487 1936 527 ncces-

345 571 531 636 sitate,
564 582 671 638 quo
720 567 977 637 intelligat
1004 581 1162 636 quam
1193 567 1260 620 sit
1300 564 1748 620 contemnendum
1794 564 1937 635 quod

344 661 395 715 ei
429 666 652 728 possunt
680 656 889 711 auferre
926 662 1307 726 persequentes
1333 654 1555 722 inimici,
1590 668 1620 708 a
1659 655 1850 725 quibus
1877 668 1936 709 se

341 749 477 805 dicit
518 763 638 802 esse
665 755 1051 816 contemptum.
1096 745 1219 801 Ideo
1247 745 1400 810 dixit,
1430 755 1476 799 et
1503 746 1667 799 vivam
1697 761 1715 800 :
1741 745 1863 816 quia
1890 744 1934 799 si

340 854 412 895 eo
453 853 623 909 usque
649 839 916 893 tribulatio
962 837 1353 907 necessitasque
1383 834 1707 907 pervenerit,
1753 844 1810 890 ut
1841 850 1936 906 per

337 930 683 986 inimicorum
718 929 1141 998 persequentium
1184 942 1373 982 manus
1411 927 1517 981 vita
1548 926 1646 981 ista
1677 926 1928 992 liniatur;

336 1022 488 1076 vivet
533 1022 588 1075 in
631 1030 911 1087 teteruum,
943 1021 1030 1089 qui
1058 1020 1437 1090 temporalibus
1477 1020 1738 1089 prteponit
1770 1020 1931 1088 justi-

334 1111 493 1173 tiam,
525 1123 644 1183 qua:
666 1120 842 1164 manet
864 1110 916 1163 in
942 1117 1220 1163 aeternum.
1249 1109 1377 1177 Qua:
1398 1108 1601 1179 justitia
1627 1108 1678 1162 in
1709 1108 1927 1163 tribula-

335 1205 491 1257 tione
535 1210 587 1257 et
618 1202 934 1256 necessitate
957 1200 1208 1271 martyria
1237 1208 1361 1254 sunt
1400 1200 1513 1265 Dei,
1546 1198 1646 1254 hoc
1674 1208 1757 1253 est
1783 1199 1929 1255 testi-

332 1297 544 1361 monia,
579 1312 675 1367 pro
701 1297 892 1366 quibus
916 1307 1039 1351 sunt
1068 1306 1327 1368 martyres
1356 1297 1616 1351 coronati.

949 1404 1118 1443 SEBMO
1158 1404 1286 1441 XXIX
1299 1428 1312 1441 .

403 1482 459 1535 1.
493 1478 648 1553 [vers.
678 1479 827 1552 145.]
849 1478 1058 1535 Clamor
1074 1481 1139 1534 ad
1161 1481 1465 1547 Dominum,
1489 1481 1576 1549 qui
1600 1480 1657 1534 ilt
1679 1480 1746 1534 ab
1769 1495 1925 1534 oran-

326 1572 503 1637 tibus,
539 1572 583 1626 si
612 1571 791 1626 sonitu
817 1571 1110 1640 corporalis
1161 1572 1305 1625 vocis
1338 1571 1448 1635 fiat,
1481 1587 1587 1625 non
1618 1572 1822 1626 intento
1870 1571 1921 1625 in

328 1662 514 1718 Deum
555 1662 753 1725 corde;
782 1662 900 1731 quis
942 1662 1145 1717 dubitet
1189 1662 1415 1718 inaniter
1458 1662 1613 1718 ﬁeri?
1656 1662 1711 1717 Si
1745 1672 1922 1719 autem

325 1755 419 1808 ﬁat
448 1754 641 1817 corde,
673 1753 831 1807 etiam
858 1753 1045 1808 silente
1081 1755 1320 1822 corporis
1345 1769 1475 1808 voce
1500 1770 1513 1818 ;
1543 1754 1700 1807 alium
1731 1769 1920 1823 quem-

323 1846 461 1899 libet
516 1844 785 1899 hominem
827 1852 999 1913 potest
1029 1844 1211 1909 latere,
1246 1859 1348 1898 non
1390 1845 1576 1898 Deum.
1625 1843 1749 1899 Sive
1794 1859 1922 1913 ergo

320 1954 448 1994 cum
485 1955 622 1994 voce
649 1939 845 2006 carnis,
874 1939 1083 2008 quando
1107 1938 1157 1992 id
1185 1953 1316 2007 epus
1345 1947 1444 2004 est,
1478 1938 1589 1992 sive
1610 1953 1729 1992 eum
1758 1938 1922 1992 silen-

322 2032 418 2097 tio,
444 2030 521 2084 ad
541 2031 729 2096 Deum,
755 2045 875 2084 cum
902 2044 1137 2095 oramus,
1159 2028 1321 2084 corde
1340 2029 1673 2083 clamandum
1698 2036 1799 2084 est.
1826 2028 1922 2083 Est

319 2133 516 2176 autem
562 2121 763 2175 clamor
796 2120 984 2175 ’cordis
1031 2114 1239 2190 magna
1267 2121 1603 2189 cogitationis
1650 2120 1914 2185 intentio;

317 2228 444 2282 qute
490 2227 615 2266 cum
646 2213 805 2265 estin
835 2208 1094 2275 oﬂttionc,
1138 2226 1388 2280 magnum
1417 2210 1663 2280 exprimit
1705 2210 1916 2266 deside-

316 2304 504 2358 rantis
529 2311 582 2357 et
610 2303 838 2371 petentis
861 2301 1130 2365 affectum,
1164 2310 1223 2355 ut
1247 2317 1352 2355 non
1379 2300 1627 2370 desierat
1648 2302 1912 2357 etl'cctum.

316 2394 481 2449 Tunc
516 2407 675 2463 perm
718 2393 770 2447 in
818 2401 929 2446 toto
957 2391 1118 2447 corde
1144 2391 1421 2458 clamatur,
1453 2391 1668 2461 quando
1706 2390 1917 2446 aliunde

313 2500 423 2540 non
460 2486 750 2554 cogitatur.
781 2483 936 2539 Tales
961 2484 1225 2537 orationes
1250 2498 1384 2537 rane
1427 2491 1549 2537 sunt
1577 2484 1775 2549 multis,
1800 2498 1918 2538 cre-

312 2576 430 2630 bra:
495 2583 673 2628 autem
724 2575 943 2644 paucis;
987 2589 1171 2629 omnes
1212 2589 1339 2628 vero
1386 2584 1573 2643 utrum
1626 2576 1869 2645 cuiquam
1897 2616 1910 2639 ,

311 2668 533 2723 nescio.
580 2667 766 2722 Talem
814 2681 962 2722 suam
1009 2676 1391 2722 commemorat
1436 2668 1766 2733 orationem,
1825 2668 1913 2737 qui

310 2768 510 2816 cantat
538 2761 682 2814 hunc
729 2761 1011 2829 psalmum,
1040 2760 1221 2815 dicens
1247 2778 1259 2813 :
1289 2759 1605 2823 Clamavi‘in
1636 2767 1737 2813 toto
1765 2760 1915 2813 corde

309 2870 424 2909 meo
448 2871 467 2919 ;
506 2853 693 2906 exaudi
719 2869 814 2917 me,
842 2851 1074 2906 Domine.
1102 2853 1198 2907 Cui
1241 2861 1415 2907 autem
1451 2852 1529 2906 rei
1559 2867 1686 2907 suus
1712 2851 1914 2908 clamor

308 2944 599 3017 proﬁciat,
627 2942 866 3012 adjunxit
898 2960 909 2994 :
941 2942 1331 3011 Justi/icationes
1374 2952 1484 2996 tuas
1513 2943 1791 3010 exquiram.
1829 2942 1911 2997 Ad

307 3038 415 3093 hoc
439 3052 586 3107 ergo
609 3034 855 3091 clamavit
885 3036 936 3089 in
966 3043 1077 3089 toto
1103 3034 1262 3090 corde
1291 3048 1410 3101 suo,
1438 3042 1490 3088 et
1518 3034 1619 3088 boc
1643 3033 1741 3088 sibi
1768 3033 1911 3088 desi-

305 3128 536 3184 deravit
564 3141 595 3181 a
622 3127 847 3181 Domino
871 3126 1183 3181 exaudiente
1213 3125 1471 3194 praestari,
1502 3135 1555 3179 ut
1578 3123 1912 3194 justiﬁcatio-

304 3236 405 3278 nes
440 3221 573 3290 ejus
597 3221 855 3290 exquirat.
884 3219 1113 3274 Proinde
1145 3218 1286 3289 quod
1310 3228 1367 3273 ut
1392 3217 1648 3273 faciamus
1672 3218 1931 3287 jubetur,’

304 3326 360 3370 ut
386 3314 756 3384 exquiramus
797 3321 997 3366 oratur.
1044 3311 1210 3380 Quam
1257 3312 1413 3380 longe
1454 3320 1535 3365 est
1575 3311 1749 3366 adhuc
1774 3326 1803 3365 a
1836 3311 1914 3365 fa-

301 3407 502 3462 ciente
532 3403 626 3474 qui
649 3403 918 3473 exquirit?
941 3402 1055 3457 Non
1084 3403 1224 3457 enim
1268 3411 1349 3457 est
1378 3416 1708 3473 consequens
1735 3410 1792 3456 ut
1818 3404 1909 3472 qui

301 3497 582 3569 exquirit,
611 3496 843 3549 inveniat
867 3513 880 3561 ;
908 3496 1103 3566 autqui
1133 3495 1350 3560 invenit,
1378 3494 1533 3550 faciat
1562 3513 1573 3548 :
1604 3511 1709 3550 non
1734 3506 1911 3568 potest

299 3602 504 3646 autem
550 3588 650 3643 nisi
680 3589 960 3654 invenerit,
989 3588 1197 3648 facere:
1231 3598 1284 3643 et
1311 3588 1408 3642 nisi
1439 3588 1730 3658 quzesicrit,
1760 3590 1904 3644 iuve-

301 3684 457 3736 nire.
495 3679 605 3735 Sed
644 3694 887 3751 magnam
918 3694 1064 3747 spem
1100 3680 1351 3734 Dominus
1377 3679 1530 3734 Jesus
1551 3678 1697 3733 dedit
1721 3678 1906 3734 dicen-

299 3771 401 3826 do:
430 3769 684 3836 Quaerite,
701 3778 746 3821 et
771 3768 1047 3821 invenietis.
1072 3768 1273 3822 Rursus
1297 3778 1470 3823 autem
1498 3768 1624 3823 dicit
1646 3770 1905 3837 sapientia

300 3864 467 3934 (qua:
498 3859 627 3930 quid
656 3869 756 3926 est,
788 3860 885 3914 nisi
925 3860 1037 3929 ipse
1074 3860 1143 3929 ?),
1175 3860 1408 3927 Quterent
1446 3877 1523 3913 me
1546 3860 1688 3925 mali,
1720 3870 1768 3914 et
1808 3878 1907 3915 non

299 3952 599 4008 invenient.
621 3950 733 4005 Non
754 3965 880 4020 ergo
902 3950 1073 4015 malis,
1100 3949 1193 4004 sed
1228 3949 1383 4003 bonis
1404 3949 1599 4003 dictum
1621 3959 1719 4011 est,
1749 3950 1904 4016 Qua:-

299 4046 425 4109 rite,
472 4050 519 4095 et
552 4041 825 4095 invenietis.
874 4038 986 4094 Iino
1024 4054 1152 4094 vero
1196 4039 1273 4094 eis
1316 4039 1515 4094 dictum
1564 4049 1665 4106 cst,
1715 4041 1907 4110 quibus

300 4133 516 4188 eodem
550 4131 666 4184 loco
695 4130 850 4200 paulo
880 4138 1019 4201 post,
1054 4129 1114 4185 Si
1140 4146 1256 4200 ergo
1282 4146 1386 4194 vos,
1434 4130 1621 4199 inquit,
1655 4147 1767 4184 cum
1796 4131 1906 4184 sitis

300 4224 468 4288 ntali,
501 4222 657 4275 nostis
679 4214 951 4275 bona'data
978 4221 1100 4274 dare
1125 4222 1243 4289 [iliis
1270 4221 1445 4275 vestris
1476 4220 1683 4293 (.‘Jatth.
1712 4237 1801 4287 vn,
1833 4222 1865 4276 7
1888 4263 1902 4287 ,

303 4317 432 4386 11).
488 4312 768 4378 Quomodo
807 4312 962 4382 igitur
990 4312 1143 4366 malis
1169 4311 1381 4378 dicitur,
1421 4312 1658 4379 Quaerite,
1702 4323 1746 4365 et
1773 4313 1907 4366 inve-

244 4448 256 4473 ._
301 4407 472 4462 nietis
494 4423 514 4470 ;
540 4419 657 4458 cum
685 4419 871 4458 rursus
900 4404 1123 4471 dicatur,
1174 4405 1411 4471 Qua’rent
1451 4422 1529 4459 me
1561 4406 1701 4473 ntali,
1734 4416 1778 4460 et
1806 4422 1906 4460 non

300 4496 622 4553 invenient?
650 4496 728 4549 An
770 4495 909 4548 aliud
955 4509 1048 4549 eos
1096 4496 1347 4551 Dominus
1390 4512 1547 4566 quam
1594 4497 1904 4567 sapientiam

301 4603 571 4663 quaerere
611 4587 855 4654 volebat,
895 4587 1105 4656 quando
1135 4602 1226 4643 eos
1254 4588 1563 4643 inventuros
1602 4590 1647 4643 si
1697 4606 1903 4660 quzere-

302 4690 445 4739 rent
486 4678 872 4750 promittebat?
899 4679 952 4732 In
982 4694 1043 4733 ea
1083 4679 1276 4749 quippe
1302 4688 1422 4733 sunt
1466 4680 1663 4745 omnia,
1693 4697 1810 4749 qua:
1839 4684 1906 4738 ab

305 4774 393 4829 eis
428 4771 523 4841 qui
554 4768 691 4823 beati
722 4784 841 4823 esse
865 4769 1102 4838 cupiunt,
1137 4769 1446 4839 inquirenda
1488 4780 1629 4825 sunt.
1672 4771 1746 4825 lbi
1778 4789 1904 4844 ergo

306 4873 451 4919 sunt
496 4869 550 4917 et
586 4861 989 4931 justiilcationcs
1028 4862 1138 4915 Dei.
1170 4864 1501 4933 Quapropter
1530 4875 1693 4920 reSIat
1737 4876 1792 4921 ut
1821 4868 1902 4923 in-

308 4956 646 5023 telligamus,
685 4968 792 5007 non
838 4967 1022 5007 omnes
1053 4953 1218 5007 malos
1267 4968 1371 5007 non
1415 4954 1654 5010 invenire
1691 4958 1901 5025 sapieno

312 5044 531 5110 tiam,si
555 5044 859 5114 qua-sierint
884 5060 897 5106 ;
917 5044 1009 5097 sed
1027 5060 1117 5099 eos
1137 5045 1291 5114 quiin
1312 5053 1510 5100 tantum
1537 5055 1662 5101 sunt
1681 5049 1823 5115 mali,
1850 5058 1905 5104 ut

314 5137 543 5193 oderint
564 5150 699 5190 eam.
724 5135 810 5190 Sic
822 5136 962 5190 enim
983 5144 1034 5190 et
1050 5136 1183 5190 dixit
1204 5154 1215 5190 :
1239 5136 1475 5203 Quterent
1491 5155 1569 5191 me
1585 5139 1723 5201 mali,
1738 5149 1783 5194 et
1804 5158 1904 5195 non

315 5227 603 5289 invenient;
621 5225 830 5278 oderunt
844 5228 973 5279 enim
991 5228 1285 5292 sapientiant
1302 5227 1477 5298 (Prov.
1499 5245 1533 5294 ι,
1548 5229 1637 5295 ἓ8,
1652 5228 1763 5301 29).
1782 5230 1903 5287 ideo

314 5335 457 5389 ergo
470 5333 574 5371 non
591 5318 880 5384 inveniunt,
896 5320 1017 5387 quia
1029 5318 1274 5373 oderunt.
1290 5319 1392 5374 Sed
1407 5336 1586 5376 rursus
1598 5323 1640 5375 si
1655 5323 1900 5391 oderunt,

316 5408 599 5479 quomodo
616 5416 886 5477 quaerunt;
913 5409 1008 5463 nisi
1030 5411 1149 5478 quia
1170 5425 1272 5463 non
1292 5425 1405 5464 eam
1428 5423 1671 5481 qumrunt
1689 5426 1904 5485 propter

317 5501 523 5569 ipsam,
546 5498 638 5555 sed
663 5509 876 5569 propter
898 5492 1092 5569 aliquid
1114 5499 1252 5571 quod
1272 5503 1394 5555 mali
1417 5513 1616 5569 amant,
1644 5514 1698 5559 et
1717 5506 1781 5561 ad
1805 5507 1903 5561 hoc

317 5607 385 5647 se
414 5590 624 5646 facilius
657 5601 839 5660 putant
860 5604 1205 5662 perventuros
1235 5609 1328 5663 per
1354 5595 1555 5663 ipsam?
1583 5596 1728 5652 Multi
1760 5599 1901 5654 enim

317 5684 551 5754 suntqui
564 5682 698 5739 dicta
709 5686 981 5757 sapientia:
992 5686 1372 5744 studiosissime
1387 5689 1901 5763 inquirunt,eamque

319 5775 380 5828 in
414 5774 674 5844 doctrina,
720 5790 824 5831 non
856 5776 909 5831 iu
950 5777 1052 5831 vita
1083 5778 1264 5833 volunt
1315 5780 1548 5847 habere;
1580 5791 1632 5836 ut
1660 5799 1761 5837 non
1809 5800 1901 5854 per

1424 352 1815 410 ENABRATIO
1855 354 1918 408 IN
1959 352 2282 418 PSALMUM
2317 362 2542 419 CXVI”.

3484 384 3507 440 ί
3519 387 3624 444 586

2048 487 2225 568 mores
2266 492 2398 547 quos
2423 480 2571 551 jubet
2590 486 2867 555 sapientia,
2900 496 3205 561 perveniant
3228 498 3294 555 ad
3314 500 3404 557 Dei
3427 502 3619 568 lucem,

2046 566 2185 665 quod
2214 578 2295 665 est
2322 570 2433 641 ipsa
2460 576 2740 647 sapientia,
2767 583 2860 638 sed
2890 599 2985 654 per
3004 601 3280 647 sermones
3305 609 3438 665 quos
3460 566 3621 655 habet

2044 657 2321 728 sapientia,
2353 669 2665 733 perveniant
2706 672 2772 728 ad
2801 673 3073 734 hominum
3105 657 3338 751 laudem,
3369 687 3509 758 quod
3536 701 3620 747 εει

2044 764 2179 806 vana
2203 752 2392 823 gloria.
2422 757 2535 814 Non
2565 776 2692 833 ergo
2717 766 3030 836 sapientiam
3059 786 3304 843 quzerunt
3331 752 3622 851 et—quando

2041 854 2158 895 eam
2197 855 2477 914 quazrunt;
2508 853 2629 920 quia
2656 870 2760 910 non
2784 870 3031 927 qumrunt
3055 863 3244 933 ipsam,
3275 868 3509 941 alioquin
3542 875 3622 930 vi-

2040 941 2225 987 verent
2250 937 2539 994 secundum
2567 941 2733 1011 ipsam
2767 948 2899 1003 :sed
2946 952 3133 1010 volunt
3162 958 3337 1014 verbis
3384 937 3500 1032 ejus
3530 966 3617 1021 in-

2038 1024 2185 1093 ﬂari;
2210 1038 2262 1084 et
2287 1044 2486 1101 quanto
2510 1038 2679 1107 magis
2700 1039 2968 1111 inﬂantur,
3001 1054 3150 1103 tanto
3179 1053 3346 1120 magis
3370 1024 3617 1112 eiﬁciun-

2037 1123 2125 1170 tur
2166 1130 2315 1175 extra
2365 1123 2555 1193 ipsam.
2606 1126 2710 1184 iste
2761 1141 2936 1188 autem
2989 1134 3089 1192 hoc
3119 1138 3291 1208 ipsum
3336 1158 3614 1213 poscensa

2020 1208 2279 1277 .Domino,
2320 1216 2459 1285 quod
2484 1233 2603 1272 eum
2626 1220 2778 1289 jubet
2816 1223 2991 1281 facere
3020 1228 3296 1300 Dominus,
3338 1208 3397 1290 iit
3423 1238 3535 1306 ipse
3559 1240 3611 1294 in

2004 1344 2007 1347 λ
2032 1301 2123 1357 illo
2152 1304 2308 1359 etiam
2336 1308 2475 1377 quod
2503 1309 2730 1382 imperat
2755 1306 3048 1386 operetur;
3083 1323 3223 1378 Deus
3248 1336 3329 1382 est
3354 1301 3496 1384 enim
3526 1334 3615 1402 qui

2031 1402 2282 1462 operatur
2301 1397 2354 1451 in
2383 1401 2537 1456 nobis
2561 1411 2614 1456 et
2639 1404 2775 1460 velle
2797 1416 2849 1461 et
2876 1412 3107 1479 operari,
3138 1429 3235 1482 pro
3261 1415 3399 1475 bona
3425 1397 3613 1477 volu-n-

2031 1491 2138 1539 tale
2167 1484 2426 1560 (Philipp.
2477 1507 2534 1557 tt,
2568 1493 2655 1565 15)
2685 1496 2968 1566 :Clamavi,
3000 1502 3193 1572 inquit,
3225 1507 3279 1561 in
3332 1519 3437 1565 toto
3461 1515 3613 1569 corde

2028 1592 2177 1642 meo;
2206 1581 2391 1635 exaudi
2431 1600 2529 1651 me,
2566 1584 2777 1642 Domine
2806 1606 2823 1643 :
2844 1593 3233 1660 justiﬁcationes
3275 1609 3387 1654 tuas
3432 1607 3611 1673 exqui-

2028 1683 2136 1720 ram
2168 1684 2187 1722 :
2218 1671 2396 1742 utique
2427 1674 2713 1746 faciendas,
2757 1696 2861 1736 non
2914 1687 3280 1744 tantummodo
3324 1671 3608 1763 sciendas;

2028 1772 2096 1812 ne
2120 1760 2306 1816 similis
2333 1763 2419 1818 fiat
2446 1767 2519 1822 illi
2545 1783 2700 1824 servo
2727 1770 2883 1840 duro,
2912 1777 3002 1846 qui
3024 1779 3233 1837 etiamsi
3264 1760 3604 1857 intellexerit,

2027 1862 2132 1902 non
2162 1850 2410 1909 obaudiet
2440 1855 2617 1926 (Prov.
2647 1876 2788 1928 xxux,
2825 1864 2937 1936 19).

2095 1938 2130 1992 2
2186 1940 2333 2013 [vers.
2369 1946 2513 2019 146.]
2542 1950 2768 2006 (Σιωπαυὶ
2789 1970 2807 2018 ;
2836 1958 3028 2013 salvum
3056 1978 3133 2015 me
3158 1967 3241 2035 [ac
3266 1982 3285 2020 :
3321 1968 3403 2023 vel
3424 2011 3439 2036 ,
3468 1971 3608 2026 sicut

2026 2034 2260 2128 nonnulli
2289 2036 2503 2095 codices
2529 2041 2726 2098 habent
2755 2056 2805 2101 et
2825 2050 2983 2116 graeci
3015 2061 3069 2107 et
3088 2054 3258 2123 latini,
3284 2034 3508 2115 Clamavi
3539 2072 3610 2128 te;

2023 2121 2215 2178 salvum
2246 2144 2324 2181 me
2348 2133 2450 2200 fac.
2482 2132 2617 2199 Quid
2646 2146 2726 2191 est
2746 2178 2761 2202 ,
2794 2139 3019 2196 Clamavi
3044 2154 3091 2199 te
3112 2187 3129 2212 ,
3157 2148 3256 2203 nisi
3284 2190 3298 2215 ,
3323 2152 3607 2211 clamando

2023 2213 2259 2315 invocavi
2292 2220 2380 2273 te?
2417 2222 2521 2277 Sed
2554 2240 2673 2281 cum
2716 2228 2971 2300 dixisset,
3002 2238 3195 2291 salvum
3225 2213 3304 2294 me
3328 2243 3410 2311 [ac
3432 2286 3447 2311 ,
3479 2248 3607 2315 quid

2021 2305 2292 2374 adjttnxit?
2321 2310 2390 2364 Et
2432 2317 2711 2371 custodiant
2752 2323 3034 2378 testimonia
3064 2338 3150 2381 tua
3177 2346 3195 2383 :
3225 2346 3292 2386 nc
3322 2305 3370 2388 ie
3399 2305 3607 2394 scilicet

2022 2409 2134 2488 per,
2167 2399 2529 2458 inﬁrmitatem
2563 2422 2776 2476 negem.
2821 2413 2976 2468 Salus
3004 2418 3199 2488 quippe
3239 2423 3431 2479 anima:
3477 2424 3606 2482 facit

2023 2494 2078 2540 ut
2109 2486 2199 2541 tiat
2228 2491 2367 2557 quod
2398 2491 2706 2585 faciendum
2726 2514 2848 2556 esse
2884 2486 3239 2575 cognoscitur,
3264 2521 3318 2567 et
3348 2529 3512 2585 usque
3536 2519 3603 2573 ad

2019 2578 2246 2625 mortem
2297 2578 2564 2644 corporis,
2598 2581 2641 2633 si
2694 2580 2794 2637 hoc
2837 2584 3036 2657 ﬂagitat
3061 2599 3300 2648 extrema
3343 2578 3599 2666 tcutatio,

2019 2672 2114 2727 pro
2145 2662 2565 2721 testimoniorum
2596 2669 2892 2729 divinorum
2936 2681 3151 2738 veritate
3195 2696 3469 2744 certetur:
3511 2662 3601 2746 ubi

2017 2762 2193 2808 autem
2224 2771 2329 2811 non
2358 2767 2437 2812 cst
2465 2760 2607 2815 salus
2632 2803 2647 2829 ,
2680 2769 2976 2824 succumbit
3004 2772 3317 2845 infirmitas,
3363 2788 3419 2835 et
3446 2780 3601 2838 dese-

2018 2845 2153 2899 ritur
2179 2849 2390 2904 veritas.

2087 2937 2139 2992 5.
2193 2938 2340 3037 [vers.
2402 2944 2545 3018 147.]
2601 2946 2704 3003 Sed
2752 2953 2893 3020 quod
2946 2958 3185 3026 sequitur
3215 2960 3373 3018 habet
3401 2964 3597 3037 aliquid

2016 3031 2383 3102 obscuritatis,
2414 3039 2552 3107 quod
2576 3041 2847 3113 aliquanto
2873 3045 3068 3104 diutius
3089 3055 3463 3122 exponendum
3488 3031 3594 3115 est.

2019 3123 2251 3181 Prwveni
2274 3131 2567 3202 intempesta
2613 3147 2757 3193 nocte
2779 3182 2792 3207 ,
2826 3151 2871 3194 et
2902 3143 3133 3199 clamavi.
3165 3146 3352 3205 Plures
3384 3153 3598 3211 codices

2015 3232 2119 3271 non
2176 3218 2407 3288 habent,
2459 3226 2755 3297 intempesta
2785 3244 2929 3288 nocte
2944 3251 2965 3298 ;
3012 3238 3146 3306 sed,
3194 3241 3598 3303 immaturitate:

2014 3309 2098 3363 vix
2129 3320 2304 3367 autem
2336 3330 2470 3371 unus
2519 3320 2762 3376 inventus
2793 3336 2873 3379 est
2902 3328 2991 3397 qui
3024 3329 3244 3388 haberet
3270 3339 3595 3406 geminatam

2015 3404 2443 3470 praepositionem
2468 3450 2484 3475 ,
2513 3408 2565 3464 id
2592 3420 2674 3467 est
2692 3455 2707 3481 ,
2736 3414 2789 3468 in
2816 3417 3192 3478 immaturitate.
3237 3404 3594 3489 lmutaturitas

2014 3492 2191 3564 itaque
2220 3495 2321 3552 hoc
2348 3498 2466 3555 loco
2496 3513 2810 3562 nocturnum
2841 3518 3050 3581 tempus
3073 3524 3154 3569 est
3178 3558 3194 3583 ,
3219 3519 3359 3587 quod
3385 3536 3489 3577 non
3512 3532 3598 3579 est

2013 3595 2275 3643 maturum
2299 3631 2314 3656 ,
2345 3591 2395 3646 id
2443 3604 2555 3662 est,
2584 3609 2940 3667 opportunum
2974 3616 3026 3660 ut
3053 3618 3239 3679 agatur
3265 3613 3464 3683 aliquid
3511 3619 3595 3672 vi-

2011 3678 2429 3777 gilando—equod
2457 3688 2615 3743 etiam
2642 3692 2799 3762 vulgo
2824 3694 2926 3750 dici
2971 3678 3145 3765 solet,
3177 3702 3305 3756 hora
3338 3678 3593 3777 inoppor-

2013 3778 2139 3824 tuna
2169 3773 2206 3825 ³.
2238 3773 2351 3828 Nox
2375 3792 2585 3849 quoque
2612 3781 2948 3853 intempesta,
2978 3788 3028 3842 id
3050 3799 3131 3844 est
3155 3794 3348 3859 media,
3379 3773 3601 3866 quando

2011 3861 2389 3930 quiescendum
2417 3878 2498 3923 est
2522 3911 2534 3933 ,
2568 3870 2692 3927 hinc
2723 3876 2905 3942 procul
2935 3876 3096 3933 dubio
3139 3861 3436 3953 nuncupata
3469 3898 3588 3956 est,

2012 3953 2133 4020 quia
2192 3954 2543 4025 inopportuna
2588 3972 2671 4015 est
2712 3965 3009 4021 actionibus
3052 3971 3397 4041 vigilantium.
3429 3953 3590 4033 Tom;

2014 4043 2272 4111 peStivum
2303 4048 2442 4101 enim
2471 4049 2717 4106 dixerunt
2745 4063 2955 4111 veteres
2980 4069 3370 4131 opportunum;
3413 4076 3469 4121 et
3512 4068 3593 4123 in-

2013 4134 2429 4203 tempestivum,
2490 4138 2917 4209 inopportunum,
2966 4165 2978 4199 :
3030 4165 3059 4203 a
3121 4159 3362 4222 tempore
3429 4158 3592 4216 ducto

2010 4226 2267 4281 vocabulo
2286 4268 2300 4291 ,
2334 4244 2441 4283 non
2466 4230 2534 4285 ab
2564 4232 2652 4286 illa
2684 4243 3031 4307 tempestate,
3059 4259 3175 4314 qua:
3204 4252 3592 4311 consuetudine

2010 4316 2186 4374 latina:
2230 4319 2420 4392 lingua:
2470 4325 2589 4380 cmli
2632 4329 2960 4398 perturbatio
2995 4334 3106 4407 jam
3137 4350 3374 4397 vocatur.
3404 4345 3589 4413 Quan-

2010 4426 2166 4481 quam
2196 4413 2298 4467 isto
2323 4414 2485 4471 verbo
2510 4417 2737 4475 libenter
2765 4430 2983 4479 utuntur
3008 4426 3267 4498 historici,
3301 4442 3358 4489 ut
3384 4436 3587 4505 dicant,

2011 4501 2083 4554 Ea
2113 4511 2454 4575 tempestate,
2499 4509 2638 4578 quod
2670 4511 2854 4568 volunt
2898 4514 2977 4571 Eo
3024 4528 3261 4590 tempore
3306 4524 3528 4599 intelligi

2009 4603 2063 4649 et
2087 4596 2225 4666 quod
2251 4599 2323 4652 ait
2352 4600 2554 4656 locutor
2582 4608 2824 4676 egregius
2844 4650 2859 4676 ,

2499 4695 2631 4759 unde
2656 4698 2760 4750 haec
2782 4709 2876 4750 tam
2900 4703 3026 4755 clara
3052 4718 3261 4759 repente

2500 4722 2631 4745 unum
2656 4722 2760 4750 utut;
2782 4722 2876 4750 tam
2900 4722 3026 4755 Clara
3052 4722 3107 4755 ΙὋ

2133 4754 2447 4814 Tempestas?
2512 4757 2532 4819 (
2557 4757 2690 4823 Virg.
2710 4770 2813 4812 Λῐη.
2840 4778 2909 4825 ix,
2932 4767 3006 4827 t9,

2009 4848 2116 4887 non
2142 4834 2332 4889 cmlum
2352 4838 2543 4895 nimbis
2560 4844 2794 4899 ventisve
2813 4849 3100 4915 turbatum,
3116 4853 3208 4907 sed
3227 4856 3396 4926 magis
3410 4859 3584 4917 subita

2008 4934 2060 4979 et
2071 4926 2342 4994 splendida
2357 4934 2639 4989 serenitate
2653 4936 2899 5008 fulgidum
2914 4941 3145 5008 signiﬁca
3154 4944 3224 4999 vit
3235 4944 3335 5001 hoc
3348 4950 3581 5010 nomine.

2007 5017 2158 5083 Quod
2189 5035 2314 5090 ergo
2335 5038 2506 5093 graece
2531 5024 2729 5081 dictum
2758 5038 2838 5083 est
2864 5036 2910 5083 ἐν
2936 5035 3105 5102 ἀωρίᾳ,
3134 5050 3236 5090 non
3261 5054 3368 5094 uno
3396 5042 3581 5112 verbo,

2007 5111 2099 5165 sed
2127 5112 2333 5168 dttubus
2352 5156 2367 5181 ,
2400 5116 2449 5170 id
2478 5128 2587 5183 est,
2618 5122 2989 5190 praepositione
3009 5134 3066 5181 et
3092 5131 3337 5198 nomine;
3367 5134 3469 5190 hoc
3496 5111 3581 5194 in?

2009 5212 2266 5273 terpretes
2306 5209 2474 5261 nostri
2523 5210 2736 5279 quidam
2780 5214 3055 5281 dixerunt,
3082 5219 3375 5291 intempesta
3405 5241 3583 5297 nocte;

2007 5295 2205 5364 plures,
2228 5298 2605 5367 immaturitate,
2622 5318 2722 5357 non
2737 5303 2941 5361 duobus
2955 5310 3149 5379 verbis,
3166 5314 3260 5369 sed
3287 5333 3411 5385 uno,
3431 5295 3584 5387 cujus

2008 5390 2247 5443 vocabuli
2278 5392 2629 5448 nominativus
2656 5406 2739 5450 est
2763 5397 3142 5469 immaturitas;
3174 5411 3412 5465 nonnulli
3453 5428 3581 5468 vero

2008 5481 2059 5533 in
2086 5480 2290 5535 duobus
2315 5483 2525 5551 verbis,
2560 5485 2697 5541 sicut
2736 5504 2939 5559 graacus
2988 5498 3197 5565 posuit,
3246 5502 3298 5554 in
3346 5502 3584 5557 immatu-

2008 5572 2189 5636 ritate;
2242 5574 2393 5643 ἀωρία
2441 5575 2633 5645 quippe
2685 5578 3035 5639 immaturitas
3082 5597 3197 5653 cst,
3232 5595 3277 5643 δν
3314 5597 3501 5661 empta,
3530 5595 3584 5649 in

2012 5663 2372 5719 inmaturitate
2399 5682 2415 5719 :
2446 5675 2693 5739 tanquam
2734 5672 2779 5726 si
2823 5674 2980 5731 vellet
3010 5679 3165 5734 etiam
3192 5680 3279 5736 ille
3306 5683 3394 5752 qui
3426 5683 3579 5754 dixit,

2076 5801 2088 5830 ¹
2116 5798 2186 5846 sic
2210 5798 2374 5860 plures
2396 5808 2500 5852 Mss.
2541 5809 2591 5853 Αι
2615 5803 2747 5866 add,
2775 5817 3057 5873 importuna.
