4160 6448
548 511 555 520 ,
629 442 766 500 1587

628 560 921 632 intempesta
954 560 1091 607 nocte
1115 590 1127 614 ,
1162 545 1533 620 prmpositione
1584 543 1761 598 dicere
1808 537 2093 613 geminata,
2146 539 2197 591 in

628 649 923 715 intempesta
949 658 968 707 ;
997 651 1052 696 ιιι
1083 655 1182 696 una
1213 637 1520 708 praepositio
1546 635 1804 705 signiﬁcet
1832 636 1882 688 in
1912 650 2014 703 qua
2044 638 2194 694 hora,

630 738 796 792 altera
845 733 1105 804 pertineat
1155 730 1220 785 ad
1268 729 1707 799 compositionem
1758 725 2007 780 nominis.
2060 724 2199 779 Nihil

628 840 759 881 sane
789 825 1006 878 interest
1031 821 1097 876 ad
1127 821 1441 877 sententiam
1465 861 1481 888 ,
1512 828 1688 874 utrum
1715 818 1833 889 quis
1862 817 2000 873 dicat
2028 818 2199 887 egisse

627 929 687 970 se
713 911 911 983 aliquid
932 912 1056 982 galli
1085 920 1242 965 cantu
1263 953 1277 979 ,
1310 925 1376 965 an
1400 952 1414 977 ,
1463 910 1516 963 in
1556 909 1677 979 galli
1712 916 1873 963 cantu
1905 925 1915 960 :
1948 907 2019 961 ita
2064 906 2197 961 nihil

628 1002 945 1068 interesset,
977 1011 1151 1056 utrum
1185 1001 1480 1069 intempesta
1501 1039 1515 1064 ,
1573 1013 1639 1053 an
1672 1012 1798 1053 vero
1827 997 1879 1050 in
1905 996 2200 1066 intempesta

628 1102 772 1146 nocte
790 1134 805 1160 ,
836 1092 889 1147 id
918 1100 1035 1156 est,
1064 1090 1116 1145 in
1141 1100 1284 1145 nocte
1302 1092 1595 1160 intempesta
1618 1089 1875 1143 clamasse
1899 1102 1957 1143 se
1978 1087 2196 1143 diceret.

630 1182 848 1237 Graccus
881 1190 1053 1237 tamen
1084 1182 1136 1235 in
1158 1188 1298 1235 nocte
1324 1181 1613 1249 intempesta
1655 1178 1821 1243 dixit,
1875 1177 2015 1247 quod
2061 1177 2199 1257 idem

628 1274 769 1329 valet
792 1274 836 1329 si
866 1274 1090 1340 dicatur,
1120 1276 1172 1327 in
1199 1273 1553 1327 immaturitate
1575 1314 1589 1337 ,
1640 1270 1690 1325 id
1731 1280 1814 1326 est
1836 1312 1849 1335 ,
1880 1270 1932 1325 in
1964 1280 2202 1340 tempore

630 1377 892 1424 nocturno
913 1370 1213 1423 immaturo.
1239 1368 1503 1422 Hactenus
1523 1366 1588 1421 de
1615 1367 1842 1421 obscuro
1863 1364 2025 1419 verbo
2047 1364 2204 1419 luerit

631 1459 951 1528 diSpulatum
976 1475 989 1523 ;
1020 1473 1159 1512 nunc
1191 1457 1457 1513 videamus
1479 1458 1596 1527 quis
1625 1457 1738 1526 ipse
1763 1457 1832 1511 sit
1851 1470 2058 1511 sensus.

699 1548 754 1602 4.
787 1546 1016 1607 Prwveni
1035 1589 1049 1614 ,
1084 1547 1271 1617 inquit,
1295 1548 1347 1600 in
1375 1556 1517 1601 nocte
1540 1549 1853 1617 intempesta,
1885 1555 1930 1600 et
1957 1546 2201 1609 clamavi;

632 1639 686 1691 in
712 1636 869 1692 verbis
897 1637 995 1690 tuis
1017 1638 1231 1707 speravi.
1261 1637 1316 1693 Si
1355 1638 1455 1693 hoc
1497 1637 1563 1692 ad
1614 1651 2040 1707 unumquemque
2069 1636 2201 1691 lide-

638 1730 769 1785 lium
798 1728 1089 1784 referamus
1109 1771 1123 1796 ,
1151 1738 1204 1784 et
1224 1730 1288 1783 ad
1320 1730 1693 1799 pr0prietatem
1724 1730 1803 1785 rei
1829 1738 2031 1801 gestae;
2060 1743 2205 1799 saepe

633 1818 891 1888 contingit
916 1828 972 1872 ut
1001 1820 1091 1873 tali
1136 1820 1307 1875 noctis
1334 1827 1570 1888 tempore
1596 1820 1779 1890 vigilet
1813 1835 1963 1875 amor
1990 1820 2119 1888 Dei,
2151 1828 2207 1875 et

634 1925 827 1980 magno
856 1917 1078 1980 urgente
1110 1911 1125 1941 ⁸
1155 1910 1409 1964 orationis
1455 1909 1644 1965 aﬁectu
1669 1952 1684 1977 ,
1732 1924 1838 1965 non
1869 1919 2205 1980 exspectetur

636 2003 730 2057 sed
755 2003 1109 2072 praeveniatur
1162 2002 1301 2072 quod
1344 2012 1465 2071 post
1512 2002 1636 2072 galli
1682 2010 1893 2056 cantum
1929 2002 2205 2056 consuevit

634 2108 755 2149 esse
784 2101 991 2163 tempus
1018 2092 1222 2147 orandi.
1254 2092 1309 2149 Si
1338 2102 1515 2147 autem
1544 2093 1865 2161 accipiamus
1905 2091 2005 2146 hoc
2038 2099 2204 2145 totum

632 2183 887 2239 smeulum
918 2191 1124 2238 noctem
1149 2197 1164 2247 ;
1194 2183 1375 2253 utique
1401 2183 1713 2252 intempesta
1742 2190 1895 2237 nocte
1916 2182 2205 2236 clamamus

633 2273 700 2328 ad
731 2273 932 2337 Deum,
969 2281 1023 2327 et
1064 2274 1421 2343 praevenimus
1470 2274 1824 2327 maturitatem
1870 2272 2122 2341 temporis
2150 2272 2205 2325 in

635 2380 740 2435 quo
771 2363 924 2419 nobis
953 2364 1260 2419 redditurus
1286 2373 1369 2420 est
1395 2363 1534 2433 quod
1578 2363 1857 2433 promisit,
1908 2363 2043 2418 sicut
2080 2362 2206 2418 alibi

635 2454 828 2524 Iegilur
881 2472 893 2509 :
951 2453 1330 2509 Praeveniamus
1383 2457 1564 2525 faciem
1613 2455 1721 2525 ejus
1780 2454 1833 2507 in
1897 2454 2208 2524 confessione

639 2542 829 2615 (Psal.
881 2559 1022 2609 xcrv,
1073 2544 1177 2615 2).
1207 2543 1515 2613 Quanquam
1561 2544 1606 2598 si
1650 2543 1872 2599 velimus
1912 2543 2207 2613 intelligere

636 2635 977 2688 immaturum
1008 2642 1218 2704 tempus
1244 2635 1415 2690 noctis
1444 2634 1596 2703 hujus
1616 2674 1631 2700 ,
1661 2642 1942 2703 antequam
1970 2634 2207 2690 venisset

636 2726 910 2796 plenitudo
942 2728 1230 2797 temporis,
1260 2727 1313 2782 id
1341 2735 1455 2791 est,
1490 2727 1600 2797 ipsa
1642 2727 1916 2781 maturitas
1940 2768 1955 2794 ,
1997 2726 2208 2797 quando

635 2817 881 2872 Christus
909 2817 1338 2874 manifestaretur
1365 2823 1418 2873 lu
1448 2832 1607 2873 carne
1638 2818 1833 2889 (Galat.
1863 2834 1935 2886 Iv,
1960 2819 2017 2888 4)
2048 2837 2061 2884 ;
2110 2832 2208 2874 nec

642 2918 768 2964 tunc
795 2909 1031 2964 Ecclesia
1060 2910 1257 2976 tacuit,
1287 2910 1381 2965 sed
1421 2911 1755 2979 praeveniens
1789 2916 1940 2965 Istam
1990 2910 2207 2965 maturi-

642 3009 805 3056 tatem
829 3043 842 3067 ,
873 3002 1237 3071 prepbetando
1263 3002 1537 3068 clamavit,
1563 3013 1616 3057 et
1642 3003 1693 3056 in
1739 3002 1914 3058 verbis
1957 3002 2048 3057 Dei
2084 3017 2207 3072 spe-

638 3094 775 3148 ravit
825 3095 1054 3164 potentis
1108 3094 1281 3149 facere
1333 3094 1474 3165 quod
1518 3094 1797 3165 promisit,
1825 3103 1883 3149 ut
1924 3094 1975 3149 in
2005 3094 2206 3150 semine

637 3185 866 3242 Abrahae
896 3187 1338 3245 benedicerentur
1364 3203 1551 3245 omnes
1579 3198 1763 3259 gentes
1793 3190 1811 3259 (
1837 3189 1962 3244 Gen.
2010 3206 2104 3255 xu,
2135 3191 2167 3244 5
2192 3206 2205 3255 ;

640 3286 688 3331 et
716 3293 845 3343 χχιι,
878 3278 943 3333 18
964 3276 1003 3348 ).

708 3367 762 3420 5.
795 3366 945 3438 [vers.
980 3367 1124 3440 148.]
1159 3368 1271 3439 Ipsa
1299 3378 1353 3425 et
1401 3370 1542 3441 quod
1590 3373 1828 3442 sequitur
1862 3373 2023 3441 dicit,
2070 3372 2208 3429 Prce-

640 3467 875 3512 venerunt
900 3459 1034 3512 oculi
1060 3460 1157 3513 :nei
1181 3461 1247 3513 ad
1276 3462 1570 3515 matutinum
1590 3504 1604 3529 ,
1638 3472 1691 3515 ut
1720 3464 1986 3518 meditarer
2013 3465 2209 3533 eloquia

639 3558 748 3603 tua.
780 3547 1046 3603 Ponamus
1076 3548 1218 3604 enim
1246 3550 1580 3616 matutinum,
1605 3552 1818 3621 quando
1842 3554 1930 3622 qui
1952 3553 2209 3609 sedebant

639 3637 695 3693 in
742 3638 929 3693 umbra
980 3639 1207 3707 mortis,
1262 3640 1352 3695 lux
1398 3649 1510 3696 orta
1560 3650 1640 3696 est
1667 3642 1745 3696 eis
1778 3642 1951 3714 (Isai.
2008 3644 2203 3715 1x,2);

638 3746 815 3789 nonne
835 3731 889 3788 in
915 3732 1110 3788 sanctis
1137 3733 1225 3803 qui
1251 3733 1397 3803 prius
1422 3741 1573 3787 erant
1594 3733 1645 3787 in
1673 3741 1810 3789 terra
1837 3775 1852 3801 ,
1884 3734 1949 3789 ad
1981 3734 2084 3794 hoc
2106 3751 2210 3790 ma-

638 3826 864 3881 tutinum
895 3826 1035 3883 oculi
1082 3826 1334 3882 Ecclesiae
1384 3834 1793 3896 praevenerunt,
1825 3827 1948 3897 quia
1996 3827 2097 3883 hoe
2126 3828 2208 3883 lu-

639 3929 813 3974 turum
842 3927 997 3974 antea
1050 3917 1439 3989 praeviderunt,
1485 3927 1543 3973 ut
1588 3919 1971 3975 meditarentur
1998 3920 2207 3990 eloquia

638 4010 733 4065 Dei
758 4051 774 4079 ,
804 4026 921 4081 quae
952 4018 1075 4065 tunc
1102 4018 1293 4078 erant,
1326 4018 1381 4065 et
1411 4010 1461 4064 in
1489 4010 1631 4081 Lege
1675 4025 1737 4065 ac
1775 4010 2053 4080 Prophetis
2093 4011 2209 4067 haec

640 4103 812 4158 futura
838 4101 1184 4158 nuntiabant?

708 4196 763 4251 6.
815 4195 981 4268 [vers.
1038 4195 1191 4267 149.]
1242 4195 1422 4251 Vocem
1475 4213 1671 4263 meam,
1726 4196 1926 4266 inquit,
1984 4195 2205 4263 exaudi,

641 4286 857 4340 Domine
880 4328 896 4353 ,
924 4287 1197 4341 secundum
1223 4286 1623 4341 misericordiam
1652 4297 1790 4340 tuam
1809 4304 1828 4341 :
1862 4296 1909 4341 et
1933 4286 2209 4343 secundum

640 4379 884 4443 iudicium
901 4389 1041 4433 tuum
1067 4379 1260 4446 vivi/ica
1286 4396 1381 4432 me.
1412 4378 1563 4433 Prius
1586 4379 1728 4433 enim
1755 4378 1894 4433 Deus
1920 4378 2209 4434 secundum

640 4470 1054 4528 misericordiam
1084 4471 1255 4525 aufert
1280 4484 1307 4523 a
1336 4470 1699 4538 peccatoribus
1739 4485 1982 4538 poenam,
2031 4470 2213 4539 eisque

641 4570 825 4632 postea
876 4560 1033 4631 justis
1072 4559 1359 4615 secundum
1393 4560 1649 4630 judicium
1689 4560 1835 4615 dabit
1858 4561 2017 4615 vitam
2043 4576 2058 4626 ;
2088 4560 2210 4631 quia

641 4668 747 4709 non
779 4652 970 4708 frustra
996 4650 1068 4707 illi
1114 4651 1216 4706 hoc
1244 4650 1431 4707 ordine
1477 4651 1687 4717 dicitur,
1737 4650 2137 4706 Misericordiam
2165 4662 2212 4706 et

643 4750 886 4815 iudicium
909 4748 1116 4802 cantabo
1138 4746 1254 4813 tibi,
1281 4744 1495 4800 Domine
1524 4743 1543 4817 (
1572 4744 1716 4800 Psal.
1743 4760 1794 4810 c,
1827 4745 1852 4799 Ι
1884 4746 1907 4815 )
1934 4745 2214 4815 :quamvis

643 4850 698 4895 et
726 4842 897 4908 ipsum
927 4848 1137 4909 tempus
1173 4836 1549 4893 misericordia:
1572 4851 1679 4892 non
1709 4845 1793 4893 est
1831 4836 1947 4891 sine
1987 4837 2208 4906 judicio,

641 4934 711 4989 de
739 4948 843 5004 quo
871 4933 999 4989 dicit
1052 4931 1357 5003 Apostolus,
1402 4930 1463 4986 Si
1492 4930 1624 4985 enim
1653 4946 1743 4985 nos
1785 4929 1921 4999 ipsos
1950 4930 2211 4999 judicare-

643 5043 791 5101 mus,
843 5041 875 5079 a
922 5024 1142 5081 Domino
1194 5040 1295 5079 non
1336 5024 1685 5094 judicaremur
1714 5038 1733 5076 :
1774 5038 1885 5075 cum
1918 5022 2216 5092 judicamur

644 5125 809 5171 autem
831 5158 844 5182 ,
869 5132 901 5170 a
927 5114 1145 5171 Domino
1172 5114 1491 5183 corripimur,
1546 5128 1609 5167 ne
1649 5127 1763 5166 cum
1790 5111 1977 5165 mundo
2002 5112 2212 5164 damne-

645 5223 760 5261 mur
788 5206 807 5279 (
835 5207 854 5262 l
884 5204 999 5261 Cor.
1029 5223 1103 5273 xi,
1132 5207 1221 5272 '51,
1251 5204 1321 5261 52
1350 5205 1390 5274 );
1422 5212 1475 5261 et
1504 5204 1619 5274 ejus
1644 5203 1979 5273 coapostolus
1999 5244 2013 5267 ,
2066 5201 2212 5256 Tem-

645 5313 742 5368 ptts
768 5307 838 5352 est
862 5338 877 5361 ,
908 5298 1114 5368 inquit,
1140 5307 1192 5353 ut
1209 5298 1461 5368 judicium
1490 5297 1699 5369 incipiat
1721 5313 1752 5349 α
1780 5296 1929 5350 domo
1960 5294 2165 5349 Domini
2193 5310 2210 5347 :

646 5396 695 5443 et
721 5391 766 5442 si
790 5386 988 5441 initium
1016 5404 1046 5440 a
1074 5388 1214 5443 nobis
1243 5390 1263 5420 ²
1288 5405 1302 5451 ς
1326 5388 1490 5459 qualis
1518 5389 1635 5457 ﬁnis
1659 5387 1752 5441 erit
1775 5387 1844 5441 eis
1869 5386 1954 5455 qui
1979 5401 2077 5439 non
2099 5400 2209 5439 cre-

646 5479 770 5535 dunt
799 5476 1003 5532 Domini
1030 5477 1301 5550 Evangelia
1331 5481 1351 5549 (
1379 5480 1398 5533 l
1426 5478 1567 5534 Petr.
1600 5496 1671 5543 IV,
1704 5480 1771 5533 l7
1801 5481 1839 5547 ).
1878 5478 1945 5533 Et
1968 5477 2209 5532 ultimum

648 5580 861 5642 tempus
883 5567 1068 5642 judicii
1112 5584 1218 5624 non
1259 5571 1361 5625 erit
1387 5569 1502 5624 sine
1531 5569 1893 5625 misericordia
1916 5611 1929 5636 ,
1955 5570 2074 5639 quia
2122 5583 2211 5623 co-

648 5671 794 5719 rcnat
822 5671 890 5729 te,
938 5662 1015 5715 ait
1043 5658 1309 5730 psalmus,
1352 5660 1405 5713 in
1454 5660 1769 5717 miseratione
1798 5669 1846 5717 et
1874 5660 2212 5717 misericordia

708 5795 723 5825 ¹
754 5793 938 5857 Aliquot.
959 5800 1083 5853 Mss,
1122 5797 1357 5904 surgiesnte.

709 5857 730 5888 ³
754 5854 977 5904 Plerique
1000 5864 1126 5904 Mss.
1152 5867 1205 5903 ro
1281 5890 1291 5902 .

709 5857 730 5888 ³
754 5854 977 5919 Plerique
1000 5864 1126 5917 Mss,
1152 5854 1291 5904 vobis.

1868 426 1920 481 S.
1955 420 2313 480 AUGUSTINI
2346 422 2645 480 EPISCOPI

3702 442 3817 504 1588

2305 536 2324 605 (
2352 536 2494 592 Psal.
2528 555 2595 593 cn
2617 582 2630 606 ,
2664 541 2697 594 4
2722 538 2761 611 ).
2790 539 3052 597 Iudicium
3101 550 3278 600 autem
3310 546 3419 602 sine
3464 550 3791 616 misericordia
3824 602 3827 607 .

2302 627 2399 682 sed
2427 628 2627 683 sinitris
2670 630 2759 699 qui
2786 646 2890 685 non
2936 630 3175 689 fecerunt
3198 635 3607 697 misericordiam
3636 645 3828 714 (Jacobi

2303 719 2537 789 11,13).
3221 735 3223 737 ί

2373 810 2427 863 7.
2474 810 2624 881 [vers.
2656 811 2801 885 150.]
2829 813 3377 886 Appropinquaverunt
3396 861 3410 885 ,
3461 821 3659 892 inquit,
3686 845 3827 897 perge.

2301 910 2502 969 quentes
2546 918 2623 955 me
2673 904 2969 973 iniquitate;
3018 908 3139 973 vel,
3191 909 3328 964 sicut
3369 914 3601 968 nonnulli
3652 919 3831 978 codices

2304 992 2518 1059 habent,
2538 994 2725 1063 inique.
2747 995 2895 1050 Tunc
2918 998 3438 1071 appropinquantqui
3458 1018 3826 1077 persequuntur,

2303 1085 2513 1154 quando
2535 1101 2700 1156 usque
2714 1089 2781 1143 ad
2807 1102 3019 1144 carnem
3043 1089 3380 1145 cruciandam
3407 1095 3833 1170 perimendamquc

2306 1175 2639 1241 perveniunt.
2701 1176 2849 1231 Unde
2897 1177 3133 1245 psalmus
3175 1179 3461 1236 vicesimus
3502 1183 3719 1253 primus,
3758 1190 3831 1243 ubi

2305 1265 2480 1335 passio
2503 1266 2712 1321 Domini
2744 1267 3053 1337 prophetata
3082 1276 3196 1335 est,
3227 1268 3312 1324 Ne
3354 1270 3577 1326 discedas
3598 1313 3614 1340 ,
3659 1275 3829 1346 inquit,

2303 1372 2335 1409 a
2373 1373 2451 1410 me
2473 1397 2486 1421 ,
2518 1358 2754 1425 quoniam
2777 1358 3031 1414 tribulatio
3052 1361 3286 1429 proxima
3305 1370 3375 1416 est
3407 1362 3588 1434 (Psal.
3614 1370 3828 1441 31,12);

2304 1461 2423 1501 cum
2462 1462 2523 1501 ea
2561 1447 2805 1502 dicantur
2827 1464 2946 1518 quae
2972 1464 3076 1504 non
3103 1450 3412 1507 imminente
3433 1494 3448 1519 ,
3491 1445 3581 1508 Sed
3600 1454 3699 1523 jam
3718 1471 3835 1526 prte-

2305 1545 2457 1592 sente
2501 1537 2615 1607 ipsa
2658 1539 2902 1607 passione
2954 1554 3238 1610 perpessus
3278 1552 3380 1596 est.
3432 1540 3537 1597 Sed
3575 1547 3833 1613 proximam

2304 1626 2435 1681 dixit
2464 1627 2892 1697 tribulationem,
2935 1645 3053 1699 qua:
3110 1629 3269 1685 [iebat
3314 1631 3368 1685 in
3412 1646 3596 1698 carne;
3624 1634 3739 1691 nihil
3769 1648 3837 1692 est

2305 1718 2497 1787 quippe
2548 1719 2738 1774 anima:
2783 1719 3001 1789 propius
3047 1733 3205 1775 carne
3234 1735 3393 1791 quam
3423 1731 3609 1791 gestat.
3647 1724 3837 1797 Pr0pin-

2305 1819 2598 1881 quaverunt
2622 1825 2748 1880 ergo
2790 1821 3203 1881 persequentes,
3236 1812 3521 1882 afﬂigendo
3546 1830 3716 1870 eorum
3738 1833 3837 1872 car-

2306 1916 2449 1969 nem,
2463 1896 2596 1971 quos
2614 1902 3083 1972 persequebantur.
3106 1902 3209 1958 Sed
3227 1904 3443 1959 attende
3464 1904 3599 1974 quod
3615 1908 3834 1977 sequitur:

2306 1993 2349 2043 Α
2379 1993 2483 2062 lege
2508 2001 2677 2045 autem
2705 2000 2791 2045 tua
2817 1992 2964 2063 longe
2992 1994 3110 2063 [acti
3139 2002 3275 2047 sunt.
3322 1994 3533 2061 Quanto
3561 1998 3715 2067 magis
3735 2014 3839 2068 pro-

2306 2081 2691 2151 pinquaverunt
2716 2083 3098 2153 persequendis
3124 2084 3309 2153 justis,
3341 2094 3489 2141 tanto
3531 2089 3687 2159 magis
3709 2089 3838 2160 longe
3873 2100 3876 2104 ‘

2306 2172 2430 2228 facti
2464 2182 2587 2228 sunt
2610 2189 2639 2228 a
2665 2174 2883 2244 justitia.
2918 2174 3022 2231 Sed
3048 2175 3174 2245 quid
3200 2186 3501 2233 nocuerunt
3543 2179 3641 2245 eis,
3679 2180 3839 2250 quibus

2306 2263 2681 2333 persequendo
2729 2266 3258 2345 propinquaveruut;
3310 2267 3525 2337 quando
3554 2269 3753 2324 interior
3774 2279 3841 2325 est

2308 2354 2682 2423 propinquatio
2711 2354 2919 2409 Domini
2948 2369 3138 2410 eorum
3163 2396 3176 2421 ,
3208 2370 3237 2409 a
3266 2371 3374 2426 quo
3406 2357 3694 2413 nullatenus
3715 2358 3842 2415 dese-

2308 2453 2498 2498 runtur
2522 2445 2544 2498 7

2379 2535 2430 2589 8.
2488 2532 2634 2605 [vers.
2686 2534 2831 2608 451.]
2881 2535 3117 2607 Denique
3167 2535 3412 2606 sequitur
3452 2554 3467 2591 :
3516 2535 3676 2608 Prope
3698 2548 3839 2604 estu,

2308 2626 2526 2682 Domine
2548 2670 2563 2695 ,
2599 2639 2645 2681 et
2676 2645 2845 2683 omnes
2874 2629 2967 2683 via:
2990 2639 3090 2684 tua:
3118 2631 3317 2685 veritas.
3366 2631 3543 2686 Etiam
3584 2631 3633 2686 in
3659 2632 3841 2687 tribula-

2310 2720 2538 2775 tionibus
2566 2721 2706 2788 suis,
2734 2720 2874 2791 quod
2901 2736 2989 2776 eas
3020 2736 3125 2777 non
3174 2722 3448 2778 immerito
3473 2724 3741 2793 patiuntur,
3768 2725 3841 2779 tri-

2307 2810 2471 2866 buere
2499 2810 2607 2866 Deo
2630 2811 2919 2878 veritatem,
2947 2821 3246 2866 sanctorum
3273 2820 3357 2868 est
3384 2812 3573 2868 usitata
3592 2812 3838 2869 confessio.

2309 2901 2384 2957 Ita
2434 2904 2613 2974 regina
2666 2903 2858 2959 Esther
2907 2902 2926 2975 (
2957 2903 3159 2958 Esther.
3190 2920 3298 2970 xlv,
3331 2905 3387 2969 6,
3425 2906 3455 2959 7
3486 2905 3527 2977 ),
3556 2907 3621 2960 ita
3660 2915 3841 2961 sanctus

2311 2994 2491 3050 Daniel
2527 2996 2544 3064 (
2576 2994 2710 3048 Dan.
2765 3012 2814 3049 rx
2843 3037 2857 3062 ,
2908 2996 2964 3063 4,
3000 2996 3066 3051 15
3095 2996 3136 3067 ),
3168 2996 3238 3051 ita
3268 3004 3379 3051 tres
3421 2997 3517 3051 viri
3566 2997 3617 3051 in
3668 2996 3840 3051 camino

2310 3087 2327 3154 (
2362 3086 2446 3140 Id.
2492 3102 2568 3153 Ill,
2616 3088 2685 3141 ‘24
2714 3088 2775 3142 51
2811 3087 2869 3157 ),
2925 3086 2994 3140 ita
3043 3101 3230 3141 eorum
3269 3088 3565 3142 sanctitatis
3612 3086 3694 3141 alii
3735 3086 3840 3141 socii

2309 3180 2648 3235 conﬁtentur.
2680 3179 2872 3247 jQuaeri
2915 3186 3092 3233 autem
3134 3188 3310 3249 potest
3347 3179 3617 3249 quomodo
3662 3178 3738 3233 hic
3779 3176 3843 3232 di-

2310 3286 2451 3330 ctum
2480 3275 2582 3342 sit,
2616 3274 2799 3329 Omnes
2825 3275 2916 3328 via:
2944 3283 3044 3328 tute
3071 3275 3287 3338 veritas;
3312 3287 3438 3329 cum
3472 3274 3523 3328 in
3549 3274 3645 3329 alio
3671 3272 3841 3343 psalmo

2309 3370 2534 3441 legatur,
2568 3368 2821 3425 Universae
2860 3371 2952 3423 vite
2992 3368 3196 3424 Domini
3243 3368 3589 3422 misericordia
3629 3376 3671 3421 et
3695 3366 3842 3420 veritas

2313 3460 2333 3533 (
2361 3461 2501 3516 Psal.
2534 3476 2677 3528 xxiv,
2712 3460 2778 3515 10
2806 3458 2847 3531 ).
2878 3458 2982 3515 Sed
3022 3473 3143 3529 erga
3174 3467 3389 3514 sanctos
3422 3468 3474 3512 et
3501 3458 3737 3512 universa:
3761 3454 3845 3523 via:

2311 3552 2517 3607 Domini
2543 3538 2925 3617 misericordia,
2944 3558 2997 3606 et
3022 3550 3280 3605 universae
3298 3540 3406 3603 viae
3430 3548 3629 3605 Domini
3648 3545 3837 3601 veritas:

2310 3645 2433 3715 quia
2462 3652 2517 3699 et
2562 3644 2615 3698 in
2657 3641 2944 3713 iudicando
2971 3641 3255 3707 subvenit,
3285 3647 3449 3710 atque
3478 3637 3550 3694 ita
3596 3653 3691 3694 non
3719 3635 3842 3690 deest

2311 3732 2702 3797 misericordia;
2735 3740 2789 3787 et
2834 3732 2886 3787 in
2916 3730 3218 3786 miserando
3245 3729 3296 3785 id
3321 3729 3540 3785 exhibet
3570 3726 3699 3798 quod
3739 3738 3839 3795 pro-

2311 3825 2473 3892 misit,
2498 3840 2565 3879 ne
2582 3825 2777 3879 veritas
2794 3823 2949 3878 desit.
2970 3823 3105 3892 Erga
3122 3836 3307 3876 omnes
3322 3830 3502 3875 autem
3520 3828 3573 3874 et
3594 3831 3714 3888 quos
3730 3815 3837 3870 libe-

2311 3924 2412 3980 rat,
2431 3923 2629 3984 etquos
2648 3914 2879 3977 damnat,
2895 3926 3079 3967 omnes
3096 3912 3193 3966 via:
3217 3910 3425 3965 Domini
3444 3905 3772 3965 misericordia
3797 3912 3838 3959 et

2312 4007 2543 4071 veritas;
2592 4005 2713 4076 quia
2753 4004 2841 4059 ubi
2883 4018 2988 4059 non
3034 4004 3335 4066 miseretur,
3378 4000 3625 4056 vindicta;
3679 3997 3839 4051 veritas

2310 4097 2798 4155 exhibeturMultos
2814 4097 3006 4167 quippe
3025 4095 3315 4150 immeritos
3330 4092 3542 4160 liberat,
3562 4088 3836 4147 immeritum

2312 4200 2488 4246 autem
2528 4189 2793 4244 neminem
2815 4187 3049 4242 damnat.

2384 4280 2436 4336 9.
2473 4280 2620 4353 [vers.
2670 4278 2815 4351 152].
2860 4279 2934 4333 Ab
2964 4278 3104 4332 initio
3152 4275 3393 4348 cognovi,
3427 4276 3623 4347 inquit,
3653 4273 3707 4326 de
3730 4266 3839 4323 testi-

2314 4374 2492 4428 moniis
2517 4374 2644 4439 tuis,
2673 4372 2790 4442 quia
2814 4372 2868 4424 in
2894 4379 3134 4425 wternum
3149 4368 3373 4440 fundasti
3400 4384 3479 4423 ea.
3504 4363 3646 4433 Quod
3671 4370 3838 4434 grtecus

2314 4466 2711 4534 3Ῐῐ,καταρκὰς,
2759 4463 2916 4533 aliqui
2969 4461 3135 4516 nostri
3184 4461 3244 4514 ab
3297 4460 3478 4525 initio,
3519 4456 3669 4527 aliqui
3704 4451 3834 4513 initio,

2316 4559 2476 4630 aliqui
2525 4559 2579 4611 in
2629 4557 2784 4611 initiis
2831 4555 3160 4626 interpretati
3183 4562 3325 4609 sunt.
3352 4553 3458 4609 Sed
3485 4552 3569 4623 qui
3613 4546 3839 4621 pluraliter

2316 4649 2419 4704 hoc
2461 4648 2641 4703 dicere
2690 4646 3025 4706 maluerunt,
3071 4659 3296 4715 graecam
3348 4643 3659 4697 locutionem
3702 4630 3837 4691 secuti

2316 4749 2457 4796 sunt.
2486 4740 2687 4795 Latina:
2715 4747 2888 4792 autem
2919 4738 3107 4807 linguae
3129 4736 3254 4791 illud
3282 4736 3455 4806 potius
3483 4735 3714 4790 usitatum
3737 4734 3834 4790 est,

2317 4843 2376 4889 ut
2401 4833 2461 4887 ab
2499 4833 2642 4887 initio
2671 4831 2753 4886 vel
2782 4831 2925 4885 initio
2969 4829 3193 4893 dicatur,
3244 4826 3384 4898 quod
3436 4831 3669 4896 καταρχὰς
3696 4827 3838 4888 grates

2317 4924 2467 4996 quasi
2496 4922 2788 4993 pluraliter,
2820 4919 2916 4976 sed
2943 4918 3315 4975 adverbialiter
3352 4917 3541 4971 dicitur
3566 4932 3580 4968 :
3601 4909 3739 4982 quale
3773 4910 3836 4959 esI

2317 5014 2457 5084 apud
2479 5028 2604 5079 nos,
2655 5027 2775 5068 cum
2805 5011 3030 5067 dicimus
3053 5052 3067 5078 ,
3101 5010 3244 5064 Alias
3289 5009 3388 5064 hoc
3430 5006 3592 5070 facio;
3622 4996 3834 5084 pluralem

2318 5083 2599 5162 numerum
2626 5102 2864 5160 feminini
2912 5102 3124 5172 generis
3150 5100 3328 5156 dicere
3372 5097 3625 5159 videmur,
3652 5089 3733 5146 sed
3758 5083 3834 5139 ad-

2319 5198 2558 5254 verbium
2601 5203 2714 5261 est,
2769 5202 2823 5249 et
2873 5191 3133 5263 significat
3186 5192 3304 5246 Alio
3334 5199 3583 5259 tempore.
3613 5179 3734 5249 Quid
3774 5181 3835 5229 est

2317 5305 2443 5362 ergo
2464 5331 2480 5356 ,
2509 5287 2590 5342 Ad
2618 5287 2761 5341 initio
2786 5285 3025 5357 cognovi,
3058 5283 3139 5339 vel
3162 5282 3334 5353 potius
3359 5323 3373 5348 ,
3404 5289 3459 5335 ut
3487 5286 3537 5334 et
3565 5268 3837 5367 nos-advcr-
3866 5346 3871 5357 ἃ

2318 5381 2523 5438 bialiter
2553 5379 2604 5434 id
2633 5376 2868 5433 dicamus
2891 5416 2906 5443 ,
2937 5374 3091 5429 Initio
3110 5373 3317 5444 cognovi
3340 5371 3398 5426 de
3425 5362 3703 5455 testimoniis
3724 5362 3833 5455 tuis.

2317 5474 2436 5539 quia
2460 5474 2512 5526 in
2536 5480 2776 5527 mternum
2804 5466 3029 5541 fundasti
3079 5465 3178 5520 ea?
3205 5461 3522 5520 Testimonia
3567 5446 3771 5548 Domitii.
3791 5446 3832 5546 ξη

2318 5574 2576 5621 teternum
2603 5562 2673 5618 ab
2699 5562 2789 5617 illo
2813 5560 2942 5616 dicit
2987 5572 3105 5614 esse
3131 5555 3342 5611 fundata
3365 5595 3379 5620 ,
3410 5561 3463 5608 et
3490 5551 3585 5605 hoc
3622 5559 3673 5599 se
3712 5541 3833 5594 initic

2318 5657 2631 5729 cognovisse
2656 5661 2897 5717 testatur,
2924 5665 3024 5705 nec
3048 5647 3258 5703 aliunde
3298 5640 3596 5715 cognovisse
3621 5642 3756 5729 quam

2320 5723 2449 5822 ipsis
2472 5749 2650 5818 utique
2677 5742 3011 5801 testimoniis.
3032 5741 3161 5807 Quae
3186 5746 3308 5795 sunt
3329 5739 3429 5794 ista
3449 5723 3837 5822 testimonia,

2258 5912 2272 5923 ε
2321 5814 2508 5916 quibus
2556 5814 2777 5895 testatus
2822 5843 2903 5889 est
2952 5834 3086 5888 Deus
3134 5830 3372 5886 daturum
3439 5838 3496 5879 se
3515 5827 3713 5888 regnum
3760 5814 3845 5860 SUIS
