4160 6432
418 357 580 420 i589

414 479 562 536 filiis
588 479 1011 550 sempiternum?
1057 480 1121 534 Et
1146 479 1266 549 quia
1294 479 1393 534 hoc
1437 480 1489 534 in
1521 480 1800 551 Unigenito
1836 496 1893 536 se
1920 480 2018 536 da-

411 578 618 627 turum
648 587 767 629 esse
794 580 1013 627 testatus
1036 581 1117 628 est
1141 612 1156 638 ,
1187 571 1252 626 de
1277 586 1381 642 quo
1408 572 1606 627 dictum
1637 582 1756 640 est,
1789 574 1854 627 Et
1878 575 2019 645 regni

407 679 542 734 qus
572 680 678 718 non
707 664 800 717 erit
827 664 945 732 ﬁnis
975 664 992 733 (
1017 663 1142 717 Luc.
1174 680 1211 729 ι,
1236 665 1305 719 55
1328 665 1346 734 )
1371 682 1385 729 ;
1421 666 1532 734 ipsa
1566 666 1863 721 testimonia
1884 666 2019 721 dixit

408 752 475 808 in
511 762 783 809 mternum
812 768 932 809 esse
958 753 1174 809 fundata
1194 797 1208 819 ,
1237 756 1359 826 quia
1387 756 1439 810 id
1467 756 1609 827 quod
1650 772 1745 828 per
1786 772 1847 812 ea
1875 758 2015 813 Deus

406 845 719 913 promisit,
748 854 1005 901 aeternum
1034 854 1135 901 est.
1166 846 1295 901 Nam
1326 862 1419 918 per
1462 862 1522 903 se
1562 849 1676 919 ipsa
1715 849 2015 905 testimonia

403 942 556 990 tunc
589 952 699 991 non
726 943 883 991 erunt
905 938 1198 993 necessaria
1220 978 1236 1006 ,
1260 938 1471 1008 quando
1490 953 1577 995 res
1599 940 1712 1009 ipsa
1733 940 2012 1007 videbitur,

403 1036 657 1097 propter
682 1043 841 1098 quam
866 1030 1185 1085 credendam
1215 1046 1358 1086 nunc
1386 1032 1687 1088 testimonia
1738 1034 2016 1104 requirun-

399 1125 526 1170 tur.
584 1117 658 1173 Et
701 1118 823 1173 ideo
869 1118 1005 1175 bene
1045 1120 1354 1191 intelligitur
1380 1120 1615 1189 dictum,
1656 1122 1884 1192 fundasti
1932 1140 2011 1190 ea,

398 1208 544 1277 quia
611 1209 665 1263 in
716 1209 930 1265 Christo
976 1225 1099 1266 vera
1152 1219 1535 1268 monstrantur.
1590 1213 2011 1271 Fundamentum

399 1298 569 1354 enim
603 1300 747 1356 aliud
773 1316 930 1358 nemo
957 1310 1132 1371 potest
1161 1318 1392 1373 ponere,
1438 1313 1632 1373 praater
1660 1306 1711 1361 id
1741 1308 1881 1378 quod
1915 1323 2010 1377 po-

398 1392 589 1446 situm
625 1400 738 1459 est,
788 1394 928 1463 quod
971 1402 1053 1450 est
1103 1394 1348 1450 Christus
1397 1395 1551 1451 Iesus
1581 1396 1625 1468 (Ι
1646 1396 1761 1452 Cor.
1787 1415 1864 1464 III,
1898 1397 2008 1471 11).

398 1481 581 1538 Unde
620 1484 721 1539 hoc
745 1499 872 1555 ergo
898 1486 997 1541 iste
1023 1486 1172 1540 initio
1198 1488 1445 1554 cognovit
1464 1529 1476 1549 ,
1506 1488 1608 1541 nisi
1630 1489 1748 1555 quia
1775 1490 2012 1545 Ecclesia

399 1573 687 1643 loquitur,
719 1590 837 1645 quae
870 1576 1025 1631 terris
1053 1591 1158 1631 non
1188 1576 1355 1632 defuit
1381 1578 1449 1634 ab
1477 1577 1624 1633 initio
1651 1580 1865 1649 generis
1908 1578 2012 1634 hu-

398 1665 611 1728 mani,
642 1665 793 1734 cujus
831 1665 1080 1735 primitiae
1123 1666 1256 1722 Abel
1304 1675 1519 1723 sanctus
1562 1676 1677 1734 est,
1712 1669 2014 1726 immolatus

396 1763 461 1808 et
497 1754 631 1824 ipse
660 1754 823 1827 (Gen.
856 1772 931 1822 IV,
962 1755 1037 1828 8)
1069 1756 1121 1811 in
1153 1758 1511 1812 testimonium
1547 1757 1707 1813 futuri
1736 1760 2008 1829 sanguinis

397 1846 739 1903 Mediatoris
766 1848 833 1902 ab
858 1848 1020 1918 impio
1047 1848 1209 1904 fratre
1234 1849 1483 1904 Iundendi
1508 1850 1681 1905 ?Nam
1709 1860 1763 1905 et
1792 1851 1916 1905 illud
1945 1852 2012 1906 ab

397 1938 578 1992 initio
595 1937 799 1993 dictum
822 1948 936 2005 est,
966 1938 1131 1993 Erunt
1154 1940 1253 1994 duo
1278 1941 1331 1994 in
1360 1958 1510 1995 carne
1535 1958 1636 1996 una
1662 1941 1774 2011 (Id.
1808 1959 1864 2008 ιι,
1892 1943 2009 2012 24);

396 2030 565 2098 quod
621 2013 869 2098 magnum
913 2040 1307 2085 sacramentum
1354 2031 1628 2099 apostolus
1672 2032 1866 2087 Paulus
1915 2049 2013 2088 ex-

399 2134 640 2187 ponens
661 2160 676 2185 ,
708 2118 818 2190 Ego
841 2159 855 2182 ,
885 2120 1097 2189 inquit,
1129 2119 1243 2175 dico
1272 2121 1325 2175 in
1365 2120 1565 2176 Christo
1591 2132 1638 2176 et
1684 2124 1737 2176 in
1785 2122 2012 2178 Ecclesia

397 2212 418 2279 (
453 2211 673 2282 Ephes.
707 2227 757 2277 v,
787 2210 856 2266 52
886 2212 925 2280 ).

1061 2318 1233 2360 δειλιιο
1274 2321 1397 2358 XXX.

486 2395 547 2448 1.
603 2392 753 2464 [rem
788 2392 931 2464 155.]
971 2392 1137 2448 Nemo
1167 2394 1220 2448 in
1249 2393 1450 2450 Christi
1498 2411 1725 2467 corpore
1754 2396 2011 2453 constitu-

400 2492 500 2537 tus
535 2498 572 2537 a
606 2499 666 2538 se
693 2484 919 2538 alienam
961 2484 1247 2540 arbitretur
1289 2500 1409 2541 esse
1456 2486 1593 2543 hanc
1624 2503 1805 2544 vocem
1836 2490 2013 2560 (quo-

398 2575 571 2629 niam
604 2590 662 2629 re
691 2590 813 2629 vera
844 2583 1010 2629 totum
1038 2575 1235 2631 Christi
1265 2592 1461 2648 corpus
1505 2580 1558 2634 in
1592 2580 1691 2635 bac
1719 2580 2015 2638 humilitate

398 2666 667 2735 positum
699 2665 898 2736 dicit),
929 2666 1069 2722 unde
1108 2669 1293 2738 psalmi
1324 2669 1480 2739 hujus
1512 2671 1695 2741 incipit
1724 2672 1880 2728 lectio
1900 2714 1915 2739 ,
1947 2673 2014 2730 de

395 2774 530 2829 qua
585 2774 729 2813 nunc
772 2759 1043 2829 disputare
1086 2761 1418 2830 suscepimus
1456 2779 1468 2814 :
1517 2760 1642 2817 Vide
1684 2764 2014 2819 humilitatem

396 2866 597 2903 meum
617 2892 631 2916 ,
659 2858 704 2904 et
732 2850 867 2919 eripe
892 2866 971 2905 me
986 2866 1006 2914 ;
1047 2852 1165 2921 quia
1192 2852 1350 2923 legem
1377 2860 1513 2906 tuam
1544 2870 1645 2908 non
1670 2872 1781 2909 sum
1809 2855 2009 2912 oblitus.

396 2942 544 2997 Hoc
590 2940 709 2995 loco
754 2941 949 2996 nullam
990 2942 1085 2997 Dei
1115 2942 1284 3013 legem
1315 2945 1721 3000 convenientius
1767 2946 2013 3018 intelligi-

395 3048 573 3100 mus,
609 3033 707 3088 nisi
736 3047 837 3103 qua
868 3033 1212 3090 immobiliter
1240 3035 1405 3090 ﬁxum
1435 3044 1517 3092 est
1546 3045 1604 3091 ut
1632 3038 1806 3092 omnis
1832 3040 1919 3109 qui
1955 3054 2013 3095 se

396 3128 635 3183 exaltat
656 3166 671 3191 ,
702 3126 1039 3193 humilietur,
1071 3134 1126 3181 et
1151 3130 1325 3181 omnis
1354 3128 1444 3198 qui
1475 3143 1534 3184 se
1564 3129 1839 3195 humiliat,
1872 3130 2016 3185 exal-

397 3226 576 3275 tetur
609 3216 758 3289 (Luc.
786 3232 895 3283 xlv,
924 3217 979 3271 11
1013 3234 1027 3284 ;
1062 3228 1107 3272 et
1131 3233 1279 3284 xvnr,
1311 3219 1422 3289 14).
1453 3218 1726 3289 Superbus
1750 3235 1878 3291 ergo
1903 3236 2015 3276 ma-

398 3310 533 3373 lis,
570 3317 633 3362 ut
671 3307 999 3374 humilietur,
1049 3309 1379 3378 innectitur;
1427 3310 1643 3365 humilis
1670 3327 1699 3365 a
1730 3312 1881 3367 malis
1904 3352 1919 3379 ,
1959 3322 2016 3369 ut

398 3397 701 3454 exaltetur
716 3438 733 3465 ,
763 3398 1004 3467 eripitur.

501 3490 563 3543 2.
611 3488 772 3561 [uers.
804 3490 958 3563 154.]
997 3491 1217 3558 Judica,
1248 3491 1449 3562 inquit,
1471 3492 1725 3563 judicium
1753 3510 1937 3561 meum,
1971 3503 2016 3549 et

401 3582 628 3637 redime
655 3597 750 3637 me.
782 3581 1039 3651 Superior
1067 3582 1458 3653 quodammodo
1498 3584 1758 3639 sententia
1790 3584 2014 3653 repetita

404 3681 537 3731 est.
572 3671 723 3739 Quod
750 3672 891 3727 enim
922 3673 1013 3739 ait,
1048 3671 1177 3727 Vide
1201 3674 1531 3729 humilitatem
1555 3691 1757 3741 meam;
1786 3674 1889 3730 hoc
1912 3682 2013 3741 est,

404 3763 629 3820 Judica
645 3762 901 3834 judicium
930 3780 1093 3817 meum
1122 3779 1140 3818 :
1168 3772 1221 3819 et
1247 3763 1388 3835 quod
1414 3765 1507 3831 ait,
1541 3772 1587 3818 et
1611 3766 1746 3835 eripe
1772 3780 1885 3831 me;
1916 3765 2017 3821 hoc

412 3862 542 3919 est,
575 3862 623 3907 et
651 3854 838 3907 redime
865 3871 962 3909 me.
1010 3852 1160 3919 Quod
1187 3868 1314 3909 vero
1337 3869 1494 3924 supra
1526 3854 1725 3911 dictum
1754 3864 1868 3920 est,
1899 3855 2017 3925 quia

419 3948 607 4016 legem
636 3953 773 3998 tuam
800 3960 901 3998 non
923 3960 1033 3998 sum
1058 3944 1276 4009 oblitus;
1307 3944 1428 3999 huic
1452 3944 1695 4015 congruit
1717 3943 1859 4014 quod
1880 3944 2018 3999 infra

412 4042 522 4091 est
543 4074 558 4097 ,
593 4042 795 4104 propter
837 4033 1090 4103 eloquium
1137 4042 1277 4087 tuum
1301 4033 1497 4103 uiui/ica
1525 4050 1623 4088 me.
1670 4032 1844 4102 Ipsum
1874 4032 2016 4088 enim

417 4124 710 4193 eloquium
742 4132 825 4178 est
867 4125 951 4178 lex
984 4124 1113 4191 Dei,
1144 4138 1303 4194 quam
1331 4137 1437 4177 non
1481 4132 1564 4177 est
1603 4122 1833 4189 oblitus,
1867 4131 1925 4177 ut
1960 4137 2019 4177 se

419 4214 765 4272 cxaltandus
807 4215 1126 4271 humiliaret.
1159 4215 1240 4271 Ad
1285 4215 1451 4286 ipsam
1483 4230 1610 4272 vero
1645 4216 2017 4272 exaltationem

428 4305 677 4376 pertinet
705 4304 844 4374 quod
871 4305 963 4371 ait,
1003 4305 1215 4375 Vivifica
1242 4322 1359 4373 me;
1389 4305 1511 4376 quia
1538 4315 1843 4363 sanctorum
1872 4309 2020 4363 exal-

429 4397 576 4453 tatio
606 4397 711 4450 vita
740 4404 937 4451 aeterna
976 4405 1078 4451 est.

512 4486 571 4542 ’5.
614 4484 779 4557 [vers.
823 4484 970 4557 155.]
1009 4485 1182 4557 Longe
1217 4496 1321 4553 est,
1363 4487 1570 4557 inquit,
1610 4506 1642 4543 a
1679 4490 2020 4559 peccatoribus

430 4576 628 4641 salus;
666 4577 783 4645 quia
802 4576 1191 4647 justiﬁcationes
1233 4586 1347 4631 tuas
1375 4594 1474 4632 non
1502 4580 1860 4649 exquisierunt.
1892 4580 2021 4647 Quis

432 4666 585 4720 enim
616 4673 669 4719 tc
697 4665 990 4731 discernit,
1023 4680 1056 4720 o
1087 4674 1141 4720 tu
1168 4666 1258 4736 qui
1287 4666 1506 4732 dixisti,
1535 4666 1706 4739 Longe
1747 4678 1819 4723 est
1842 4686 1875 4723 α
1904 4686 2022 4741 pec-

433 4758 699 4811 catoribus
725 4758 910 4813 salus?
951 4759 1071 4828 quis
1100 4766 1153 4814 te
1178 4758 1437 4815 discernit
1474 4776 1506 4815 a
1536 4762 1934 4830 peccatoribus,
1966 4771 2025 4819 ut

454 4862 549 4900 ion
584 4862 612 4900 a
645 4857 695 4902 te
726 4849 883 4919 longe
903 4891 916 4914 ,
942 4848 1036 4904 sed
1068 4860 1239 4905 tecum
1269 4850 1338 4905 sit
1365 4851 1549 4907 salus?
1589 4851 1719 4917 Hoc
1742 4860 1793 4907 te
1830 4868 2023 4924 nempe

450 4937 729 5005 discernit,
759 4940 880 5008 quia
913 4939 963 4994 id
987 4939 1133 5010 'quod
1161 4940 1250 4995 isti
1280 4956 1386 4996 non
1415 4951 1655 5013 egerunt,
1687 4942 1800 5013 ipse
1828 4944 2020 5011 iecisti,

450 5027 552 5082 hoc
582 5036 701 5094 est,
735 5028 828 5083 Dei
868 5030 1275 5098 justilicationes
1316 5032 1615 5102 exquisisti.
1666 5033 1803 5099 Quid
1845 5042 2022 5089 autem

448 5119 617 5176 habes
660 5120 801 5192 quod
844 5136 949 5176 non
981 5121 1229 5192 accepisti
1260 5121 1321 5191 (Ι
1349 5122 1468 5177 Cor.
1498 5139 1583 5189 ιν,
1610 5124 1641 5178 7
1664 5121 1683 5195 )
1705 5125 1728 5177 ?
1753 5124 1941 5181 Nonne
1967 5134 2024 5180 tu

446 5225 507 5265 es
532 5212 623 5282 qui
654 5211 815 5283 paulo
839 5221 963 5281 ante
987 5211 1224 5279 dicebas,
1249 5211 1474 5267 Clamavi
1496 5214 1548 5267 in
1574 5223 1677 5268 toto
1705 5214 1854 5269 corde
1878 5232 2023 5281 meo;

447 5304 632 5357 exaudi
675 5319 789 5371 me,
833 5302 1047 5359 Domine
1074 5322 1093 5359 :
1115 5305 1505 5375 justiﬁcationes
1552 5315 1665 5362 tuas
1715 5310 2025 5377 exquiram?

451 5394 595 5465 Ergo
637 5393 707 5449 ab
751 5395 842 5451 illo
872 5395 937 5450 ad
983 5411 1141 5466 quem
1184 5396 1443 5461 clamasti,
1491 5403 1550 5451 ut
1586 5411 1678 5452 eas
1718 5399 2024 5469 exquireres

448 5487 723 5557 accepisti.
776 5486 894 5558 Ipse
941 5496 992 5544 te
1034 5489 1192 5560 igitur
1237 5488 1491 5544 discernit
1532 5488 1600 5545 ab
1643 5490 1721 5546 eis
1761 5505 1791 5545 a
1833 5491 2026 5562 quibus

453 5586 734 5648 propterea
759 5578 915 5650 longe
935 5588 1017 5636 est
1040 5579 1208 5647 salus,
1234 5580 1352 5650 quia
1374 5580 1775 5651 justiﬁcationes
1801 5582 1893 5639 Dei
1919 5598 2023 5638 non

450 5671 835 5739 exquisierunt.

527 5764 579 5818 4.
622 5762 785 5820 iners.
821 5765 980 5837 156.]
1023 5766 1163 5823 Vidit
1189 5766 1286 5824 hoc
1318 5769 1472 5825 etiam
1504 5771 1635 5840 ipse.
1668 5770 1848 5841 Neque
1878 5770 2018 5827 enim

1503 356 1895 420 ENARRATIO
1933 362 1997 417 IN
2034 360 2355 427 PSALMUM
2392 372 2620 431 CXVIII.

3572 402 3593 454 1
3605 401 3710 458 590

2127 500 2226 560 ego
2269 490 2317 544 id
2360 492 2616 561 viderem,
2666 497 2763 551 nisi
2808 499 2862 552 in
2896 500 3009 568 ipso
3038 503 3308 572 viderem,
3342 510 3442 566 nisi
3488 513 3539 569 in
3591 516 3707 586 ipso

2126 595 2320 637 essem.
2363 584 2615 655 Corporis
2643 589 2785 644 enim
2812 590 3005 647 ChriSIi
3032 596 3191 651 verba
3240 598 3337 654 ista
3378 612 3518 671 sunt,
3554 584 3707 676 cujus

2098 674 2367 730 .membra
2415 691 2619 735 sumus.
2668 681 2812 738 Vidit
2857 683 2990 750 hoc,
3041 687 3290 758 inquam,
3339 674 3705 768 continuoque

2126 763 2351 835 subjecit
2380 783 2394 821 :
2420 767 2767 828 Miserationes
2797 784 2896 830 tute
2914 777 3103 846 multas,
3128 779 3363 838 Domine.
3397 786 3568 844 Etiam
3600 763 3705 846 hoc

2126 870 2254 950 ergo
2281 859 2424 950 quod
2469 864 2793 932 exquirimus
2833 867 3239 935 iustiﬁcationes
3280 885 3397 933 tuas
3419 920 3433 946 ,
3465 882 3699 950 pertinet

2126 947 2193 1003 ad
2220 949 2585 1007 miserationes
2615 963 2748 1010 tuas.
2780 956 3072 1013 Secundum
3099 963 3351 1032 judicium
3390 947 3531 1023 tuum
3569 974 3698 1027 vivi—

2123 1040 2221 1107 ﬁca
2260 1056 2358 1094 me.
2404 1041 2534 1097 Novi
2578 1044 2720 1099 enim
2750 1050 2869 1116 quia
2901 1046 2967 1102 et
2996 1050 3251 1120 judicium
3283 1065 3428 1114 tuum
3458 1061 3575 1118 sine
3607 1072 3693 1118 tua

2123 1130 2462 1188 miseratione
2488 1150 2591 1188 non
2619 1136 2722 1190 erit
2749 1152 2909 1208 super
2936 1154 3043 1195 me.

2192 1221 2245 1276 5.
2287 1218 2449 1293 [vcrs.
2484 1224 2630 1297 157.]
2675 1225 2828 1281 Multi
2855 1242 3197 1301 persequentes
3224 1252 3303 1289 me
3330 1246 3374 1292 et
3405 1239 3696 1299 tribulantes

2121 1324 2201 1366 me
2220 1330 2240 1378 ;
2278 1329 2311 1366 a
2338 1316 2630 1371 testimoniis
2662 1319 2759 1372 tuis
2787 1336 2886 1375 non
2912 1322 3177 1380 declinavi.
3211 1328 3429 1386 Factum
3464 1342 3563 1400 est,
3601 1351 3697 1389 no-

2120 1404 2312 1472 vimus,
2354 1406 2657 1474 recolimus,
2704 1412 3061 1480 agnoscimus.
3115 1415 3410 1488 Purpurata
3448 1431 3531 1478 est
3574 1426 3695 1479 uni-

2120 1509 2272 1550 versa
2301 1504 2443 1551 terra
2472 1499 2726 1569 sanguine
2756 1511 3046 1573 martyrum
3072 1522 3086 1569 ;
3130 1506 3285 1564 ﬂoret
3313 1511 3508 1567 coelum
3539 1528 3695 1570 coro-

2121 1587 2204 1641 nis
2228 1596 2541 1659 martyrum,
2572 1600 2773 1647 ornatae
2802 1602 2929 1649 sunt
2969 1596 3223 1654 Ecclesiae
3250 1604 3519 1659 memoriis
3557 1621 3698 1661 mar-

2120 1684 2294 1747 tyrum
2319 1720 2333 1745 ,
2365 1679 2610 1750 insignita
2641 1691 2764 1737 sunt
2807 1692 3042 1754 tempora
3073 1689 3340 1745 natalibus
3378 1702 3693 1766 martyrum,

2120 1768 2466 1824 crebrescunt
2494 1772 2750 1828 sanitates
2794 1776 2997 1831 meritis
3036 1787 3346 1850 martyrum.
3378 1781 3529 1839 Unde
3571 1785 3689 1851 hoc,
3740 1802 3750 1808 ’

2120 1855 2220 1910 nisi
2251 1858 2374 1927 quia
2404 1861 2723 1930 completum
2748 1872 2831 1919 est
2869 1866 3009 1955 (mod
3052 1868 3363 1937 praedictum
3394 1881 3475 1926 est
3500 1872 3565 1928 de
3594 1874 3696 1929 ho-

2121 1954 2263 2006 mine
2294 1951 2397 2007 isto
2441 1961 2553 2010 toto
2596 1963 2857 2011 terrarum
2902 1951 3032 2013 orbe
3071 1959 3282 2028 dill‘uso,
3326 1962 3481 2018 Multi
3524 1982 3695 2035 perse-

2119 2050 2322 2110 quentes
2361 2058 2441 2096 me
2483 2054 2530 2098 et
2575 2044 2866 2101 tribulantes
2905 2065 3019 2113 me;
3067 2065 3099 2103 a
3129 2051 3423 2108 testimoniis
3462 2055 3560 2109 tuis
3597 2073 3698 2112 non

2120 2132 2412 2186 declinavi?
2458 2136 2840 2203 Agnoscimus,
2887 2147 2941 2192 ει
2982 2140 3181 2209 gratias
3224 2142 3427 2211 agimus
3472 2145 3697 2201 Domino

2120 2224 2229 2280 Deo
2257 2235 2462 2280 nostro.
2496 2226 2573 2279 'I‘u
2604 2242 2830 2298 namque
2857 2229 3046 2296 homo,
3080 2239 3135 2286 tu
3164 2232 3213 2286 in
3243 2233 3346 2287 alio
3374 2235 3575 2303 psalmo
3595 2278 3610 2303 ,
3640 2245 3697 2292 tu

2120 2315 2232 2384 ipse
2255 2315 2435 2371 dixisti
2465 2334 2477 2370 :
2504 2316 2622 2373 Nisi
2648 2320 2767 2390 quia
2793 2319 3038 2381 Dominus
3063 2333 3168 2377 erat
3192 2324 3244 2377 in
3270 2324 3441 2392 nobis,
3473 2330 3690 2397 fortasse

2117 2407 2254 2461 vivos
2280 2406 2648 2465 absorbuissent
2676 2426 2767 2464 nos
2794 2410 2963 2482 (Psal.
2983 2428 3166 2481 cxxm,
3185 2414 3239 2479 2,
3260 2416 3335 2486 5).
3368 2416 3507 2473 Ecce
3530 2434 3696 2489 quare

2120 2497 2186 2552 ab
2228 2498 2343 2566 ejus
2391 2500 2709 2556 testimoniis
2754 2517 2860 2557 non
2907 2502 3205 2572 declinasti,
3254 2515 3311 2563 et
3352 2508 3418 2563 ad
3465 2510 3695 2579 palmam

2120 2584 2367 2657 supernae
2411 2592 2704 2647 vocationis
2751 2593 2892 2648 inter
2937 2610 3128 2651 manus
3176 2599 3463 2655 multorum
3512 2616 3697 2672 perse-

2119 2681 2398 2748 quentium
2429 2681 2898 2755 tribulantiumque
2926 2685 3139 2742 venisti.

2190 2770 2243 2826 6.
2287 2770 2451 2844 [vei-3.
2485 2773 2632 2847 158.]
2671 2774 2807 2843 Vidi,
2836 2776 3039 2848 inquit,
3067 2780 3367 2848 insensatos,
3402 2792 3448 2838 et
3472 2784 3696 2841 tabesce-

2118 2860 2231 2915 bam
2258 2878 2276 2914 :
2305 2862 2409 2930 vel,
2437 2863 2576 2918 sicut
2600 2864 2689 2918 alii
2714 2866 2926 2923 codices
2956 2867 3152 2924 habent
3176 2910 3188 2933 ,
3225 2870 3344 2924 Vidi
3368 2888 3466 2925 non
3491 2889 3697 2929 servan-

2120 2962 2191 3005 tes
2217 2960 2416 3021 pactum
2440 2970 2460 3019 ;
2506 2961 2559 3007 et
2586 2953 2688 3009 hoc
2714 2955 2892 3024 plures
2924 2956 3138 3014 habent.
3187 2957 3291 3015 Sed
3323 2960 3410 3032 qui
3453 2971 3575 3021 sunt
3604 2967 3723 3036 qui'

2118 3051 2331 3113 pactum
2378 3060 2480 3098 non
2521 3055 2903 3114 servaverunt,
2943 3050 3043 3105 nisi
3091 3051 3179 3120 qui
3225 3051 3627 3111 declinaverunt
3664 3071 3697 3112 a

2120 3136 2441 3192 testimoniis
2482 3137 2610 3203 Dei,
2640 3137 3009 3195 tribulationes
3039 3141 3327 3197 multorum
3374 3159 3699 3215 persequen-

2121 3228 2249 3281 tium
2290 3242 2395 3281 non
2435 3227 2707 3284 ferentes?
2744 3229 2857 3285 Hoc
2897 3239 2981 3286 est
3019 3240 3194 3287 autem
3238 3242 3451 3303 pactum
3475 3276 3491 3303 ,
3520 3244 3578 3290 ut
3605 3237 3696 3306 qui

2122 3318 2329 3385 vicerit,
2363 3328 2671 3376 coronetur.
2718 3321 2830 3377 Hoc
2857 3331 3069 3393 pactum
3098 3338 3205 3379 non
3233 3334 3584 3381 servaverunt
3606 3329 3697 3398 qui

2120 3410 2543 3480 persecutionem
2570 3427 2678 3466 non
2709 3413 2998 3470 tolerantes
3022 3456 3035 3481 ,
3070 3428 3100 3469 a
3128 3417 3446 3472 testimoniis
3478 3417 3572 3473 Dei
3602 3434 3697 3475 ne-

2119 3505 2294 3574 gando
2320 3502 2740 3560 declinaverunt.
2773 3504 2881 3561 llos
2908 3520 3036 3577 ergo
3064 3507 3166 3562 iste
3193 3506 3351 3575 vidit,
3380 3515 3435 3564 et
3461 3509 3700 3565 tabesce-

2120 3595 2244 3662 bat,
2275 3595 2397 3665 quia
2443 3595 2711 3667 diligebat.
2759 3595 2918 3650 Zelus
2963 3595 3053 3651 ille
3099 3604 3183 3652 est
3209 3597 3351 3652 enim
3394 3597 3599 3665 bonus,
3630 3598 3699 3654 de

2122 3700 2304 3742 amore
2332 3687 2573 3752 veniens,
2607 3700 2709 3741 non
2738 3686 2927 3741 livore.
2974 3687 3030 3741 In
3058 3701 3163 3756 quo
3198 3688 3340 3742 enim
3380 3702 3487 3742 non
3517 3702 3699 3743 serva-

2120 3785 2310 3831 verunt
2352 3785 2559 3845 pactum
2582 3818 2596 3843 ,
2631 3785 2844 3831 secutus
2869 3776 3113 3845 adjunxit
3146 3793 3164 3830 :
3196 3776 3327 3842 Quia
3374 3778 3570 3845 eloquia
3611 3788 3698 3832 tua

2122 3885 2222 3923 non
2249 3869 2606 3923 custodierunt.
2650 3868 2726 3922 Ea
2770 3869 2963 3937 quippe
2994 3868 3047 3921 in
3081 3867 3507 3923 tribulationibus
3536 3879 3701 3939 ,θεα-

2123 3969 2334 4014 verunt.

2195 4051 2245 4104 7.
2288 4049 2453 4122 [vers.
2488 4049 2639 4122 159.]
2678 4049 2745 4104 Et
2771 4048 3109 4104 commendat
3134 4064 3192 4105 se
3222 4050 3323 4105 iste
3351 4049 3602 4106 differens
3630 4052 3698 4107 ab

2124 4141 2232 4205 eis,
2263 4155 2326 4195 ac
2355 4140 2516 4207 dicit,
2548 4138 2675 4193 Vide
2695 4139 2935 4207 quoniam
2973 4140 3216 4194 mandata
3245 4150 3331 4195 tua
3361 4141 3536 4196 dilexi.
3579 4141 3697 4199 Non

2123 4234 2234 4299 ait,
2265 4232 2490 4303 Eloquia
2533 4233 2615 4286 vel
2665 4231 2962 4287 testimonia
3010 4240 3096 4286 tua
3143 4246 3249 4287 non
3296 4233 3519 4304 negavi,
3556 4235 3697 4305 quod

2127 4333 2391 4393 martyres
2420 4322 2596 4378 facere
2625 4322 2948 4393 cogebantur
2967 4364 2981 4388 ,
3012 4332 3064 4377 et
3093 4338 3199 4377 non
3230 4321 3483 4380 facientes
3507 4325 3699 4380 intole-

2126 4414 2311 4470 rabilia
2353 4413 2730 4485 patiebantur:
2763 4412 2855 4469 sed
2906 4414 3007 4469 hoc
3052 4413 3192 4469 dixit
3236 4414 3325 4471 ubi
3374 4415 3573 4472 fructus
3616 4426 3701 4472 est

2127 4508 2361 4561 omnium
2394 4510 2697 4575 passionum
2726 4520 2739 4570 ;
2778 4504 2900 4574 quia
2926 4505 2970 4559 si
3001 4504 3271 4560 tradidero
3296 4520 3489 4575 corpus
3518 4519 3696 4561 meum

2128 4606 2185 4652 ut
2207 4597 2443 4661 ardeam,
2467 4596 2779 4651 charitatem
2806 4604 2981 4650 autem
3006 4611 3111 4650 non
3138 4594 3383 4661 habeam,
3409 4595 3541 4650 nihil
3567 4596 3699 4650 mihi

2128 4688 2347 4759 prodest
2372 4685 2569 4758 (lCor.
2593 4702 2703 4751 xm,
2732 4687 2764 4741 5
2784 4684 2825 4756 ).
2874 4686 3021 4741 Hanc
3064 4686 3163 4741 iste
3201 4684 3579 4739 commendans
3603 4686 3699 4751 ait,

2137 4780 2264 4835 Vide
2287 4780 2523 4849 quoniam
2549 4778 2791 4832 mandata
2826 4788 2912 4831 tua
2953 4778 3126 4832 dilexi.
3170 4775 3372 4831 Deinde
3415 4776 3701 4844 postulavit

2126 4870 2402 4943 prtemium
2438 4888 2449 4924 :
2484 4869 2731 4936 Domine,
2762 4870 2814 4923 in
2859 4878 2946 4922 tua
2984 4866 3323 4922 misericordia
3365 4866 3561 4934 vivi/ica
3600 4882 3698 4920 me.

2130 4963 2220 5018 Isti
2250 4962 2593 5026 tnortilicant,
2620 4970 2673 5015 tu
2702 4958 2926 5015 viviﬁca.
2960 4958 3063 5014 Sed
3091 4957 3133 5012 si
3164 4956 3439 5026 praemium
3466 4956 3700 5025 poscitur

2129 5053 2181 5107 in
2214 5052 2597 5113 misericordia,
2630 5050 2769 5121 quod
2799 5048 3024 5105 reddere
3048 5041 3206 5101 debet
3229 5045 3468 5116 justitia;
3501 5057 3701 5116 quanto

2130 5143 2298 5214 magis
2327 5144 2566 5213 impensa
2598 5150 2681 5195 est
2711 5137 3109 5202 misericordia,
3156 5144 3217 5191 ut
3251 5136 3583 5197 obtineretur
3615 5140 3700 5193 cui

2130 5234 2405 5305 praemium
2432 5231 2737 5295 deberetur,
2770 5229 2880 5298 ipsa
2916 5226 3179 5282 victoria?

2201 5326 2251 5380 8.
2273 5324 2430 5397 [verm
2455 5320 2607 5394 160.]
2636 5320 2974 5389 Principium,
3001 5319 3187 5390 inquit,
3213 5318 3475 5374 verborum
3500 5327 3700 5374 tuorum

2130 5418 2310 5471 veritas
2333 5457 2348 5483 ,
2393 5414 2518 5470 etin
2562 5422 2798 5468 teternum
2827 5412 2996 5466 omnia
3027 5411 3227 5482 judicia
3258 5412 3477 5482 justititc
3502 5420 3619 5466 tuw.
3654 5414 3697 5464 A

2132 5509 2376 5573 veritate,
2399 5506 2588 5577 inquit,
2617 5512 2703 5559 tua
2724 5504 2885 5560 verba
2912 5503 3226 5575 procedunt,
3258 5513 3312 5560 et
3337 5504 3457 5559 ideo
3481 5504 3688 5558 veracia

2132 5609 2286 5666 sunt,
2314 5610 2366 5656 et
2408 5600 2672 5656 neminem
2712 5598 2930 5665 fallunt,
2958 5599 3146 5670 quibus
3171 5598 3554 5669 praanuntiatur
3580 5598 3688 5651 vita

2128 5692 2295 5764 justo,
2340 5707 2494 5762 ptena
2543 5691 2723 5760 impio.
2772 5691 2895 5748 Haac
2942 5699 3063 5746 sunt
3107 5691 3301 5761 quippe
3346 5690 3397 5743 in
3440 5697 3694 5744 aeternum

2134 5786 2328 5861 judicia
2356 5786 2571 5859 justitiae
2600 5785 2712 5842 Dei.
