4160 6450
598 333 725 393 1591

1206 463 1374 505 εειιιιο
1414 463 1559 501 XXXI.

665 545 717 601 1.
761 543 911 619 [vers.
945 541 1094 615 16L]
1122 541 1261 609 Quas
1290 541 1689 610 persecutiones
1716 553 1744 593 a
1774 538 1988 611 regibus
2014 547 2172 593 teme

595 650 788 707 corpus
828 633 1043 697 Christi,
1092 632 1193 686 hoc
1238 640 1323 686 est
1363 638 1545 685 s‘ancta
1587 629 1826 687 Ecclesia
1872 629 2169 700 pertulerit,

591 727 853 780 novimus.
912 724 1274 793 Agnoscamus
1322 737 1451 791 ergo
1504 721 1589 775 hic
1637 720 1796 775 etiam
1844 716 1961 791 ejus
2010 722 2171 776 verba

591 818 837 882 dicentis,
865 814 1131 885 Principes
1158 814 1401 884 persecuti
1426 824 1542 869 sunt
1573 832 1649 868 me
1674 816 1853 885 gratis,
1885 824 1930 869 et
1958 831 1989 867 a
2014 814 2173 868 verbis

591 908 689 961 tuis
720 904 1008 976 formidavit
1036 922 1123 959 cor
1151 921 1333 959 nteum.
1364 904 1499 972 Quid
1531 906 1670 959 enim
1699 904 1985 959 Christiani
2019 905 2171 959 laese-

589 1008 707 1052 rant
752 1010 913 1067 regna
960 1007 1204 1059 terrena,
1250 995 1491 1066 quamvis
1533 997 1612 1050 eis
1656 1012 1878 1065 regnum
1911 996 2169 1050 caelorum

589 1087 897 1159 promiserit
924 1104 1014 1142 rex
1042 1088 1266 1141 eorum?
1299 1088 1447 1157 quid,
1473 1088 1709 1156 inquam,
1735 1088 1983 1142 lmscrant
2011 1102 2170 1156 regna

592 1182 844 1237 terrena?
893 1181 1159 1252 Numquid
1193 1196 1375 1235 corum
1408 1197 1498 1236 rex
1534 1182 1728 1234 milites
1752 1196 1877 1235 suos
1902 1181 2173 1250 prohibuit

588 1275 899 1344 impendere
929 1283 982 1328 et
1013 1274 1265 1329 exhibere
1295 1290 1411 1343 qua:
1439 1273 1703 1327 debentur
1737 1274 1948 1342 regibus
1977 1273 2170 1327 terra)?

587 1368 773 1421 Nonne
820 1367 885 1420 de
928 1366 1027 1419 hoc
1073 1366 1173 1419 sibi
1216 1365 1534 1419 calumniam
1585 1365 1926 1418 molientibus
1973 1363 2169 1418 JlldtBlS

588 1463 662 1515 ait
696 1479 708 1514 :
742 1459 955 1513 Reddite
993 1457 1179 1511 Ca'sari
1223 1474 1335 1528 qua:
1361 1456 1575 1511 Ca’saris
1625 1466 1774 1521 sunt,
1818 1466 1864 1509 et
1909 1455 2015 1509 Deo
2059 1472 2171 1526 qut:

589 1554 684 1608 Dei
722 1561 837 1607 sunt
865 1549 1087 1621 (Matth.
1121 1566 1227 1603 χχιι
1250 1591 1263 1612 ,
1290 1550 1352 1602 21
1380 1550 1439 1615 )?
1483 1548 1668 1602 Nonne
1699 1548 1949 1602 tributum
1983 1549 2049 1600 de
2078 1562 2169 1601 ore

587 1644 747 1715 piscis
776 1646 933 1697 etiam
975 1643 1087 1711 ipse
1127 1641 1379 1710 persolvit
1408 1639 1516 1709 (Id.
1550 1632 1674 1704 ιιι-ιι,
1702 1639 1943 1709 25-26)?
1984 1639 2168 1693 Nonne

587 1750 885 1804 praecursor
926 1731 1075 1802 ejus,
1123 1732 1380 1786 militibus
1428 1732 1572 1801 regni
1616 1731 1775 1800 hujus
1820 1730 1942 1800 quid
1992 1730 2169 1784 facere

584 1828 845 1882 deberent
888 1840 986 1895 pro
1035 1833 1234 1879 azterna
1278 1824 1446 1877 salute
1491 1822 1873 1893 quazreutibus,
1917 1837 2020 1874 non
2069 1821 2164 1885 ait,

585 1920 866 1991 Cingulum
911 1918 1133 1984 solvite,
1180 1933 1325 1971 arma
1376 1916 1654 1986 projicite,
1703 1931 1882 1984 regem
1928 1923 2165 1967 vestrum

586 2010 838 2076 deserite,
868 2019 927 2065 ut
955 2010 1166 2079 possitis
1196 2010 1421 2064 Domino
1448 2008 1677 2063 militare
1703 2025 1717 2073 ;
1751 2008 1843 2062 sed
1872 2009 1963 2070 ait,
1991 2007 2169 2061 Nemi-

587 2120 699 2157 nem
726 2102 1110 2167 concusseritis,
1152 2102 1281 2155 nulli
1322 2101 1627 2153 calumniam
1673 2100 1928 2171 feceritis;
1958 2100 2167 2167 sufficiat

585 2196 720 2249 vobis
745 2192 1047 2264 stipendium
1078 2204 1289 2247 vestrum
1320 2193 1467 2265 (Luc.
1498 2209 1583 2259 ιιι,
1618 2193 1757 2262 ib)?
1800 2192 1988 2246 Nonne
2029 2208 2164 2247 unus

585 2287 807 2342 militum
836 2286 951 2355 ejus
976 2295 1029 2341 et
1057 2285 1435 2341 dilectissimus
1463 2300 1641 2339 comes
1667 2285 1781 2354 ejus
1803 2325 1816 2350 ,
1846 2284 2165 2338 commilito-

586 2381 741 2435 nibus
787 2378 919 2442 suis.
968 2389 1022 2434 et
1064 2371 1458 2448 quodammodo
1503 2380 1700 2434 Christi
1748 2380 2163 2448 provincialibus

584 2471 716 2526 dixit
751 2490 764 2525 :
800 2472 974 2525 Omnis
1003 2473 1172 2524 anima
1200 2471 1525 2540 potestatibus
1566 2472 1939 2526 sublimioribus
1965 2473 2164 2526 subdita

584 2564 695 2617 sit?
735 2562 801 2616 Et
844 2563 999 2632 paulo
1032 2571 1148 2631 post
1186 2564 1260 2616 ait
1290 2581 1301 2616 :
1338 2562 1552 2616 Reddite
1581 2564 1808 2617 omnibus
1839 2564 2001 2617 debita
2029 2580 2047 2617 :
2082 2565 2165 2617 cui

585 2658 844 2721 tributum,
874 2656 1140 2722 tributum;
1168 2658 1248 2710 cui
1270 2657 1500 2727 vectigal,
1524 2658 1765 2727 vectigal;
1793 2659 1873 2711 cui
1910 2659 2159 2725 timorem,

584 2752 847 2813 timorem;
892 2751 974 2802 cui
1015 2750 1284 2817 honorem,
1327 2750 1587 2804 honorem.
1632 2749 1840 2803 Nemini
1883 2750 2160 2821 quidquam

582 2842 821 2905 debeatis,
847 2842 945 2895 nisi
972 2852 1024 2895 ut
1043 2843 1252 2895 invicem
1278 2843 1501 2912 diligatis
1530 2842 1702 2912 (Rom.
1735 2859 1847 2907 xm,
1881 2844 1929 2907 1,
1956 2844 1985 2895 7
2010 2855 2053 2897 et
2077 2843 2155 2913 8).

584 2933 768 2987 Nonne
812 2934 1063 3002 prrecepit
1103 2943 1159 2987 ut
1206 2949 1301 3003 pro
1350 2934 1476 3003 ipsis
1520 2936 1677 2989 etiam
1725 2936 1937 3004 regibus
1982 2947 2159 2990 oraret

583 3024 822 3079 Ecclesia
858 3022 916 3095 (Ι
947 3024 1074 3077 Tim.
1101 3041 1170 3090 ιι,
1201 3026 1222 3079 1
1250 3067 1263 3090 ,
1292 3023 1361 3095 2)
1385 3025 1407 3078 ?
1436 3025 1570 3092 Quid
1601 3040 1727 3095 ergo
1752 3042 1846 3080 eos
1871 3026 2157 3081 Christiani

579 3113 957 3169 offenderunt?
983 3113 1125 3183 quod
1155 3114 1389 3169 debitum
1422 3131 1524 3169 non
1556 3116 1938 3170 reddiderunt?
1970 3117 2020 3170 in
2052 3131 2156 3185 quo

577 3203 863 3259 Christiani
895 3218 1001 3258 non
1040 3214 1162 3257 sunt
1203 3206 1427 3259 terrenis
1455 3206 1666 3274 regibus
1692 3206 1975 3260 obsecuti?
2013 3207 2154 3277 Ergo

579 3296 772 3350 terreni
815 3309 968 3363 rcges
997 3293 1323 3349 Christianos
1361 3297 1525 3365 gratis
1561 3298 1822 3364 persecuti
1862 3306 2006 3351 sunt.
2048 3297 2152 3374 Sqd

577 3386 718 3455 quod
758 3386 1022 3455 subjecit,
1054 3386 1308 3441 attende:
1343 3386 1409 3439 Et
1450 3404 1481 3440 a
1520 3388 1677 3441 verbis
1723 3389 1820 3441 tuis
1862 3388 2154 3457 formidavit

576 3493 664 3533 cor
692 3494 877 3530 meum.
927 3478 1235 3533 Habuerunt
1272 3478 1484 3548 quidem
1524 3490 1577 3535 et
1609 3480 1683 3534 illi
1715 3481 1873 3535 verba
1904 3482 2150 3549 minacia,

576 3569 820 3639 Expello,
851 3569 1124 3637 proscribo
1144 3611 1158 3633 ,
1188 3569 1371 3623 occido
1392 3610 1404 3633 ,
1436 3572 1641 3639 ungulis
1673 3579 1914 3640 torquco,
1946 3572 2153 3641 ignibus

576 3670 788 3722 torreo,
834 3658 1019 3713 bestiis
1060 3658 1273 3729 subrigo
1297 3661 1311 3690 ί
1334 3700 1347 3725 ,
1376 3662 1612 3714 membra
1656 3662 1853 3715 dilauio
1884 3680 1894 3714 :
1927 3663 2022 3716 sed
2063 3672 2150 3717 tua

572 3767 660 3808 me
703 3752 877 3821 potius
914 3751 1075 3805 verba
1122 3761 1455 3817 terruerunt,
1498 3752 1673 3807 Nolite
1719 3755 1891 3807 timere
1938 3772 2021 3808 eos
2064 3757 2152 3825 qui

572 3860 754 3913 corpus
781 3843 1035 3909 occidunt,
1062 3852 1107 3896 et
1130 3853 1303 3912 postea
1331 3860 1429 3897 non
1458 3844 1637 3898 habent
1661 3846 1781 3915 quid
1805 3848 1993 3916 faciant
2016 3864 2033 3909 ;
2061 3848 2149 3900 sed

571 3928 686 3990 eum
716 3935 878 3988 timete
917 3935 1003 4003 qui
1042 3935 1187 3988 habet
1217 3944 1507 4004 potestatem
1535 3945 1580 3989 et
1618 3952 1800 4005 corpus
1844 3947 1888 3989 et
1927 3939 2147 3991 animam

570 4028 780 4098 perdere
802 4028 854 4080 in
891 4028 1169 4099 gehennam
1194 4026 1403 4099 (Matth.
1431 4044 1483 4091 x,
1510 4026 1623 4096 28).
1652 4028 1725 4081 Ab
1756 4028 1839 4083 his
1866 4028 2023 4083 verbis
2050 4030 2147 4083 tuis

570 4116 859 4188 formidavit
898 4133 983 4170 cor
1010 4132 1212 4181 meum;
1242 4126 1295 4171 et
1320 4118 1613 4186 contempsi
1657 4117 1924 4173 hominem
1967 4135 2144 4187 perse-

568 4216 811 4263 cutorem
840 4223 1039 4272 meum,
1072 4218 1125 4262 et
1154 4210 1255 4264 vici
1285 4208 1551 4263 diabolum
1578 4208 1910 4265 seductorem
1943 4226 2141 4266 meum.

638 4297 694 4350 2.
737 4296 904 4369 [vers.
933 4297 1098 4372 162.]
1139 4300 1376 4369 Denique
1421 4300 1659 4370 sequitur
1691 4318 1703 4354 :
1733 4300 2011 4354 Exsultabo
2054 4317 2144 4372 ego

567 4404 721 4459 super
745 4386 942 4457 eloquia
975 4398 1083 4456 tua,
1126 4390 1251 4443 sicut
1276 4391 1361 4459 qui
1403 4391 1587 4445 invenit
1628 4390 1791 4459 spolia
1819 4391 1999 4445 multa.
2041 4391 2143 4447 Per

566 4496 629 4535 ea
659 4478 819 4534 verba
848 4480 999 4547 vicit,
1027 4495 1056 4533 a
1082 4481 1271 4550 quibus
1299 4480 1624 4535 formidavit.
1656 4481 1818 4535 Victis
1847 4483 1987 4535 enim
2013 4498 2139 4551 spo-

568 4573 634 4626 lia
665 4570 1053 4637 detrahuntur;
1099 4571 1236 4626 sicut
1263 4572 1433 4626 vietus
1461 4582 1515 4626 et
1550 4573 1805 4642 spoliatus
1833 4582 1918 4626 est
1956 4573 2044 4628 ille
2073 4574 2141 4629 de

564 4680 670 4735 quo
694 4664 887 4719 dicitur
912 4665 968 4719 in
995 4663 1304 4733 Evangelio,
1336 4663 1500 4718 Nemo
1524 4665 1677 4718 intrat
1713 4668 1763 4719 in
1794 4665 1997 4720 domum
2036 4671 2143 4737 fore

566 4759 648 4822 tis,
678 4765 734 4809 ut
760 4771 880 4809 vasa
906 4756 1017 4825 ejus
1059 4756 1295 4825 diripiat,
1326 4756 1422 4810 nisi
1463 4757 1601 4827 prius
1638 4756 1920 4826 alligaverit
1962 4758 2141 4826 fortem

569 4845 677 4917 (Id.
708 4862 799 4911 xu,
829 4844 954 4920 29).
987 4846 1093 4902 Sed
1118 4847 1283 4916 spolia
1311 4846 1473 4901 multa
1504 4848 1715 4902 inventa
1744 4856 1895 4913 sunt,
1927 4847 2138 4917 quando

567 4938 875 5008 patientiam
902 4939 1078 4994 mirati
1100 4949 1413 5012 martyrum,
1437 4940 1596 4995 etiam
1618 4941 1704 5010 qui
1734 4942 1992 5009 persecuti
2016 4950 2141 4995 sunt

566 5030 942 5095 crediderunt;
974 5040 1028 5087 et.
1053 5031 1144 5102 qui
1171 5046 1350 5102 regem
1381 5042 1618 5087 nostrum
1651 5032 1973 5089 detrimento
2004 5032 2139 5086 mili-

566 5129 674 5175 tum
701 5122 816 5191 ejus
838 5131 964 5176 sunt
989 5123 1330 5178 damniﬁcare
1356 5124 1542 5188 moliti,
1566 5124 1633 5179 ab
1661 5124 1751 5179 illo
1776 5134 1897 5178 sunt
1922 5125 2137 5193 insuper

565 5211 825 5279 acquisiti.
868 5212 1119 5284 Quisquis
1157 5229 1283 5282 ergo
1319 5230 1349 5269 a
1389 5215 1563 5270 verbis
1604 5215 1729 5279 Dei,
1764 5230 1829 5270 ne
1870 5215 1920 5268 in
1962 5224 2138 5272 certa-

566 5300 708 5354 mine
737 5301 979 5356 vincatur
1018 5302 1299 5369 formidat,
1342 5320 1500 5376 super
1542 5305 1726 5360 eadem
1772 5305 1930 5360 verba
1972 5306 2139 5360 victor

563 5391 811 5446 exsultat.

635 5481 688 5536 3.
722 5479 871 5555 [vers.
897 5480 1044 5553 163.]
1070 5482 1199 5536 Nam
1227 5500 1292 5538 ne
1320 5494 1623 5554 putaremus
1649 5502 1711 5542 ex
1740 5488 1827 5543 illa
1858 5488 2137 5545 formidine

561 5571 742 5628 odium
785 5572 1067 5627 verborum
1110 5572 1201 5636 Dei
1244 5577 1478 5643 potuisse
1522 5577 1848 5648 subrepere:
1896 5581 2137 5650 quamvis

562 5664 667 5723 iam
692 5667 917 5733 dixerit,
960 5665 1201 5721 Exultavi
1236 5683 1388 5735 super
1427 5667 1622 5736 eloquia
1651 5680 1765 5738 tua,
1796 5672 1934 5743 quod
1962 5674 2138 5746 utique

625 5780 640 5811 ¹
666 5782 738 5831 sic
757 5788 852 5831 Am.
882 5787 931 5834 et
950 5789 1055 5835 Mss.
1078 5788 1133 5835 At
1149 5787 1220 5831 Er.
1244 5789 1294 5833 et
1317 5789 1446 5845 tot,
1464 5781 1641 5846 subigo.

1834 328 1889 384 S.
1933 324 2294 383 AUCUSTINI
2335 326 2630 386 EPISCOPI

3699 363 3811 423 1591

2284 454 2389 498 non
2421 443 2653 515 diceret,
2686 451 2731 505 si
2776 450 2975 508 odisset
3000 469 3098 521 ea;
3148 465 3319 515 tamen
3347 464 3511 523 adhuc
3536 472 3746 545 addidit,
3769 494 3815 539 et

2279 538 2405 593 dicit
2433 559 2445 594 :
2467 539 2779 641 lnjustitigpt
2800 546 2917 641 odio
2939 547 3113 617 habui,
3138 560 3182 605 et
3203 553 3509 614 abominatus
3531 579 3663 631 sum;
3684 538 3813 641 legem

2282 638 2449 683 autem
2488 640 2627 685 tuam
2667 635 2840 689 dilexi.
2870 637 3072 709 Nempe
3096 656 3125 695 a
3152 644 3330 700 verbis
3354 648 3465 718 ejus
3505 652 3587 707 illa
3622 635 3817 719 formido

2283 734 2389 775 non
2426 720 2551 783 fecit
2588 726 2897 781 eorumdem
2927 730 3211 787 verborum
3239 735 3412 792 odium
3433 783 3448 808 ,
3476 744 3565 798 sed
3596 747 3816 820 integram

2283 813 2452 866 tenuit
2477 814 2812 872 charitatem.
2837 820 3017 891 Neque
3043 825 3184 879 enim
3208 826 3291 881 lex
3316 828 3402 885 Dei
3426 848 3527 888 non
3549 849 3663 892 sunt
3682 813 3816 900 verba

2281 914 2333 959 et
2376 905 2581 976 eloquia
2630 909 2742 964 Dei.
2777 912 2929 966 Absit
2958 929 3087 986 ergo
3126 928 3183 972 ut
3228 921 3416 977 timore
3461 939 3638 994 pereat
3672 947 3802 989 amor

2280 994 2369 1048 ubi
2395 1006 2573 1050 castus
2600 1008 2683 1053 est
2709 1000 2884 1057 timor.
2917 1002 3003 1059 Sic
3036 1016 3215 1074 patres
3242 1024 3271 1062 a
3305 1010 3422 1066 ﬁliis
3453 1015 3551 1083 piis
3579 1030 3629 1073 et
3656 1020 3819 1078 timer-

2279 1094 2363 1140 tur
2398 1098 2452 1179 et
2495 1101 2777 1157 amantur;
2828 1095 2906 1148 sic
2947 1096 3133 1165 pudica
3166 1100 3361 1169 conjux
3392 1104 3557 1161 virum
3588 1119 3639 1165 et
3675 1113 3817 1179 timet,

2278 1192 2345 1233 ne
2370 1178 2437 1232 ab
2478 1180 2569 1234 illo
2599 1181 2906 1251 deseratur,
2934 1196 2987 1241 et
3016 1198 3181 1256 amat,
3216 1201 3274 1246 ut
3305 1192 3524 1251 fruatur.
3567 1200 3617 1254 Si
3643 1218 3753 1273 ergo
3775 1178 3819 1262 et

2276 1280 2426 1336 pater
2452 1270 2610 1326 homo
2633 1314 2646 1339 ,
2674 1282 2728 1327 et
2753 1276 2947 1345 conjux
2990 1276 3171 1347 homo,
3199 1292 3253 1337 et
3281 1283 3453 1339 timeri
3484 1296 3535 1342 et
3558 1270 3719 1347 amari
3736 1294 3816 1351 de-

2275 1360 2395 1425 bet;
2426 1365 2592 1416 multo
2623 1366 2788 1435 magis
2806 1367 2960 1423 Pater
2989 1380 3171 1426 noster
3187 1374 3274 1442 qui
3297 1376 3346 1429 in
3364 1377 3510 1432 caelis
3528 1388 3605 1434 est
3630 1382 3815 1450 (Matth.

2277 1469 2345 1516 vt,
2374 1454 2447 1522 9),
2479 1464 2531 1507 ct
2562 1455 2648 1509 ille
2675 1472 2921 1524 sponsus,
2948 1475 3052 1514 non
3077 1476 3235 1518 carne
3263 1480 3372 1534 pra:
3400 1467 3520 1522 ﬁliis
3552 1470 3811 1543 hominum,

2276 1544 2366 1596 sed
2400 1545 2593 1599 virtute
2624 1546 2887 1602 formosus
2914 1549 3098 1620 (Psal.
3127 1570 3276 1617 mv,
3311 1557 3400 1627 5).
3431 1558 3470 1611 A
3500 1560 3678 1629 quibus
3701 1566 3819 1620 enim

2275 1635 2509 1705 diligitur
2539 1637 2625 1692 lex
2649 1638 2763 1706 Dei,
2791 1642 2891 1695 nisi
2917 1657 2946 1695 a
2969 1642 3161 1711 quibus
3186 1645 3423 1717 diligitur
3444 1650 3614 1705 Deus?
3638 1653 3696 1707 Et
3713 1654 3820 1723 quid

2275 1728 2436 1783 habet
2461 1729 2615 1784 bonis
2644 1731 2765 1785 filiis
2788 1734 2939 1788 triste
2966 1735 3046 1788 lex
3076 1738 3286 1805 patris?
3316 1741 3399 1794 An
3426 1744 3663 1811 quoniam
3687 1762 3819 1817 quem

2272 1820 2443 1889 diligit
2476 1824 2716 1893 corripit,
2746 1834 2799 1879 et
2826 1825 3055 1895 flagellat
3084 1844 3296 1884 omnem
3343 1833 3506 1890 ﬁlium
3533 1852 3679 1906 quem
3703 1841 3819 1894 reci.

2273 1914 2347 1981 pit
2373 1912 2555 1981 (Hebr.
2586 1930 2675 1980 xu,
2705 1916 2819 1985 6)?
2870 1919 2937 1971 At
2963 1920 3053 1988 qui
3098 1920 3211 1975 brec
3237 1923 3436 1991 judicia
3466 1930 3689 1997 respuit,
3713 1946 3819 1999 pro-

2272 2004 2431 2057 missa
2476 2020 2578 2059 non
2626 2008 2831 2077 recipit.
2882 2009 3111 2064 Paterna
3163 2030 3291 2083 ergo
3331 2015 3531 2083 judicia
3574 2019 3820 2076 laudentur

2272 2094 2400 2147 etin
2434 2094 2660 2165 flagello,
2689 2098 2731 2150 si
2764 2101 3021 2167 promissa
3051 2103 3340 2174 diligantur
3364 2108 3417 2161 in
3448 2112 3674 2178 praemio.

2338 2186 2389 2237 4.
2423 2184 2569 2256 [vers.
2601 2188 2744 2260 164.]
2770 2189 2841 2243 Ita
2874 2192 3026 2260 plane
3055 2195 3175 2249 facit
3205 2198 3323 2262 iste,
3358 2200 3448 2269 qui
3477 2200 3618 2266 dicit,
3646 2202 3818 2273 Septies

2268 2273 2320 2324 in
2347 2274 2427 2327 die
2448 2274 2651 2330 laudavi
2686 2288 2732 2332 te
2755 2322 2768 2344 ,
2800 2298 2951 2351 super
2965 2284 3163 2353 judicia
3178 2289 3403 2355 justitiaa
3430 2299 3544 2344 tute.
3580 2291 3755 2364 Septies
3776 2296 3817 2347 in

2270 2367 2348 2419 die
2374 2367 2513 2435 quod
2545 2370 2635 2433 ait,
2664 2371 2922 2441 significat
2948 2373 3187 2446 Semper.
3215 2377 3363 2433 Solet
3386 2394 3505 2434 esse
3535 2382 3714 2451 quippe
3736 2385 3817 2438 iste

2268 2474 2522 2513 numerus
2569 2462 2928 2519 univcrsitatis
2977 2467 3225 2521 indicium
3262 2486 3273 2520 :
3312 2482 3530 2539 propter
3570 2473 3698 2541 quod
3739 2488 3815 2529 ses

2265 2549 2453 2604 diebus
2478 2551 2667 2607 divina:
2688 2556 3029 2623 operationis,
3058 2560 3311 2628 septimus
3338 2562 3578 2631 adjectus
3602 2575 3674 2619 est
3695 2568 3818 2636 quis.

2267 2642 2335 2696 tis
2377 2643 2526 2709 (Gen.
2559 2660 2593 2698 ιι
2620 2688 2632 2709 ,
2665 2646 2757 2715 2);
2790 2658 2843 2702 et
2880 2664 2975 2719 per
3001 2664 3203 2720 septem
3234 2652 3349 2708 dies
3378 2665 3648 2712 currentes
3673 2666 3721 2713 et
3742 2675 3814 2714 re-

2264 2744 2557 2801 currentes,
2594 2747 2829 2806 tempora
2858 2742 3103 2796 universa
3131 2744 3439 2803 volvuntur.
3471 2749 3575 2805 Nec
3608 2751 3671 2805 ob
3696 2751 3813 2805 aliud

2264 2825 2460 2880 dictum
2492 2838 2607 2894 est,
2637 2830 2834 2901 Septies
2858 2834 3000 2887 cadet
3031 2837 3046 2867 ¹
3068 2837 3264 2905 justus,
3294 2849 3339 2893 et
3367 2853 3591 2913 resurget
3616 2843 3696 2897 :id
3720 2852 3812 2910 est,

2264 2931 2367 2970 non
2395 2919 2530 2986 perit
2551 2920 2725 2988 justus
2748 2965 2761 2987 ,
2796 2923 2967 2978 modis
2991 2927 3237 2982 omnibus
3265 2930 3593 2995 humiliatus,
3621 2934 3703 2988 sed
3728 2950 3813 2989 non

2263 3011 2656 3078 przevaricatus,
2687 3014 2919 3085 alioquin
2946 3032 3051 3072 non
3080 3020 3397 3089 eritjustus.
3429 3023 3555 3078 Nam
3585 3041 3672 3095 pro
3691 3026 3812 3079 omni

2259 3116 2461 3171 genere
2488 3104 2861 3172 tribulationis,
2886 3124 2988 3178 qua
3020 3110 3070 3163 in
3094 3123 3386 3181 conspectu
3418 3116 3676 3171 hominum
3700 3116 3813 3185 deji-

2260 3193 2397 3247 citur
2424 3236 2436 3257 ,
2467 3196 2694 3264 positum
2725 3206 2805 3253 est
2830 3242 2842 3263 ,
2872 3202 3054 3270 septies
3083 3204 3253 3269 cadit;
3284 3214 3335 3259 et
3369 3221 3469 3274 pro
3506 3222 3569 3261 eo
3608 3206 3734 3277 quod
3760 3223 3811 3264 ex

2259 3286 2387 3354 ipsis
2434 3290 2679 3344 omnibus
2728 3292 3153 3349 tribulationibus
3180 3297 3434 3365 proﬁcit,
3468 3301 3682 3369 positum
3705 3309 3775 3354 est
3797 3342 3811 3367 ,

2258 3390 2498 3449 resurget.
2531 3382 2670 3437 Satis
2720 3383 2949 3439 illustrat
2994 3386 3044 3439 in
3082 3402 3147 3441 eo
3187 3387 3323 3442 libro
3350 3404 3682 3461 consequens
3706 3406 3813 3445 sen-

2259 3474 2421 3529 tentia
2453 3478 2839 3545 praecedentem
2874 3497 2886 3532 :
2921 3479 2991 3534 ibi
3018 3480 3158 3535 enim
3188 3484 3435 3551 sequitur
3456 3527 3469 3549 ,
3500 3485 3647 3553 Impii
3672 3494 3811 3538 autem

2255 3565 2645 3634 inﬁrmabuntur
2665 3570 2716 3623 in
2743 3571 2890 3624 malis
2911 3571 3089 3641 (Prov.
3116 3589 3263 3638 xxrv,
3289 3575 3403 3644 16).
3433 3577 3539 3630 lloc
3561 3586 3637 3631 est
3662 3576 3811 3644 itaque

2248 3657 2395 3727 justo
2429 3662 2625 3727 septies
2651 3660 2842 3715 cadere
2869 3670 2919 3716 et
2959 3677 3238 3732 resurgere
3258 3708 3272 3729 ,
3301 3665 3352 3718 in
3388 3668 3631 3721 omnibus
3678 3666 3809 3719 malis

2254 3764 2357 3802 non
2388 3749 2662 3804 inﬁrmari.
2687 3751 2873 3805 Merito
2904 3753 3064 3821 igitur
3079 3754 3277 3823 septies
3303 3756 3353 3809 in
3378 3757 3467 3811 die
3496 3756 3808 3812 laudavitEc-

2252 3840 2410 3895 clesia
2442 3841 2604 3895 Deum
2635 3858 2794 3912 super
2827 3844 3022 3913 judicia
3061 3845 3279 3913 justitia:
3327 3848 3535 3918 ipsius;
3566 3849 3679 3919 quia
3705 3862 3805 3902 eum

2254 3941 2461 4001 tempus
2506 3944 2647 3988 esset
2688 3944 2744 3988 ut
2780 3935 3035 4003 judicium
3068 3936 3324 4006 inciperet
3367 3954 3399 3991 a
3432 3939 3588 3994 domo
3630 3937 3805 3994 Domini

2252 4023 2306 4092 (Ι
2326 4022 2463 4077 Petr.
2496 4039 2549 4077 tv
2569 4066 2582 4089 ,
2617 4024 2706 4094 l7)
2732 4067 2744 4088 ,
2780 4026 2829 4079 in
2860 4027 3106 4082 omnibus
3136 4028 3565 4086 tribulationibus
3592 4030 3691 4085 suis
3714 4042 3803 4082 non

2253 4114 2541 4181 infirmata,
2566 4114 2658 4169 sed
2685 4118 2897 4171 coronis
2925 4129 3218 4189 martyrum
3247 4120 3541 4189 glorilicata
3567 4128 3660 4175 est.
3786 4126 3794 4131 '

2320 4208 2371 4262 5.
2399 4206 2563 4278 [vers.
2592 4207 2737 4280 165.]
2770 4207 2882 4263 Pax
2910 4211 3087 4277 multa,
3111 4212 3299 4281 inquit,
3330 4213 3646 4285 diligentibus
3668 4213 3801 4283 legem

2249 4308 2407 4366 tuam,
2430 4308 2478 4352 et
2502 4315 2601 4352 non
2629 4308 2702 4354 est
2729 4301 2797 4354 eis
2819 4302 3132 4356 scandalum.
3160 4303 3341 4358 Utrum
3372 4306 3485 4373 ipsa
3514 4304 3594 4359 lex
3610 4304 3803 4374 diligen-

2249 4392 2388 4448 tibus
2416 4408 2473 4448 se
2497 4394 2803 4449 scandalum
2830 4410 2931 4449 non
2960 4405 3071 4462 est,
3100 4411 3166 4451 an
3190 4397 3533 4466 diligentibus
3559 4414 3667 4453 eam
3702 4394 3800 4451 nul-

2248 4484 2355 4538 lum
2377 4493 2457 4539 est
2487 4484 2857 4555 undecumque
2878 4486 3218 4541 scandalum?
3242 4488 3346 4542 Sed
3377 4500 3651 4558 utrumque
3679 4496 3798 4541 recte

2249 4576 2572 4645 intelligitur.
2604 4577 2702 4645 Qui
2730 4578 2870 4632 enim
2892 4578 3060 4648 diligit
3088 4580 3177 4635 Dei
3205 4581 3400 4650 legem,
3429 4582 3585 4637 etiam
3609 4580 3732 4652 quod
3753 4580 3795 4632 in

2246 4683 2307 4722 ea
2353 4683 2457 4723 non
2502 4669 2748 4739 intelligit
2779 4671 3039 4734 honorat;
3072 4680 3126 4726 et
3151 4672 3292 4742 quod
3318 4674 3368 4728 ei
3402 4691 3592 4729 sonare
3618 4674 3797 4728 videtur

2246 4759 2491 4824 absurde,
2516 4776 2575 4816 se
2602 4763 2778 4832 potius
2799 4778 2902 4816 non
2930 4764 3243 4832 intelligere,
3273 4773 3327 4819 et
3355 4767 3547 4836 aliquid
3578 4780 3793 4835 magnum

2248 4849 2412 4905 latere
2438 4851 2505 4905 ibi
2534 4853 2734 4922 judicat
2767 4870 2779 4906 :
2811 4852 2930 4907 ideo
2958 4852 3041 4907 lex
3068 4855 3163 4910 Dei
3190 4870 3293 4910 non
3316 4866 3400 4912 est
3419 4858 3467 4912 ei
3498 4856 3791 4911 scandalum.

2246 4938 2316 4994 Ut
2355 4951 2531 4995 autem
2576 4944 2777 4997 nullum
2821 4945 3127 5000 scandalum
3169 4948 3385 5002 omnino
3430 4950 3792 5017 patiatur,uon

2245 5031 2323 5086 sic
2352 5030 2593 5086 homines
2636 5043 2831 5088 sanctze
2873 5036 3126 5106 cujusque
3168 5038 3512 5108 professionis
3547 5035 3790 5095 attendat,

2245 5132 2302 5177 ut
2327 5123 2456 5179 ﬁdes
2481 5124 2595 5194 ejus
2619 5139 2682 5180 ex
2711 5139 2894 5179 eorum
2922 5126 3155 5182 moribus
3182 5130 3433 5197 pendeat;
3465 5144 3529 5183 ne
3557 5127 3790 5197 aliquibus

2244 5215 2553 5271 cadentibus
2594 5233 2727 5287 quos
2776 5232 2872 5288 pro
2915 5234 3106 5289 magno
3137 5220 3394 5286 habebat,
3430 5222 3540 5291 ipse
3567 5217 3788 5273 seandalo

2244 5315 2431 5378 pereat
2461 5324 2475 5361 :
2510 5308 2601 5361 sed
2631 5310 2796 5377 ipsam
2828 5310 2920 5365 Dei
2967 5311 3135 5381 legem
3167 5312 3385 5382 diligat,
3413 5323 3467 5367 et
3507 5312 3605 5366 erit
3630 5310 3672 5362 ei
3701 5320 3786 5376 pax

2245 5399 2409 5453 multa
2437 5439 2453 5464 ,
2482 5400 2787 5469 nullumque
2832 5402 3157 5455 scandalum.
3203 5404 3429 5457 Securus
3467 5403 3599 5457 enim
3638 5397 3786 5467 diligit

2244 5506 2383 5557 eam,
2416 5491 2469 5547 in
2498 5506 2600 5561 qua
2630 5490 2835 5546 etiamsi
2865 5493 3011 5547 multi
3040 5502 3297 5564 peccant,
3324 5510 3538 5566 peccare
3565 5495 3665 5563 ipsa
3692 5504 3779 5543 non

2245 5584 2411 5642 novit.

2315 5677 2368 5732 6.
2396 5676 2544 5749 [vers.
2572 5676 2717 5751 166.]
2748 5677 3145 5749 Exspectabam,
3178 5681 3368 5753 inquit,
3393 5682 3599 5737 salutare
3628 5688 3778 5738 tuum;

2314 5790 2327 5820 ¹
2356 5789 2426 5838 sic
2446 5795 2541 5837 Arn.
2568 5796 2641 5839 Er.
2670 5797 2719 5841 et
2744 5798 2843 5840 Mss.
2867 5791 3005 5852 juxta
3025 5798 3167 5841 Graec.
3197 5799 3318 5843 tax.
3350 5800 3397 5843 At
3429 5798 3553 5851 t.ov.,
3576 5789 3709 5838 cadit.
