4160 6430
321 396 481 454 1593

323 514 571 568 Domine
593 553 610 580 ,
636 522 681 567 et
719 513 955 566 mandata
983 520 1069 565 tua
1094 511 1265 566 dilexi.
1295 509 1428 578 Quid
1459 510 1599 565 enim
1625 509 1778 577 justis
1807 522 1929 577 pro-

317 605 536 660 fuisset
569 605 804 674 antiquis
833 604 922 658 Dei
944 603 1192 658 dilexisse
1226 602 1472 657 mandata
1493 643 1508 668 ,
1533 601 1632 656 nisi
1665 615 1757 656 eos
1785 599 1940 655 Chri-

315 707 448 752 stus
477 697 579 768 qui
609 705 693 753 est
722 698 813 752 Dei
845 697 1097 763 salutare,
1128 697 1425 762 liberasset;
1451 697 1604 766 cujus
1633 697 1791 750 etiam
1822 696 1934 765 spi-

314 787 431 844 ritu
463 789 751 859 impertito
770 789 1014 844 mandata
1034 789 1125 843 Dei
1151 789 1369 861 diligere
1390 790 1716 859 potuerunt?
1736 790 1788 844 Si
1809 805 1938 860 ergo

313 880 736 950 exspectabant
777 880 1009 935 salutare
1036 881 1128 936 Dei
1155 922 1168 943 ,
1201 881 1289 950 qui
1317 881 1564 935 mandata
1593 881 1708 950 ejus
1736 879 1938 936 dilexe-

313 983 452 1026 runt
482 989 501 1037 ;
537 983 744 1044 quanto
791 975 956 1043 magis
1000 972 1332 1027 necessarius
1363 981 1476 1028 erat
1508 972 1698 1039 Jesus,
1729 971 1831 1026 hoc
1855 981 1936 1027 est

309 1063 578 1118 Saluiare
605 1065 720 1128 Dei,
740 1065 900 1120 salvis
927 1064 1181 1119 faciendis
1205 1065 1281 1120 eis
1302 1065 1392 1135 qui
1419 1065 1661 1120 mandata
1691 1065 1804 1135 ejus
1825 1080 1931 1119 non

309 1153 691 1209 dilexerunt?
721 1155 900 1209 Potest
938 1156 1033 1208 ista
1065 1156 1224 1210 etiam
1250 1156 1450 1210 sanctis
1478 1155 1698 1210 istorum
1728 1166 1934 1224 tempo-

309 1259 444 1297 rum
473 1285 489 1307 ,
523 1260 603 1299 ex
637 1259 741 1314 quo
767 1247 932 1314 gratia
964 1245 1195 1300 revelata
1219 1247 1560 1316 Evangelium
1594 1246 1931 1315 praedicatur,

311 1349 647 1401 congruere
675 1335 952 1404 prophetia
987 1353 1000 1389 :
1031 1345 1347 1406 exspectant
1373 1337 1512 1390 enim
1545 1334 1814 1390 Christum
1843 1337 1932 1406 qui

310 1425 595 1479 mandata
633 1425 724 1479 Dei
746 1426 988 1496 diligunt,
1014 1437 1070 1481 ut
1095 1443 1213 1482 cum
1236 1427 1477 1483 Christus
1498 1429 1800 1500 apparuerit
1828 1431 1934 1485 vita

309 1527 516 1572 nostra
551 1561 570 1586 ,
610 1528 734 1574 tunc
777 1529 828 1574 et
860 1535 955 1574 nos
993 1536 1342 1590 appareamus
1372 1537 1490 1576 cum
1536 1521 1627 1576 illo
1669 1523 1720 1576 in
1767 1523 1932 1592 gloria

315 1608 564 1680 (Coloss.
603 1629 680 1675 ιιι,
711 1614 785 1680 4).

388 1705 447 1757 7.
485 1703 656 1776 [vei-3.
688 1705 788 1760 167
813 1748 828 1772 ,
860 1705 1004 1778 168.]
1035 1705 1314 1761 Custodivit
1339 1751 1353 1773 ,
1384 1708 1592 1778 inquit,
1622 1709 1792 1762 animo
1823 1723 1932 1762 mea

317 1797 641 1850 testimonia
685 1807 770 1849 tua
793 1839 807 1861 ,
831 1807 874 1851 et
903 1798 1060 1851 dilexi
1086 1815 1144 1851 ea
1170 1799 1315 1852 valde
1341 1814 1360 1852 :
1385 1800 1465 1854 vel
1484 1841 1498 1864 ,
1524 1801 1659 1854 sicut
1691 1800 1932 1854 nonnulli

309 1885 550 1940 codices
584 1885 818 1949 habent,
853 1887 1067 1953 dilexit,
1099 1899 1154 1942 ut
1181 1888 1525 1943 subaudiatur
1547 1928 1562 1953 ,
1593 1890 1762 1943 anima
1800 1907 1929 1944 mea.

308 1977 730 2033 Custodiuntur
760 1979 1057 2034 testimonia
1088 1980 1203 2048 Dei,
1231 1980 1354 2034 dum
1385 1997 1489 2036 non
1521 1994 1796 2052 negantur.
1825 1983 1934 2038 Hoc

307 2080 396 2126 est
430 2083 751 2142 martyrum
779 2069 1032 2137 ol‘licium,
1066 2072 1186 2141 quia
1218 2073 1511 2127 testimonia
1545 2089 1714 2143 graece
1744 2082 1934 2143 marty-

306 2163 391 2215 ria
423 2171 845 2230 nuneupantur.
871 2161 974 2216 Sed
1003 2163 1122 2232 quia
1157 2179 1250 2232 pro
1277 2164 1593 2218 testimoniis
1640 2165 1731 2218 Dei
1771 2166 1931 2218 etiatn

305 2252 572 2307 ﬂammis
595 2253 928 2307 concremari
949 2253 1063 2306 sine
1085 2254 1341 2308 charitate
1360 2253 1488 2307 nihil
1509 2254 1726 2324 prodest
1747 2255 1790 2324 (Ι
1814 2254 1929 2308 Cor.

307 2360 432 2410 xm,
467 2346 566 2416 ὅ),
607 2344 945 2399 ἰάροιεάιιίάίι
967 2387 981 2410 ,
1005 2344 1075 2398 Et
1103 2346 1259 2399 dilexi
1284 2363 1342 2400 ea
1369 2348 1535 2401 valde.
1564 2347 1732 2416 Supra
1755 2359 1930 2401 autem

307 2435 585 2501 dixerat,
637 2420 885 2489 Mandata
914 2445 1001 2489 tua
1029 2437 1220 2501 dilexi;
1246 2437 1438 2494 deinde
1467 2439 1718 2508 sequenti
1741 2454 1894 2494 versu
1916 2481 1930 2505 ,

312 2526 659 2580 Testintonia
708 2536 795 2581 tua
820 2569 834 2593 ,
876 2537 929 2582 et
971 2529 1213 2583 custodivi
1238 2570 1252 2592 ,
1285 2537 1338 2584 et
1382 2530 1538 2584 dilexi
1568 2546 1585 2583 :
1615 2540 1793 2599 postea
1819 2574 1833 2596 ,
1871 2531 1933 2584 Et

305 2617 589 2671 mandata
620 2627 725 2679 tua.
757 2627 810 2673 et
837 2620 1116 2672 testimonia
1143 2631 1231 2673 tua
1251 2621 1518 2685 custodivi;
1542 2622 1616 2676 ait
1640 2623 1802 2686 enim,
1835 2623 1936 2676 Cu-

302 2710 519 2763 stodivi
548 2709 794 2762 mandata
816 2720 901 2763 tua
923 2719 968 2765 et
999 2712 1280 2765 testimonia
1306 2722 1412 2765 tua.
1442 2713 1540 2779 Qui
1574 2713 1713 2767 enim
1742 2713 1930 2784 diligit,

305 2804 427 2871 ipsa
470 2805 492 2835 ³
521 2804 788 2858 veraciter
806 2804 1400 2874 liheutcrquecustodit.
1421 2806 1738 2876 Plerumque
1759 2818 1932 2864 autem

301 2894 443 2948 dum
492 2894 750 2948 mandata
777 2894 869 2949 Dei
895 2897 1296 2965 custodiuntur,
1326 2899 1461 2952 liunt
1503 2900 1703 2954 inimici
1749 2910 1933 2956 contra

301 3003 571 3057 quorum
603 2987 923 3042 Voluntatetu
963 2990 1332 3045 custodiuntur
1367 3009 1380 3046 :
1415 3000 1540 3047 tunc
1570 3009 1697 3047 vero
1727 2993 1935 3049 fortiter

300 3087 361 3132 et
413 3079 748 3133 testimonia
797 3081 1143 3138 custodienda
1184 3093 1343 3150 sunt,
1378 3101 1445 3141 ne
1493 3089 1934 3159 persequentibus

305 3170 579 3223 inimicis
606 3180 883 3241 negentur.

380 3261 451 3316 8.
507 3259 650 3314 Cum
695 3277 822 3332 ergo
864 3279 922 3319 se
970 3265 1068 3320 iste
1116 3277 1403 3338 utrumque
1445 3268 1636 3326 fecisse
1676 3272 1930 3342 dixisset,

305 3351 432 3405 Deo
497 3350 686 3406 tribuit
729 3353 869 3409 unde
913 3355 1037 3411 fecit
1059 3398 1072 3423 ,
1105 3357 1442 3430 adjungendo
1475 3373 1633 3432 atque
1661 3363 1886 3419 dicendo
1916 3383 1928 3417 ε

307 3444 474 3511 Quia
504 3459 682 3497 omnes
706 3446 799 3498 via:
823 3462 946 3501 mea?
973 3449 1024 3502 in
1052 3460 1318 3520 conspectu
1349 3461 1433 3505 tuo
1459 3495 1470 3516 ,
1513 3453 1740 3508 Domine.
1765 3454 1890 3509 Ideo
1915 3498 1930 3524 ,

305 3535 515 3642 ipquil
540 3577 558 3600 ,
586 3538 827 3591 eustodivi
867 3541 1072 3594 mndata
1115 3551 1199 3596 tua
1235 3552 1280 3596 et
1324 3546 1608 3599 testimonia
1654 3558 1777 3611 tua;
1815 3550 1933 3618 quia

303 3631 517 3685 o'mnes
540 3631 635 3683 vite
656 3647 777 3685 meae
801 3633 851 3686 in
874 3645 1140 3704 conspectu
1166 3648 1269 3690 tuo.
1299 3637 1570 3708 Tanquam
1599 3639 1799 3694 diceret
1835 3659 1846 3694 :
1877 3639 1932 3696 Si

304 3723 638 3779 avertisses
665 3740 692 3777 a
713 3741 796 3779 me
825 3725 1009 3782 faciem
1039 3741 1200 3796 tuam,
1233 3731 1411 3785 fierem
1442 3733 1805 3796 conturbatus,
1840 3748 1936 3788 nec

306 3828 408 3870 tua
445 3816 707 3870 mandata
730 3827 783 3872 et
804 3821 1100 3875 testimonia
1123 3824 1465 3878 custodirem.
1490 3825 1761 3880 Custodivi
1785 3841 1930 3896 ergo,

306 3910 455 3978 quia
483 3924 657 3960 omnes
684 3909 775 3962 vite
800 3927 922 3964 mete
960 3913 1012 3966 in
1050 3923 1314 3982 conspectu
1343 3925 1445 3968 tuo.
1480 3915 1714 3985 Propitio
1741 3917 1936 3987 quirpe

309 4009 371 4056 et
399 3998 710 4068 adjuvante
750 4013 1073 4072 conspectu,
1105 4007 1270 4059 voluit
1297 4005 1514 4074 intelligi
1555 4007 1718 4060 Deum
1750 4007 1934 4062 videre

312 4094 455 4146 vias
509 4105 672 4156 suas;
703 4094 839 4146 sicut
883 4095 1052 4148 oravit
1093 4095 1181 4166 qui
1221 4095 1388 4163 dixit,
1418 4096 1500 4151 Ne
1524 4106 1719 4151 avertas
1753 4099 1935 4163 facient

314 4195 488 4239 tuam
517 4201 550 4235 α
581 4200 657 4237 me
688 4183 853 4252 (Psal.
885 4203 1031 4252 xxvr,
1061 4188 1138 4259 9).
1166 4188 1292 4241 Nam
1320 4189 1503 4259 utique
1535 4187 1697 4243 facies
1727 4189 1933 4243 Domini

314 4288 415 4334 est
473 4286 528 4330 et
569 4291 726 4346 Super
769 4277 1022 4333 facientes
1061 4281 1192 4333 mala
1218 4323 1232 4345 ,
1261 4280 1353 4336 sed
1394 4289 1452 4334 ut
1487 4281 1669 4348 perdat
1697 4281 1763 4335 de
1797 4291 1934 4336 terra

316 4368 664 4424 memoriam
692 4384 876 4423 eorum
905 4368 1077 4440 (Psal,
1113 4388 1301 4435 χχχιιι,
1323 4369 1431 4443 17).
1459 4371 1572 4426 Νοιι
1603 4373 1678 4426 sic
1699 4373 1936 4443 profecto

319 4463 450 4518 iste
481 4459 618 4516 dixit
641 4463 753 4516 vias
783 4478 906 4518 suas
935 4463 1000 4518 ab
1031 4463 1121 4517 illo
1151 4465 1338 4530 videri;
1371 4465 1464 4520 sed
1493 4467 1627 4520 sicut
1654 4467 1798 4520 novit
1827 4466 1932 4519 Do-

320 4556 530 4610 minus
559 4555 671 4609 vias
691 4556 954 4625 justorum
984 4556 1154 4627 (Psal.
1182 4575 1218 4626 ι,
1242 4559 1348 4630 6),
1379 4569 1434 4614 et
1459 4561 1592 4614 sicut
1622 4562 1693 4614 ait
1723 4561 1885 4632 Moysi
1917 4605 1932 4629 ,

325 4649 478 4704 Scia
514 4655 562 4702 te
598 4665 705 4718 pra:
731 4651 959 4705 omnibus
985 4650 1188 4722 (Exod.
1215 4669 1377 4706 xxxnt
1405 4695 1418 4717 ,
1454 4652 1573 4724 17).
1603 4654 1734 4708 Nam
1766 4657 1810 4709 si
1840 4655 1940 4710 hoc

324 4753 475 4796 cum
505 4755 608 4792 nou
630 4741 905 4809 adjuvaret
928 4744 1280 4812 gradientem,
1299 4744 1438 4815 quod
1464 4746 1579 4815 ejus
1605 4747 1703 4800 via:
1733 4757 1856 4801 sunt
1887 4748 1936 4802 in

326 4841 640 4900 conspectu
670 4832 781 4898 Dei,
807 4849 910 4887 non
933 4833 1132 4888 diceret
1154 4835 1270 4889 ideo
1297 4851 1355 4891 se
1375 4837 1670 4894 custodisse
1694 4840 1939 4894 mandata

330 4934 397 4980 cl.
435 4924 735 4978 testimooia
767 4926 882 4995 ejus
902 4967 916 4991 ,
947 4928 1068 4998 quia
1096 4942 1283 4982 omnes
1309 4929 1406 4982 vite
1433 4943 1544 4983 sure
1573 4940 1694 4983 sunt
1727 4932 1779 4984 in
1809 4946 1939 4985 con-

333 5024 539 5086 spectu
564 5015 794 5070 Domini.
823 5018 979 5072 Novit
1007 5019 1146 5073 enim
1177 5020 1360 5074 audire
1379 5059 1393 5084 ,
1428 5019 1622 5076 Servite
1647 5021 1865 5075 Domino
1889 5023 1939 5076 in

337 5109 553 5171 timore,
585 5118 630 5162 et
655 5111 904 5163 exsultate
927 5113 973 5164 ei
988 5129 1102 5165 cum
1125 5122 1337 5166 tremore
1365 5129 1383 5167 .'
1408 5115 1766 5182 appreltendite
1790 5117 1942 5169 disci-

336 5200 547 5269 plinam
566 5242 579 5261 ,
606 5201 870 5271 nequando
891 5203 1138 5256 irascatur
1159 5202 1420 5269 Dominus,
1454 5213 1502 5258 et
1527 5207 1741 5274 pereatis
1771 5207 1834 5260 de
1863 5208 1941 5260 via

338 5294 489 5362 iusta
509 5292 677 5361 (Psul.
709 5309 764 5356 ιι,
792 5295 1008 5366 118112)
1033 5315 1045 5349 :
1076 5297 1195 5366 quia
1220 5296 1318 5350 nisi
1345 5297 1394 5350 in
1420 5309 1708 5366 conspectu
1731 5299 1938 5354 Domini

342 5391 516 5444 esset,
544 5384 624 5436 via
651 5384 792 5452 justa
825 5401 929 5440 non
960 5397 1121 5442 esset.
1152 5387 1281 5442 Nam
1311 5388 1452 5443 hunc
1481 5389 1721 5445 timorem
1751 5399 1805 5445 et
1836 5401 1941 5446 tre-

347 5487 557 5528 merent
605 5476 874 5544 apestolus
915 5479 1071 5532 etiam
1120 5478 1312 5534 Paulus
1360 5479 1581 5551 imponit
1619 5482 1696 5536 eis
1750 5483 1942 5553 quibus

345 5565 480 5621 dicit
506 5608 522 5634 ,
551 5566 678 5622 Cum
709 5569 886 5624 timore
913 5581 961 5624 et
998 5579 1210 5625 tremore
1233 5584 1444 5628 vestram
1482 5573 1702 5643 ipsorum
1728 5576 1940 5630 salutem

348 5660 635 5725 operamini
662 5669 752 5716 :et
777 5677 874 5718 cur
900 5663 1000 5720 hoc
1025 5665 1215 5720 dixerit
1243 5667 1506 5736 aperiens,
1532 5665 1668 5722 Deus
1690 5677 1762 5723 est
1785 5671 1937 5737 enim,

352 5751 546 5822 inquit,
569 5754 656 5821 qui
684 5764 918 5822 operatur
941 5757 992 5812 in
1013 5759 1148 5813 vobis
1163 5768 1209 5813 et
1226 5759 1346 5815 velle
1374 5771 1418 5815 et
1446 5763 1661 5831 operari,
1693 5779 1782 5833 pro
1810 5763 1939 5817 bona

418 5867 438 5900 ο
467 5872 566 5917 Αιιι.
590 5874 640 5918 et
662 5867 843 5934 aliquot
864 5875 969 5923 lat.
1016 5884 1132 5925 rrec.

1413 389 1804 448 ΕΝΑΙΞΒΑΤΙΟ
1843 389 1904 443 IN
1947 387 2268 448 PSALMUM
2297 391 2521 450 CXVIII.

3485 409 3504 464 1
3515 409 3618 465 594

2045 510 2296 565 voluntate
2325 511 2596 585 (Philipp.
2629 531 2703 584 ιι,
2739 517 2804 571 12
2829 558 2844 584 ,
2877 518 2998 587 15).
3029 519 3110 589 Ad
3141 521 3239 576 hoc
3265 533 3389 577 sunt
3412 540 3540 596 ergo
3565 529 3620 582 in

2038 613 2324 672 conspectu
2365 605 2571 660 Domini
2604 609 2701 661 vite
2741 609 3040 677 justorum,
3071 621 3126 666 ut
3173 611 3367 685 dirigat
3401 630 3620 686 gressus

2037 706 2242 751 eorum.
2261 696 2508 763 quoniam
2533 697 2658 766 ἱρείη
2688 701 2924 754 suntvire
2947 700 3013 756 de
3038 704 3230 772 quibus
3259 707 3511 774 scriptum
3538 719 3621 763 est

2038 782 2089 837 in
2109 782 2427 849 Proverbiis,
2457 783 2575 840 Vias
2599 797 2760 842 autem
2786 806 2899 858 quia
2917 808 2947 843 a
2975 791 3161 847 dextris
3181 804 3317 857 sunt,
3347 797 3482 850 novit
3513 797 3620 852 Do-

2039 877 2203 930 minus
2235 893 2253 931 :
2283 895 2524 946 perversa:
2553 889 2718 934 autem
2746 893 2861 935 sunt
2885 925 2900 948 ,
2925 884 3090 954 inquit
3115 928 3130 951 ,
3159 903 3272 955 qua
3301 905 3331 940 a
3356 890 3570 945 sinistris
3601 907 3619 944 :

2038 978 2096 1022 ut
2140 970 2552 1039 intelligeremus
2595 973 2737 1042 quod
2791 989 2883 1029 eas
2931 990 3034 1028 non
3077 979 3284 1032 noverit
3330 981 3616 1046 Ilominus,

2040 1070 2255 1129 propter
2296 1061 2435 1130 quod
2481 1063 2748 1130 perversis
2783 1065 3021 1119 dicturus
3067 1076 3147 1121 est
3173 1111 3188 1134 ,
3218 1068 3337 1123 Non
3379 1073 3494 1124 novi
3535 1087 3620 1126 vos

2042 1151 2249 1222 (Matth.
2283 1169 2386 1220 vn,
2416 1153 2531 1223 25).
2565 1155 2731 1211 Porro
2762 1165 2818 1210 ut
2842 1159 3148 1215 ostenderet
3173 1177 3278 1230 quo
3309 1164 3477 1218 fructu
3510 1167 3622 1220 \ias

2037 1259 2154 1315 qua:
2181 1260 2209 1298 a
2232 1245 2433 1299 dextris
2462 1255 2605 1314 sunt,
2631 1249 2680 1301 id
2701 1258 2783 1303 est
2801 1251 3085 1318 jusmrum,
3109 1255 3312 1308 noverit
3341 1255 3618 1322 Dominus,

2035 1337 2288 1389 continuo
2311 1337 2533 1406 subjecit
2561 1357 2572 1393 :
2602 1338 2629 1391 Ι
2637 1356 2725 1408 pse
2748 1342 2878 1395 enim
2906 1352 3062 1396 rectos
3091 1344 3242 1411 faciet
3261 1362 3462 1414 gressus
3487 1356 3620 1409 tuos,

2037 1438 2082 1482 et
2131 1429 2311 1484 itinera
2364 1441 2452 1484 tua
2492 1433 2544 1485 in
2584 1450 2706 1502 pace
2735 1435 2976 1503 producet
3008 1432 3186 1506 (Prov.
3223 1451 3306 1500 tv,
3334 1438 3447 1507 9.7).
3483 1438 3622 1494 Ecce

2035 1533 2201 1587 quare
2238 1518 2311 1574 ait
2351 1521 2509 1574 etiam
2540 1521 2668 1585 istc,
2699 1522 2955 1576 Custodivi
2983 1526 3221 1579 mandata
3267 1537 3351 1580 tua
3398 1537 3442 1581 et
3486 1530 3624 1582 testi-

2035 1610 2204 1665 monia
2234 1619 2338 1663 tua.
2370 1610 2436 1665 Et
2466 1613 2611 1667 velut
2639 1630 2998 1682 qumreretnus
3031 1615 3130 1670 hoc
3160 1617 3298 1671 unde
3342 1620 3572 1687 potuerit
3601 1637 3616 1674 :

2038 1699 2171 1766 Quia
2218 1718 2388 1756 omnes
2413 1744 2426 1769 ,
2462 1702 2660 1773 inquit,
2693 1705 2786 1759 via:
2828 1722 2950 1760 mea:
2978 1707 3028 1760 in
3062 1718 3327 1775 conspectu
3367 1718 3486 1776 tuo,
3516 1708 3624 1766 Do-

2036 1813 2186 1850 mine.

2636 1951 2806 1993 SERMO
2843 1953 2914 1992 XX
2927 1953 3023 1992 ΧΠ.

2108 2070 2158 2124 1.
2185 2068 2330 2141 [υενε.
2364 2068 2510 2141 169.]
2537 2070 2732 2124 Vocem
2761 2086 2899 2125 nunc
2930 2075 3131 2125 orantis
3153 2071 3429 2125 audiamus
3454 2089 3466 2124 :
3490 2086 3624 2141 quoa

2035 2161 2174 2214 niam
2205 2161 2323 2230 quis
2353 2171 2464 2214 oret
2497 2163 2736 2215 novimus
2759 2203 2772 2224 ,
2806 2172 2859 2217 et
2901 2177 2997 2215 nos
3028 2148 3172 2231 ipsos
3201 2163 3242 2215 si
3276 2162 3483 2231 reprobi
3516 2178 3621 2218 non

2035 2266 2250 2317 sumus,
2285 2251 2336 2305 in
2382 2252 2632 2306 membris
2677 2253 2831 2322 hujus
2874 2254 3074 2307 orantis
3122 2255 3478 2321 agnoscimus.
3524 2255 3622 2325 Ap-

2035 2346 2331 2416 propinquet
2358 2347 2518 2398 oratio
2541 2363 2650 2399 mea
2676 2347 2726 2398 in
2754 2354 3017 2414 conspectu
3045 2356 3150 2404 tuo,
3177 2345 3390 2398 Domine
3418 2363 3436 2400 :
3458 2345 3508 2400 id
3539 2355 3622 2400 est

2035 2435 2206 2487 oratio
2236 2450 2349 2488 mea
2371 2477 2385 2498 ,
2419 2452 2535 2505 qum
2568 2435 2624 2490 ﬁt
2665 2436 2716 2490 in
2747 2446 3034 2507 conspectu
3081 2449 3170 2490 tuo
3191 2479 3205 2500 ,
3234 2438 3622 2506 appmpinquet

2037 2532 2149 2588 tibi.
2176 2529 2347 2601 Prope
2376 2541 2458 2586 est
2485 2532 2626 2586 enim
2671 2531 2922 2585 Dominus
2951 2533 3031 2585 his
3057 2533 3144 2598 qui
3171 2532 3500 2584 obtrivcruut
3525 2547 3620 2586 cor

2037 2624 2208 2697 (Psal.
2242 2642 2411 2680 xxxut
2435 2667 2448 2688 ,
2480 2626 2590 2695 19).
2625 2624 2915 2680 Secundum
2942 2625 3194 2694 eloquium
3225 2636 3364 2676 tuum
3391 2625 3458 2677 da
3498 2624 3621 2678 nti/ti

2034 2717 2361 2770 intellectum.
2394 2717 2718 2771 Promissum
2749 2716 2893 2784 petit.
2922 2714 3052 2768 Nam
3085 2713 3187 2768 hoc
3210 2714 3301 2777 ait,
3331 2713 3620 2768 Secundum

2036 2808 2285 2879 eloquium
2328 2818 2468 2861 tuum
2492 2823 2511 2870 ;
2538 2816 2783 2873 tanquam
2811 2806 3044 2870 diceret,
3077 2805 3366 2858 secundum
3397 2805 3616 2872 promis-

2035 2915 2152 2953 sum
2177 2909 2342 2952 umm.
2369 2897 2616 2952 Promisit
2637 2898 2776 2950 enim
2805 2897 2901 2948 hoc
2927 2896 3199 2958 Dominus,
3221 2893 3308 2948 ubi
3335 2894 3444 2961 ait,
3469 2893 3621 2948 Intel-

2036 2988 2215 3044 lectum
2244 2986 2372 3042 dabo
2398 2990 2485 3042 tibi
2514 2987 2680 3060 (Psal.
2716 3003 2860 3052 XXXI,
2888 2984 2968 3058 8).

2106 3081 2159 3134 2.
2193 3079 2354 3152 [vers.
2393 3080 2508 3134 170.
2535 3078 2555 3151 ]
2581 3078 2740 3132 Intret
2785 3078 3056 3147 postulatio
3105 3093 3214 3130 mea
3254 3078 3305 3130 in
3349 3087 3615 3146 conspectu

2036 3185 2122 3229 tuo
2143 3218 2156 3239 ,
2191 3175 2441 3238 Domine;
2465 3175 2735 3229 secundum
2768 3175 3019 3244 eloquium
3054 3183 3191 3226 tuum
3223 3173 3359 3242 eripe
3386 3189 3481 3225 nte.
3512 3172 3617 3226 Re-

2037 3267 2165 3336 petit
2192 3265 2580 3335 quodammode
2608 3266 2744 3334 quod
2768 3266 2966 3335 petivit.
2986 3264 3116 3318 Nam
3141 3264 3278 3331 quod
3309 3267 3451 3333 prius
3471 3264 3621 3320 dixe-

2017 3365 2134 3417 .rat,
2157 3358 2537 3427 Appropinquet
2559 3357 2721 3410 oratio
2751 3373 2860 3409 mea
2884 3357 2935 3409 in
2960 3367 3226 3423 conspectu
3254 3365 3357 3420 tuo,
3387 3355 3622 3420 Domine;

2036 3449 2159 3504 huic
2205 3448 2378 3503 simile
2421 3457 2502 3502 est
2531 3446 2666 3516 quod
2709 3447 2785 3500 ait
2815 3447 3079 3515 posterius
3110 3488 3124 3510 ,
3157 3445 3319 3500 Intret
3349 3447 3620 3516 postulatio

2036 3559 2144 3595 mea
2163 3542 2212 3595 in
2234 3548 2498 3608 conspectu
2517 3550 2617 3600 tuo,
2647 3537 2881 3596 Domine:
2902 3547 2955 3592 et
2974 3537 3111 3607 quod
3145 3540 3309 3607 prius,
3332 3538 3621 3592 Secundunt

2034 3634 2285 3701 eloquium
2316 3643 2454 3685 tuum
2483 3631 2549 3685 da
2577 3631 2700 3684 nti/ti
2727 3631 3051 3694 intellectum;
3075 3630 3195 3683 huic
3218 3631 3456 3700 congruit
3478 3628 3636 3699 quod'

2038 3728 2298 3796 posterius
2318 3769 2330 3789 ,
2359 3724 2649 3780 Secundum
2682 3724 2932 3794 eloquium
2979 3732 3118 3775 tuum
3144 3724 3280 3788 eripe
3311 3738 3406 3774 me.
3456 3721 3616 3774 Acci-

2038 3816 2230 3886 piendo
2273 3816 2468 3885 quippe
2508 3815 2828 3868 intellectum
2855 3813 3077 3883 eripitur
3101 3854 3116 3876 ,
3145 3813 3232 3882 qui
3265 3827 3359 3880 per
3385 3811 3618 3879 seipsum

2043 3923 2145 3962 nou
2176 3906 2517 3973 intelligendo
2544 3907 2822 3974 decipitur.

2107 3999 2160 4052 5.
2194 3996 2341 4068 [vers.
2371 3994 2516 4066 171.]
2576 3993 2920 4056 Eructubunt,
2957 3992 3159 4062 inquit,
3212 3992 3343 4045 labia
3375 4009 3482 4046 mea
3525 3993 3619 4064 Ity-

2037 4104 2208 4142 mnttm
2233 4128 2248 4154 ,
2271 4103 2384 4140 eunt
2416 4085 2645 4138 docueris
2673 4101 2752 4138 me
2775 4083 3164 4153 justi/icationes
3191 4093 3323 4135 tuas.
3365 4081 3619 4138 Novimus

2037 4177 2480 4249 quemadmodum
2525 4177 2714 4230 doceat
2759 4190 2852 4229 eos
2896 4176 3036 4230 Deus
3078 4176 3167 4245 qui
3203 4183 3325 4228 sunt
3366 4175 3624 4231 docibiles

2039 4272 2166 4326 Deo.
2199 4269 2384 4324 Omnis
2413 4269 2553 4323 enim
2585 4267 2673 4337 qui
2701 4265 2898 4321 audivit
2925 4282 2954 4318 a
2984 4267 3138 4320 Patre
3162 4274 3210 4319 et
3242 4265 3447 4328 didicit,
3480 4266 3626 4320 venit

2037 4362 2102 4417 ad
2129 4377 2250 4417 eum
2281 4361 2368 4432 qui
2405 4359 2661 4431 justilicat
2693 4359 2910 4428 impium
2941 4356 3118 4429 (Joan.
3148 4373 3198 4410 vr
3224 4397 3237 4416 ,
3262 4357 3356 4425 45)
3386 4374 3400 4411 :
3432 4364 3491 4410 ut
3519 4373 3624 4410 non

2039 4455 2210 4509 Solum
2243 4454 2495 4508 memoria
2527 4451 2825 4515 retinendo,
2852 4467 3035 4506 vermn
3065 4451 3225 4505 etiam
3258 4449 3499 4504 faciendo
3525 4465 3624 4504 cu-

2039 4545 2235 4600 stodiat
2255 4543 2666 4612 justilicatioues
2689 4542 2798 4596 Dei.
2823 4540 2909 4596 Sic
2933 4542 3074 4596 enim
3105 4541 3192 4611 qtti
3222 4539 3498 4609 gloriatur,
3522 4555 3625 4593 non

2041 4637 2092 4691 in
2138 4636 2348 4705 scipso,
2380 4635 2472 4689 sed
2522 4635 2575 4689 in
2634 4633 2858 4688 Domino
2909 4633 3164 4704 gloriatur
3190 4630 3233 4704 (l
3261 4630 3378 4687 Cor.
3408 4647 3456 4696 ι,
3491 4630 3582 4702 51)
3607 4669 3625 4696 ,

2041 4731 2377 4802 hymnusque
2403 4737 2692 4782 eruetatur.

2113 4825 2164 4876 4.
2200 4821 2348 4894 [vom
2380 4818 2525 4892 172.]
2557 4819 2659 4874 Sed
2681 4819 2791 4889 jam
2821 4819 2940 4888 quia
2971 4816 3152 4871 didicit
3182 4823 3236 4868 et
3265 4813 3496 4867 laudavit
3523 4813 3622 4868 do-

2042 4926 2242 4970 ctorem
2277 4915 2439 4968 Deum
2466 4954 2481 4978 ,
2505 4911 2696 4966 deinde
2729 4911 2838 4964 vult
2871 4910 3081 4963 docere.
3114 4904 3469 4960 Prouuntiabit
3498 4947 3510 4963 ,
3542 4905 3626 4960 in-

2042 4989 2157 5080 quit
2181 5052 2194 5074 ,
2227 5008 2398 5079 lingua
2427 5023 2538 5060 mea
2573 5004 2767 5075 eloquia
2796 5013 2898 5064 tua,
2927 5002 3046 5068 quia
3075 4998 3243 5052 omnia
3269 4996 3512 5050 mandata
3541 5005 3628 5050 tua

2035 5102 2235 5173 justitia
2263 5102 2302 5154 ¹.
2331 5101 2464 5154 Cum
2497 5100 2610 5154 lucc
2641 5113 2699 5152 se
2745 5093 3201 5164 pronuntiaturum
3246 5090 3374 5144 dicit
3400 5132 3414 5155 ,
3445 5091 3627 5159 utique

2044 5193 2286 5248 minister
2317 5192 2375 5246 fit
2399 5191 2564 5245 verbi.
2596 5187 2847 5256 Quamvis
2875 5185 3014 5239 enim
3045 5183 3182 5238 Deus
3211 5183 3400 5236 doceat
3430 5181 3626 5236 intrin-

2043 5300 2216 5348 secus;
2252 5295 2424 5339 tamen
2455 5281 2585 5336 fides
2605 5295 2669 5335 ex
2696 5278 2874 5333 auditu
2903 5287 3013 5332 est:
3035 5287 3086 5331 et
3111 5275 3378 5344 quomodo
3403 5274 3627 5328 audiunt

2043 5379 2156 5433 sine
2185 5377 2504 5447 przedicante
2529 5372 2701 5444 (Rom.
2734 5387 2798 5434 χ,
2827 5371 2893 5424 17
2919 5411 2932 5432 ,
2963 5369 3089 5440 14)¹2
3114 5368 3296 5438 Neque
3338 5367 3478 5421 enim
3503 5363 3625 5436 quia

2044 5467 2184 5522 Deus
2223 5467 2313 5520 dat
2359 5466 2740 5519 incrementum
2774 5460 2831 5534 (l
2870 5459 2988 5516 Cor.
3021 5475 3104 5527 ιιι,
3139 5458 3242 5530 7),
3271 5459 3390 5514 ideo
3418 5471 3521 5512 non
3545 5462 3627 5510 cst

2043 5557 2386 5631 plantandum
2418 5565 2472 5612 et
2496 5555 2793 5625 rigandum.

2115 5653 2166 5708 5.
2193 5648 2340 5724 [vers.
2373 5651 2476 5708 175
2500 5692 2513 5717 ,
2548 5646 2694 5723 174.]
2721 5647 2830 5705 Scit
2851 5656 3025 5704 autem
3057 5660 3175 5718 quae
3215 5641 3443 5714 pericula
3469 5654 3623 5695 secu-

2110 5813 2122 5842 ¹
2152 5812 2223 5860 Sic
2245 5821 2307 5859 ex
2343 5809 2528 5873 aliquot
2571 5817 2674 5859 MSS.
2713 5809 2786 5858 sic
2804 5801 3267 5873 _etiam_tmbrosius
3298 5800 3346 5848 in
3371 5799 3472 5848 suis
3492 5804 3626 5848 com-

2044 5873 2290 5922 mentariis
2313 5872 2370 5922 ad
2393 5863 2578 5922 huncce
2614 5869 2917 5922 versiculum.
2943 5863 3194 5927 [f'ttlifitt-j
