4160 6440
622 353 759 410 1595

619 478 736 523 tura
767 467 870 522 sint
899 479 925 519 a
956 463 1437 521 contradicentibus
1476 469 1528 514 et
1573 459 2012 530 persequentibus
2037 499 2051 523 ,
2078 473 2200 511 cum

619 558 777 613 fuerit
824 555 1193 627 pronuntiator
1240 552 1575 622 eloquiorum
1627 550 1767 605 Dei:
1803 557 2018 619 propter
2067 547 2209 617 quod

620 649 859 719 adjunxit
885 689 896 712 ,
927 647 1046 701 Fiat
1075 662 1253 700 manus
1294 654 1378 699 tua
1401 686 1416 712 ,
1441 653 1494 700 ut
1530 643 1724 698 salvam
1763 658 1843 696 me
1869 644 2022 712 faciat
2045 658 2064 706 ;
2090 641 2210 711 quia

620 740 860 793 mandata
903 747 988 790 tua
1024 737 1169 808 elegi.
1195 735 1264 792 Ut
1310 749 1414 789 non
1458 735 1700 789 timerem
1727 775 1742 799 ,
1771 748 1870 788 nec
1899 733 2070 787 solum
2118 747 2211 787 cor

622 844 795 884 meum
821 830 1087 893 teneret‘,
1115 826 1209 882 sed
1231 827 1405 897 lingua
1429 826 1587 880 etiam
1614 824 1981 895 pronuntiaret
2003 821 2211 891 eloquia

622 928 730 983 tua;
763 919 1002 972 mandata
1030 927 1115 972 tua
1143 917 1290 988 elegi,
1321 917 1672 987 timoremque
1694 931 1878 970 amore
1894 913 2204 983 compressi.

626 1011 743 1067 Fiat
771 1025 897 1080 ergo
937 1025 1125 1064 manus
1151 1017 1237 1063 tua
1259 1049 1274 1074 ,
1302 1017 1358 1062 nt
1400 1008 1602 1062 salvum
1632 1022 1718 1062 me
1752 1005 1818 1061 de
1848 1021 2007 1060 manu
2052 1005 2210 1060 facias

623 1103 814 1156 aliena.
846 1097 934 1156 Sic
958 1111 1134 1155 autem
1158 1100 1297 1154 Deus
1317 1099 1492 1153 salvos
1523 1106 1784 1168 martyres
1811 1096 1955 1163 fecit,
1979 1111 2102 1150 cum
2119 1109 2213 1150 eos

623 1193 676 1247 in
705 1192 878 1246 anima
909 1206 1012 1245 non
1043 1191 1280 1261 permisit
1300 1189 1467 1244 occidi
1502 1208 1513 1242 :
1541 1204 1660 1242 nam
1679 1187 1970 1242 secundum
1998 1202 2211 1242 carnem

624 1299 759 1337 vana
784 1283 927 1337 salus
955 1281 1182 1335 hominis
1204 1280 1371 1350 (Psal.
1399 1297 1504 1344 ιλιι,
1530 1279 1830 1344 l'5).Potest
1852 1286 1904 1332 et
1925 1277 2002 1333 sic
2021 1277 2210 1347 accipi,

627 1377 748 1430 Fiat
788 1391 965 1428 manus
992 1383 1076 1427 tua
1097 1414 1111 1440 ,
1141 1381 1197 1426 ut
1225 1386 1412 1426 manus
1445 1370 1536 1425 Dei
1568 1369 1811 1424 Christus
1847 1368 2207 1438 intelligatur;

621 1466 769 1535 juxta
799 1465 926 1519 illud
958 1463 1122 1527 Isaia),
1145 1462 1210 1516 Et
1237 1461 1491 1515 brachium
1517 1460 1721 1514 Domini
1747 1460 1826 1512 cui
1852 1459 2118 1513 revelatum
2139 1467 2214 1512 est

627 1555 776 1624 (lsai.
809 1572 894 1609 ι.ιιι
918 1597 933 1620 ,
967 1555 1051 1625 l)?
1073 1553 1184 1608 Non
1216 1553 1358 1609 enim
1387 1561 1500 1607 erat
1529 1552 1697 1606 factus
1727 1550 2061 1620 Uuigenitus,
2089 1566 2211 1606 cum

625 1663 722 1717 per
751 1662 873 1702 eum
916 1647 1049 1701 facta
1074 1646 1182 1700 sint
1206 1645 1380 1699 omnia
1413 1643 1586 1714 (Joan.
1612 1660 1652 1708 ι,
1685 1642 1738 1714 5)
1770 1661 1784 1709 ;
1812 1643 1904 1698 sed
1935 1643 2102 1700 factus
2131 1651 2214 1698 est

625 1754 689 1792 ex
719 1738 920 1792 semine
947 1737 1114 1791 David
1136 1735 1313 1805 (Rom.
1340 1751 1355 1788 ι
1381 1778 1395 1802 ,
1424 1733 1478 1805 5)
1510 1776 1524 1800 ,
1553 1742 1610 1788 ιιι
1649 1742 1790 1789 esset
1830 1733 1984 1789 Jesus
2005 1775 2018 1798 ,
2051 1733 2102 1788 id
2132 1742 2214 1788 est

627 1828 890 1893 Salvator,
919 1829 1005 1898 qui
1032 1829 1138 1896 jam
1171 1835 1284 1881 erat
1313 1826 1553 1881 Creator.
1582 1825 1685 1881 Sed
1714 1841 1832 1880 cum
1862 1825 2120 1880 familiare
2146 1826 2214 1880 sit

627 1921 947 1989 Scriptum,
975 1918 1099 1971 Fiat
1127 1935 1308 1972 manus
1337 1927 1421 1971 tua
1447 1934 1465 1982 ,°
1511 1927 1563 1972 et
1583 1959 1597 1980 ,
1627 1917 1786 1971 Facta
1807 1927 1878 1971 est
1899 1935 2079 1972 manus
2104 1917 2215 1972 Do-

626 2011 750 2064 mini
780 2010 986 2081 (Ezeclt.
1018 2027 1053 2074 ι,
1079 2011 1130 2074 '5,
1155 2010 1275 2079 etc.)
1304 2027 1315 2062 :
1343 2010 1519 2063 nescio
1542 2018 1715 2064 utrum
1736 2009 1902 2078 possit
1920 2009 2003 2063 hic
2023 2023 2214 2064 sensus

626 2103 680 2158 in
710 2104 788 2158 eis
817 2103 942 2156 locis
963 2102 1206 2156 omnibus
1234 2102 1482 2156 obtineri.
1505 2103 1642 2157 Sane
1678 2103 1764 2156 ubi
1799 2103 2040 2157 audimus
2071 2104 2213 2174 quod

623 2193 886 2263 sequitur,
920 2190 1196 2267 Concupivi
1219 2192 1444 2246 salutare
1471 2201 1631 2258 tuum,
1662 2191 1897 2258 Domine;
1923 2195 2080 2249 etiam
2113 2211 2213 2249 no-

627 2286 855 2340 lentibus
886 2285 1130 2339 omnibus
1155 2285 1402 2352 inimicis,
1425 2287 1656 2340 salutare
1685 2287 1775 2340 Dei
1801 2288 1952 2343 nobis
1972 2288 2213 2344 Christus

626 2387 893 2433 occurrat:
911 2378 1081 2448 ipsum
1105 2393 1160 2432 se
1181 2377 1496 2448 concupisse
1512 2377 1635 2448 justi
1655 2379 1855 2448 antiqui
1878 2380 2216 2437 voracissima

626 2471 950 2525 confitentur
974 2511 988 2537 ,
1019 2471 1189 2539 ipsum
1231 2470 1533 2539 concupivit
1562 2471 1796 2525 Ecclesia
1837 2481 2118 2526 venturum
2145 2472 2215 2528 de

627 2562 922 2620 visceribus
952 2563 1156 2627 matris,
1191 2562 1362 2631 ipsum
1391 2563 1721 2632 concupiscit
1753 2562 1989 2618 Ecclesia
2020 2571 2213 2618 ventu-

625 2671 746 2710 rum
773 2670 799 2707 a
827 2654 1047 2709 dextera
1076 2653 1264 2708 Patris.
1288 2653 1634 2723 Subjungitur
1653 2663 1827 2708 autem
1856 2643 1979 2708 huic
2000 2663 2217 2709 senten-

629 2747 746 2813 tim,
777 2745 841 2800 Et
867 2745 948 2799 (ea:
986 2755 1071 2798 tua
1101 2745 1356 2798 meditatio
1395 2761 1505 2799 mea
1534 2753 1605 2799 est
1637 2761 1655 2799 :
1687 2745 1810 2816 quia
1853 2745 1936 2799 lex
1974 2745 2216 2815 perhibet

628 2837 988 2893 testimonium
1016 2836 1244 2890 Christo.
1535 2878 1552 2897 ,

700 2927 751 2982 6.
797 2926 945 2999 [vers.
979 2924 1124 2998 175.]
1163 2925 1266 2982 Sed
1295 2927 1345 2980 in
1375 2925 1474 2980 hac
1498 2925 1618 2992 fide,
1642 2926 1762 2981 eum
1791 2927 1952 2981 corde
1979 2928 2217 2982 creditur

626 3017 694 3072 ad
747 3016 1022 3086 justitiam,
1081 3031 1174 3071 ore
1225 3025 1402 3070 autem
1442 3014 1708 3071 confessio
1764 3015 1824 3071 fit
1871 3017 1937 3069 ad
1992 3018 2215 3072 salutem

629 3110 805 3183 (Itoni.
854 3127 911 3173 ιι,
961 3109 1083 3178 l0);
1130 3109 1358 3164 fremant
1402 3118 1611 3178 gentes,
1667 3108 1848 3178 pepuli
1893 3109 2217 3164 meditentur

630 3203 805 3258 inania
830 3199 1002 3271 (Psat.
1027 3217 1083 3267 ιι,
1115 3199 1194 3269 l),
1219 3199 1492 3255 occidatur
1521 3208 1668 3254 certe
1712 3215 1837 3255 caro
1865 3200 1991 3254 dum
2021 3200 2214 3269 prmdi-

632 3302 718 3348 cat
750 3301 836 3348 te:
881 3292 1015 3346 Vivet
1055 3292 1224 3345 anima
1264 3309 1392 3356 mea,
1425 3299 1471 3345 et
1497 3290 1722 3345 laudabit
1750 3299 1815 3354 te,
1845 3301 1892 3344 et
1906 3291 2103 3361 judicia
2131 3303 2218 3346 tua

632 3385 940 3455 adjavabunt
969 3401 1064 3438 me.
1095 3384 1299 3438 Jndicia
1343 3385 1538 3454 quippe
1570 3385 1654 3437 illa
1693 3393 1834 3450 sunt,
1864 3401 1980 3455 quae
2010 3393 2218 3454 tempus

631 3486 747 3530 erat
774 3485 829 3530 nt
859 3477 1154 3546 inciperent
1181 3493 1210 3530 a
1236 3477 1396 3530 domo
1420 3476 1625 3531 Domini
1647 3476 1689 3549 (ι
1713 3476 1849 3530 Petr.
1875 3495 1945 3542 tv,
1977 3479 2080 3549 l7).
2109 3479 2218 3534 Sed

631 3568 941 3640 adjuvabunt
976 3585 1074 3629 me.
1108 3569 1296 3639 inquit.
1337 3569 1402 3623 Et
1443 3570 1561 3639 quis
1608 3584 1712 3623 non
1752 3568 1926 3624 videat
1963 3578 2218 3640 quantum

631 3662 892 3733 adjuverit
919 3662 1214 3717 Ecclesiam
1242 3661 1455 3732 sanguis
1488 3661 1782 3716 Ecclesim?
1808 3671 2002 3732 quanta
2035 3678 2102 3717 ex
2130 3663 2218 3718 illa

632 3764 868 3810 semente
899 3770 1052 3826 seges
1082 3763 1191 3809 toto
1217 3754 1348 3808 orbe
1372 3753 1692 3808 surrexerit?

703 3849 753 3902 7.
799 3847 948 3920 [vet-3.
983 3845 1130 3918 176.]
1171 3846 1466 3902 Novissime
1490 3860 1709 3916 prorsus
1733 3848 1903 3915 aperit
1927 3862 2005 3911 se,
2031 3855 2084 3902 et
2101 3863 2218 3918 qua:

632 3955 860 4010 persona
906 3956 1000 4011 per
1051 3948 1218 3994 totum
1267 3939 1536 3993 Psalmum
1589 3937 1923 4006 loquebatur,
1965 3938 2216 3994 ostendit.

633 4033 836 4098 Erravi,
870 4032 1060 4101 inquit,
1091 4031 1221 4084 sicut
1255 4030 1359 4084 ovis
1386 4029 1618 4099 perdita;
1640 4044 1808 4100 qurere
1831 4045 2026 4082 servum
2053 4039 2214 4098 tuum,

633 4125 750 4195 quia
784 4123 1024 4176 mandata
1051 4132 1136 4176 tua
1176 4137 1275 4175 non
1301 4138 1414 4175 sum
1453 4120 1656 4175 oblitus.
1708 4120 1960 4175 Nonnulli
2003 4121 2218 4177 codices

635 4231 740 4270 non
778 4215 976 4270 habent
1017 4230 1203 4284 qurere,
1251 4213 1345 4268 sed
1385 4214 1600 4281 vivi/ica.
1636 4211 1746 4268 Una
1776 4213 1971 4283 quippe
2019 4213 2218 4284 syllaba

635 4307 877 4373 interest,
901 4322 1002 4376 qua
1025 4307 1160 4360 inter
1180 4319 1238 4360 se
1258 4305 1307 4358 in
1333 4319 1505 4374 graeco
1521 4304 1722 4358 distant
1743 4309 1882 4370 ζῆσον
1907 4312 1962 4359 et
1986 4310 2215 4370 ζήτησονε

635 4397 777 4452 unde
822 4406 876 4452 et
919 4397 1016 4466 ipsi
1066 4396 1276 4450 codices
1315 4397 1474 4465 grreei
1524 4395 1752 4448 variant.
1798 4395 1904 4450 Sed
1947 4396 2221 4465 quodlibet

637 4489 825 4542 horum
864 4487 953 4551 sit,
997 4487 1110 4540 ovis
1134 4485 1333 4555 perdita
1365 4495 1652 4555 quaeratur,
1682 4485 1797 4539 ovis
1820 4483 2024 4553 perdita
2050 4485 2220 4540 vivifi-

633 4587 804 4645 cctur,
836 4587 1052 4649 pr0pter
1081 4593 1237 4648 quam
1265 4587 1445 4646 pastor
1465 4576 1580 4646 ejus
1611 4577 1893 4646 nonaginta
1924 4593 2111 4632 novem
2135 4579 2216 4632 di-

633 4669 779 4724 misit
803 4669 856 4723 in
897 4667 1180 4732 montibus,
1215 4675 1268 4721 et
1289 4682 1404 4721 eam
1433 4680 1679 4736 quaerens
1710 4665 2214 4739 (Matth.xvm,12),

632 4760 866 4816 Judaicis
897 4759 1157 4814 laceratus
1182 4766 1264 4812 est
1291 4756 1561 4826 vepribus.
1601 4755 1706 4810 Sed
1733 4755 1908 4812 adhuc
1935 4758 2214 4828 quzeritur,

634 4851 810 4907 adhuc
844 4852 1134 4920 quaeratur,
1179 4863 1245 4903 ex
1285 4857 1434 4918 parte
1476 4847 1688 4901 inventa
1731 4847 1904 4902 adhuc
1927 4857 2215 4918 qumratur.

634 4942 713 4996 Ex
740 4958 800 4998 ea
833 4956 1063 5011 namque
1092 4950 1263 5011 parte,
1295 4953 1396 5009 qua
1425 4937 1553 4993 dicit
1576 4937 1697 5003 iste,
1726 4937 1975 4992 Mandata
2003 4949 2090 4994 tua
2118 4956 2220 4994 non

634 5050 744 5088 sum
770 5033 975 5098 oblitus,
1006 5032 1218 5086 inventa
1249 5039 1357 5095 est;
1385 5028 1479 5084 sed
1509 5043 1604 5098 per
1629 5042 1722 5083 eos
1743 5030 1833 5098 qui
1855 5030 2099 5086 mandata
2127 5031 2217 5086 Dei

633 5125 858 5193 eligunt,
898 5124 1211 5194 colligunt’,
1241 5122 1481 5192 diligunt,
1525 5119 1698 5174 adhuc
1723 5121 1998 5190 qureritur,
2045 5131 2098 5177 et
2126 5138 2221 5193 per

635 5215 717 5270 sui
768 5217 995 5284 pastoris
1030 5215 1341 5286 sanguinem
1388 5213 1560 5267 fusum
1606 5220 1764 5282 atque
1803 5210 2126 5282 dispersum,
2165 5215 2218 5269 in

638 5307 888 5361 omnibus
914 5308 1157 5378 gentibus
1187 5307 1474 5361 invenitur.

583 5383 594 5415 ⁵
707 5399 762 5455 8.
802 5399 874 5455 Ut
898 5399 1066 5468 potui,
1091 5407 1342 5468 quantum
1365 5414 1392 5452 a
1426 5399 1648 5452 Domino
1678 5396 1894 5467 adjutus
1915 5409 2054 5462 sum,
2079 5397 2219 5466 psal-

635 5506 781 5547 mum
827 5489 985 5544 istum
1033 5503 1278 5558 magnum
1321 5490 1634 5558 pertractavi
1679 5497 1732 5545 et
1785 5488 2023 5558 exposui.
2067 5487 2219 5556 Quod

703 5607 719 5638 ³
746 5609 818 5657 Sic
842 5613 924 5655 Am
973 5611 1024 5655 et
1047 5610 1154 5654 Mss.
1180 5605 1219 5667 si
1245 5617 1420 5666 paucos
1445 5606 1675 5667 excipias,
1712 5606 1795 5667 qui
1819 5605 2019 5667 habent,
2044 5616 2129 5653 nec
2146 5617 2218 5655 so-

634 5666 738 5719 lum
759 5681 842 5718 cor
864 5679 1025 5718 meum
1041 5678 1133 5717 non
1155 5665 1356 5716 timeret.
1383 5673 1435 5716 Αι
1453 5672 1524 5714 Er.
1555 5665 1606 5717 et
1620 5665 1749 5725 [λονᾲ
1775 5679 1862 5716 nec
1879 5666 2029 5718 solum
2054 5679 2111 5716 ne
2134 5679 2218 5718 cor

635 5743 794 5779 areum
816 5730 1017 5780 timeret.

700 5793 720 5823 ¹
747 5793 968 5853 verbum,
995 5791 1236 5856 colligunt,
1261 5791 1401 5841 abest
1422 5802 1449 5840 a
1474 5789 1690 5852 pluribus
1711 5797 1815 5840 Mss.

1859 342 1915 396 S.
1959 337 2323 395 AUGUSTINI
2366 339 2667 396 EPISCOPI

2287 5741 2294 5750 -
2323 5736 2438 5787 ergo
2459 5734 2595 5771 nemo
2617 5726 2762 5783 potest

3739 354 3857 412 1596

2317 457 2553 556 profecto
2597 459 2785 516 melius
2827 461 3175 530 sapientiores
3218 464 3583 545 doctioresque
3620 477 3854 556 fecerunt,

2317 548 2429 602 sive
2455 548 2642 603 facturi
2670 559 2828 617 sunt;
2861 568 2960 608 nec
2989 554 3110 610 ideo
3147 565 3320 614 tamen
3348 563 3397 617 ei
3432 576 3669 626 nostrum
3695 548 3862 637 deesse

2315 638 2497 730 debuit
2540 640 2912 710 ministerium,
2965 647 3192 704 maxime
3221 649 3272 704 id
3312 651 3380 707 de
3421 670 3504 712 me
3533 658 3862 730 ﬂagitantibus

2318 728 2590 823 fratribus,
2621 733 2808 823 quibus
2833 750 2952 790 sum
2994 731 3214 795 debitor.
3235 742 3391 813 hujus
3415 748 3592 806 officii.
3609 728 3760 823 Quod
3785 777 3863 819 au-

2317 828 2433 922 tem.
2454 821 2519 876 de
2547 822 2830 922 alphabeto
2861 825 3096 894 hebrreo,
3135 831 3222 886 ubi
3260 838 3433 891 octoni
3459 821 3865 922 versus'singulis

2317 910 2594 980 subjacent
2614 914 2824 981 litteris,
2856 927 3015 988 atque
3037 919 3107 974 ita
3130 921 3372 981 Psalmus
3402 937 3541 988 totus
3567 910 3846 1000 contexitur

2316 1002 2446 1101 nihil
2491 1006 2619 1073 dixi,
2664 1023 2766 1101 non
2817 1009 2886 1064 sit
2919 1012 3132 1080 mirum,
3183 1019 3428 1086 quoniam
3470 989 3866 1101 nihilque-dust;

2317 1095 2474 1150 istum
2504 1099 2717 1168 proprie
2752 1104 3042 1171 pertineret
3082 1107 3256 1164 inveni
3287 1129 3300 1166 :
3330 1127 3436 1169 non
3464 1118 3606 1174 enim
3632 1095 3766 1180 solus
3787 1126 3868 1184 ha-

2315 1188 2407 1284 bet
2431 1189 2524 1244 has
2551 1190 2775 1284 litteras.
2809 1193 2944 1250 Illud
2973 1211 3102 1254 sane
3127 1200 3298 1256 sciant
3325 1205 3414 1274 qui
3441 1205 3545 1264 hoc
3570 1211 3622 1266 in
3645 1229 3801 1284 graeca
3825 1231 3870 1276 et

2318 1279 2478 1334 latina
2507 1282 2788 1352 scriptura,
2817 1287 3066 1356 quoniam
3098 1305 3203 1346 non
3235 1293 3342 1349 illic
3379 1279 3671 1357 servatum-
3686 1314 3779 1373 est,
3804 1309 3870 1364 in-

2316 1370 2498 1426 venire
2528 1387 2632 1426 non
2660 1385 2900 1446 possunt,
2933 1394 3119 1436 omnes
3145 1391 3366 1440 octonos
3389 1403 3575 1445 versus
3604 1393 3654 1446 in
3688 1370 3873 1453 hebrai-

2316 1460 2393 1514 cis
2419 1461 2691 1519 codicibus
2717 1466 2784 1521 ab
2806 1481 2866 1521 ea
2898 1484 3017 1538 quas
3047 1471 3149 1526 illis
3175 1476 3520 1545 praeponitur,
3561 1481 3729 1540 littera
3756 1487 3872 1544 inci-

2315 1567 2477 1650 pere;
2521 1556 2655 1611 sicut
2685 1559 2838 1614 nobis
2868 1560 2936 1616 ab
2977 1562 3055 1616 eis
3081 1565 3171 1634 qui
3203 1566 3318 1622 illas
3361 1584 3629 1629 noverunt
3671 1577 3870 1650 litteras,

2317 1643 2604 1699 indicatum
2651 1656 2752 1742 est.
2798 1649 2951 1717 Quod
2999 1655 3167 1710 multo
3211 1657 3521 1729 diligentius
3561 1664 3746 1724 factum
3781 1643 3870 1742 est,

2317 1747 2473 1802 quam
2516 1738 2683 1792 nostri
2713 1740 2794 1794 vel
2825 1740 2986 1806 latine
3029 1745 3113 1799 vel
3155 1748 3364 1817 punice,
3394 1767 3536 1822 quos
3563 1738 3874 1820 abecedarios

2317 1836 2508 1883 vocant
2562 1831 2827 1899 psalmos,
2887 1833 3064 1891 facere
3117 1853 3538 1900 consueverunt.
3590 1848 3702 1905 Non
3753 1856 3872 1911 enim

2317 1933 2502 1973 omnes
2545 1925 2728 1976 versus
2766 1923 2936 1980 donec
2975 1927 3254 1986 claudatur
3293 1935 3571 2007 periodus,
3619 1942 3710 1997 sed
3753 1948 3875 2002 solos

2317 2011 2517 2080 primos
2547 2013 2612 2068 ab
2637 2014 2822 2071 eadem
2851 2017 3024 2074 littera
3054 2021 3335 2094 incipiunt,
3375 2044 3538 2098 quam
3571 2047 3872 2104 prmponunt.

2325 2146 3874 2187 Ἠ

2752 2225 2832 2285 IN
2875 2225 3254 2292 PSALMUM
3287 2234 3500 2298 CXIX

2919 2347 3340 2408 ENARRATIO.

2866 2479 3038 2523 SERMO
3063 2485 3131 2524 AD
3159 2485 3382 2528 PLEBEI.

2392 2573 2442 2627 l.
2486 2571 2635 2647 [vers.
2678 2575 2753 2648 1.]
2794 2577 2978 2634 Brevis
3021 2581 3261 2639 Psalmus
3298 2593 3400 2654 est,
3458 2597 3518 2642 et
3547 2589 3694 2646 valde
3731 2593 3868 2661 utilis,

2318 2679 2477 2734 quem
2506 2667 2664 2722 modo
2693 2669 2843 2724 nobis
2887 2681 3156 2728 cantatum
3195 2675 3523 2747 audivimus,
3563 2691 3615 2736 et
3639 2685 3872 2739 cantando

2320 2758 2714 2827 respondimus.
2761 2760 2875 2816 Non
2905 2762 2995 2816 diu
3041 2764 3347 2823 laborabitis
3387 2768 3442 2824 in
3495 2772 3766 2841 audiendo,
3793 2791 3873 2831 nec

2322 2848 2649 2905 infructuose
2678 2850 2985 2908 laborabitis
3013 2855 3063 2909 in
3094 2857 3383 2925 operando.
3433 2859 3539 2917 Est
3580 2863 3735 2932 enim,
3761 2867 3873 2922 sicut

2320 2939 2435 3008 ejus
2475 2940 2662 2996 titulus
2707 2952 3054 3012 prmnotatur,
3099 2945 3360 3002 Canticum
3403 2952 3678 3020 graduum.
3718 2954 3872 3014 Graece

2321 3033 2574 3101 scriptum
2616 3042 2718 3099 est,
2758 3037 3053 3103 ἀναϐαθμῶν.
3095 3036 3303 3094 Gradus
3339 3042 3422 3097 vel
3468 3043 3871 3102 descendentium

2322 3130 2447 3176 sunt
2467 3123 2548 3177 vel
2590 3124 2991 3180 ascendentium
3026 3145 3040 3182 :
3081 3128 3174 3184 sed
3206 3131 3402 3200 gradus
3439 3137 3707 3203 quomodo
3733 3137 3778 3192 iu
3805 3138 3871 3194 his

2322 3214 2544 3285 psalmis
2570 3215 2725 3285 positi
2756 3225 2898 3283 sunt,
2923 3217 3274 3275 ascendentes
3293 3221 3618 3292 significant.
3646 3225 3873 3298 Intelliga-

2322 3320 2444 3361 mus
2473 3320 2600 3377 ergo
2635 3315 2885 3376 tanquam
2921 3309 3193 3363 ascensuri
3219 3328 3232 3364 :
3262 3327 3362 3368 nec
3387 3315 3728 3373 ascensiones
3751 3319 3874 3387 pedi-

2323 3397 2423 3452 bus
2449 3399 2818 3469 corporalibus
2844 3416 3162 3471 quaeramus,
3195 3403 3288 3459 sed
3315 3404 3457 3460 sicut
3490 3408 3542 3462 in
3576 3409 3675 3463 alio
3700 3410 3874 3480 psalmo

2324 3490 2576 3559 scriptum
2617 3499 2720 3558 est,
2757 3509 2774 3542 ι
2806 3492 3159 3548 Ascensiones
3197 3495 3250 3550 in
3285 3497 3446 3552 corde
3483 3499 3599 3569 ejus
3629 3501 3870 3570 disposuit,

2324 3581 2374 3635 in
2415 3581 2654 3637 convalle
2702 3583 3032 3653 plorationis,
3079 3586 3133 3640 in
3173 3587 3348 3642 locum
3387 3604 3555 3660 quem
3594 3592 3868 3662 disposuit»

2323 3672 2495 3744 (Psal.
2524 3689 2749 3739 Lxxxm,
2780 3674 2812 3729 6
2841 3685 2886 3729 et
2917 3676 2992 3746 7).
3023 3677 3162 3733 Dixit
3197 3698 3215 3731 ι
3236 3681 3614 3749 ascensiones;
3643 3703 3660 3737 ι
3692 3683 3805 3738 ubi?
3829 3681 3873 3736 Id

2323 3773 2426 3832 est,
2459 3783 2478 3816 ι
2508 3765 2562 3818 in
2585 3765 2766 3820 corde.
2799 3786 2816 3817 ι
2841 3765 3028 3822 Unde?
3050 3769 3092 3822 Α
3114 3786 3132 3819 ‹
3160 3770 3402 3825 convalle
3431 3773 3756 3841 plorationis.
3785 3789 3802 3824 ι
3822 3770 3874 3825 Et

2319 3856 2428 3928 jam
2453 3873 2560 3928 quo
2586 3857 2926 3925 ascendatur,
2950 3867 3199 3930 tanquam
3219 3861 3398 3918 deficit
3418 3880 3604 3920 sermo
3625 3866 3870 3930 humanus,

2324 3963 2424 4004 nec
2471 3949 2723 4020 explicari
2777 3958 2988 4020 potest,
3040 3951 3177 4007 forte
3224 3968 3323 4010 nec
3371 3957 3620 4026 cogitari.
3670 3955 3873 4011 Audistis

2323 4043 2506 4108 modo,
2537 4057 2658 4096 cum
2687 4042 2974 4112 Apostolus
3015 4043 3304 4114 legeretur,
3343 4063 3361 4097 ι
3390 4045 3551 4114 Quod
3589 4047 3763 4103 oculus
3787 4061 3871 4100 non

2322 4131 2474 4198 vidit,
2498 4147 2596 4187 nec
2620 4132 2764 4187 auris
2795 4132 3014 4200 audivit,
3039 4149 3138 4189 nec
3163 4135 3215 4189 in
3243 4149 3335 4190 cor
3363 4135 3603 4192 hominis
3622 4137 3862 4194 ascendit»

2325 4223 2368 4294 (l
2391 4220 2507 4278 Cor.
2535 4239 2592 4290 ιι,
2621 4222 2698 4296 9).
2728 4243 2746 4277 ι
2776 4224 2830 4279 In
2852 4240 2945 4280 cor
2965 4225 3193 4282 hominis
3213 4243 3318 4284 non
3345 4230 3620 4296 ascendit;
3647 4249 3664 4282 ι
3691 4245 3774 4286 cor
3795 4228 3871 4282 bo-

2323 4317 2483 4373 minis
2523 4318 2647 4372 illuc
2684 4318 2957 4374 ascendat.
3001 4319 3142 4390 Ergo
3170 4321 3289 4390 quia
3326 4339 3345 4372 ι
3375 4323 3569 4377 oculus
3611 4338 3708 4378 non
3745 4320 3869 4384 vidit,

2323 4421 2423 4463 nec
2444 4409 2587 4462 auris
2612 4407 2832 4475 audivit,
2858 4424 2957 4465 nec
2982 4409 3033 4463 in
3059 4424 3152 4464 cor
3171 4409 3399 4465 hominis
3422 4413 3694 4480 ascendit;
3719 4431 3736 4464 ι
3764 4425 3871 4481 quo-

2323 4497 2486 4551 modo
2529 4496 2632 4552 dici
2664 4507 2845 4569 posset
2876 4514 2981 4569 quo
3016 4500 3406 4556 ascendendum
3454 4505 3577 4559 est?
3618 4503 3732 4559 Ideo
3771 4514 3868 4556 cum

2324 4591 2430 4646 dici
2470 4607 2575 4646 non
2606 4601 2806 4660 posset,
2851 4593 2946 4656 ait,
2985 4590 3049 4645 In
3087 4591 3251 4646 locum
3285 4611 3432 4666 quem
3469 4596 3731 4665 disposuit.
3758 4590 3866 4660 Quid

2327 4683 2419 4739 tibi
2461 4684 2577 4754 plus
2604 4682 2842 4738 dicturus
2880 4699 3018 4749 sum,
3048 4683 3122 4737 ait
3157 4683 3320 4740 homo
3361 4700 3455 4756 per
3484 4702 3637 4757 quem
3675 4682 3868 4754 Spiritus

2324 4783 2538 4829 sanctus
2599 4771 2945 4842 loquebatur?
3001 4771 3054 4826 in
3113 4772 3288 4828 locum
3346 4776 3526 4840 talem,
3585 4784 3674 4829 aut
3717 4773 3864 4827 locum

2328 4867 2520 4922 talem?
2561 4865 2827 4935 Quidquid
2869 4863 3078 4933 dixero,
3129 4875 3398 4922 terrenum
3451 4869 3666 4939 cogitas,
3713 4859 3864 4919 bumi‘

2325 4959 2486 5029 repis,
2532 4972 2745 5013 carnem
2773 4965 2952 5028 portas
2983 4975 2996 5011 :
3027 4971 3222 5028 corpus
3250 4959 3390 5029 quod
3427 4960 3768 5029 corrumpitur
3791 4969 3867 5025 ag-

2324 5061 2507 5124 gravat
2537 5052 2792 5116 animam,
2837 5057 2890 5104 et
2915 5049 3162 5120 deprimit
3200 5060 3410 5107 terrena
3440 5051 3740 5106 inhabitatio
3760 5062 3864 5102 sen-

2325 5159 2444 5200 sum
2470 5143 2630 5196 multa
2657 5141 2976 5212 cogitantem
3002 5139 3154 5211 (Sap.
3179 5156 3253 5208 1x,
3283 5142 3396 5213 15).
3422 5142 3512 5196 Cui
3537 5137 3866 5211 loquarlquis

2323 5237 2600 5292 auditurus
2629 5235 2750 5290 est?
2793 5234 2914 5305 quis
2943 5234 3118 5304 capiet
3143 5233 3232 5288 ubi
3275 5234 3472 5291 erimus
3500 5241 3620 5305 post
3646 5233 3774 5287 hanc
3798 5228 3864 5281 vi-

2324 5339 2454 5398 tam,
2497 5330 2542 5384 si
2583 5329 2635 5383 in
2681 5327 2841 5384 corde
2889 5326 3326 5382 ascenderimus?
3367 5327 3492 5395 Quia
3543 5339 3666 5395 ergo
3709 5332 3860 5380 nemo,

2324 5424 2516 5496 Spera”
2547 5422 2772 5494 aliquem
2800 5419 3118 5476 ineffabilem
3153 5419 3488 5476 beatitudinis
3515 5417 3703 5480 locum,
3727 5422 3862 5484 quem

2389 5601 2404 5631 ⁸
2428 5606 2525 5662 Am,
2554 5602 2606 5647 et
2625 5601 2718 5662 Fr"
2746 5593 2906 5644 humo.
2932 5598 2985 5644 Et
3000 5594 3069 5644 sic
3087 5599 3196 5662 Mss.
3219 5598 3506 5662 constanter.
3566 5652 3576 5662 .

2387 5665 2407 5694 ι
2434 5660 2562 5709 add;
2591 5650 2716 5719 φιλία’
2744 5669 2859 5719 ergo
2879 5668 3016 5706 nemo
3037 5661 3216 5717 ερεναι-
3255 5652 3603 5719 (ἒῒιΐὶᾓίοίθηδὲδ
3643 5654 3744 5719 ⁸⁸³ςὶ
3760 5650 3861 5719 (ΫΨ

2823 5721 2958 5774 icere,
2983 5707 3142 5780 spe'ra,
3170 5725 3263 5768 etc.
3283 5716 3373 5765 Sed
3399 5712 3652 5774 legendum
3674 5707 3855 5758 videtur:

2327 5779 2443 5847 Quia
2465 5796 2577 5848 ergo
2599 5779 2752 5841 nemo,
2771 5779 2983 5844 (supple,
3009 5779 3178 5842 capere
3201 5780 3369 5842 potest)
3390 5786 3540 5828 spera.
