4160 6498
386 456 514 515 159⁸1

382 569 499 624 tibi‘
524 566 791 636 disposuit
814 565 901 635 qui
922 564 1263 620 ascensiones
1286 564 1444 621 etiam
1469 565 1521 620 in
1544 566 1706 621 corde
1733 574 1824 621 tuo
1849 567 1960 622 dis-

379 659 572 729 posuit.
641 655 746 714 Sed
791 656 916 711 ubi?
957 653 1023 709 In
1064 655 1293 710 convalle
1332 656 1649 726 plorationis.
1691 655 1959 712 Convallis

377 750 733 805 humilitatem
759 746 1052 819 signiﬁcat;
1084 762 1238 803 mons
1264 747 1635 803 celsitudinem
1673 747 1955 818 signiﬁcat.

375 838 463 894 Est
495 854 660 895 mons
690 853 796 909 quo
820 838 1191 904 ascendamus,
1219 838 1510 909 spiritualis
1536 838 1778 909 quaedam
1803 838 1958 894 celsi-

373 931 517 986 tudo.
562 931 637 986 Et
674 932 793 1001 quis
837 940 919 986 est
960 932 1060 986 iste
1103 944 1255 985 mons
1298 945 1403 1001 quo
1450 932 1809 997 ascendimus,
1856 932 1957 986 nis:

338 1020 637 1119 ‘Dominus
684 1021 841 1077 Jesus
874 1020 1156 1076 Christus?
1201 1020 1320 1090 Ipse
1366 1022 1459 1076 tibi
1500 1022 1646 1087 fecit,
1685 1020 1956 1091 patiendo,

337 1111 675 1167 ’convallem
704 1111 1033 1183 plorationis,
1067 1112 1156 1182 qui
1197 1112 1343 1178 fecit,
1390 1113 1676 1176 manendo,
1720 1121 1957 1167 montem

318 1220 327 1223 ·
354 1205 727 1259 ascensionis.
753 1203 889 1269 Quid
923 1212 1006 1257 est
1029 1204 1180 1257 vallis
1210 1203 1561 1272 plorationis?
1600 1203 1814 1257 Verbum
1838 1220 1957 1258 caro

345 1289 557 1358 factum
575 1299 672 1355 est,
697 1298 743 1344 et
769 1288 1008 1342 habitavit
1047 1289 1099 1342 in
1142 1286 1304 1341 nobis.
1332 1285 1466 1355 Quid
1493 1294 1574 1341 est
1600 1287 1753 1342 vallis
1780 1288 1960 1358 plora-

342 1382 561 1436 tionis?
594 1380 822 1434 Prwbuit
853 1378 1144 1448 percutienti
1174 1394 1228 1431 se
1253 1376 1552 1443 maxillam;
1594 1386 1847 1432 saturatas
1887 1387 1961 1433 est

336 1472 659 1543 opprobriis
690 1472 900 1544 (Thren.
933 1486 1011 1537 tu,
1035 1468 1147 1541 '50).
1171 1469 1306 1536 Quid
1329 1477 1412 1524 est
1433 1469 1582 1523 vallis
1606 1468 1960 1538 plorationis?

334 1563 749 1634 Colaphizatus
787 1571 889 1628 est,
934 1561 1103 1631 Sputis
1150 1560 1390 1627 illinitus,
1442 1558 1609 1628 spinis
1649 1567 1956 1627 coronatus,

335 1657 660 1712 crucifixus
703 1665 804 1710 est.
853 1654 978 1709 Haec
1024 1660 1107 1707 est
1150 1650 1302 1706 vallis
1346 1650 1656 1720 plorationis
1686 1649 1826 1705 unde
1866 1650 1959 1704 tibi

334 1749 773 1806 ascendentium
802 1755 901 1803 est.
933 1745 1038 1802 Sed
1063 1746 1114 1800 in
1142 1759 1247 1814 quo
1286 1742 1679 1799 ascendendum
1725 1743 1844 1798 est?
1896 1742 1961 1797 In

338 1840 633 1912 principio
664 1848 771 1894 erat
810 1837 1043 1902 Verbum,
1070 1846 1115 1890 et
1149 1834 1364 1889 Verbum
1404 1843 1507 1887 erat
1533 1833 1670 1903 apud
1698 1832 1879 1898 Deum,
1912 1843 1961 1887 et

338 1931 508 1987 Deus
561 1940 673 1986 erat
723 1928 960 1984 Verbum.
994 1927 1170 1997 Ipsum
1197 1926 1339 1981 enim
1382 1924 1597 1979 Verbum
1627 1940 1743 1977 caro
1770 1924 1961 1992 factum

342 2035 455 2092 est,
499 2038 552 2080 et
582 2026 820 2080 habitavit
848 2026 902 2079 in
923 2025 1064 2080 nobis
1087 2025 1266 2097 (Joan.
1290 2039 1328 2092 ι,
1358 2026 1409 2083 1.
1438 2026 1549 2095 14).
1573 2024 1662 2080 Sic
1686 2023 1961 2080 descendit

345 2117 425 2171 ad
463 2126 549 2181 te,
606 2124 663 2170 ut
703 2125 942 2172 maneret
970 2116 1024 2170 in
1068 2130 1128 2171 se
1157 2133 1170 2169 :
1198 2114 1476 2170 descendit
1519 2114 1584 2170 ad
1614 2124 1686 2180 te,
1728 2123 1784 2169 ut
1808 2114 1959 2170 ﬁeret

349 2207 462 2262 tibi
520 2207 779 2262 convallis
804 2206 1156 2276 plorationis;
1188 2205 1383 2259 mansit
1411 2206 1460 2259 in
1492 2218 1572 2271 se,
1596 2212 1655 2259 ut
1695 2214 1839 2261 esset
1869 2206 1959 2260 tibi

351 2312 538 2352 mons
568 2297 915 2352 ascensionis.
960 2295 1094 2362 Erit,
1137 2295 1306 2364 inquit
1360 2294 1542 2361 Isaias,
1590 2296 1642 2347 in
1683 2294 1962 2349 novissimis

355 2388 557 2442 diebus
595 2389 888 2455 manifestus
919 2386 1093 2439 mons”
1120 2384 1347 2451 Domini,
1380 2393 1587 2454 paratus
1625 2385 1679 2437 in
1706 2385 1964 2438 cacumine

356 2479 631 2532 montium
659 2478 807 2550 (lsai.
836 2493 893 2543 ιι,
923 2476 1001 2547 2).
1026 2477 1165 2531 Ecce
1184 2490 1288 2546 quo
1312 2475 1705 2531 ascendendum
1728 2484 1830 2530 est.
1855 2475 1961 2531 Sed

357 2570 487 2624 noli
517 2568 719 2638 aliquid
742 2576 1009 2623 terrenum
1036 2567 1293 2637 cogitare,
1322 2581 1422 2621 nec
1450 2567 1570 2636 quia
1605 2575 1841 2621 montem
1868 2581 1963 2621 au-

356 2660 527 2724 disti,
556 2661 661 2715 alta
684 2658 926 2730 quaedam
945 2659 1145 2729 cogites
1170 2667 1325 2713 terrae
1351 2675 1366 2711 :
1392 2673 1492 2736 nec
1515 2673 1636 2713 cum
1658 2672 1843 2714 saxum
1867 2673 1962 2714 au-

356 2752 456 2809 dis
500 2761 593 2807 aut
630 2761 857 2822 petram,
885 2751 1079 2806 duritia
1131 2766 1161 2805 a
1202 2758 1253 2806 te
1292 2750 1644 2821 intelligatur;
1695 2766 1795 2806 nec
1838 2766 1959 2807 cum

354 2844 534 2903 audis
587 2844 816 2910 leonem,
872 2842 1075 2912 cogites
1124 2841 1426 2907 feritatem;
1484 2858 1584 2897 nec
1639 2857 1760 2897 cum
1808 2843 1962 2899 audis

355 2952 597 3011 agnum,
621 2935 821 3005 cogites
844 2948 1022 3002 pecus.
1046 2932 1189 2987 Nihil
1212 2932 1400 2988 borum
1418 2941 1501 2989 est
1527 2934 1577 2987 in
1601 2948 1679 2999 se,
1707 2944 1757 2989 et
1782 2934 1960 2989 omnia

357 3030 551 3086 factus
595 3041 674 3085 e51
702 3040 800 3099 pro
842 3034 911 3079 te.
946 3023 1080 3079 Hinc
1108 3038 1236 3095 ergo
1270 3024 1665 3080 ascendendum
1697 3036 1799 3092 est,
1833 3026 1960 3081 illuc

359 3120 807 3187 ascendentium;
868 3117 934 3172 ab
978 3117 1221 3187 exemplo
1268 3117 1454 3187 ipsius,
1510 3116 1574 3171 ad
1632 3116 1959 3172 divinitatem

361 3218 564 3290 ipsius.
596 3215 907 3284 Exemplum
929 3209 1076 3268 enim
1105 3209 1199 3265 tibi
1223 3209 1345 3265 fecit
1364 3208 1693 3265 bumiliando
1719 3225 1799 3265 se.
1826 3209 1958 3264 Nam

364 3312 462 3381 qui
507 3292 759 3363 nolebant
783 3321 812 3359 a
852 3302 1096 3360 convalle
1126 3300 1436 3370 plorationis
1465 3299 1775 3365 ascendere,
1807 3315 1958 3355 com-

367 3399 545 3471 pressi
586 3405 710 3452 sunt
748 3396 816 3451 ab
846 3396 978 3465 ipso.
1017 3395 1369 3463 Prmpropere
1399 3389 1541 3445 enim
1577 3389 1823 3445 volebant
1860 3390 1958 3443 ha-

368 3492 499 3547 bere
519 3503 822 3555 ascensum,
856 3488 1086 3542 honores
1112 3485 1255 3540 altos
1275 3481 1594 3551 cogitabant,
1620 3481 1759 3535 viam
1784 3481 1959 3536 humi-

372 3582 536 3637 litatis
559 3595 663 3636 non
691 3578 1016 3649 cogitabant.
1050 3576 1310 3647 lnlelligat
1339 3570 1584 3632 Charitas
1615 3581 1789 3627 vestra
1818 3573 1961 3643 quod

373 3671 515 3739 dico,
545 3671 684 3726 duos
702 3669 992 3740 discipulos
1012 3668 1245 3723 voluisse
1265 3666 1332 3721 ad
1360 3667 1524 3721 latera
1545 3664 1774 3729 Domini,
1794 3680 1959 3719 unum

375 3765 440 3819 ad
466 3752 764 3826 dexteram,
793 3761 1019 3816 alterum
1050 3758 1114 3814 ad
1142 3759 1409 3814 sinistram
1437 3754 1669 3813 sedere:
1699 3755 1830 3809 vidit
1868 3770 1962 3810 eos

376 3854 631 3909 Dominus
657 3864 993 3923 praepropere
1021 3857 1075 3905 et
1101 3856 1426 3918 praepostere
1449 3847 1517 3903 de
1548 3843 1843 3901 honoribus
1872 3860 1962 3900 co—

377 3946 561 4015 gitare,
587 3959 710 4000 cum
735 3943 881 4013 prius
899 3941 1106 3996 discere
1133 3939 1389 3994 deberent
1410 3935 1703 3998 humiliari,
1737 3944 1793 3988 ut
1817 3936 1958 3988 exal-

380 4045 649 4100 tarentur;
679 4041 734 4089 et
762 4033 837 4088 ait
868 4033 946 4087 eis
978 4030 1232 4085 Dominus
1258 4047 1270 4082 :
1308 4028 1526 4082 Potestis
1554 4027 1720 4081 bibere
1755 4025 1961 4078 calicem

378 4145 519 4199 quem
539 4143 629 4199 ego
655 4126 897 4180 bibiturus
924 4139 1035 4187 sum
1059 4121 1271 4193 (Matth.
1295 4137 1385 4185 xx,
1408 4120 1495 4186 21,
1526 4119 1650 4190 22)?
1672 4118 1792 4188 Ipse
1819 4116 1960 4169 enim

378 4221 431 4275 in
459 4217 701 4275 convalle
728 4214 1038 4287 plorationis
1079 4212 1340 4267 bibiturus
1369 4221 1481 4266 erat
1509 4211 1725 4265 calicem
1753 4207 1964 4280 passio-

380 4311 496 4365 nis:
528 4308 603 4364 illi
632 4315 808 4361 aulem
836 4319 943 4359 non
982 4301 1316 4357 attendentes
1346 4299 1696 4354 humilitatem
1738 4295 1958 4365 Christi,

378 4396 830 4471 comprehendere
850 4393 1098 4449 volebant
1123 4391 1450 4447 altitudinem
1473 4390 1690 4445 Christi.
1720 4390 1957 4445 Revoca-

378 4492 452 4547 vit
495 4492 615 4546 illos
656 4487 722 4543 ad
753 4487 912 4552 viam,
945 4493 1190 4555 tanquam
1236 4482 1578 4547 aberrantes;
1623 4496 1727 4536 non
1767 4488 1823 4535 ut
1858 4496 1956 4536 ne-

379 4591 531 4654 garet
554 4581 657 4638 illis
684 4578 825 4650 quod
861 4576 1080 4641 vellent,
1125 4573 1220 4629 sed
1260 4582 1318 4628 ut
1345 4572 1647 4628 ostenderet
1675 4587 1778 4643 qua
1810 4572 1957 4627 veni-

379 4682 518 4728 rent.

448 4765 504 4819 2.
544 4762 745 4833 Itaque,
779 4760 967 4816 fratres
1006 4758 1131 4824 mei,
1169 4756 1310 4812 hunc
1334 4756 1593 4827 psalmum
1633 4755 1959 4811 ascensionis

381 4864 655 4912 cantemus
700 4850 968 4907 ascensuri
1016 4849 1069 4903 in
1116 4847 1308 4912 corde;
1349 4847 1471 4916 quia
1509 4855 1568 4900 ut
1609 4845 1958 4901 ascendamus

382 4947 696 5003 descensum
732 4952 815 4998 est
846 4941 912 4996 ad
948 4950 1073 5009 nos.
1092 4939 1225 4995 Nam
1253 4938 1387 4994 vidit
1410 4938 1581 4993 scalas
1607 4937 1789 5004 Jacob,
1823 4947 1878 4993 et
1906 4938 1959 4992 in

383 5037 510 5107 ipsis
546 5034 705 5090 scalis
742 5032 1087 5089 demonstrati
1135 5039 1259 5086 sunt
1301 5028 1351 5085 ei
1383 5028 1731 5085 ascendentes
1773 5037 1827 5084 et
1866 5028 1962 5084 dc-

380 5126 697 5184 scendentes
728 5122 878 5196 (Gen.
906 5138 1086 5189 xxvm,
1117 5121 1203 5192 12)
1232 5138 1244 5174 :
1274 5130 1553 5191 utrumque
1581 5119 1730 5175 vidit.
1762 5121 1959 5175 Possu-

388 5235 505 5274 mus
534 5226 721 5289 putare
755 5213 1101 5270 ascendentes
1135 5214 1299 5279 visos,
1331 5212 1700 5282 proﬁcientes;
1730 5210 1959 5266 descen-

386 5312 593 5379 dentes,
621 5308 930 5365 deﬁcientcs
954 5325 967 5362 :
1000 5306 1124 5377 quia
1150 5314 1206 5362 et
1236 5320 1424 5361 revera
1451 5304 1750 5360 invenimus
1780 5303 1880 5360 hoc
1905 5304 1961 5359 in

338 5466 339 5469 η
385 5404 584 5475 populo
624 5401 754 5467 Dei;
799 5399 887 5454 alii
920 5397 1225 5469 proﬁciunt,
1272 5397 1358 5451 alii
1388 5396 1663 5452 deﬁciunt.
1711 5396 1963 5451 Poterant

386 5494 513 5549 istos
533 5490 830 5564 signiﬁcare
855 5490 957 5545 illae
976 5489 1155 5555 scalae,
1184 5487 1277 5544 sed
1303 5488 1439 5543 forte
1455 5486 1643 5542 melius
1662 5486 1963 5557 intelligun-

389 5593 473 5641 tur
500 5596 688 5639 omnes
725 5581 850 5638 boni
886 5582 940 5638 in
969 5580 1069 5636 illis
1098 5579 1273 5645 scalis,
1312 5587 1366 5634 et
1399 5577 1747 5634 ascendentes
1787 5586 1839 5633 et
1869 5579 1963 5633 de-

1461 453 1855 510 ENARRATIO
1884 455 1946 509 IN
1987 456 2304 516 PSALML'M
2342 461 2525 519 CXIX.

3510 477 3646 535 1598

2067 573 2403 630 scandentes.
2433 575 2548 631 Non
2578 578 2720 632 enim
2747 577 2939 634 frustra
2980 595 3084 636 non
3115 581 3312 638 dictum
3341 596 3420 641 est
3449 590 3645 645 caden-

2068 673 2165 729 tes,
2206 665 2301 720 sed
2331 666 2737 725 descendentes.
2782 670 3002 726 Multum
3042 682 3217 729 autem
3260 676 3477 733 interest
3510 681 3648 736 inter

2064 754 2390 811 descendere
2415 766 2469 811 et
2509 758 2717 816 cadere.
2758 760 2889 817 Nam
2935 763 3058 831 quia
3085 764 3278 820 cecidit
3304 766 3494 835 Adam,
3526 769 3646 825 ideo

2063 844 2341 901 descendit
2374 846 2656 904 Christus:
2685 851 2775 906 ille
2819 852 3030 918 cecidit,
3077 853 3165 910 ille
3205 855 3515 923 descendit;
3555 860 3645 914 ille

2063 936 2254 991 cecidit
2277 940 2543 1007 superbia,
2588 941 2674 995 ille
2698 941 2971 998 descendit
2991 944 3370 1002 misericordia.
3401 947 3517 1003 Non
3546 964 3645 1003 au-

2065 1037 2169 1082 tem
2202 1028 2315 1098 ipse
2343 1031 2487 1087 solus
2514 1030 2788 1087 descendit
2814 1052 2826 1087 :
2851 1043 2905 1089 et
2932 1035 3143 1104 quidem
3162 1037 3228 1092 de
3254 1039 3391 1093 caelo
3418 1040 3530 1109 ipse
3557 1056 3644 1095 so-

2063 1118 2146 1173 lus
2184 1118 2492 1187 descendit;
2540 1122 2630 1177 sed
2664 1124 2816 1178 multi
2857 1125 3123 1181 imitantes
3170 1142 3291 1182 eum
3331 1130 3500 1183 sancti
3550 1131 3645 1187 de-

2064 1209 2325 1264 scendunt
2367 1210 2435 1265 ad
2474 1226 2591 1279 nos,
2640 1222 2694 1267 et
2735 1213 3125 1271 descenderunt
3162 1216 3228 1271 ad
3268 1233 3387 1273 nos.
3416 1220 3548 1275 Nam
3589 1222 3641 1276 in

2063 1298 2287 1368 quadam
2328 1301 2605 1357 altitudine
2645 1304 2823 1360 cordis
2852 1304 3123 1361 habitabat
3159 1308 3468 1377 Apostolus,
3520 1325 3642 1366 cum

2063 1387 2262 1444 diceret
2292 1408 2305 1444 :
2335 1390 2454 1445 Sive
2495 1393 2624 1446 enim
2663 1404 2824 1449 mente
2860 1397 3161 1453 excessimus
3187 1397 3315 1453 Deo.
3358 1400 3474 1455 Jam
3502 1403 3642 1471 quod

2064 1489 2242 1537 mente
2289 1492 2614 1549 excesserat,
2656 1484 2763 1539 Deo
2800 1496 3122 1542 excesserat.
3171 1489 3451 1545 Excedens
3500 1493 3642 1546 enim

2064 1580 2243 1626 mente
2271 1586 2485 1628 onmem
2514 1574 2798 1631 humanam
2829 1576 3187 1648 fragilitatem,
3218 1595 3430 1637 omnem
3460 1584 3643 1637 saeculi

2065 1662 2534 1731 temporalitatem,
2555 1666 2734 1720 omnia
2762 1683 3108 1739 qumcumque
3131 1671 3396 1727 nascendo
3421 1682 3473 1727 et
3502 1674 3644 1728 occi-

2064 1750 2240 1807 dendo
2265 1765 2577 1822 vanescunt,
2623 1760 2949 1813 transeuntia
2993 1760 3140 1827 haec;
3172 1761 3440 1818 habitabat
3479 1764 3643 1820 corde

2065 1840 2116 1895 in
2145 1842 2370 1911 quadam
2422 1844 2672 1901 ineffabili
2716 1851 3182 1919 contemplatione,
3210 1861 3464 1922 quantum
3492 1861 3644 1924 pote-

2063 1938 2165 1998 rat,
2193 1932 2261 1988 de
2292 1950 2397 2004 qua
2441 1935 2570 1990 dicit
2613 1937 2736 2007 quia
2779 1939 2978 1994 audivit
3027 1940 3309 1997 ineﬁabilia
3337 1945 3496 2000 verba
3524 1961 3643 2016 qua:

2064 2032 2169 2072 non
2198 2019 2322 2073 licet
2349 2019 2547 2073 homini
2575 2020 2718 2090 loqui
2761 2020 2827 2091 (ll
2869 2022 2983 2075 Cor.
3019 2038 3114 2090 xu,
3160 2024 3236 2094 4).
3283 2024 3387 2080 Sed
3434 2028 3525 2081 tibi
3557 2029 3647 2084 illa

2063 2108 2204 2180 loqui
2246 2095 2349 2165 non
2382 2121 2592 2180 posset:
2623 2112 2736 2181 ipse
2775 2122 2952 2168 autem
2996 2113 3176 2168 videre
3223 2115 3309 2170 illa
3361 2124 3646 2189 utcumque

2063 2210 2261 2270 posset,
2288 2217 2407 2273 qua:
2440 2202 2529 2257 tibi
2570 2203 2713 2273 loqui
2754 2217 2861 2258 non
2904 2213 3102 2273 posset.
3143 2205 3323 2277 Itaque
3359 2209 3401 2262 si
3432 2224 3646 2279 semper

2061 2307 2279 2349 manere
2308 2294 2467 2349 vellet
2491 2294 2542 2348 in
2565 2309 2631 2350 eo
2659 2294 2802 2365 quod
2829 2295 3059 2363 videbat,
3092 2304 3146 2352 et
3171 2297 3314 2368 loqui
3344 2314 3448 2354 non
3488 2309 3644 2370 pote—

2065 2393 2167 2447 rat,
2196 2388 2250 2436 te
2286 2396 2390 2435 non
2421 2382 2621 2437 levaret
2652 2382 2737 2437 ubi
2765 2392 2818 2437 et
2851 2390 2906 2438 tu
2936 2399 3123 2454 posses
3157 2384 3357 2440 videre.
3388 2385 3524 2453 Quid
3553 2401 3645 2440 au-

2066 2478 2173 2525 tem
2211 2472 2373 2526 fecit?
2403 2473 2706 2528 Descendit.
2730 2473 2862 2528 Nam
2908 2474 2978 2530 ibi
3016 2475 3090 2528 ait
3118 2493 3129 2529 :
3162 2475 3281 2530 Sive
3318 2475 3452 2529 enim
3485 2485 3646 2531 mente

2066 2564 2364 2617 excessimus
2394 2562 2522 2631 Deo,
2570 2567 2670 2619 sive
2696 2576 3025 2636 temperantes
3065 2583 3237 2621 sumus
3271 2566 3406 2621 vobis
3446 2567 3557 2635 (Id.
3590 2584 3642 2635 ν,

2066 2655 2175 2725 15).
2217 2655 2353 2723 Quid
2394 2666 2493 2724 est,
2541 2668 2871 2726 temperantes
2907 2662 3117 2714 sumus?
3144 2660 3231 2716 Sic
3274 2660 3559 2731 loquimur,
3589 2671 3647 2718 ut

2063 2760 2254 2814 capere
2289 2748 2520 2816 possitis.
2553 2749 2684 2814 Quia
2730 2758 2782 2804 et
2808 2747 3051 2805 Christus
3078 2750 3236 2805 talem
3279 2765 3339 2806 se
3379 2752 3501 2806 fecit
3540 2767 3639 2806 na-

2064 2837 2262 2893 scendo
2285 2845 2339 2893 et
2364 2838 2635 2908 patiendo,
2660 2848 2717 2893 ut
2740 2848 2957 2910 possent
2982 2840 3049 2894 de
3080 2840 3170 2894 illo
3193 2840 3436 2896 homines
3464 2841 3641 2911 loqui:

2064 2928 2186 2998 quia
2216 2929 2283 2984 de
2321 2928 2535 2985 homine
2561 2930 2722 2985 homo
2758 2930 2915 2985 facile
2956 2930 3211 3000 loquitur.
3243 2930 3316 2985 De
3346 2931 3455 2985 Deo
3483 2931 3645 2987 homo

2064 3021 2275 3091 quando
2298 3022 2530 3092 loquitur
2551 3023 2646 3088 sic,
2670 3023 2936 3093 quomodo
2964 3023 3103 3079 Deus
3124 3032 3207 3078 est
3225 3024 3248 3074 ‘l
3276 3023 3449 3077 Ilomo
3468 3032 3644 3079 autem

2064 3111 2131 3166 de
2164 3111 2379 3166 homine
2408 3113 2559 3168 facile
2595 3113 2851 3183 loquitur.
2886 3114 2953 3170 Ut
2980 3127 3109 3184 ergo
3145 3114 3319 3184 magni
3348 3114 3643 3169 descende-

2064 3211 2184 3257 rent
2221 3203 2285 3257 ad
2317 3218 2530 3273 parvos,
2571 3214 2625 3259 et
2668 3220 2773 3258 non
2805 3205 2909 3259 illis
2949 3213 3127 3260 tamen
3166 3205 3511 3276 loquerentur
3537 3207 3640 3262 nisi

2063 3309 2347 3364 magnum;
2382 3295 2494 3364 ipse
2520 3296 2609 3365 qui
2638 3311 2859 3366 magnus
2888 3306 3024 3363 erat,
3049 3294 3218 3351 factus
3239 3305 3322 3352 est
3346 3312 3559 3367 parvus,
3586 3308 3647 3353 ut

2065 3385 2132 3441 de
2174 3386 2268 3440 illo
2312 3387 2519 3457 magni‘
2575 3388 2750 3457 parvis
2797 3388 3159 3458 loquerentur.
3206 3388 3444 3444 Audistis
3487 3390 3647 3445 modo

2063 3475 2205 3546 quod
2235 3475 2374 3539 dico,
2402 3491 2523 3531 cum
2545 3478 2827 3546 Apostolus
2856 3479 3141 3550 legeretur.
3170 3478 3225 3535 Si
3255 3489 3430 3534 autem
3458 3480 3648 3536 adver-

2065 3568 2201 3622 tistis
2220 3570 2261 3633 ³,
2291 3567 2423 3622 dixit
2450 3568 2551 3623 hoc
2571 3585 2585 3623 :
2608 3569 2727 3623 Non
2748 3572 2889 3641 potui
2912 3571 3047 3625 vobis
3073 3571 3208 3642 loqui
3236 3574 3378 3641 quasi
3399 3573 3645 3641 spiritua-

2065 3660 2216 3726 libus,
2244 3660 2332 3715 sed
2357 3662 2502 3729 quasi
2520 3662 2825 3716 carnalibus.
2850 3664 2989 3735 Ergo
3010 3664 3371 3734 spiritualibus
3393 3664 3445 3718 in
3474 3665 3647 3720 excel-

2064 3752 2138 3807 sis
2165 3753 2425 3823 loquitur;
2472 3756 2777 3811 carnalibus
2823 3768 3002 3813 autem
3031 3767 3091 3812 ut
3118 3758 3384 3828 loquatur,
3415 3760 3642 3815 descen-

2064 3842 2159 3897 dit.
2197 3842 2330 3897 Nam
2366 3852 2423 3898 ut
2461 3846 2640 3899 sciatis
2677 3847 2798 3916 quia
2837 3862 2957 3901 cum
2996 3846 3291 3912 descendit,
3337 3847 3404 3902 de
3439 3849 3529 3903 illo
3556 3850 3645 3918 qui

2064 3932 2341 3988 descendit
2367 3934 2628 4004 loquitur;
2656 3951 2779 3990 ecce
2813 3936 3044 3991 Joannes
3068 3946 3371 3993 manentem
3401 3938 3452 3992 in
3483 3953 3542 3994 se
3564 3940 3646 3993 lo-

2065 4024 2245 4093 quitur
2278 4043 2290 4077 :
2330 4042 2347 4075 ι
2378 4025 2433 4079 1η
2462 4026 2721 4095 principio
2750 4034 2866 4080 erat
2893 4026 3151 4094 Verbum,
3190 4036 3243 4082 et
3270 4028 3500 4082 Verbum
3528 4040 3646 4085 erat

2065 4115 2204 4185 apud
2231 4115 2414 4181 Deum,
2449 4124 2505 4171 et
2536 4117 2673 4171 Deus
2701 4125 2816 4171 erat
2842 4117 3112 4184 Verbum;
3144 4120 3243 4174 hoc
3272 4129 3388 4174 erat
3418 4122 3467 4174 in
3493 4122 3623 4190 prin.

2065 4207 2203 4274 cipio
2230 4206 2368 4276 apud
2389 4207 2575 4261 Deum.
2600 4207 2787 4262 Omnia
2811 4224 2905 4277 per
2923 4209 3093 4279 ipsum
3124 4210 3256 4265 facta
3282 4220 3424 4279 sunt,
3457 4222 3511 4267 et
3530 4213 3644 4270 sine

2065 4299 2184 4368 ipso
2219 4295 2413 4353 factum
2442 4308 2523 4353 est
2553 4298 2703 4353 nihil.
2736 4317 2753 4350 ι
2780 4298 2943 4370 Cape,
2975 4300 3020 4355 si
3050 4310 3234 4372 potes;
3266 4304 3465 4372 arripe,
3491 4305 3644 4360 cibus

2067 4397 2168 4445 est.
2194 4388 2297 4444 Sed
2326 4388 2565 4444 dicturus
2604 4404 2662 4444 es
2692 4390 2842 4456 mihi,
2870 4390 2963 4446 Ille
2988 4392 3203 4461 quidem
3239 4393 3390 4449 cibus
3415 4405 3517 4461 est,
3551 4396 3645 4452 sed

2061 4497 2164 4555 ego
2186 4481 2359 4536 infans
2384 4496 2522 4549 sum,
2566 4483 2837 4538 lactandus
2870 4499 3010 4553 sum,
3044 4494 3101 4539 ut
3127 4485 3351 4542 idoneus
3374 4487 3491 4543 ﬁeri
3519 4504 3647 4559 pos-

2062 4575 2164 4629 sim
2194 4570 2259 4626 ad
2299 4572 2723 4628 manducandum
2748 4574 2946 4629 cibum.
2976 4575 3119 4647 Ergo
3148 4578 3269 4647 quia
3300 4588 3353 4634 tu
3378 4580 3511 4634 lacte
3542 4597 3644 4634 nu-

2054 4663 2304 4720 triendus
2335 4679 2415 4730 es,
2443 4665 2529 4720 ille
2561 4675 2737 4721 autem
2767 4666 2916 4721 cibus
2944 4677 3047 4733 est,
3082 4669 3195 4738 ipse
3220 4670 3369 4725 cibus
3400 4686 3493 4739 per
3519 4686 3639 4725 car-

2062 4772 2185 4812 nem
2242 4754 2339 4811 tibi
2390 4756 2638 4827 trajectus
2685 4766 2769 4811 est
2817 4757 2883 4812 ad
2936 4757 3135 4814 fauces.
3191 4759 3470 4827 Quomodo
3517 4776 3647 4831 ergo

2064 4849 2239 4903 cibum
2276 4856 2451 4903 mater
2478 4848 2727 4914 comedit,
2756 4859 2812 4905 ut
2839 4864 2935 4919 per
2967 4866 3182 4906 carnem
3219 4852 3445 4920 trajiciat
3470 4852 3534 4907 ad
3562 4853 3647 4906 in-

2065 4941 2265 4997 fantem
2309 4944 2396 4998 lac
2439 4940 2670 5009 factum;
2713 4942 2790 4997 sic
2828 4943 2977 4998 cibus
3014 4944 3338 5014 Angelorum
3389 4945 3646 5000 Dominus

2078 5035 2289 5091 Verbum
2335 5052 2458 5091 caro
2500 5038 2689 5107 factum
2723 5044 2814 5101 est,
2848 5044 2903 5090 et
2936 5036 3106 5090 factus
3143 5044 3227 5091 est
3272 5036 3355 5091 lac
3378 5054 3390 5089 :
3416 5044 3469 5091 et
3511 5037 3643 5092 dicit

2064 5128 2369 5198 Apostolus,
2399 5127 2508 5182 Lac
2534 5126 2668 5181 vobis
2696 5134 2866 5195 potum
2896 5125 3031 5191 dedi,
3065 5142 3165 5180 non
3193 5142 3385 5191 escam;
3423 5126 3648 5182 nondum

2064 5221 2198 5275 enim
2218 5221 2476 5291 poteratis,
2499 5219 2591 5273 sed
2612 5232 2702 5270 nec
2721 5216 2888 5270 adhuc
2909 5216 3108 5286 quidem
3138 5218 3339 5287 potestis
3364 5217 3404 5288 (Ι
3428 5217 3544 5273 Cor.
3566 5236 3643 5287 nl,

2066 5311 2118 5374 1,
2146 5310 2224 5381 2).
2254 5310 2394 5382 Ergo
2421 5307 2602 5364 dando
2631 5306 2712 5361 lac
2735 5306 3010 5362 descendit
3036 5307 3101 5363 ad
3138 5308 3418 5377 parvulos;
3445 5319 3498 5366 et
3524 5313 3646 5381 quia

2065 5402 2360 5467 descendit,
2389 5398 2805 5459 descendentem
2831 5399 3029 5456 dedit’.
3058 5401 3145 5456 Ait
3174 5401 3317 5457 enim
3344 5421 3357 5457 :
3386 5402 3647 5475 Numquid

2068 5496 2175 5550 dixi
2210 5512 2287 5551 me
2313 5495 2509 5565 aliquid
2531 5497 2664 5549 inter
2690 5510 2775 5549 vos
2800 5496 2946 5563 scire,
2975 5494 3074 5550 nisi
3098 5494 3275 5550 Iesum
3306 5495 3578 5563 Christum,
3601 5504 3648 5550 et

2070 5588 2202 5641 hunc
2236 5586 2535 5656 cruciﬁxum
2574 5583 2667 5658 (Id
2731 5602 2790 5655 ιι,
2819 5586 2914 5659 2)?
2944 5586 3078 5653 Quia
3119 5587 3165 5645 si
3192 5587 3392 5644 diceret
3419 5595 3644 5654 tantum,

452 5697 469 5729 ί
495 5697 569 5746 Sic
592 5705 690 5745 am.
730 5702 783 5746 et
811 5702 916 5746 Mss.
945 5701 997 5744 At
1018 5699 1091 5744 Er.
1114 5700 1165 5743 et
1200 5699 1332 5753 Lov.,
1356 5690 1448 5742 sibi
1471 5704 1488 5742 :
1509 5698 1560 5743 et
1592 5690 1731 5751 infra,
1750 5689 1801 5740 in
1818 5689 1963 5741 corde
2060 5724 2067 5729 -

384 5769 564 5931 ἷξενι
585 5824 645 5929 εἰ
666 5825 798 5882 Lov.,
822 5831 955 5871 mons
974 5795 1140 5869 domus
1164 5816 1369 5870 Domini.
1392 5824 1509 5878 Vox,
1535 5816 1721 5877 domus,
1745 5815 1883 5866 abest
1903 5814 1963 5864 ab

480 5894 543 5930 .e
586 5920 591 5927 .
620 5894 684 5931 ss.

480 5916 491 5929 .
515 5894 564 5931 el
585 5894 684 5931 MSS.

2135 5751 2150 5780 ι
2179 5748 2346 5796 ῐιιιπθε
2363 5753 2496 5809 διες»,
2520 5752 2571 5796 ut
2594 5746 2659 5809 def
2681 5742 2764 5794 illo
2786 5755 2974 5809 magno.

2134 5813 2153 5841 ²
2176 5820 2295 5859 Mss:
2324 5808 2371 5858 Si
2395 5804 2537 5859 aures
2560 5807 2683 5870 (vel,
2709 5804 3177 5870 aure),'advertistis.

2139 5874 2158 5905 ³
2192 5872 2413 5936 Plerique
2450 5866 2579 5934 MSS,
2604 5866 2938 5924 descendendo
2956 5866 3105 5918 dedit.
