4160 6444
643 356 778 412 1599

634 463 812 521 Iesum
843 467 1112 532 Christum,
1142 476 1218 522 est
1248 465 1400 521 Jesus
1434 467 1675 521 Christus
1713 467 1870 521 etiam
1913 468 2197 522 secundum

633 556 982 621 divinitatem,
1029 557 1323 612 secundum
1368 556 1417 611 id
1462 557 1600 627 quod
1643 568 1756 613 erat
1796 559 2024 614 Verbum
2065 561 2200 629 apud

633 644 818 709 Deum,
849 645 1015 700 Filius
1056 647 1143 700 Dei
1179 646 1333 701 Jesus
1359 647 1603 702 Christus
1632 665 1643 700 :
1677 649 1766 701 sed
1811 649 1969 710 hunc,
2001 651 2050 703 id
2095 660 2194 714 est,

632 732 733 788 hoc
785 735 942 788 modo
982 735 1200 801 dictum,
1242 736 1443 804 parvuli
1488 753 1590 790 non
1639 739 1874 806 capiunt.
1921 739 2199 806 Quomodo

629 838 756 894 ergo
777 825 993 896 capiunt
1019 827 1103 894 qui
1133 826 1215 881 lac
1239 827 1488 895 capiunt?
1513 826 1686 882 Jesum
1711 828 1979 894 Christum,
2008 831 2194 899 inquit,

627 925 675 967 et
702 915 832 968 hunc
873 918 1188 984 cruciﬁxum.
1235 919 1372 988 Suge
1414 920 1553 989 quod
1585 935 1677 990 pro
1719 929 1769 975 te
1807 920 1976 976 factus
2011 931 2111 988 est,
2145 933 2198 977 et

624 1006 820 1058 crescis
847 1006 911 1060 ad
946 1007 992 1060 id
1022 1009 1158 1076 quod
1189 1019 1288 1062 est.
1323 1009 1456 1064 Sunt
1485 1025 1611 1079 ergo
1637 1010 1986 1065 ascendentes
2011 1022 2065 1066 et
2095 1013 2192 1067 de-

625 1094 960 1148 scendentes.
995 1097 1048 1149 In
1082 1098 1182 1151 illis
1225 1099 1382 1152 scalis
1407 1109 1458 1152 et
1482 1099 1831 1154 ascendentes
1873 1110 1997 1154 sunt
2023 1111 2076 1155 et
2097 1103 2194 1156 de-

623 1183 961 1238 scendentes.
995 1187 1354 1240 Ascendcnles
1392 1189 1480 1258 qui
1515 1189 1677 1242 sunt?
1703 1189 1801 1254 Qui
1829 1190 2102 1257 proﬁciunt
2127 1191 2192 1244 ad

623 1273 948 1330 intellectum
979 1277 1351 1344 spiritualium.
1383 1279 1775 1335 Descendentes
1801 1280 1888 1349 qui
1913 1281 2191 1348 sunt?Qui

630 1369 895 1433 quamvis,
926 1378 1175 1434 quantum
1208 1369 1446 1424 homines
1472 1382 1704 1440 possunt,
1737 1372 1977 1427 fruantur
1998 1374 2187 1427 intelli-

621 1458 794 1524 gentia
828 1459 1216 1524 spiritualium;
1265 1471 1438 1514 tamen
1465 1461 1792 1516 descendunt
1823 1464 1888 1516 ad
1922 1464 2186 1532 parvulos,

623 1553 682 1597 ut
723 1546 840 1596 talia
883 1546 959 1598 eis
1002 1547 1201 1612 dicant,
1235 1550 1408 1617 qualia
1442 1559 1660 1618 possunt
1707 1567 1916 1619 eapcre,
1959 1561 2010 1605 et
2054 1552 2189 1607 lacte

621 1636 802 1688 nutriti
834 1637 1034 1704 possint
1065 1639 1236 1692 idonei
1271 1640 1384 1694 ﬁeri
1414 1650 1466 1694 et
1497 1642 1652 1695 validi
1679 1643 1741 1696 ad
1775 1644 2090 1712 capiendum
2121 1645 2186 1698 ci-

620 1722 742 1778 bum
767 1726 1113 1791 Spiritualem.
1146 1727 1325 1794 Isaias,
1349 1731 1558 1794 fratres,
1589 1734 1745 1785 etiam
1776 1734 1887 1802 ipse
1908 1734 1971 1786 ad
1999 1750 2094 1787 nos
2122 1735 2186 1789 de

1854 360 1908 412 S.
1952 362 1990 412 Α
2003 361 2084 414 L'C
2097 359 2313 414 US'I‘I'NI
2357 361 2651 418 El’lSCUPl

3724 380 3839 437 1600

2316 472 2514 527 habens
2563 474 2842 543 imaginem
2879 477 3206 542 consulendi,
3236 488 3289 536 et
3316 485 3592 550 perniciem
3620 496 3835 552 nocendi.

2311 563 2413 632 ipsi
2437 573 2558 617 sunt
2578 566 2662 634 qui
2689 564 2871 622 dicunt
2898 586 2910 622 :
2945 568 3008 622 Et
3036 577 3088 623 tu
3113 569 3212 625 hoc
3237 572 3463 628 facturus
3482 592 3539 631 es
3561 618 3574 641 ,
3605 583 3732 649 quod
3758 603 3838 643 ne.

2311 670 2397 708 mo
2418 655 2579 709 fecit?
2608 666 2660 710 et
2688 666 2738 710 tu
2761 659 2904 713 solus
2925 661 3032 716 eris
3056 661 3372 738 christianus
3388 666 3410 719 ?
3429 667 3498 722 Et
3519 670 3561 723 si
3583 676 3840 734 ostenderit

2307 747 2437 801 alios
2463 749 2563 803 hoc
2593 750 2766 807 facere
2789 795 2802 819 ,
2836 761 2890 808 et
2935 754 3123 824 legerit
3150 757 3482 829 Evangelinm
3513 765 3597 819 ubi
3622 775 3840 841 praecepit

2308 837 2558 893 Dominus
2603 840 2749 901 ﬁeri.
2803 853 2855 897 et
2901 845 3084 914 legerit
3133 848 3297 904 Actus
3338 852 3732 924 Apostolorum;
3774 837 3839 920 illi

2304 929 2425 998 quid
2455 930 2636 986 dicunt
2676 935 2725 986 in
2765 935 2940 1006 lingua
2971 938 3187 993 subdola
3215 951 3268 996 el
3309 943 3460 999 labiis
3492 947 3716 1019 iniquis?
3741 955 3836 1012 Non

2304 1021 2500 1087 poteris
2526 1021 2661 1078 forte
2693 1026 2938 1094 implere;
2986 1032 3206 1086 multum
3249 1044 3329 1089 est
3365 1038 3502 1106 quod
3545 1044 3834 1111 aggrederis.

2302 1111 2404 1164 Alii
2450 1114 2778 1181 prohibendo
2827 1118 3129 1185 deterrent,
3171 1124 3259 1178 alii
3298 1126 3556 1185 laudando
3592 1135 3703 1204 plus
3738 1155 3837 1205 pre-

2300 1215 2467 1256 munt.
2497 1205 2624 1272 Quia
2665 1211 2805 1262 enim
2849 1212 2964 1267 talis
3001 1224 3078 1270 est
3108 1218 3211 1271 vita
3241 1235 3355 1286 qua:
3388 1222 3494 1290 jam
3534 1233 3837 1297 occupaverit
3881 1211 3888 1218 ’

2298 1294 2571 1359 mundum,
2594 1305 2732 1351 tanta
2755 1304 3036 1357 auctoritas
3057 1306 3248 1361 Christi
3275 1319 3374 1376 est,
3398 1321 3454 1365 ut
3477 1294 3834 1382 reprehendero

2293 1382 2400 1450 jam
2425 1383 2693 1441 Christum
2738 1405 2837 1444 nec
2876 1408 3109 1461 paganus
3133 1398 3338 1453 audeat.
3389 1401 3601 1472 Legitur
3643 1407 3723 1462 ille
3761 1414 3833 1479 qui

2298 1477 2608 1545 reprehendi
2640 1496 2743 1535 non
2775 1493 2964 1552 potest,
2997 1491 3115 1557 quia
3148 1489 3297 1555 dixit,
3334 1493 3487 1558 Vade,
3519 1499 3668 1553 vende
3692 1477 3836 1558 omnia

2293 1583 2406 1634 quae
2421 1569 2589 1634 habes,
2614 1582 2658 1625 et
2681 1574 2920 1629 distribue
2934 1583 3256 1649 pauperibus,
3270 1594 3312 1637 et
3329 1602 3534 1655 sequere
3553 1608 3628 1644 me
3649 1592 3833 1662 (Matth.

2292 1675 2376 1714 XIX
2400 1704 2414 1724 ,
2445 1663 2546 1732 2-1)
2577 1682 2589 1716 :
2620 1665 2828 1719 Christo
2873 1672 3159 1726 contradici
3207 1689 3309 1728 non
3355 1688 3548 1744 potest,
3583 1681 3834 1752 Evangelio

2290 1753 2575 1807 contradici
2600 1772 2701 1808 non
2727 1767 2914 1824 potest,
2934 1763 3246 1828 reprehendi
3271 1765 3512 1823 Christus
3536 1787 3634 1824 non
3653 1783 3830 1840 potest;

616 1812 1060 1871 descendentibus
1088 1818 1182 1872 fuit
1207 1836 1218 1872 :
1245 1835 1362 1872 nam
1395 1831 1447 1876 et
1482 1822 1577 1887 ipsi
1600 1824 1792 1892 gradus
1821 1824 1934 1892 ejus
1961 1825 2183 1879 descen-

620 1902 794 1957 (lentis
811 1919 1085 1975 apparent.
1113 1907 1242 1963 Cum
1269 1912 1407 1964 enim
1434 1913 1634 1967 dioeret
1662 1915 1727 1968 de
1755 1914 1950 1983 Spiritu
1977 1927 2180 1981 sancto,

624 2009 642 2043 ς
678 1992 1010 2063 Requiescet,
1041 2016 1057 2049 ι
1088 1999 1273 2069 inquit,
1304 2019 1322 2051 ί
1348 2017 1507 2070 super
1525 2019 1642 2057 eum
1666 2003 1892 2073 Spiritus
1913 2007 2183 2074 sapientia:

616 2093 669 2135 et
712 2084 1027 2151 intellectus,
1063 2087 1291 2154 Spiritus
1319 2093 1523 2146 consilii
1563 2104 1614 2148 et
1642 2094 1984 2160 fortitudinis,
2018 2095 2182 2163 Spiri-

618 2181 702 2225 tus
737 2176 970 2229 scientia)
991 2189 1041 2231 et
1072 2180 1302 2248 pictatis,
1331 2189 1383 2234 ct
1429 2182 1654 2250 Spiritus
1681 2185 1883 2238 timoris
1916 2185 2124 2240 Domini
2156 2205 2173 2238 ι

613 2260 762 2332 (lsui.
793 2280 865 2325 ιι,
889 2265 942 2331 2,
971 2267 1028 2335 3)
1060 2285 1073 2321 :
1101 2283 1129 2321 a
1157 2271 1408 2338 sapientia
1440 2273 1619 2342 coepit,
1649 2283 1700 2327 ct
1728 2290 1890 2344 usque
1915 2276 1979 2329 ad
2022 2278 2178 2330 timo‘

611 2370 724 2409 rem
747 2355 1037 2413 descendit.
1068 2360 1344 2428 Quomodo
1376 2364 1463 2418 ille
1490 2367 1576 2434 qui
1605 2366 1848 2434 docebat,
1872 2383 1900 2420 a
1922 2369 2176 2436 sapientia

607 2444 882 2501 descendit
911 2465 1075 2520 usque
1103 2453 1166 2505 ad
1200 2453 1478 2518 timorem;
1513 2466 1565 2508 tu
1602 2459 1689 2525 qui
1718 2458 1973 2524 discis,gsi
2015 2461 2174 2529 proiio

607 2537 700 2600 cis,
729 2553 757 2591 a
805 2541 993 2594 timore
1032 2544 1259 2596 ascende
1303 2545 1367 2598 ad
1399 2547 1756 2617 sapientiam:
1790 2550 2045 2619 scriptum
2095 2561 2177 2606 est

605 2631 766 2692 enim,
813 2629 1020 2686 Initium
1063 2636 1323 2704 sapientiae
1367 2638 1515 2690 timor
1554 2637 1762 2692 Domini
1805 2639 1987 2710 (Prov.
2017 2658 2053 2709 ι,
2093 2643 2169 2712 7).

604 2717 720 2773 Jam
755 2737 882 2790 ergo
909 2723 1170 2778 PSalmum
1197 2727 1392 2781 audite.
1435 2729 1571 2784 Ecce
1596 2741 1718 2785 ante
1751 2733 1932 2786 oculos
1965 2743 2173 2789 nostros

606 2823 864 2877 ponamus
883 2827 1220 2868 ascensurum
1253 2815 1517 2872 hominem
1545 2837 1558 2872 :
1587 2821 1672 2873 uhi
1702 2825 2082 2876 ascensurum?
2111 2823 2171 2878 In

605 2902 772 2953 corde.
803 2902 955 2958 Unde
982 2909 1360 2962 ascensurum?
1382 2911 1460 2964 Ab
1481 2910 1794 2978 humilitate,
1826 2916 1873 2968 id
1897 2926 1978 2968 est
2003 2931 2029 2968 a
2052 2933 2173 2970 ron-

605 2990 734 3044 valle
771 2993 1082 3062 plorationis.
1127 2997 1242 3064 Quo
1291 3002 1673 3055 ascensurum?
1711 3004 1788 3057 Ad
1824 3004 1949 3058 illud
1990 3006 2172 3060 inell'a-

603 3078 708 3133 bile
735 3082 872 3148 quod
903 3098 1024 3138 cum
1054 3084 1154 3139 dici
1187 3101 1291 3141 non
1321 3097 1520 3158 posset,
1549 3090 1744 3146 dictum
1775 3106 1876 3160 est,
1906 3093 1969 3148 1η
2004 3095 2170 3151 locum

599 3187 744 3241 quem
765 3173 1026 3241 disposuit.

672 3262 724 3316 5.
757 3263 886 3315 Cum
917 3279 1044 3333 ergo
1082 3267 1159 3321 sic
1206 3268 1364 3322 homo
1397 3272 1617 3340 coeperit
1653 3273 1935 3343 disponere
1977 3292 2165 3334 ascen-

598 3367 749 3415 sum;
784 3352 882 3407 hoe
908 3354 1027 3409 dico
1050 3358 1304 3425 apertius,
1334 3374 1452 3413 cum
1483 3364 1704 3431 coeperit
1731 3364 1889 3420 homo
1918 3367 2164 3423 christia-

601 3455 702 3494 nus
729 3443 959 3509 cogitare
987 3448 1262 3515 prolicere,
1299 3449 1478 3517 incipit
1507 3452 1613 3520 pati
1645 3453 1846 3524 linguas
1874 3457 2163 3513 adversan-

600 3532 751 3585 tium.
796 3533 1120 3606 Quicumque
1164 3538 1278 3592 illas
1306 3541 1536 3594 nondum
1567 3558 1754 3613 passus
1791 3555 1891 3609 est,
1930 3548 2164 3602 nondum

599 3622 820 3692 proiecit
850 3643 864 3678 :
895 3626 1210 3697 quicumque
1245 3630 1360 3685 illas
1400 3647 1502 3686 non
1547 3633 1772 3703 patitur,
1820 3652 1916 3691 nec
1945 3648 2166 3694 conatur

598 3711 875 3782 proﬁcere.
909 3715 1030 3771 Vult
1054 3734 1208 3774 nosse
1237 3722 1358 3791 quid
1386 3722 1662 3778 dicamus?
1689 3724 1799 3780 Imo
1827 3727 1951 3797 quid
1975 3729 2162 3784 audia-

595 3819 714 3858 mus
756 3804 928 3870 simul,
985 3811 1308 3880 experiatur.
1355 3810 1574 3881 incipiat
1621 3816 1896 3884 prolicere,
1946 3819 2163 3889 incipiat

596 3894 733 3950 velle
760 3898 1068 3965 ascendere,
1101 3901 1235 3956 velle
1273 3913 1614 3962 contemnere
1659 3917 1888 3975 terrena,
1918 3910 2120 3981 fragilia
2144 3958 2158 3981 ,

597 3989 944 4056 temporalia‘
969 4031 984 4057 ,
1027 3989 1327 4048 felicitatem
1366 3997 1543 4052 saaculi
1591 4014 1685 4067 pro
1727 3983 1891 4056 nihilo
1932 4002 2159 4072 habere,

597 4076 761 4131 Dettm
811 4080 978 4133 solum
1021 4082 1272 4152 cogitare,
1315 4084 1476 4141 lucris
1517 4103 1620 4143 non
1664 4091 1911 4160 gaudere,
1951 4094 2158 4151 damnis

597 4181 699 4220 non
765 4170 1182 4237 contabescere,
1238 4177 1412 4229 omnia
1469 4179 1627 4233 etiam
1686 4195 1778 4235 sua
1837 4183 1970 4238 velle
2028 4201 2158 4241 ven-

596 4259 724 4312 dere
773 4269 827 4313 et
882 4263 1196 4330 pauperibus
1244 4267 1510 4333 tribuere,
1557 4281 1609 4324 et
1656 4273 1803 4342 sequi
1854 4274 2156 4344 Christum;

596 4347 867 4402 videamus
922 4354 1363 4420 quemadmodum
1432 4360 1660 4427 patiatur
1710 4362 1912 4433 linguas
1984 4365 2160 4422 detra-

595 4438 831 4492 hentium
861 4441 882 4472 ²
928 4449 982 4494 et
1031 4443 1189 4495 multa
1241 4448 1747 4512 contradicentium.
1798 4462 1852 4506 et
1892 4455 2029 4524 quod
2079 4467 2161 4513 est

594 4529 820 4599 gravius,
865 4531 1011 4601 quasi
1055 4535 1376 4588 consulendo
1404 4553 1432 4591 a
1461 4539 1629 4594 salute
1655 4543 2023 4598 averteutium.
2056 4546 2154 4612 Qui

592 4620 732 4675 enim
759 4623 982 4676 consulit
1007 4623 1185 4691 alicui,
1213 4625 1278 4679 ad
1306 4627 1527 4682 salutem
1553 4633 1797 4697 consulit,
1826 4634 1890 4689 ad
1928 4635 1976 4689 id
2017 4639 2162 4706 quod

591 4716 804 4783 prodest
829 4717 1079 4783 consulit;
1111 4717 1199 4772 ille
1227 4727 1400 4775 autem
1427 4725 1575 4792 quasi
1599 4727 1900 4794 consulens,
1927 4731 2152 4787 retrahit

589 4820 618 4859 a
645 4805 832 4860 salute.
863 4805 991 4873 Quia
1017 4823 1142 4878 ergo
1173 4810 1382 4866 videtur
1413 4812 1604 4870 habere
1633 4817 1842 4884 pallium
1872 4821 2157 4876 consulen-

589 4897 675 4959 tis.
707 4906 756 4953 et
784 4896 939 4953 habet
965 4914 1222 4954 venenum
1252 4902 1577 4969 perimentis,
1612 4905 1782 4975 lingua
1811 4907 1988 4962 dolosa
2017 4911 2154 4966 dicta

585 4997 692 5042 est.
741 4990 1067 5044 Ascensurus
1118 5005 1263 5060 ergo,
1307 5002 1489 5047 contra
1541 4995 1678 5063 ipsas
1733 4996 1934 5066 linguas
1985 5001 2155 5068 primo

589 5079 751 5133 Deum
778 5079 1087 5149 deprecatur
1115 5099 1128 5137 :
1159 5084 1230 5138 ait
1259 5084 1418 5148 enim,
1452 5085 1529 5138 Ad
1553 5095 1626 5148 te,
1657 5086 1887 5151 Domine,
1915 5107 2027 5143 cum
2055 5092 2150 5145 tri-

586 5170 784 5223 bularer
807 5173 1035 5234 clamavi,
1059 5182 1102 5227 et
1129 5177 1377 5230 exaudisti
1397 5193 1490 5229 me.
1518 5176 1666 5232 Unde
1690 5179 1833 5232 illum
1855 5180 2153 5236 exaudivit?

591 5261 656 5317 ιιι
675 5260 782 5330 jam
805 5265 1150 5320 constitueret
1173 5280 1294 5321 eum
1323 5268 1384 5320 ad
1415 5268 1608 5339 gradus
1634 5271 1972 5326 ascendendi.

654 5352 708 5406 4.
733 5349 879 5423 [vers
911 5351 990 5425 2.]
1020 5354 1082 5408 Et
1111 5357 1229 5424 quia
1247 5357 1355 5424 jam
1381 5373 1695 5414 ascensurus
1723 5370 1804 5414 est
1840 5361 2146 5430 exauditus,

584 5443 707 5513 quid
728 5443 885 5497 orat?
910 5443 1139 5510 Domine,
1166 5464 1283 5501 erue
1301 5449 1518 5503 animam
1541 5467 1701 5504 meam
1727 5467 1759 5504 a
1779 5451 1922 5506 labiis
1950 5453 2150 5525 injustis

582 5544 628 5590 et
667 5551 699 5588 α
739 5533 912 5605 lingua
949 5534 1146 5589 dolosa.
1186 5537 1312 5602 Qua:
1333 5547 1418 5593 est
1442 5539 1610 5610 lingua
1641 5540 1863 5596 dolosa?
1891 5542 2144 5611 Subdola,

2288 1844 2544 1897 convertit
2573 1860 2629 1899 se
2668 1846 2839 1916 lingua
2869 1850 3047 1904 dolosa
3076 1854 3140 1906 ad
3161 1855 3364 1910 laudem
3388 1859 3759 1926 prohibentem.
3786 1866 3832 1922 Si

2289 1929 2489 2000 laudas,
2511 1927 2739 1991 hortare.
2764 1941 2935 2006 Quare
2958 1943 3215 1999 laudando
3233 1950 3454 2015 premis?
3477 1951 3652 2007 Melius
3666 1957 3833 2026 vitupe-

2290 2037 2454 2088 rares,
2475 2041 2627 2094 quam
2649 2028 2830 2084 dolose
2849 2032 3106 2089 laudares.
3131 2037 3265 2104 Quid
3288 2040 3426 2093 enim
3455 2042 3652 2099 diceres
3664 2046 3832 2116 vitupe-

2287 2114 2488 2168 rando?
2513 2117 2687 2171 Absit:
2707 2120 2839 2175 imda
2871 2123 2970 2176 vita
2995 2124 3091 2178 ista
3113 2137 3213 2193 est,
3233 2129 3364 2184 mala
3386 2132 3494 2185 vita
3518 2134 3610 2188 ista
3629 2146 3718 2190 est.
3739 2114 3829 2194 Sed

2283 2204 2401 2271 quia
2435 2209 2591 2269 nosti,
2623 2225 2740 2262 cum
2775 2211 2884 2266 haec
2913 2214 3130 2279 dixeris,
3161 2222 3326 2286 premi
3360 2230 3408 2277 te
3443 2241 3598 2292 posse
3629 2230 3829 2284 auctori-

2285 2301 2389 2348 tate
2415 2299 2710 2366 evangelica
2735 2318 2748 2364 ;
2779 2305 3041 2359 convertis
3070 2317 3119 2362 te
3145 2308 3209 2362 ad
3236 2310 3374 2366 aliud
3397 2314 3726 2374 dissuadendi
3749 2337 3825 2389 ge-

2283 2400 2399 2448 nus,
2430 2397 2484 2440 ut
2517 2390 2776 2444 laudando
2805 2393 2955 2462 falso,
2987 2412 3070 2451 me
3096 2413 3122 2451 a
3150 2415 3272 2455 vera
3297 2402 3312 2434 ¹
3341 2403 3503 2460 laude
3539 2407 3824 2477 prohibeas;

2280 2475 2386 2528 imo
2410 2477 2669 2533 laudando
2696 2482 2983 2549 Christum,
3006 2502 3032 2539 a
3057 2488 3265 2544 Christo
3295 2475 3598 2560 prohibeas,
3627 2498 3821 2554 dicens:

2279 2569 2412 2634 Quid
2444 2580 2524 2625 est
2554 2571 2689 2627 hoc?
2719 2575 2851 2630 Ecce
2873 2578 2942 2631 illi
2971 2578 3224 2644 fecerunt,
3253 2583 3387 2639 forte
3409 2595 3471 2641 tu
3495 2603 3596 2643 non
3617 2592 3822 2657 poteris:

2279 2661 2464 2730 incipis
2488 2665 2794 2733 ascendere,
2818 2669 2981 2724 cadis.
3007 2670 3219 2728 Monere
3241 2675 3487 2743 videtur;
3512 2695 3716 2749 serpens
3734 2691 3818 2748 est,

2275 2749 2456 2806 dolosa
2485 2754 2654 2824 lingua
2685 2766 2782 2821 cst,
2805 2774 3061 2814 venenmn
3092 2761 3268 2817 habet.
3303 2766 3454 2837 Roga
3485 2779 3658 2824 contra
3683 2772 3821 2834 illam,

2275 2842 2318 2895 si
2349 2844 2424 2896 vis
2450 2847 2752 2909 ascendere,
2783 2858 2832 2903 et
2872 2850 2957 2904 dic
2993 2851 3098 2906 Deo
3133 2862 3222 2907 tuo
3250 2873 3262 2908 :
3295 2855 3548 2927 Domine,
3585 2877 3693 2915 erue
3725 2863 3822 2916 aui-

2275 2949 2406 2986 mam
2428 2952 2586 2989 meam
2613 2954 2643 2990 a
2673 2938 2815 2993 labiis
2836 2940 3032 3008 iniustis
3056 2952 3101 2997 et
3125 2961 3155 2994 α
3175 2945 3345 3017 lingua
3373 2948 3576 3004 dolosa.

2343 3027 2392 3080 5.
2426 3027 2572 3101 [vers.
2606 3029 2741 3103 5-5.]
2778 3034 2837 3086 Et
2865 3033 2992 3088 dicit
3023 3036 3110 3090 tibi
3139 3037 3391 3093 Domitius
3418 3049 3566 3107 litus,
3597 3043 3722 3110 Quid
3741 3045 3820 3098 da-

2273 3118 2405 3173 bitur
2430 3122 2535 3182 tibi,
2564 3132 2649 3175 aut
2684 3125 2804 3192 quid
2821 3137 3101 3194 apponetur
3129 3129 3218 3181 tibi
3237 3131 3304 3182 ad
3331 3131 3568 3200 linguam
3592 3135 3822 3189 dolosam?

2274 3207 2327 3263 ld
2351 3220 2451 3276 est,
2479 3213 2616 3281 quod
2649 3213 2844 3269 habeas
2868 3216 3119 3273 adversus
3151 3219 3375 3290 linguam
3407 3223 3648 3278 dolosam
3668 3268 3682 3291 ,
3702 3225 3821 3296 quod

2270 3315 2507 3369 opponas
2551 3304 2742 3373 lingum
2771 3306 2966 3360 dolosm
2994 3350 3008 3372 ,
3039 3325 3143 3378 quo
3173 3318 3223 3363 te
3250 3313 3468 3368 munias
3488 3315 3723 3370 adversus
3742 3317 3823 3370 lin-

2268 3405 2422 3460 guam
2464 3392 2721 3461 dolosam,
2755 3398 2875 3464 quid
2911 3399 2998 3450 tibi
3023 3399 3241 3465 dabitur,
3283 3412 3368 3455 aut
3403 3405 3539 3473 quid
3577 3416 3823 3476 apponetur

2270 3485 2394 3538 tibi?
2438 3485 2779 3556 Interrogavit
2825 3506 3109 3556 exercens;
3159 3508 3278 3548 nam
3321 3495 3450 3564 ipse
3496 3497 3719 3552 dicturus
3755 3507 3823 3553 est

2269 3580 2405 3647 quod
2447 3579 2752 3648 interrogat.
2785 3581 3076 3651 Respondit
3103 3586 3242 3639 enim
3264 3629 3278 3653 ,
3308 3587 3420 3655 subj
3439 3590 3605 3646 iciens
3629 3591 3718 3644 sibi
3749 3590 3820 3645 in-

2272 3671 2575 3738 terroganti,
2617 3670 2828 3742 Sagitta:
2858 3677 3067 3743 potentis
3089 3687 3270 3743 acutae,
3294 3695 3406 3732 cum
3430 3682 3721 3737 carbonibus
3740 3683 3817 3735 de-

2267 3758 2550 3822 solatoriis;
2599 3762 2718 3825 vel,
2765 3765 3112 3819 vastatoribus.
3163 3766 3289 3820 Sive
3327 3767 3643 3826 desolatoriis
3668 3771 3812 3834 dicas,

2268 3850 2382 3904 sive
2405 3853 2734 3907 vastatoribus
2763 3853 2910 3909 dicas
2940 3855 3095 3925 (nam
3124 3857 3174 3911 in
3206 3857 3433 3914 diversis
3458 3863 3717 3917 codicibus
3741 3861 3813 3916 di-

2267 3956 2417 3996 verse
2443 3943 2694 4011 scriptum
2718 3953 2796 3998 est
2816 3943 2858 4014 ),
2888 3946 3022 4000 idem
3055 3948 3329 4018 signiﬁcat.
3365 3950 3554 4008 Videte
3577 3971 3589 4007 :
3611 3963 3812 4008 vastato-

2267 4047 2352 4086 res
2380 4034 2638 4090 carbones
2665 4035 2926 4104 dicuntur,
2954 4039 3072 4108 quia
3101 4041 3354 4096 vastando
3377 4052 3431 4097 et
3458 4045 3734 4100 desolando
3754 4044 3808 4097 ad

2265 4123 2641 4179 desolationem
2665 4127 2814 4181 facile
2838 4130 3145 4197 perducunt.
3170 4129 3268 4197 Qui
3292 4142 3416 4188 sunt
3437 4135 3519 4190 isti
3541 4134 3809 4191 carbones?

2268 4214 2525 4285 Iutelligat
2545 4215 2784 4271 Charitas
2810 4228 2982 4272 vestra
3008 4221 3174 4289 primo
3200 4238 3316 4292 quae
3335 4235 3462 4279 sunt
3487 4227 3698 4294 sagittze.
3725 4224 3809 4279 Sa-

2263 4309 2399 4377 g?th
2427 4310 2638 4376 potentis
2663 4320 2838 4373 ασκεω,
2869 4313 3026 4366 verba
3064 4313 3155 4368 Dei
3199 4324 3339 4369 sunt.
3385 4315 3527 4374 Ecce
3548 4318 3804 4387 jaciuntur,

2264 4407 2316 4450 et
2338 4398 2645 4466 transiigunt
2669 4401 2827 4454 corda
2860 4419 2872 4454 τ
2905 4401 2996 4455 sed
3026 4418 3144 4456 cum
3177 4406 3428 4460 transﬁxa
3459 4407 3643 4463 fuerint
3669 4406 3805 4461 corda

2263 4489 2467 4558 sagittis
2515 4486 2662 4545 verbi
2706 4491 2830 4556 Dei,
2881 4507 3029 4546 amor
3072 4495 3329 4550 excitatur
3350 4499 3392 4564 ³,
3439 4515 3548 4554 non
3590 4499 3805 4552 interitus

2261 4589 2616 4647 comparatur.
2668 4580 2822 4636 Novit
2859 4583 3111 4638 Dominus
3149 4588 3395 4657 sagittare
3436 4590 3503 4644 ad
3538 4605 3756 4644 amorem
3787 4607 3799 4618 '

2261 4682 2315 4728 et
2358 4687 2514 4727 neruo
2557 4675 2826 4742 pulchrius
2870 4676 3079 4744 sagittat
3122 4678 3186 4732 ad
3234 4695 3494 4749 amorem,
3542 4698 3690 4754 quam
3728 4681 3804 4751 qui

2261 4765 2422 4819 verbo
2451 4765 2689 4834 sagittat;
2737 4765 2842 4819 imo
2879 4768 3092 4836 sagittat
3129 4783 3222 4822 cor
3258 4774 3507 4835 amantis,
3536 4782 3586 4826 ut
3616 4773 3806 4841 adjuvet

2259 4866 2519 4910 amantem
2543 4873 2556 4920 ;
2584 4857 2811 4926 sagittat,
2836 4865 2894 4910 ut
2923 4858 3074 4911 iaciat
3094 4870 3378 4915 amantem.
3409 4863 3620 4932 Sagitta:
3644 4872 3800 4916 autem

2259 4958 2400 5013 sunt,
2431 4963 2547 5002 cum
2577 4949 2780 5017 agimus
2796 4949 2988 5003 verbis.
3017 4949 3285 5006 Carbones
3322 4964 3497 5008 autem
3538 4963 3804 5009 vastatores

2257 5039 2345 5108 qui
2393 5039 2551 5093 sunt?
2601 5038 2792 5093 Parum
2839 5048 2921 5094 est
2950 5041 3126 5095 verbis
3162 5058 3320 5112 agere
3363 5054 3549 5099 contra
3591 5045 3800 5113 linguam

2257 5127 2530 5182 subdolam
2560 5138 2612 5182 et
2638 5127 2772 5182 labia
2804 5129 2996 5196 iniqua,
3025 5145 3204 5198 parum
3238 5142 3318 5186 est
3337 5134 3511 5189 verbis
3539 5149 3720 5201 agere;
3756 5140 3802 5184 et

2257 5218 2511 5288 exemplis
2535 5217 2792 5287 agendum
2821 5225 2918 5271 est.
2948 5218 3199 5289 Exempla
3227 5231 3351 5276 sunt
3370 5223 3622 5277 carbones
3641 5231 3798 5275 vasta-

2259 5318 2416 5362 tores.
2448 5309 2512 5362 Et
2537 5323 2698 5377 quare
2724 5317 3015 5364 vastatores
3038 5309 3302 5377 dicuntur,
3337 5311 3566 5366 breviter
3592 5311 3793 5379 accipiat

2254 5398 2496 5453 Charitas
2523 5407 2715 5452 vestra.
2757 5399 2951 5462 Primo,
2983 5401 3246 5470 quomodo
3277 5402 3528 5469 exemplis
3556 5402 3793 5472 agendum

2255 5495 2341 5555 sit,
2372 5490 2562 5545 videte.
2596 5490 2791 5560 Lingua
2816 5490 3033 5544 subdola
3065 5492 3195 5546 nihil
3221 5494 3296 5548 sic
3323 5492 3466 5548 novit
3493 5493 3679 5553 dicere,
3701 5506 3792 5560 quo

2255 5583 2421 5651 magis
2447 5581 2662 5636 subdola
2688 5590 2790 5650 est,
2822 5583 2943 5650 nisi,
2975 5583 3106 5640 Vide
3138 5602 3203 5640 ne
3233 5602 3334 5641 non
3369 5586 3535 5658 possis
3559 5585 3788 5655 implere;

644 5650 660 5682 ί
688 5646 854 5722 Plures
885 5655 1009 5722 Mss...
1026 5647 1177 5722 __r'_elte
1211 5656 1504 5722 contemnere
1539 5659 1778 5705 terrenam
1821 5655 2143 5721 fragilitatem,

578 5709 884 5773 temporalem
903 5710 1178 5773 felicitatem
1203 5711 1382 5772 sa'culi,
1405 5721 1497 5782 ete.

642 5772 662 5802 ²
696 5771 766 5819 sic
786 5777 889 5820 Mss.
915 5774 1026 5821 Edd.
1053 5787 1189 5836 vero,
1216 5773 1568 5824 retrahentnim.

2317 5717 2331 5780 ἕ
2371 5715 2536 5766 Plures
2559 5723 2684 5780 Mss,
2710 5721 2757 5765 ut
2777 5713 3019 5765 laudando
3035 5717 3267 5780 meum,
3292 5734 3322 5769 a
3339 5733 3462 5779 vera,
3491 5726 3579 5766 etc.

2319 5779 2336 5808 ¹
2362 5786 2459 5826 Am.
2489 5786 2538 5826 et
2557 5777 2774 5840 plerique
2797 5784 2921 5838 Mss,
2958 5777 3264 5829 exercitatur.
