4160 6440
369 436 394 488 1
405 438 470 490 (›0
482 438 503 490 Ι

363 549 606 602 multum
655 557 738 604 est
771 547 836 602 ad
867 556 916 602 te
944 545 1044 600 hoc
1071 541 1301 614 aggredi.
1345 540 1609 611 Aecepisti
1659 547 1714 594 tu
1757 550 1964 609 praece-

361 648 520 707 ptum
573 639 984 710 evangelicum,
1031 636 1193 690 habes
1232 633 1511 702 sagittam;
1565 631 1659 686 sed
1704 630 1966 685 carbones

356 731 619 785 nondum
653 731 838 785 habes.
867 726 1181 783 Timeudum
1211 740 1276 778 ne
1302 724 1490 793 sagitta
1522 723 1634 776 sola
1664 737 1767 775 non
1796 721 1968 775 valeat

343 822 640 878 adversus
665 824 894 892 linguam
917 820 1154 874 dolosam
1181 836 1193 870 :
1218 825 1413 870 suntet
1437 815 1714 870 carbones.
1747 813 1962 883 Ulputa,

337 913 557 985 incipit
602 916 746 970 enim
787 914 878 967 tibi
913 913 1090 967 dicere
1134 911 1293 972 Deus,
1324 908 1403 962 Tu
1445 923 1550 962 non
1591 919 1774 976 potes,
1801 922 1967 976 quare

328 1004 429 1057 ille
475 1006 718 1074 potest?
747 1019 912 1074 quare
933 1004 1066 1057 alter
1087 1001 1292 1071 potuit?
1321 998 1582 1069 Numquid
1609 1009 1662 1052 tu
1692 997 1968 1052 delicatior

321 1110 385 1150 es
419 1095 548 1151 illo
579 1095 865 1152 senatore?
894 1093 1147 1164 numquid
1171 1104 1222 1147 tu
1245 1093 1506 1147 infirmior
1535 1107 1594 1146 es
1625 1091 1734 1157 illo,
1764 1099 1856 1144 aut
1879 1090 1970 1145 illo

316 1187 376 1243 in
446 1188 874 1243 valetudine‘?
909 1185 1161 1254 numquid
1211 1196 1264 1239 tu
1313 1184 1572 1238 infirmior
1612 1198 1672 1238 es
1714 1182 1968 1238 feminis?

315 1276 622 1334 Feminae
655 1273 962 1350 potucrunt,
993 1277 1088 1331 viri
1119 1291 1223 1330 non
1253 1275 1510 1344 possunt?
1537 1273 1746 1327 delicati
1777 1272 1969 1326 divites

312 1379 708 1443 potuerunt,
751 1384 1013 1441 pauperes
1058 1384 1162 1422 non
1209 1368 1470 1437 possunt?
1497 1365 1600 1421 Sed
1629 1380 1747 1434 ego,
1779 1365 1965 1434 inquit,

313 1465 608 1519 multum
643 1463 878 1535 peccavi,
910 1471 963 1517 et
987 1461 1205 1516 multum
1240 1467 1486 1530 peccator
1511 1473 1646 1512 sum.
1675 1457 1970 1512 Numeran-

315 1566 426 1612 tur
477 1559 669 1613 etiam
697 1558 784 1627 qui
813 1557 1035 1610 multum
1074 1561 1456 1625 peccaverunt;
1504 1559 1555 1607 et
1585 1567 1650 1607 eo
1675 1553 1792 1621 plus
1819 1565 1968 1604 ama-

315 1660 589 1715 verunt,
613 1666 719 1719 quo
748 1649 897 1718 plura
927 1649 1030 1703 illis
1050 1647 1266 1702 dimissa
1295 1654 1448 1700 sunt:
1477 1643 1743 1714 quomodo
1769 1643 1967 1697 dictum

317 1748 422 1794 est
483 1741 550 1794 in
583 1739 924 1806 .Evangclio,
959 1737 1050 1792 Cui
1095 1737 1347 1790 modicum
1385 1736 1685 1801 dimittitur,
1719 1733 1969 1786 modicum

319 1832 539 1902 diligit
571 1832 588 1900 (
624 1831 746 1884 Luc.
779 1847 868 1890 vn,
903 1830 968 1884 47
998 1827 1038 1900 ).
1081 1829 1210 1883 Cum
1242 1843 1368 1897 ergo
1399 1826 1592 1881 fuerint
1621 1827 1719 1880 ista
1751 1841 1969 1880 enume-

319 1931 494 1984 rata,
540 1931 604 1976 et
649 1920 957 1975 nominatim
986 1918 1112 1973 dicti
1147 1918 1339 1972 fuerint
1385 1917 1625 1971 homines
1654 1916 1743 1987 qui
1783 1925 1968 1987 potue-

321 2021 514 2077 mut,
541 2012 644 2084 ille
663 2019 876 2080 accepta
903 2010 1091 2079 sagitta
1124 2009 1174 2063 in
1201 2008 1382 2074 corde,
1409 2007 1784 2062 accedentibus
1805 2007 1966 2060 etiam

322 2103 706 2158 carbonibus
734 2102 1101 2167 desolatoriis,
1131 2100 1401 2154 desolatur
1436 2099 1486 2152 in
1519 2099 1609 2152 illo
1639 2107 1848 2152 terrena
1878 2112 1973 2152 co-.

324 2196 583 2266 gitatio.
618 2193 751 2261 Quid
784 2203 864 2248 est.
891 2193 1032 2248 enim
1057 2232 1072 2254 ,
1113 2189 1420 2246 desolatur?
1462 2189 1543 2243 Ad
1585 2188 1967 2244 desolationem

327 2287 714 2358 perducitur.
751 2287 912 2340 Erant
935 2293 1112 2339 autem
1142 2286 1194 2338 in
1226 2284 1315 2338 illo
1338 2283 1499 2338 multa
1521 2299 1636 2353 quae
1664 2282 1802 2336 male
1824 2281 1968 2336 fron-

329 2381 630 2443 dixerant,
649 2379 828 2432 multa:
850 2377 1095 2432 carnales
1119 2377 1488 2447 cogitationes,
1513 2375 1797 2430 szeculares
1819 2375 1968 2430 multi

331 2485 592 2527 amores
626 2488 637 2523 :
667 2469 764 2539 ipsi
792 2479 1017 2522 uruntur
1052 2467 1372 2522 carbonibus
1405 2466 1763 2533 desolatoriis,
1794 2474 1849 2519 ut
1879 2465 1970 2519 fiat

333 2577 539 2630 purus
586 2561 737 2615 locus
786 2559 1078 2627 desolatus,
1117 2559 1168 2614 in
1211 2559 1360 2627 cujus
1399 2559 1498 2614 loci
1537 2560 1763 2628 puritate
1810 2558 1968 2612 faciat

334 2653 519 2708 Deus
545 2652 828 2707 :cdificinm
857 2667 1043 2717 suum;
1086 2651 1208 2722 quia
1239 2651 1377 2706 facta
1420 2660 1534 2706 erat
1571 2652 1644 2705 ibi
1673 2653 1821 2707 ruina
1849 2651 1968 2705 dia-

333 2746 501 2812 boli,
537 2754 597 2800 et
626 2744 915 2799 mdificatur
940 2745 1013 2799 ibi
1041 2743 1286 2798 Christus
1319 2761 1331 2797 :
1366 2759 1486 2797 nam
1515 2742 1764 2812 quamdiu
1792 2754 1967 2797 manet

335 2839 427 2893 ibi
479 2837 757 2901 diabolus,
791 2851 894 2890 non
921 2845 1095 2905 potest
1123 2835 1374 2889 aedificari
1403 2834 1663 2889 Christus.
1697 2833 1970 2888 Accedunt

341 2929 647 2987 carbones
686 2927 1014 2990 desolatorii,
1046 2935 1099 2981 ct
1137 2926 1390 2996 dejieiunt
1432 2925 1572 2995 quod
1617 2924 1755 2979 male
1800 2924 1971 2978 fuerat

343 3019 721 3082 aedificatum,
762 3026 816 3072 et
853 3017 1094 3072 desolato
1122 3016 1238 3071 loco
1267 3015 1470 3070 accedit
1497 3025 1760 3070 structura
1792 3014 1969 3069 felici-

350 3109 502 3164 tatis
530 3116 822 3178 perpetuaz.
853 3105 1041 3161 Videte
1063 3121 1190 3176 ergo
1216 3121 1380 3175 quare
1401 3105 1526 3159 dicti
1548 3114 1669 3159 sunt
1689 3105 1964 3159 carbones.

352 3199 513 3267 Quia
545 3198 639 3268 qui
669 3212 726 3252 se
750 3206 1070 3252 convertunt
1097 3197 1163 3251 ad
1191 3197 1492 3261 Dominum,
1531 3198 1598 3251 de
1638 3197 1857 3251 mortuis
1886 3212 1969 3251 re-

355 3289 668 3344 viviscunt.
716 3285 988 3342 Carbones
1017 3295 1192 3341 autem
1220 3286 1431 3355 quando
1458 3287 1840 3348 accenduntur,
1869 3303 1970 3340 an-

361 3392 603 3451 tequam
630 3378 1067 3444 accenderentur,
1097 3377 1339 3432 exstincti
1368 3386 1540 3431 crant.
1567 3377 1697 3430 Nam
1722 3377 1968 3431 exstincti

365 3471 670 3537 carbones,
711 3469 905 3523 mortui
951 3469 1228 3534 dicuntur;
1264 3467 1532 3532 ardentes,
1563 3468 1663 3522 vivi
1693 3468 1969 3537 appellan-

371 3572 488 3618 tur.
524 3561 784 3630 Exempla
811 3576 938 3631 ergo
969 3560 1258 3613 multorum
1287 3559 1586 3629 iniquorum
1608 3561 1697 3629 qui
1728 3558 1970 3614 conversi

375 3663 507 3709 sunt
526 3651 593 3705 ad
614 3652 918 3717 Dominum,
949 3651 1209 3704 carbones
1229 3649 1353 3704 dicti
1381 3657 1523 3703 sunt.
1545 3650 1711 3704 Audis
1729 3649 1971 3704 homines

377 3744 592 3808 mirari,
617 3752 671 3797 et
692 3742 888 3806 dicere,
915 3743 1025 3812 Ego
1057 3742 1203 3796 illum
1233 3743 1375 3808 novi,
1404 3758 1560 3811 quam
1590 3743 1829 3797 ebriosus
1852 3743 1966 3810 fuit,

383 3850 546 3904 quam
565 3832 873 3897 s¢eleratus,
894 3833 1064 3900 qualis
1086 3841 1291 3886 amator
1311 3833 1436 3886 circi
1453 3842 1544 3886 aut
1571 3834 1966 3903 amphitheatri,

387 3926 558 3995 qualis
603 3923 914 3978 fraudator:
943 3924 1101 3978 modo
1142 3923 1407 3993 quomodo
1455 3925 1563 3978 Deo
1601 3925 1784 3989 servit,
1814 3941 1970 3993 quam

394 4017 653 4071 innocens
685 4016 853 4070 factus
877 4018 986 4070 est!
1028 4016 1142 4070 Noli
1187 4018 1400 4080 mirari;
1451 4017 1610 4072 carbo
1650 4027 1750 4072 ext.
1783 4018 1970 4073 Vivum

394 4105 625 4175 gaudes,
679 4119 835 4175 quem
887 4106 1203 4160 exstinctum
1253 4105 1557 4174 plangehas.
1615 4106 1717 4161 Sed
1763 4107 1975 4176 quando

397 4199 577 4253 laudas
604 4198 781 4252 vivum
804 4238 818 4262 ,
852 4197 893 4251 si
929 4197 1064 4252 nosti
1097 4196 1332 4260 laudare,
1365 4198 1557 4251 adhibe
1593 4197 1737 4251 illum
1768 4207 1975 4251 mortuo

398 4300 455 4344 ut
495 4289 846 4356 accendatur;
898 4289 947 4342 id
995 4297 1095 4352 est,
1128 4291 1444 4359 quicumque
1489 4290 1660 4345 adhuc
1706 4293 1852 4360 piger
1895 4301 1976 4346 est

400 4382 548 4452 sequi
593 4382 779 4444 Deum,
807 4381 1032 4436 admove
1076 4381 1150 4435 illi
1199 4381 1483 4435 carbonem
1513 4383 1601 4452 qui
1640 4391 1752 4437 erat
1780 4383 1978 4437 esstin-

401 4481 516 4526 ctus
537 4513 552 4538 ,
601 4479 658 4528 et
683 4472 876 4526 habeto
903 4473 1145 4541 sagitt.:m
1173 4472 1318 4526 verbi
1346 4473 1460 4537 Dei,
1490 4482 1542 4526 et
1571 4475 1854 4529 carbonem
1885 4491 1976 4527 va-

404 4550 688 4628 statorem,
729 4574 782 4620 ut
820 4578 1069 4618 occurras
1112 4564 1263 4618 labiis
1303 4564 1494 4635 iniquis
1531 4577 1584 4620 et
1625 4567 1813 4638 linguze
1855 4567 1978 4622 sub-

402 4654 556 4708 dohc.
818 4678 826 4685 -
905 4647 908 4650 ’

472 4746 524 4798 6.
565 4744 700 4811 Quid
739 4745 1011 4815 sequitur?
1053 4746 1269 4816 Accepit
1305 4747 1403 4802 iste
1447 4748 1660 4818 sagittas
1703 4750 1977 4817 ardentes,

405 4836 625 4906 accipiat
670 4835 927 4890 carbones
975 4845 1285 4890 vastatores.
1335 4836 1451 4892 Jam
1503 4840 1704 4908 repellit
1752 4840 1980 4910 linguam

405 4927 680 4982 subdolam
711 4936 763 4981 et
796 4927 932 4982 labia
965 4929 1138 4996 iniqua
1162 4970 1176 4994 ,
1214 4929 1322 4998 jam
1351 4930 1589 4984 ascendit
1617 4931 1866 5000 gradum,
1899 4933 1982 4986 in-

406 5019 531 5088 cipit
559 5019 814 5089 proficere
843 5037 856 5072 :
885 5019 976 5074 sed
1005 5019 1179 5074 adhuc
1206 5022 1331 5076 vivit
1356 5022 1492 5076 inter
1518 5023 1705 5089 malos,
1729 5025 1866 5078 inter
1887 5025 1984 5078 ini-

408 5124 574 5179 quos;
607 5109 842 5164 nondum
873 5120 953 5165 est
978 5127 1100 5166 area
1132 5113 1378 5167 ventilata
1411 5131 1424 5166 :
1456 5123 1576 5183 puta
1606 5116 1725 5184 quia
1754 5117 1984 5170 triticum

407 5198 602 5255 factum
633 5209 744 5265 est,
777 5201 1032 5270 numquid
1057 5202 1167 5271 jam
1206 5203 1244 5256 it
1301 5203 1492 5257 horreo
1518 5203 1638 5257 est?
1675 5204 1861 5259 Adhuc
1890 5221 1984 5260 nc-

407 5307 558 5347 cesse
584 5301 664 5346 est
695 5291 857 5345 multa
891 5293 1034 5362 palea
1068 5301 1452 5362 prematur;et
1477 5302 1728 5363 quantum
1760 5297 1985 5365 proficit,

410 5391 612 5435 lattfttm
644 5380 787 5436 videt
814 5382 1012 5450 majora
1043 5383 1288 5436 scandala
1320 5384 1370 5436 in
1405 5383 1618 5453 populo.
1650 5384 1780 5439 Nam
1811 5386 1855 5440 si
1884 5404 1986 5442 non

412 5471 670 5540 proficiat,
704 5487 812 5526 non
837 5472 979 5526 videt
1008 5473 1340 5542 iniquitates;
1369 5475 1411 5528 si
1441 5491 1543 5528 non
1571 5475 1640 5529 sit
1669 5493 1822 5531 verax
1851 5477 1990 5532 chri-

409 5564 651 5624 stianus.
683 5579 788 5616 non
820 5562 960 5617 videt
996 5564 1165 5618 fictos.
1198 5563 1407 5618 Etenim
1430 5607 1442 5630 ,
1479 5565 1699 5632 fratres,
1731 5577 1784 5622 et
1811 5568 1875 5623 de
1906 5569 1989 5622 illa

411 5652 761 5707 similitudine
789 5653 888 5707 hoc
918 5667 1014 5707 nos
1041 5653 1195 5708 docet
1226 5655 1476 5710 Dominus
1496 5700 1509 5725 ,
1538 5657 1602 5712 de
1635 5657 1910 5716 frumentis
1939 5669 1992 5716 et

479 5805 493 5836 ¹
526 5803 715 5890 Aliquot.
739 5813 861 5866 διες»,
880 5811 962 5854 aut
987 5805 1068 5855 illa
1084 5806 1308 5859 invalido.

1481 421 1874 486 ENARRATIO
1912 420 1976 479 IN
2015 419 2336 481 PSALMUM
2373 424 2557 481 CXIX.

3525 434 3659 488 1602

2072 532 2308 590 zizaniis.
2338 535 2464 592 Cum
2492 545 2658 590 autem
2683 539 2912 593 crevisset
2938 540 3089 594 herba
3119 552 3165 595 et
3193 547 3413 613 fructum
3439 548 3654 618 fecisset,

2074 633 2191 678 tunc
2213 639 2556 697 apparuerunt
2583 638 2629 683 et
2656 631 2853 686 zizania
2882 631 3110 702 (Matth.
3141 651 3253 700 xm,
3283 637 3384 708 26)
3413 657 3425 692 :
3458 640 3506 693 id
3538 651 3619 695 est

2074 715 2194 782 quia
2220 716 2349 770 nulli
2374 718 2571 772 homini
2595 733 2850 789 apparent
2879 724 3021 788 mali,
3046 725 3144 779 nisi
3173 725 3340 780 factus
3365 730 3520 783 fuerit
3544 732 3655 800 ipse

2073 804 2275 872 bonus;
2300 809 2419 877 quia
2441 827 2553 862 cum
2573 813 2796 866 crevisset
2817 814 2967 868 herba
2985 827 3029 868 et
3051 821 3272 886 fructum
3295 822 3509 889 fecisset,
3535 834 3655 876 tunc

2072 909 2416 966 apparuerunt
2445 901 2660 955 zizania.
2688 902 2803 956 Jam
2833 920 2957 974 ergo
2989 907 3086 961 iste
3115 911 3275 977 C(Bpil
3301 914 3576 978 proficere,
3602 923 3655 968 et

2071 989 2233 1058 cmpit
2258 989 2436 1044 videre
2467 993 2652 1058 malos,
2682 1003 2736 1046 et
2767 995 2930 1048 multa
2962 997 3096 1050 mala
3124 1015 3240 1067 qua:
3269 987 3390 1054 ante
3415 1020 3519 1058 non
3552 1021 3654 1059 no-

2073 1089 2240 1146 verat,
2268 1089 2321 1134 et
2349 1081 2540 1135 clamat
2571 1083 2638 1136 ad
2671 1083 2949 1139 Dominmn
2981 1103 2994 1139 :
3031 1086 3143 1141 Heu
3169 1107 3266 1155 me,
3296 1095 3428 1160 quod
3457 1095 3652 1150 incola-

2074 1177 2152 1221 tus
2190 1186 2328 1223 meus
2369 1171 2668 1241 longinquus
2689 1214 2702 1233 ,
2737 1175 2936 1244 inquit,
2964 1177 3126 1244 [actus
3165 1181 3273 1233 est!
3299 1182 3516 1238 Multum
3544 1203 3572 1238 a
3603 1197 3653 1242 te

2073 1262 2288 1325 recessi,
2312 1265 2662 1332 peregrinatio
2684 1282 2797 1320 mea
2822 1267 2955 1322 facta
2978 1280 3059 1324 est
3086 1271 3386 1344 longinqua.
3410 1275 3652 1334 Nondum

2073 1353 2190 1406 veni
2233 1355 2284 1407 in
2323 1357 2546 1423 patriam
2590 1357 2764 1425 illam,
2798 1361 2886 1414 ubi
2922 1377 3040 1415 cum
3076 1365 3223 1418 nullo
3253 1368 3392 1421 malo
3421 1369 3654 1426 victurus

2073 1456 2188 1496 sum
2215 1459 2230 1508 ;
2265 1444 2497 1498 nondum
2533 1447 2649 1500 veni
2680 1448 2745 1500 ad
2777 1449 2917 1503 illam
2949 1453 3255 1508 societatem
3296 1458 3615 1526 Angelorum
3637 1501 3652 1526 ,

2075 1533 2160 1587 ubi
2200 1535 2444 1589 scandala
2475 1551 2578 1590 non
2613 1538 2827 1593 timebo.
2861 1539 3036 1606 Quare
3062 1553 3237 1598 autem
3269 1548 3501 1602 nondum
3534 1567 3650 1605 sum

2074 1624 2182 1678 ibi?
2212 1625 2340 1692 Quia
2372 1628 2621 1682 iucolatus
2650 1646 2786 1684 meus
2811 1632 3110 1704 longinquus
3136 1641 3298 1707 factus
3324 1651 3412 1694 est.
3443 1641 3650 1697 Incola-

2074 1723 2156 1770 lus
2184 1717 2634 1787 peregrinatio‘est
2659 1738 2669 1773 :
2698 1721 2864 1774 incola
2887 1723 3081 1779 dicitur
3099 1728 3186 1796 qui
3211 1727 3408 1784 habitat
3435 1734 3482 1785 in
3509 1744 3647 1786 terra

2072 1805 2263 1870 aliena,
2297 1823 2399 1861 non
2434 1809 2484 1862 in
2515 1810 2725 1865 civitate
2750 1827 2862 1865 sua.
2894 1812 3236 1885 Longinquus,
3273 1821 3456 1890 inquit,
3488 1827 3653 1894 factus

2071 1906 2143 1950 est
2167 1899 2412 1952 incolutus
2443 1917 2598 1954 meus.
2632 1902 2694 1956 Et
2721 1903 2805 1957 ubi
2833 1905 3185 1976 longinquus?
3208 1911 3654 1979 Aliqttando,'fra-

2073 1997 2180 2043 tres
2209 1992 2344 2055 mei,
2371 2007 2490 2046 cum
2525 1997 2886 2064 peregrinatur
2912 1998 3070 2061 homo
3093 2042 3108 2066 ,
3138 2001 3275 2056 inter
3304 2005 3549 2060 meliores
3573 2010 3654 2062 vi-

2075 2080 2164 2146 vit,
2190 2097 2345 2150 quam
2369 2082 2418 2136 in
2451 2085 2617 2152 patria
2645 2101 2738 2139 sua
2768 2087 2902 2141 forte
2928 2090 3130 2144 viveret
3154 2109 3165 2143 :
3192 2093 3282 2146 Sed
3314 2111 3416 2148 non
3445 2097 3520 2151 sic
3545 2107 3647 2164 est,

2073 2171 2280 2240 qn:me
2300 2173 2365 2228 de
2389 2174 2474 2228 illa
2496 2174 2789 2232 Jerusalem
2813 2179 3014 2233 caelesti
3046 2184 3458 2252 peregrinamur.
3487 2188 3652 2244 Mutat

2073 2265 2212 2318 enim
2244 2264 2404 2320 homo
2435 2269 2696 2337 patriam,
2729 2277 2783 2324 et
2810 2271 3092 2339 afiquando
3135 2273 3185 2327 iu
3233 2278 3653 2345 peregrinatione

2073 2354 2145 2408 illi
2192 2355 2327 2410 bene
2365 2365 2448 2411 est
2481 2375 2494 2410 :
2527 2358 2722 2413 invenit
2767 2361 2967 2414 amicos
3011 2362 3191 2418 ﬁdeles
3234 2367 3647 2436 peregrinando,

2072 2460 2204 2514 quos
2235 2447 2286 2500 in
2325 2449 2488 2516 patria
2520 2449 2758 2505 invenire
2789 2467 2891 2505 non
2930 2455 3113 2522 potuit.
3155 2455 3397 2511 lnimiCos
3435 2459 3650 2527 habuit,

2075 2544 2131 2589 ut
2155 2535 2220 2589 de
2253 2539 2420 2606 patria
2451 2540 2766 2606 pelleretur;
2800 2551 2852 2595 et
2881 2557 2998 2595 cum
3032 2547 3469 2614 peregrinaretur,
3506 2550 3654 2605 inve-

2073 2627 2149 2680 nit
2177 2630 2316 2696 quod
2345 2644 2447 2682 non
2481 2629 2706 2684 habebat
2731 2632 2782 2685 in
2813 2634 2999 2700 patria.
3027 2633 3137 2688 Non
3167 2637 3241 2690 sic
3265 2645 3347 2690 est
3375 2640 3537 2706 patria
3565 2640 3650 2694 illa

2070 2717 2399 2784 Jerusalem,
2433 2719 2518 2772 ubi
2547 2735 2735 2775 omnes
2777 2723 2898 2776 boni
2950 2742 2962 2778 :
3004 2727 3322 2796 quicumque
3363 2729 3484 2784 inde
3527 2746 3650 2798 per-

2074 2807 2348 2876 egrinatur
2367 2849 2380 2872 ,
2411 2810 2550 2864 inter
2577 2812 2743 2866 malos
2771 2824 2879 2877 est;
2914 2830 3015 2869 nec
3038 2817 3288 2873 recedere
3319 2835 3348 2873 a
3373 2821 3524 2874 malis
3552 2838 3654 2893 po-

2073 2906 2170 2951 test
2191 2939 2205 2961 ,
2240 2897 2341 2952 nisi
2373 2916 2490 2952 cum
2525 2901 2738 2955 redierit
2766 2903 2831 2956 ad
2865 2905 3169 2959 societatem
3213 2909 3562 2977 Angelorum,
3595 2923 3652 2966 ut

2074 2988 2140 3043 ibi
2182 2990 2251 3043 sit
2288 2991 2429 3044 unde
2473 2995 2857 3062 peregrinatur.
2895 2995 2964 3049 lbi
2997 3013 3180 3051 omnes
3215 2998 3340 3067 justi
3370 3009 3422 3054 et
3452 3005 3651 3070 sancti,

2073 3079 2160 3148 qui
2204 3079 2453 3133 fruuntur
2484 3081 2656 3136 Verbo
2690 3083 2782 3136 Dei
2825 3084 2937 3138 sine
2978 3085 3233 3152 lectione,
3263 3090 3374 3142 sine
3407 3091 3601 3146 litteris
3636 3111 3648 3146 :

2072 3169 2210 3236 quod
2239 3171 2378 3223 enim
2407 3170 2558 3224 nobis
2583 3188 2677 3241 per
2701 3173 2916 3241 paginas
2940 3177 3189 3242 scriptum
3214 3187 3313 3244 est,
3345 3196 3438 3247 per
3461 3180 3649 3236 faciem

2075 3259 2165 3312 Dei
2199 3261 2270 3312 illi
2299 3271 2542 3315 cernunt.
2577 3263 2758 3328 Qualis
2789 3265 2989 3331 patria!
3023 3266 3203 3337 Magna
3234 3270 3429 3338 patria,
3461 3281 3515 3326 et
3550 3274 3654 3326 mi-

2074 3351 2177 3404 seri
2209 3362 2330 3404 sunt
2357 3353 2616 3420 peregrini
2647 3355 2712 3407 ab
2741 3355 2822 3407 illa
2853 3357 3035 3424 patria.

2147 3443 2198 3495 7.
2229 3441 2332 3499 Sed
2361 3444 2500 3513 quod
2529 3445 2602 3496 ait
2631 3445 2746 3509 iste,
2778 3444 3075 3517 Longinqua
3102 3453 3236 3520 facta
3265 3461 3335 3506 est
3364 3455 3654 3525 pcregrina-

2074 3535 2142 3587 Iio
2173 3551 2318 3600 mea;
2347 3536 2572 3591 maxime
2601 3553 2782 3592 eorum
2813 3556 2909 3592 vox
2940 3550 3039 3607 est,
3069 3543 3118 3595 id
3147 3555 3248 3610 est,
3283 3544 3444 3614 ipsius
3474 3547 3654 3602 Eccle-

2075 3627 2201 3693 siae,
2242 3643 2360 3697 qua:
2403 3628 2604 3683 laborat
2639 3630 2690 3684 in
2727 3631 2824 3686 hac
2861 3642 3020 3687 terra.
3066 3633 3208 3690 Illius
3249 3651 3348 3690 vox
3389 3648 3504 3704 est,
3537 3655 3655 3708 que

2074 3719 2268 3772 clamat
2297 3734 2327 3772 a
2360 3718 2551 3774 finibus
2579 3731 2734 3776 terra)
2765 3722 2815 3776 in
2847 3725 2948 3776 alio
2988 3725 3190 3792 psalmo
3219 3727 3400 3780 dicens
3429 3745 3442 3782 :
3472 3730 3511 3780 Α
3539 3731 3656 3794 ﬁui-

2077 3809 2164 3862 bus
2191 3818 2335 3862 terra:
2358 3811 2425 3861 ad
2449 3821 2496 3863 te
2519 3810 2748 3864 clamavi.
2775 3812 2902 3878 Quis
2929 3823 3164 3867 nostrum
3191 3817 3376 3869 clamat
3406 3833 3436 3869 a
3464 3818 3656 3872 finibus

2079 3901 2269 3951 terra}?
2298 3897 2406 3950 Nec
2437 3913 2554 3966 ego,
2587 3913 2683 3952 nec
2715 3910 2787 3961 tu,
2819 3917 2916 3954 nec
2943 3902 3031 3954 ille
3061 3918 3074 3955 :
3105 3905 3194 3957 sed
3223 3921 3252 3958 a
3283 3907 3472 3960 finibus
3501 3917 3655 3964 teme

2077 4002 2187 4057 ipsa
2229 3995 2334 4040 tota
2363 3991 2376 4018 '
2414 3988 2682 4054 Ecclesia,
2726 3997 2831 4042 tota
2875 3990 3153 4046 hmreditas
3191 3994 3386 4047 Christi
3424 3997 3653 4062 clamat;

2077 4076 2198 4146 quia
2235 4076 2471 4130 Ecclesia
2509 4075 2789 4131 harreditas
2824 4079 2970 4146 ejus,
3001 4090 3052 4134 ct
3087 4083 3152 4136 de
3193 4084 3428 4139 Ecclesia
3456 4087 3654 4142 dictum

2077 4177 2178 4232 est,
2209 4167 2416 4220 Postilla
2438 4185 2468 4220 a
2493 4184 2589 4233 me,
2613 4177 2656 4221 et
2678 4170 2805 4222 dabo
2829 4171 2917 4222 tibi
2939 4181 3107 4239 gentes
3132 4174 3468 4231 Im’reditatcm
3496 4189 3654 4241 tuam,

2078 4267 2123 4311 et
2161 4258 2518 4328 possessionem
2553 4268 2689 4312 tuam
2727 4263 2960 4315 terminos
2999 4273 3146 4317 terra:
3175 4263 3353 4336 (Psal.
3385 4283 3452 4330 ιι,
3485 4268 3571 4339 8).
3601 4271 3658 4326 Si

2079 4364 2205 4418 ergo
2243 4351 2509 4418 possessio
2541 4350 2734 4404 Christi
2764 4368 2928 4422 usque
2956 4354 3020 4408 ad
3063 4357 3192 4410 lines
3233 4367 3417 4425 terrm,
3449 4371 3502 4415 et
3531 4376 3658 4431 pos-

2080 4441 2248 4495 sessio
2283 4438 2478 4496 Christi
2517 4458 2704 4498 omnes
2748 4445 2912 4498 sancti
2934 4447 2973 4512 ²,
3007 4457 3059 4500 et
3096 4463 3279 4502 omnes
3323 4453 3486 4506 sancti
3526 4471 3661 4508 unus

2084 4533 2242 4587 homo
2273 4535 2324 4588 in
2354 4535 2598 4598 Christo,
2631 4537 2751 4605 quia
2785 4537 2954 4590 unitas
2990 4550 3168 4595 sancta
3206 4542 3257 4595 in
3298 4543 3508 4598 Christo
3541 4555 3656 4610 est;

2086 4624 2200 4694 ipse
2232 4641 2366 4678 unus
2397 4625 2554 4679 homo
2583 4626 2736 4690 dicit,
2770 4629 2811 4680 Α
2840 4629 3023 4696 ﬁnibus
3053 4642 3197 4686 terra:
3231 4633 3299 4684 ad
3334 4645 3379 4688 te
3411 4634 3625 4688 clamavi
3644 4677 3658 4698 ,

2083 4717 2204 4769 dunt
2241 4728 2504 4788 angeretur
2545 4735 2632 4772 cor
2669 4737 2830 4773 mcum
2871 4721 3050 4791 (Psal.
3095 4740 3155 4776 ω(
3177 4765 3190 4789 ,
3221 4724 3304 4790 '5).
3342 4725 3506 4793 l-lnjus
3535 4741 3661 4795 ergo

2086 4810 2313 4863 hominis
2337 4811 2621 4880 longinqua
2657 4814 3006 4881 peregrinatio
3037 4815 3066 4866 f:
3089 4829 3119 4869 c
3142 4830 3170 4868 a
3197 4826 3274 4869 est
3308 4817 3443 4868 inter
3469 4818 3658 4874 malos.

2087 4899 2151 4952 Et
2181 4907 2426 4968 tanquam
2455 4901 2717 4955 diceretur
2750 4903 2856 4968 illi,
2886 4903 3016 4958 Cum
3045 4905 3234 4972 quihus
3261 4921 3387 4975 ergo
3419 4908 3622 4962 habitas
3646 4951 3660 4974 ,

2087 4999 2142 5041 ut
2172 4990 2390 5058 gemas?
2426 4990 2800 5060 Peregrinatio,
2841 4995 3040 5062 inquit,
3073 5011 3180 5048 mea
3220 4996 3489 5068 longinqua
3529 5001 3666 5069 facta

2095 5088 2184 5132 est.
2210 5080 2312 5133 Sed
2337 5081 2484 5149 quid,
2509 5082 2552 5134 si
2581 5097 2699 5135 cum
2731 5083 2882 5137 bouis
2905 5085 3083 5138 esset?
3106 5085 3158 5140 Si
3181 5101 3300 5140 cum
3330 5089 3480 5144 bonis
3501 5102 3663 5158 esset;

2095 5183 2199 5222 non
2227 5168 2448 5234 diceret,
2474 5169 2593 5224 lien
2622 5171 2737 5224 me!
2767 5172 2898 5237 llen,
2929 5188 3027 5226 vox
3064 5184 3142 5227 est
3175 5177 3423 5243 miseriae,
3457 5196 3554 5235 vox
3587 5192 3669 5237 est

2090 5259 2404 5313 calamitatis
2429 5270 2480 5313 et
2507 5259 2852 5325 infelicitatis;
2876 5263 2967 5316 sed
2993 5274 3166 5319 tamen
3196 5265 3246 5320 in
3275 5283 3389 5336 spe.
3413 5271 3532 5338 quia
3557 5275 3666 5340 jam

2091 5350 2173 5403 vel
2199 5365 2412 5419 gemere
2438 5349 2638 5403 didicit.
2668 5350 2811 5404 Multi
2839 5353 2978 5407 cnim
3010 5363 3060 5407 et
3088 5357 3266 5412 miseri
3294 5369 3449 5425 sunt,
3479 5372 3530 5417 et
3562 5377 3666 5417 non

2091 5449 2338 5508 gemunt,
2369 5448 2420 5493 et
2459 5441 2878 5510 peregrinantur,
2912 5454 2964 5497 et
2995 5447 3169 5502 redire
3200 5451 3402 5505 nolunt;
3436 5452 3536 5506 Iste
3560 5454 3668 5521 jam

2095 5532 2276 5585 volens
2307 5531 2500 5596 redire,
2533 5534 2806 5600 cognoscit
2843 5534 3201 5593 infelicitatem
3235 5542 3673 5611 peregrinationis

2095 5637 2204 5675 sua:
2234 5638 2248 5673 :
2281 5622 2399 5689 quia
2429 5623 2642 5693 agnovit
2672 5624 2833 5692 illam,
2867 5629 3037 5692 redit;
3071 5639 3124 5684 et
3150 5631 3439 5686 ascendere
3467 5632 3668 5704 incipit,

2161 5755 2178 5818 ξ
2202 5759 2298 5818 Arn.
2321 5759 2392 5802 Er.
2421 5761 2472 5804 et
2495 5755 2661 5818 plures
2682 5765 2808 5816 Mss.
2837 5759 2954 5810 sola.

2164 5816 2182 5845 '
2207 5815 2373 5865 Mures
2389 5815 2517 5880 ttssI,
2541 5819 2770 5884 possessio
2791 5815 2970 5872 (‘hristi
2997 5820 3204 5872 homines
3227 5824 3398 5874 sancti.
