4160 6444
638 380 773 436 1603

626 496 748 565 quia
776 491 1051 548 Canticum
1091 490 1344 561 graduum
1374 489 1532 558 ςωυίι
1560 496 1793 544 cantare.
1829 488 1927 544 Ubi
1956 504 2081 561 ergo
2110 506 2204 561 ge-

629 588 746 653 mit,
775 593 827 641 et
854 587 993 641 inter
1012 600 1147 654 quos
1175 582 1413 638 habitat?
1433 581 1719 635 lnhabitavi
1739 598 1852 635 cum
1877 585 2209 639 tabernaculis

628 680 809 735 Ccdar.
843 679 1075 733 Verbum
1111 676 1211 731 hoc
1236 676 1355 746 quia
1392 675 1662 730 hebrazum
1692 684 1805 742 est,
1835 676 2018 746 procul
2047 676 2208 732 dubio

579 730 595 835 3
628 787 731 826 non
761 769 1112 824 intellexistis.
1137 730 1273 835 Quid
1300 777 1400 833 est,
1429 765 1716 820 lnhabitavi
1740 784 1852 821 cum
1878 767 2207 823 tabernaculis

577 828 587 841 Ι
626 859 822 915 Cedar?
840 858 1028 922 Cedar,
1052 866 1305 928 quantum
1328 855 1665 911 meminimus
1687 872 1753 911 ex
1774 856 2208 926 interpretatione

626 948 899 1003 nominum
931 948 1262 1003 ltebrteorum
1284 989 1298 1011 ,
1327 947 1600 1002 Tenebras
1627 947 1910 1017 signiﬁcat.
1944 949 2208 1019 Interpre-

622 1048 787 1092 tatum
814 1038 987 1093 Cedar
1015 1038 1176 1093 latine
1196 1078 1211 1103 ,
1244 1038 1501 1093 Tenebrae
1527 1037 1792 1093 dicuntur.
1822 1038 1999 1095 Nostis
2029 1050 2206 1095 autem

623 1130 759 1186 duos
786 1130 923 1185 ﬁlios
952 1130 1199 1185 habuisse
1236 1131 1502 1184 Abraham
1522 1172 1535 1197 ,
1567 1146 1699 1200 quos
1727 1132 1938 1201 quidem
1973 1147 2207 1189 commc-

626 1228 801 1275 morat
831 1220 1115 1289 Apostolus
1136 1261 1149 1285 ,
1177 1230 1231 1274 et
1257 1218 1322 1273 ad
1355 1219 1635 1289 imaginem
1663 1219 1884 1274 duorum
1919 1230 2206 1276 testamen-

623 1317 798 1363 torum
824 1323 943 1363 esse
965 1308 1091 1362 dicit
1120 1326 1132 1360 :
1160 1321 1294 1360 unus
1318 1307 1384 1361 de
1411 1307 1597 1361 ancilla
1625 1316 1770 1372 erat,
1802 1318 1855 1362 et
1884 1309 2018 1363 alter
2041 1310 2108 1365 de
2138 1311 2206 1365 li-

621 1399 773 1454 bera.
808 1398 885 1452 Ex
920 1398 1139 1461 ancilla,
1172 1397 1358 1451 lsmael
1388 1404 1533 1462 erat;
1565 1396 1631 1451 de
1660 1397 1822 1451 libera
1854 1397 1981 1453 Sara
2003 1441 2016 1464 ,
2050 1415 2205 1468 quem

622 1492 859 1561 suscepit
888 1506 955 1545 ex
982 1490 1353 1559 desperatione
1380 1505 1473 1559 per
1503 1488 1682 1555 ﬁdem,
1712 1489 1858 1545 Isaac
1887 1500 2021 1546 erat.
2053 1491 2208 1547 Uter-

622 1597 724 1651 que
744 1597 809 1635 ex
835 1580 1038 1635 semine
1066 1579 1311 1645 Abraha),
1342 1579 1435 1634 sed
1466 1594 1568 1633 non
1598 1588 1817 1649 uterque
1844 1580 2018 1636 haeres
2040 1581 2207 1636 Abra-

622 1672 725 1727 lne.
759 1672 834 1726 De
866 1670 1133 1725 Abraham
1165 1679 1318 1723 natus
1347 1684 1513 1735 unus,
1545 1669 1637 1723 sed
1677 1678 1851 1727 tamen
1893 1685 1996 1725 non
2032 1670 2205 1726 haere-

621 1764 755 1818 ditat
787 1781 800 1817 :
832 1762 965 1816 alter
1002 1761 1161 1815 etiam
1206 1761 1411 1825 haeres;
1457 1774 1561 1814 non
1601 1761 1771 1815 solum
1814 1761 1981 1827 ﬁlius,
2023 1763 2116 1818 sed
2154 1774 2208 1819 et

620 1852 814 1907 haeres.
858 1851 914 1905 In
955 1850 1143 1905 lsmael
1184 1857 1307 1904 sunt
1342 1865 1529 1904 omnes
1565 1849 1657 1919 qui
1701 1851 1986 1906 carnaliter
2027 1853 2207 1908 colunt

624 1945 811 1999 Deum.
843 1942 920 1996 Ad
947 1943 1090 2012 ipsos
1118 1941 1257 1995 enim
1286 1949 1339 1995 et
1365 1948 1516 1993 vetus
1538 1948 1911 1995 testamentum
1937 1943 2163 2011 pertinet
2189 1961 2200 1996 :

636 2036 741 2107 [uia
770 2036 846 2091 sic
871 2035 1003 2088 dixit
1028 2033 1332 2103 Apostolus,
1359 2033 1466 2087 Sub
1486 2032 1618 2103 Lege
1639 2034 1853 2087 volentes
1875 2051 1997 2099 esse,
2022 2034 2205 2106 Legem

618 2146 720 2184 non
762 2128 1013 2181 audistis?
1051 2126 1311 2195 Scriptum
1347 2126 1424 2180 est
1460 2127 1589 2179 enim
1621 2127 1757 2196 quod
1795 2126 2049 2181 Abraham
2079 2129 2203 2184 duos

619 2222 752 2291 ﬁlios
781 2220 985 2286 habuit,
1016 2234 1171 2272 unum
1201 2218 1262 2270 de
1286 2218 1492 2284 ancilla,
1526 2227 1570 2271 et
1598 2234 1755 2271 unum
1782 2217 1844 2271 de
1872 2219 2062 2284 libera;
2092 2236 2205 2289 qua:

617 2321 733 2366 sunt
762 2312 813 2365 in
840 2311 1102 2382 allegoria.
1140 2309 1261 2363 Haec
1288 2310 1417 2363 enim
1449 2318 1565 2363 sunt
1602 2310 1703 2363 duo
1734 2320 2043 2366 testamenta.
2073 2312 2203 2379 Qua:

617 2413 743 2467 sunt
762 2404 866 2459 duo
889 2404 1239 2458 testamenta?
1262 2402 1434 2457 Unum
1464 2410 1635 2468 vetus,
1660 2411 1713 2457 ct
1736 2404 1959 2458 alterum
1983 2418 2197 2459 novum.

618 2497 783 2552 Vetus
811 2504 1186 2551 testamentum
1216 2510 1243 2547 a
1275 2495 1382 2548 Deo
1402 2536 1415 2558 ,
1445 2502 1498 2549 et
1533 2509 1725 2549 novum
1769 2504 2138 2551 testamentum
2169 2512 2199 2552 a

616 2589 761 2653 Deo;
792 2586 1058 2657 quomodo
1096 2585 1162 2641 de
1200 2584 1468 2639 Abraham
1499 2594 1551 2639 et
1582 2584 1766 2641 lsmael
1805 2595 1859 2641 et
1891 2587 2055 2642 lsaac.
2093 2587 2197 2642 Sed

615 2680 804 2735 lsmael
833 2679 897 2735 ad
931 2688 1227 2742 terrenum,
1261 2678 1404 2733 Isaac
1445 2677 1511 2732 ad
1545 2679 1763 2733 caeleste
1798 2694 2039 2749 regnum.
2075 2680 2199 2737 Ideo

614 2782 766 2828 vetus
795 2780 1164 2827 testamentum
1203 2771 1587 2840 promissiones
1616 2770 1773 2826 habet
1802 2780 2063 2838 terrenas,
2092 2782 2197 2828 ter-

616 2881 798 2921 renam
825 2863 1137 2929 Jerusalem,
1170 2870 1433 2917 terrenam
1461 2862 1817 2927 Palmstinam,
1842 2878 2062 2932 regnum
2090 2875 2195 2919 ter—

614 2973 802 3014 renum
823 2999 838 3021 ,
867 2956 1090 3011 salutem
1127 2963 1390 3008 terrenam
1413 2994 1426 3018 ,
1462 2953 1691 3007 hostium
1730 2953 2154 3023 subjugationem
2178 2997 2192 3020 ,

611 3049 987 3105 abundantiam
1018 3045 1270 3110 ﬁliorum,
1304 3043 1676 3098 fecunditatem
1705 3042 1916 3113 frugum
1940 3045 1979 3097 ί.
2006 3045 2194 3099 Omnia

610 3142 711 3198 ista
745 3138 1121 3211 promissiones
1149 3144 1274 3191 sunt
1299 3142 1543 3189 terrenae.
1576 3134 1631 3188 In
1660 3133 1826 3204 ﬁgura
1852 3135 2194 3204 spiritualiler

608 3232 998 3302 intelliguntur,
1024 3226 1292 3299 quomodo
1317 3225 1611 3305 Jerusalem
1639 3234 1849 3281 terrena
1872 3226 2057 3281 umbra
2080 3236 2195 3283 erat

608 3326 759 3393 regni
786 3322 1038 3386 caelestis,
1070 3329 1124 3375 et
1147 3335 1365 3389 regnum
1396 3328 1663 3372 terrenum
1692 3318 1879 3373 umbra
1906 3328 2021 3374 erat
2044 3321 2190 3389 regni

609 3415 887 3471 caelorum.
930 3411 1117 3465 lsmael
1160 3411 1211 3462 in
1248 3409 1468 3475 umbra,
1505 3406 1649 3462 Isaac
1698 3409 1748 3461 in
1785 3408 1924 3464 luce.
1969 3409 2024 3465 Si
2064 3426 2190 3480 ergo

609 3504 800 3561 lsmael
830 3503 883 3556 in
914 3502 1097 3556 umbra
1117 3542 1129 3565 ,
1163 3515 1268 3553 non
1300 3500 1487 3552 mirum
1516 3499 1636 3568 quia
1672 3498 1741 3552 ibi
1778 3500 2028 3554 tenebrae.
2062 3501 2187 3557 Pin-

607 3600 821 3668 guiores
848 3593 1045 3650 etenim
1078 3591 1277 3646 umbrae
1312 3590 1544 3645 tenebrae
1572 3598 1713 3643 sunt.
1747 3590 1887 3661 Ergo
1916 3592 2107 3646 lsmael
2136 3594 2185 3648 in

609 3685 876 3749 tenebris,
908 3683 1053 3738 Isaac
1091 3682 1143 3735 in
1184 3681 1319 3735 luce.
1348 3679 1674 3749 Quicumque
1703 3679 1788 3734 hic
1816 3682 1974 3735 etiam
2005 3683 2055 3735 in
2082 3684 2186 3739 Ec-

604 3778 764 3834 clesia
798 3786 1062 3831 terrenam
1092 3774 1393 3828 lelicitatem
1421 3781 1663 3841 quarrunt
1687 3788 1716 3826 a
1748 3773 1855 3827 Deo
1876 3816 1891 3839 ,
1923 3774 2095 3830 adhuc
2119 3776 2185 3831 ad

603 3867 795 3923 lsmael
824 3866 1107 3936 pertinent.
1140 3864 1239 3935 Ipsi
1270 3872 1393 3917 sunt
1422 3863 1509 3932 qui
1539 3864 1909 3917 contradicunt
1937 3866 2184 3934 spiritua-

603 3962 743 4015 libus
771 3956 1193 4030 proﬁcientibus,
1216 3964 1271 4009 ct
1291 3954 1579 4010 detrahunt
1604 3954 1727 4020 illis,
1752 3963 1803 4009 et
1826 3954 2023 4009 habent
2046 3956 2182 4011 labia

601 4052 780 4121 iniqua
822 4059 875 4104 et
901 4049 1103 4119 linguas
1130 4047 1401 4102 subdolas.
1442 4046 1637 4101 Contra
1676 4061 1809 4116 quos
1843 4048 2047 4117 rogavit
2085 4049 2183 4103 iste

600 4140 928 4206 ascendens,
959 4148 1013 4194 et
1049 4139 1277 4208 appositi
1315 4146 1441 4191 sunt
1475 4137 1522 4192 ei
1553 4136 1811 4191 carbones
1840 4136 2142 4192 desolatorii
2165 4181 2178 4203 ,

599 4240 654 4286 et
677 4231 879 4300 sagitta:
909 4231 1135 4299 potentis
1159 4238 1346 4281 acutas.
1371 4227 1513 4281 later
1532 4227 1650 4280 illos
1671 4228 1809 4281 enim
1837 4228 2009 4283 adhuc
2030 4229 2175 4296 vivit,

599 4321 769 4375 donec
793 4329 899 4373 tota
927 4334 1050 4374 area
1077 4319 1359 4372 ventiletur
1387 4335 1399 4370 :
1430 4317 1548 4371 ideo
1573 4316 1724 4381 dixit,
1757 4316 2043 4373 lnhabitavi
2067 4336 2179 4373 cum

597 4410 931 4463 tabernaculis
961 4407 1141 4461 Ccdar.
1181 4407 1309 4460 Nam
1348 4415 1401 4460 et
1440 4407 1551 4474 ipsa
1589 4406 1923 4461 tabernacula
1954 4408 2175 4475 lsmael,

595 4503 768 4557 Ccdar
791 4501 929 4556 dicta
958 4509 1102 4555 sunt.
1130 4498 1216 4552 Sic
1238 4497 1394 4552 habet
1416 4497 1551 4551 liber
1570 4497 1867 4561 Geneseos;
1895 4499 1971 4553 sic
1996 4498 2173 4569 habet,

593 4594 735 4666 quod
766 4592 936 4649 Cedar
962 4591 1027 4645 ad
1058 4590 1245 4645 lsmael
1277 4588 1503 4659 pertinet
1532 4591 1547 4657 (
1572 4586 1696 4642 Gen.
1730 4604 1851 4652 xxv,
1886 4588 2010 4660 15).
2040 4590 2176 4659 Ergo

592 4690 738 4745 Isaac
762 4703 882 4743 cum
914 4684 1131 4747 lsmael;
1156 4682 1207 4737 id
1232 4689 1335 4747 est,
1359 4682 1445 4748 qui
1470 4682 1731 4750 pertinent
1753 4682 1819 4737 ad
1845 4682 2008 4751 Isaac,
2040 4685 2176 4739 inter

591 4781 713 4835 illus
744 4760 945 4841 vivunt,
978 4776 1066 4846 qui
1097 4773 1362 4845 pertinent
1390 4772 1455 4827 ad
1487 4772 1694 4827 lsmael.
1730 4773 1814 4828 Isti
1845 4789 2053 4829 sursum
2084 4791 2175 4829 vo-

590 4872 705 4925 lunt
749 4868 1071 4933 ascendere,
1124 4866 1199 4920 illi
1243 4864 1493 4920 deorsum
1538 4864 1720 4919 volunt
1764 4880 2004 4934 premere
2039 4884 2050 4919 :
2086 4867 2170 4920 isti

589 4962 778 5016 volunt
802 4962 979 5014 volare
1007 4958 1073 5013 ad
1103 4958 1289 5021 Deum,
1315 4957 1387 5010 illi
1411 4965 1669 5011 conantur
1694 4972 1895 5027 pennas
1921 4958 2167 5012 evellere.

588 5050 823 5120 Namque
851 5049 991 5118 apud
1019 5048 1327 5117 Apostolum
1365 5047 1432 5100 ita
1463 5046 1657 5101 dicitur
1687 5064 1700 5101 :
1735 5046 1840 5101 Sed
1866 5048 1994 5100 sicut
2019 5057 2165 5111 tunc,

587 5140 673 5206 qui
697 5139 968 5192 secundum
997 5154 1195 5191 carnem
1223 5148 1370 5191 natus
1396 5146 1520 5204 erat,
1550 5138 1927 5206 persequebatur
1947 5153 2059 5190 eum
2085 5138 2171 5207 qui

590 5228 859 5281 secundum
886 5230 1154 5299 spiritum;
1187 5230 1259 5282 ita
1289 5238 1335 5282 et
1365 5244 1516 5282 nunc.
1548 5226 1857 5297 Spirituales
1892 5242 2019 5297 ergo
2052 5244 2172 5297 per-

588 5317 914 5372 secutionem
968 5320 1239 5386 patiuntur
1280 5333 1311 5371 a
1353 5318 1672 5373 carnalibus.
1719 5317 1824 5373 Sed
1871 5318 1997 5387 quid
2040 5318 2169 5372 dicit

585 5410 893 5479 Scriptura?
916 5409 1060 5478 Ejice
1087 5411 1324 5463 ancillam
1348 5419 1397 5465 et
1424 5410 1586 5477 ﬁlium
1611 5410 1756 5479 ejus;
1783 5426 1880 5463 non
1907 5410 2037 5463 enim
2065 5410 2168 5463 ha:-

585 5521 663 5559 res
690 5502 780 5557 erit
805 5502 941 5571 [ilius
967 5501 1166 5555 ancilla
1195 5518 1307 5554 cum
1334 5503 1440 5570 ﬁlio
1468 5520 1575 5555 meo
1606 5501 1753 5555 Isaac
1780 5506 1795 5572 (
1813 5501 1895 5555 Id.
1928 5518 2034 5568 va,
2063 5503 2163 5568 15;

584 5605 630 5649 et
664 5610 777 5657 nt,
810 5594 864 5660 2,
898 5594 950 5658 ὅ,
986 5591 1085 5657 1ος
1118 5590 1287 5644 Galat.
1318 5608 1394 5657 tv,
1422 5592 1630 5662 21-50).
1663 5592 1767 5647 Sed
1799 5594 1897 5647 hoc
1924 5592 2062 5663 quod
2087 5592 2166 5647 di-

585 5689 690 5752 cit,
727 5688 891 5757 Ejice,
924 5685 1135 5756 quando
1164 5684 1301 5738 erit?
1337 5684 1557 5752 Quando
1588 5701 1709 5740 arca
1740 5686 1961 5756 coeperit
1994 5686 2165 5741 venti-

648 5802 666 5834 ι
690 5800 856 5849 Plures
872 5806 1001 5861 Mss,
1034 5799 1292 5862 fructuum.

1895 377 1950 431 S.
1994 375 2356 432 AUGUSTINI
2401 380 2697 441 EPISCOPI

3734 410 3844 467 1604

2322 495 2436 550 lari.
2471 498 2626 554 Modo
2653 510 2833 557 autem
2864 513 3145 575 antequam
3177 507 3441 577 ejiciatur,
3476 512 3583 568 Heu
3613 534 3709 588 me,
3735 528 3844 593 quod

2315 588 2562 643 incolatus
2605 608 2743 645 meus
2787 594 3086 665 longinquus
3128 599 3291 667 factus
3328 605 3429 657 est!
3467 605 3719 665 inhabitari
3745 588 3846 671 eum

2315 679 2645 735 tabernaculis
2689 680 2870 738 Cedar.
2918 685 2984 739 Et
3030 689 3247 756 exponit
3284 692 3469 762 nobis,
3507 697 3593 766 qui
3634 711 3743 755 sunt
3776 703 3847 761 isu

2312 771 2401 841 qui
2430 773 2697 841 pertinent
2721 775 2786 830 ad
2815 777 3154 835 tabernacula
3179 780 3368 837 Ccdar.

2384 861 2436 917 8.
2471 861 2617 933 [vers.
2651 863 2727 936 6.]
2758 865 2976 921 Multum
3007 871 3323 941 peregrinata
3347 884 3417 930 est
3453 878 3619 931 anima
3646 897 3759 938 mea.
3784 884 3848 942 Ne

2314 954 2793 1023 peregrinationem
2847 961 3179 1029 corporalem
3240 964 3596 1036 intelligeres,
3649 973 3847 1031 animam

2312 1042 2443 1097 dixit
2486 1047 2833 1116 peregrinari.
2867 1049 3075 1120 Corpus
3115 1055 3481 1124 peregrinatur
3518 1058 3670 1126 locis,
3698 1064 3848 1120 anima

2310 1136 2684 1204 peregrinatur
2708 1137 3003 1195 affectibus.
3029 1141 3083 1197 Si
3112 1145 3373 1200 amaveris
3401 1154 3617 1213 terram,
3644 1157 3846 1223 peregri-

2311 1225 2454 1277 naris
2481 1240 2510 1278 a
2544 1227 2654 1280 Deo
2686 1244 2697 1279 :
2728 1228 2772 1282 si
2807 1232 3069 1286 amaveris
3098 1233 3263 1288 Deum
3286 1276 3300 1301 ,
3326 1237 3567 1293 ascendis
3593 1241 3655 1296 ad
3687 1244 3845 1300 Deum.

2312 1312 2366 1365 In
2394 1314 2653 1371 charitate
2680 1317 2773 1372 Dei
2801 1328 2855 1374 et
2881 1322 3109 1389 proximi
3136 1338 3499 1395 exerceamur,
3526 1338 3581 1383 ut
3606 1332 3847 1392 redeamus

2310 1404 2375 1458 ad
2397 1407 2730 1463 charitatem.
2753 1410 2808 1467 Si
2831 1412 3083 1469 cadamns
3112 1414 3160 1468 in
3188 1423 3407 1485 terram,
3436 1422 3785 1480 marcescimus
3804 1436 3847 1481 et

2312 1498 2678 1563 putrescimus.
2710 1499 2813 1556 lste
2837 1511 3014 1558 autem
3041 1505 3130 1573 qui
3156 1506 3439 1575 ceciderat,
3467 1509 3759 1568 descensum
3781 1526 3849 1571 est

2310 1586 2375 1640 ad
2402 1602 2521 1641 cum
2543 1629 2557 1655 ,
2586 1600 2644 1643 ut
2671 1593 3004 1649 ascenderet.
3039 1596 3324 1654 lntendens
3350 1608 3556 1671 tempus
3582 1608 3848 1674 peregrina-

2313 1675 2471 1731 tionis
2497 1692 2625 1743 suae,
2656 1678 2787 1735 dixit
2811 1697 2869 1736 se
2896 1685 3222 1755 peregrinari
3249 1688 3299 1742 in
3322 1689 3666 1748 tabernaculis
3685 1694 3844 1753 Cedar.

2310 1765 2517 1833 Quare?
2555 1769 2686 1836 Quia
2731 1772 2941 1827 multum
2982 1778 3297 1847 peregrinata
3327 1791 3402 1834 est
3441 1783 3609 1837 anima
3635 1802 3751 1843 mea.
3784 1786 3846 1845 lbi

2310 1854 2695 1929 peregrinatur,
2721 1863 2808 1917 ubi
2830 1866 3089 1921 ascendit.
3116 1869 3231 1923 Non
3253 1886 3479 1942 corpore
3501 1878 3844 1947 peregrinatur,

2310 1964 2415 2003 non
2448 1965 2672 2021 corpore
2703 1955 2959 2010 ascendit.
2991 1957 3095 2013 Sed
3123 1960 3207 2015 ubi
3236 1963 3512 2018 ascendit?
3538 1966 3844 2037 Ascensiones,

2308 2038 2498 2109 inquit,
2525 2041 2575 2095 in
2602 2043 2769 2097 corde.
2797 2044 2851 2101 Si
2879 2061 3007 2117 ergo
3036 2050 3274 2105 ascendit
3295 2052 3349 2105 in
3370 2053 3550 2122 corde,
3574 2071 3671 2111 non
3691 2072 3845 2120 ascen-

2308 2128 2385 2183 dit
2414 2146 2508 2199 per
2535 2134 2879 2191 ascensiones
2904 2138 3079 2193 cordis
3108 2141 3208 2195 nisi
3233 2142 3412 2197 anima
3437 2160 3553 2214 qute
3577 2150 3845 2219 peregrina-

2310 2228 2413 2274 tur.
2442 2221 2545 2277 Sed
2573 2223 2741 2279 donec
2769 2229 3061 2296 perveniat,
3088 2232 3303 2285 multum
3328 2237 3642 2306 peregrinata
3668 2249 3732 2292 est
3755 2241 3845 2293 ani-

2305 2331 2388 2368 ma
2418 2333 2545 2370 mea.
2572 2316 2712 2373 Ubi?
2736 2318 2793 2373 In
2820 2320 3149 2378 tabernaculis
3181 2324 3363 2379 Cedar.

2376 2408 2428 2464 9.
2462 2410 2620 2481 [vers.
2654 2411 2740 2483 7.]
2768 2412 2890 2467 Cum
2921 2414 2998 2467 his
3030 2418 3115 2485 qui
3147 2418 3360 2495 oderunt
3400 2436 3600 2490 pacem,
3628 2438 3747 2477 eram
3772 2441 3843 2495 pa-

2304 2499 2498 2567 ci/icus.
2543 2500 2736 2556 Verum
2778 2511 2835 2558 ut
2875 2504 3134 2573 audiatis,
3175 2492 3369 2563 fratres
3405 2510 3723 2581 charissimi,
3760 2492 3844 2572 non

2304 2592 2545 2659 poteritis
2582 2592 2810 2662 probare
2841 2610 2998 2664 quam
3029 2612 3151 2651 vera
3188 2599 3452 2666 camelis,
3488 2602 3586 2657 nisi
3614 2605 3844 2674 coeperitis

2303 2680 2477 2737 facere
2507 2683 2647 2752 quod
2676 2686 2919 2740 cantatis.
2950 2685 3346 2753 Quantumlibet
3376 2691 3507 2746 illud
3536 2692 3714 2759 dicam,
3736 2710 3843 2764 quo-

2302 2773 2596 2831 modolibet
2630 2792 2916 2847 exponam,
2948 2779 3423 2852 qualibuscumque
3453 2786 3621 2841 verbis
3647 2801 3840 2853 versem,

2301 2881 2407 2919 non
2434 2866 2595 2921 intrat
2622 2867 2673 2921 in
2698 2884 2791 2923 cor
2814 2870 2930 2939 ejus
2960 2871 3012 2925 in
3037 2887 3140 2941 quo
3174 2888 3278 2927 non
3307 2884 3394 2929 est
3422 2891 3553 2945 opus
3580 2877 3703 2947 ejus.
3733 2878 3842 2933 Inci-

2300 2957 2408 3025 pite
2435 2972 2614 3027 agere,
2643 2968 2696 3012 et
2721 2960 2897 3014 videte
2926 2962 3051 3031 quid
3084 2964 3385 3033 loquamur.
3416 2967 3564 3023 Tunc
3586 2969 3647 3023 ad
3671 2970 3842 3040 singula

2298 3048 2457 3102 verba
2474 3044 2734 3119 'lacrymze
2768 3051 3031 3120 proﬂuunt
3051 3094 3065 3119 ,
3099 3064 3223 3109 tunc
3250 3056 3502 3113 Psalmus
3526 3069 3776 3127 cantatur,
3797 3071 3840 3115 et

2296 3138 2421 3192 facit
2448 3154 2541 3194 cor
2569 3141 2708 3210 quod
2736 3141 2787 3195 in
2820 3142 3033 3198 l’salmo
3057 3154 3320 3201 cantatur.
3348 3149 3521 3217 Quam
3555 3152 3694 3206 multi
3721 3152 3836 3207 enim

2296 3238 2488 3284 sonant
2525 3246 2685 3296 voce,
2717 3242 2769 3287 et
2796 3233 2957 3288 corde
2985 3236 3113 3288 muti
3149 3237 3310 3291 sunt?
3340 3239 3409 3293 Et
3437 3256 3587 3311 quam
3614 3243 3747 3297 multi
3773 3252 3863 3296 ta-'

2294 3330 2417 3374 cent
2446 3322 2632 3389 labiis,
2661 3332 2714 3376 et
2749 3323 2978 3377 clamant
3012 3324 3242 3380 aﬁ‘ectu?
3270 3328 3404 3394 Quia
3439 3330 3503 3386 ad
3534 3347 3622 3386 cor
3645 3331 3838 3385 hominis

2295 3426 2450 3465 aures
2474 3413 2563 3466 Dei
2591 3430 2603 3467 :
2629 3414 2765 3467 sicut
2784 3430 2942 3469 aures
2962 3419 3203 3485 corporis
3228 3418 3293 3472 ad
3319 3434 3383 3474 os
3410 3420 3651 3488 hominis,
3677 3423 3743 3478 sic
3760 3438 3837 3477 cor

2293 3502 2525 3558 hominis
2554 3505 2619 3558 ad
2646 3520 2801 3559 aures
2837 3506 2950 3562 Dei.
2980 3507 3128 3561 Multi
3158 3509 3338 3564 clauso
3372 3526 3470 3566 ore
3499 3513 3831 3578 exaudiuntur,

2292 3602 2347 3648 et
2375 3595 2524 3649 multi
2558 3595 2608 3648 in
2645 3595 2850 3666 magnis
2878 3597 3198 3652 clamoribus
3234 3616 3337 3655 non
3374 3602 3734 3659 exaudiuntur.
3760 3604 3835 3657 Al.

2291 3683 2514 3739 fectibus
2538 3699 2692 3740 orare
2712 3685 2987 3753 debemus,
3013 3698 3064 3743 et
3088 3689 3288 3755 dicere,
3316 3691 3538 3747 Multum
3557 3696 3833 3766 peregrinata

2290 3782 2361 3827 est
2389 3774 2558 3827 anima
2587 3791 2698 3828 mea
2727 3791 2744 3828 :
2773 3793 2887 3829 cum
2914 3778 2990 3831 his
3018 3779 3104 3849 qui
3129 3781 3343 3834 oderunt
3368 3800 3576 3853 pacem,
3607 3802 3729 3839 εναιη
3759 3801 3834 3852 ρα-

2289 3864 2480 3929 ciﬁcus.
2510 3866 2646 3934 Quid
2679 3867 2818 3921 enim
2849 3869 2993 3924 aliud
3017 3870 3242 3927 dicimus
3274 3873 3389 3929 istis
3421 3875 3689 3942 haariticis,
3715 3876 3828 3943 nisi,

2288 3956 2602 4027 Cognoscite
2640 3974 2821 4028 pacem
2844 4002 2858 4025 ,
2890 3970 3063 4017 amate
3093 3966 3315 4031 pacem?
3343 3966 3528 4024 Justos
3553 3984 3641 4024 vos
3667 3968 3827 4024 dicitis.

2286 4048 2390 4104 Sed
2427 4050 2471 4104 si
2506 4050 2633 4119 justi
2670 4053 2893 4116 essetis,
2934 4052 3073 4108 inter
3110 4056 3312 4125 paleam
3354 4072 3522 4127 grana
3561 4060 3825 4130 gemeretis.

2284 4138 2415 4193 Nam
2439 4142 2559 4210 quia
2587 4157 2746 4211 grana
2771 4152 2893 4195 sunt
2916 4142 2965 4196 in
2991 4141 3281 4210 Catholica,
3305 4155 3359 4201 et
3382 4164 3505 4203 vera
3526 4164 3678 4219 grana
3698 4157 3823 4214 sunt;

2286 4230 2405 4285 ideo
2438 4231 2662 4286 tolerant
2688 4231 2893 4301 paleam
2913 4274 2927 4297 ,
2953 4233 3123 4288 donec
3148 4237 3432 4292 ventiletur
3456 4254 3609 4307 area;
3632 4240 3738 4309 quia
3760 4238 3826 4292 in-

2285 4329 2368 4374 ter
2408 4320 2611 4390 paleam
2653 4323 2919 4387 clamant,
2961 4322 3078 4377 Heu
3118 4342 3231 4391 me,
3270 4329 3408 4396 quod
3445 4330 3681 4383 incolatu:
3710 4343 3824 4383 mea:

2284 4413 2582 4482 longinquus
2611 4413 2777 4481 factus
2816 4415 2920 4467 est!
2948 4415 3219 4469 inhabitari
3256 4433 3370 4470 cum
3406 4420 3721 4473 tabernaculis
3744 4416 3822 4473 Ce-

2282 4502 2394 4554 dar.
2428 4501 2718 4556 lnhabitavi
2738 4544 2752 4567 ,
2787 4503 2991 4573 inquit,
3016 4520 3137 4559 cum
3164 4506 3346 4573 paleis.
3371 4506 3477 4562 Sed
3505 4507 3747 4578 quomodo
3766 4505 3821 4561 de

2282 4593 2429 4662 palea
2462 4594 2658 4649 multus
2686 4593 2861 4649 fumus
2887 4596 3014 4663 exit,
3045 4597 3120 4651 sic
3148 4597 3214 4652 de
3238 4598 3254 4628 ¹
3282 4596 3453 4654 Cedar
3482 4600 3717 4655 tenebrae.
3745 4597 3820 4650 ln-

2280 4684 2499 4737 hnbitavi
2526 4701 2640 4737 cum
2680 4686 3013 4740 tabernaculis
3049 4685 3212 4740 Cedar
3241 4704 3259 4740 :
3290 4690 3503 4743 multum
3544 4689 3820 4759 peregrinata

2277 4784 2351 4827 est
2387 4775 2557 4827 anima
2598 4791 2726 4827 mea.
2762 4775 3175 4830 Frumentorum
3214 4792 3316 4831 vox
3355 4787 3471 4846 est,
3504 4779 3634 4833 inter
3668 4777 3819 4847 paleas

2276 4869 2619 4935 gementium.
2652 4869 2774 4923 llaec
2811 4869 3076 4939 loquimur
3110 4871 3212 4926 illis
3250 4873 3338 4942 qui
3373 4872 3594 4927 oderunt
3621 4882 3813 4941 pacem;

2275 4966 2329 5011 et
2355 4957 2595 5020 dicimus,
2625 4957 2748 5012 Cum
2771 4959 2847 5012 his
2866 4960 2951 5028 qui
2978 4960 3188 5014 oderunt
3212 4978 3404 5032 pacem,
3432 4978 3565 5015 eram
3588 4960 3813 5030 paciﬁcus.

2275 5046 2374 5113 Qui
2402 5056 2527 5102 sunt
2550 5048 2637 5117 qui
2666 5048 2892 5103 oderunt
2928 5050 3144 5118 pacem?
3172 5050 3272 5118 Qui
3301 5051 3642 5107 conscindunt
3668 5048 3816 5102 unita-

2277 5149 2402 5193 tem.
2436 5138 2490 5194 Si
2517 5140 2658 5194 enim
2689 5154 2869 5210 pacem
2901 5156 3004 5195 non
3036 5142 3292 5209 odissent,
3321 5144 3372 5198 in
3399 5145 3593 5198 unitate
3618 5139 3812 5196 mansis-

2274 5239 2412 5283 sent.
2441 5229 2545 5285 Sed
2574 5230 2817 5285 videlicet
2841 5240 3115 5301 propterea
3143 5247 3200 5287 se
3227 5240 3613 5303 separaverunt,
3637 5238 3686 5283 ut
3703 5223 3809 5296 justi

2274 5332 2482 5387 essent,
2510 5331 2565 5375 ut
2596 5337 2698 5377 non
2731 5322 2987 5379 haberent
3024 5326 3223 5379 mixtos
3261 5326 3493 5396 injustos.
3529 5326 3627 5379 Ant
3655 5328 3807 5374 nostra

2273 5422 2356 5467 est
2397 5414 2496 5467 ista
2535 5428 2635 5468 vox
2656 5456 2669 5478 ,
2701 5423 2791 5467 aut
2833 5415 3077 5481 illorum;
3107 5418 3243 5487 elige
3278 5418 3424 5488 cujus
3457 5416 3541 5470 sit.
3570 5410 3805 5468 Catholica

2273 5503 2398 5557 dicit
2432 5522 2443 5556 :
2468 5503 2579 5557 Non
2608 5513 2689 5558 est
2717 5504 3027 5560 dimittenda
3056 5508 3248 5573 unitas,
3274 5524 3377 5561 non
3403 5516 3479 5561 est
3510 5496 3805 5574 prrecitlenda

2273 5595 2505 5649 Ecclesia
2530 5596 2641 5650 Dei.
2666 5594 2930 5651 Judicabit
2954 5597 3095 5652 Deus
3122 5598 3187 5652 de
3211 5598 3360 5652 malis
3385 5606 3435 5652 et
3459 5594 3603 5650 bonis
3624 5597 3801 5682 postea:

2272 5685 2325 5741 Si
2356 5700 2494 5739 nu-iic
2523 5686 2646 5739 mali
2686 5701 2715 5740 a
2753 5687 2908 5742 bonis
2945 5688 3179 5756 separari
3220 5704 3321 5744 non
3357 5693 3601 5760 possunt,
3630 5672 3801 5735 l'et'endi

2345 5799 2360 5827 ί
2386 5795 2633 5859 Particula,
2659 5798 2736 5861 de,
2759 5810 2853 5848 non
2881 5806 2956 5850 est
2979 5801 3027 5851 in
3042 5805 3145 5849 Mss.
