4160 6434
375 391 517 448 1605

368 513 496 556 sunt
527 503 600 557 ad
628 511 837 571 tempus
867 518 878 552 :
905 498 1026 553 mali
1054 498 1105 552 in
1128 510 1251 552 area
1277 495 1551 551 nobiscum
1578 508 1696 549 esse
1724 501 1963 563 possunt,

365 593 411 645 in
447 592 668 647 horreo
698 606 804 646 non
833 597 1072 660 possunt.
1101 588 1168 641 Et
1191 586 1323 641 forte
1349 585 1505 640 hodie
1532 583 1619 655 qui
1652 584 1774 637 mali
1805 597 1970 653 appa-

362 692 517 748 rent,
551 698 677 738 cras
698 681 821 737 boni
846 689 1033 744 erunt;
1059 690 1112 734 et
1134 678 1220 748 qui
1249 677 1314 732 de
1335 676 1570 732 bonitate
1599 675 1755 730 hodie
1783 688 1971 742 super-

353 770 551 838 biunt,
584 786 711 827 cras
739 770 865 825 mali
896 769 1250 823 invenientur.
1278 765 1525 836 Quisquis
1549 780 1676 835 ergo
1703 763 1971 818 humiliter

344 862 551 918 malos
574 863 648 918 ad
675 870 883 931 tempus
903 859 1022 926 fert,
1047 859 1160 929 ipse
1185 857 1457 929 perveniet
1481 855 1546 911 ad
1572 855 1808 925 requiem
1833 868 1974 913 sem-

335 955 675 1023 piternam.
706 954 835 1008 Haec
863 966 963 1007 vox
994 950 1281 1005 catholica‘
1303 956 1403 1003 est.
1429 947 1642 1001 Illorum
1669 954 1844 999 autem
1870 958 1973 998 vox

329 1046 549 1115 qualis
583 1056 701 1113 est,
733 1060 839 1100 non
871 1042 1275 1114 intelligentium
1305 1055 1477 1110 neque
1509 1054 1626 1109 qua:
1664 1039 1971 1108 loquuntur,

325 1151 553 1205 neque
602 1135 674 1191 de
713 1135 904 1205 quibus
942 1133 1208 1187 affirmant
1237 1129 1290 1202 (l
1319 1130 1450 1183 Tim.
1477 1144 1515 1196 ι,
1545 1128 1655 1197 7)?
1688 1126 1769 1181 Ne
1798 1136 1975 1197 tangas

321 1226 706 1280 immundum
732 1224 886 1296 (Isai.
916 1240 1006 1291 LII,
1035 1222 1156 1293 il);
1183 1230 1257 1287 et,
1285 1221 1383 1288 Qui
1406 1219 1615 1291 tetigerit
1635 1218 1971 1283 immundum,

320 1316 733 1386 iuquinabitur
759 1315 941 1388 (Levii.
968 1328 1098 1379 χιιι,
1130 1312 1188 1381 5)
1215 1330 1227 1366 :
1254 1324 1560 1380 separemus
1589 1323 1706 1376 nos,
1739 1323 1805 1362 ne
1830 1322 1976 1361 com-

320 1410 713 1464 misceamur
738 1408 912 1463 malis.
938 1407 1003 1460 Et
1029 1420 1126 1459 nos
1152 1404 1255 1458 illis
1281 1422 1293 1456 :
1324 1402 1512 1456 Amate
1539 1415 1743 1471 pacem,
1773 1399 1976 1468 diligite

320 1499 671 1555 unitatem.
703 1498 928 1553 Nescitis
956 1515 985 1550 a
1016 1510 1173 1566 quam
1213 1493 1394 1548 multis
1428 1492 1581 1546 bonis
1618 1489 1931 1560 separamini
1957 1530 1973 1557 ,

322 1591 495 1645 dum
555 1591 717 1662 quasi
761 1589 915 1643 malis
959 1584 1390 1643 calumniamini?
1442 1583 1676 1645 Furunt,
1719 1582 1974 1647 smviunt,

323 1680 600 1751 quando
626 1682 723 1735 ista
746 1679 970 1734 dicimus
995 1696 1007 1732 :
1033 1692 1155 1731 nam
1177 1684 1420 1746 quaerunt
1440 1684 1493 1729 et
1516 1673 1833 1728 mortificare
1856 1686 1972 1726 nos.

325 1772 769 1840 Apparuerunt
811 1783 953 1838 smpe
1002 1768 1228 1837 impetus
1255 1780 1467 1829 eorum,
1499 1771 1856 1833 apparuerunt
1892 1762 1977 1816 in-

327 1860 554 1915 sidiae.
605 1858 740 1915 Cum
780 1872 907 1929 ergo
947 1858 1084 1911 inter
1124 1856 1340 1910 insidias
1379 1855 1591 1909 illorum
1632 1852 1890 1917 vivimus,
1927 1860 1981 1906 et

329 1951 583 2022 quibus
626 1950 883 2015 dicimus,
921 1948 1110 2002 Amate
1149 1960 1330 2015 pacem
1354 1986 1368 2011 ,
1409 1944 1757 1999 adversantur
1789 1941 1975 2006 nobis;

332 2057 568 2097 nonne
595 2056 700 2096 vox
728 2041 824 2095 ista
854 2048 1035 2093 nostra
1058 2044 1160 2103 est,
1186 2036 1312 2091 Cum
1338 2036 1416 2090 Itis
1440 2036 1526 2105 qui
1551 2035 1761 2089 oderunt
1783 2050 1975 2105 pacem,

334 2148 525 2184 eram
558 2130 847 2199 paciﬁcus?
873 2128 997 2183 Cum
1027 2127 1253 2197 loquerer
1276 2127 1395 2188 illis.
1426 2124 1734 2179 debellabant
1763 2140 1840 2177 me
1863 2140 1981 2194 gra-

337 2224 449 2276 tis.
482 2221 643 2289 Quid
666 2231 747 2276 est
771 2227 968 2286 autem,
996 2218 1207 2282 fratres,
1236 2218 1547 2271 debellabant
1569 2218 1684 2271 me?
1704 2217 1768 2271 Et
1794 2232 1979 2287 parum

340 2322 497 2368 erat
517 2353 534 2379 ,
565 2313 616 2366 si
648 2326 752 2366 non
782 2309 1032 2374 adderet,
1065 2309 1240 2378 gratis.
1274 2307 1475 2374 Quibus
1503 2307 1729 2362 dicimus
1749 2347 1762 2373 ,
1796 2309 1982 2361 Amate

344 2417 582 2473 pacem
602 2442 619 2467 ,
648 2402 914 2456 Christum
950 2408 1123 2454 amate
1152 2418 1165 2453 :
1194 2398 1451 2468 numquid
1494 2398 1750 2464 dicimus,
1796 2400 1982 2452 Amate

346 2502 416 2547 et
454 2494 739 2547 honorate
767 2505 864 2547 nos
884 2492 907 2544 ?
930 2489 1056 2553 Sed,
1089 2489 1356 2544 llonorate
1379 2488 1671 2543 Christum.
1699 2488 1807 2543 Nos
1830 2489 1982 2543 noluo

348 2599 509 2638 mus
557 2582 847 2647 honorari,
893 2581 984 2636 sed
1031 2580 1199 2635 illum.
1244 2579 1373 2633 Nam
1412 2594 1510 2634 nos
1539 2578 1663 2649 quid
1702 2594 1883 2633 sumus
1916 2578 1981 2632 ad

351 2674 703 2746 apostolum
734 2674 992 2729 Paulum?
1022 2672 1121 2740 Qui
1151 2682 1325 2727 tamen
1354 2672 1561 2727 dicebat
1587 2673 1690 2726 illis
1720 2672 1979 2741 parvulis,

356 2783 531 2837 quos
555 2766 683 2820 mali
706 2765 945 2819 homines
972 2772 1025 2819 et
1053 2763 1177 2817 mali
1205 2777 1452 2817 suasores
1481 2762 1767 2832 praecidere
1787 2762 1853 2817 ab
1875 2763 1985 2816 uni-

364 2869 501 2914 tate
553 2858 609 2912 in
654 2857 938 2914 schismata
988 2856 1270 2919 volebant;
1313 2853 1439 2923 quid
1481 2853 1561 2908 eis
1605 2853 1813 2908 dicebat
1856 2852 1984 2907 ille?

368 2948 670 3017 Numquid
694 2946 890 3000 Paulus
915 2962 1007 3016 pro
1027 2944 1162 2999 vobis
1185 2944 1456 3011 cruci/imus
1477 2953 1547 2996 est
1565 2942 1590 2996 ?
1608 2953 1693 2996 aut
1714 2943 1765 2996 in
1786 2943 1985 2995 nomine

373 3038 557 3092 Pauli
588 3036 825 3106 baptizati
845 3035 959 3089 estis
980 3034 1024 3103 (l
1047 3034 1164 3088 Cor.
1189 3049 1227 3099 ι,
1252 3032 1380 3102 l3)?
1402 3032 1511 3087 Hoc
1533 3040 1586 3086 et
1607 3047 1704 3087 nos
1724 3031 1979 3090 dicimus:

373 3133 593 3185 Amate
638 3142 820 3198 pacem
841 3168 856 3194 ,
885 3135 1059 3180 amate
1086 3123 1374 3179 Christum.
1408 3122 1464 3179 Si
1502 3120 1642 3177 enim
1680 3130 1861 3176 amant
1888 3138 1983 3192 pa-

377 3236 540 3286 cem,
564 3218 832 3273 Christum
864 3225 1063 3271 amant.
1091 3216 1221 3271 Cum
1246 3230 1372 3286 ergo
1402 3214 1645 3281 dicimus,
1673 3216 1860 3269 Amate
1890 3230 1985 3284 pa-

380 3329 548 3377 cem;
583 3311 684 3365 hoc
713 3310 955 3374 dicimus,
984 3310 1171 3362 Amate
1198 3307 1487 3361 Christum.
1517 3306 1723 3373 Quare?
1751 3307 1881 3373 Quia
1919 3305 1986 3361 de

384 3404 620 3460 Christo
656 3401 730 3455 ait
768 3400 1054 3470 Apostolus
1075 3440 1087 3463 ,
1118 3396 1237 3467 Ipse
1271 3406 1341 3451 est
1370 3399 1501 3451 enim
1532 3413 1633 3465 pax
1661 3406 1832 3450 nostra
1855 3437 1870 3463 ,
1901 3397 1987 3465 qui

391 3494 519 3566 fecit
563 3503 777 3562 utraque
818 3505 968 3542 unum
998 3488 1016 3559 (
1035 3486 1224 3557 Ephes.
1260 3502 1295 3540 ιι
1316 3527 1330 3551 ,
1368 3485 1484 3557 Η).
1515 3486 1569 3541 Si
1596 3500 1723 3556 ergo
1748 3484 1988 3541 Christus

395 3587 525 3641 ideo
556 3599 657 3654 pax
680 3625 694 3649 ,
723 3583 844 3652 quia
871 3581 986 3650 fecit
1012 3589 1220 3649 utraque
1248 3594 1398 3633 unum
1419 3618 1433 3641 ,
1461 3592 1625 3647 quare
1656 3593 1749 3632 vos
1783 3577 1850 3632 de
1882 3592 1988 3631 uno

398 3674 611 3729 fecistis
645 3671 795 3726 duo?
836 3668 1112 3738 Quomodo
1154 3684 1281 3740 ergo
1325 3667 1527 3739 pacifici
1570 3668 1727 3731 estis,
1770 3676 1827 3727 ut
1867 3682 1987 3721 cum

402 3765 652 3819 Christus
684 3760 839 3816 faciat
865 3775 1028 3813 unum
1054 3758 1122 3813 de
1155 3757 1362 3813 duobus
1382 3798 1397 3824 ,
1426 3772 1523 3813 vos
1553 3756 1756 3812 faciatis
1780 3756 1847 3812 de
1882 3772 1989 3811 uno

407 3853 556 3908 duo?
585 3851 690 3908 Sed
718 3850 838 3921 quia
864 3849 978 3904 hare
1001 3849 1245 3914 dicimus,
1272 3863 1391 3902 cum
1423 3847 1503 3901 his
1527 3848 1614 3916 qui
1644 3847 1868 3901 oderunt
1895 3862 1988 3916 pa-

412 3959 526 3999 cem
552 3956 736 3997 sumus
762 3940 999 4011 pacifici;
1028 3946 1081 3993 et
1107 3949 1280 3992 tamen
1310 3938 1379 3990 illi
1406 3937 1494 4006 qui
1524 3937 1748 3991 oderunt
1774 3951 1953 4005 pacem
1971 3975 1989 4006 ,

415 4052 533 4091 cum
559 4037 897 4104 loqueremur
921 4033 1018 4099 eis,
1043 4030 1376 4087 debellabant
1402 4045 1498 4083 nos
1524 4029 1706 4099 gratis.

438 4159 1980 4186 ______________—__

853 4261 933 4320 IN
980 4256 1355 4319 PSALMUM
1399 4254 1572 4315 CXX

995 4375 1409 4432 ENARRATIO.

1062 4502 1231 4543 διεωιο
1260 4486 1355 4557 (a).

496 4608 547 4663 ί.
580 4602 854 4662 Secundus
883 4609 963 4655 est
999 4600 1098 4654 iste
1127 4597 1362 4667 psalmus
1392 4610 1573 4649 eorum
1601 4610 1825 4664 quorum
1865 4595 1991 4649 titu-

430 4703 506 4752 lus
534 4706 637 4763 est,
666 4695 928 4750 Canticum
954 4691 1222 4763 graduum.
1258 4688 1443 4742 Plures
1477 4686 1617 4740 enim
1648 4696 1770 4740 sunt
1793 4686 1997 4756 signifi-

426 4797 630 4854 cantes,
675 4796 731 4840 ut
764 4784 873 4854 jam
900 4784 951 4837 in
996 4781 1166 4851 primo
1192 4795 1376 4834 eorum
1417 4777 1663 4842 audistis,
1719 4791 1999 4831 ascensum

430 4890 692 4942 nostrum,
723 4877 811 4947 qui
834 4876 892 4929 lit
917 4875 968 4928 in
989 4871 1152 4927 corde
1175 4869 1241 4924 ad
1274 4870 1458 4933 Deum,
1487 4882 1516 4921 a
1557 4867 1797 4921 convalle
1822 4867 1999 4937 plora-

431 4973 609 5035 tionis,
638 4968 690 5022 id
714 4977 833 5030 est,
865 4964 931 5019 ab
960 4961 1255 5017 humilitate
1288 4956 1766 5013 contribulationis.
1802 4958 2003 5010 Ascen-

430 5076 520 5115 sus
545 5060 687 5115 enim
718 5056 863 5111 utilis
893 5054 1044 5110 nobis
1070 5066 1174 5107 non
1204 5058 1377 5120 potest
1403 5062 1542 5113 esse,
1574 5047 1676 5101 nisi
1705 5047 1873 5116 primo
1905 5046 2001 5101 huc

434 5150 621 5205 miliati
643 5150 687 5215 ’,
714 5163 742 5200 a
765 5146 1001 5201 convalle
1031 5144 1183 5198 nobis
1202 5139 1593 5195 ascendendum
1616 5153 1734 5192 esse
1755 5139 2005 5194 memine-

433 5242 599 5295 rimus
643 5235 936 5308 (convallis
980 5234 1122 5288 enim
1173 5240 1327 5285 terrae
1360 5229 1508 5282 locus
1550 5236 1631 5281 est
1668 5228 1955 5296 depressus
1990 5248 2002 5284 :

434 5334 571 5388 sicut
594 5332 711 5385 loca
745 5338 900 5381 terrae
944 5325 1048 5379 alta
1081 5331 1288 5378 montes
1320 5330 1375 5376 et
1413 5320 1576 5374 colles
1597 5360 1611 5385 ,
1650 5318 1719 5371 ita
1750 5320 2009 5375 convallis

438 5425 589 5479 locus
641 5418 925 5487 humilis);
958 5432 1026 5470 ne
1052 5416 1175 5469 dum
1207 5423 1543 5482 pra-propere
1589 5418 1643 5463 et
1686 5419 2011 5478 prmpostere

437 5513 728 5584 qumrimus
773 5507 1026 5571 exaltari,
1083 5520 1184 5559 non
1224 5501 1596 5567 ascendanius,
1646 5499 1739 5553 sed
1774 5515 2008 5555 ruamus.

501 5626 518 5655 ι
556 5630 720 5680 Forte,
743 5617 1005 5680 catholica).
1563 5671 1573 5680 _
1782 5671 1811 5680 _,

502 5688 523 5715 ¹
543 5670 613 5731 sic
638 5670 734 5729 sui.
762 5688 834 5728 Er.
860 5687 911 5726 et
933 5676 1112 5738 aliquot
1144 5681 1249 5723 Mss.
1287 5681 1340 5723 Al
1374 5680 1481 5722 [ογ.
1504 5707 1517 5731 ,
1555 5670 1850 5721 humilitatis.
1889 5678 2013 5719 unn-

441 5744 561 5797 itulli
588 5751 687 5791 Mss.
698 5777 712 5799 ,
735 5737 1009 5788 humilialis.

512 5805 584 5865 (α)
621 5804 683 5851 Ad
701 5795 722 5863 ἰ
737 5800 933 5859 ομιιυηι
958 5799 1145 5847 habitus
1168 5798 1213 5845 in
1237 5795 1378 5844 natali
1396 5802 1437 5842 ς.
1461 5796 1682 5854 Crispina:
1704 5795 1937 5854 martyris.

1520 380 1911 437 ENARRATIO
1952 379 2012 433 IN
2054 380 2370 440 PSALMUM
2411 387 2570 443 CXX.

3507 401 3645 457 1606

2095 492 2282 548 Docuit
2326 504 2499 549 autem
2551 496 2664 565 ipse
2708 494 2962 549 Dominus
3005 510 3033 549 a
3064 500 3306 556 convelle
3353 505 3662 572 plorationis

2083 583 2475 640 ascendendum
2502 627 2516 653 ,
2550 590 2759 657 quando
2788 608 2884 661 pro
2917 596 3066 650 nobis
3097 598 3361 654 humiliari
3396 618 3560 674 usque
3587 607 3657 661 ad

2081 689 2306 735 mortem
2350 686 2521 741 crucis
2551 697 2603 742 et
2642 690 2749 758 pati
2797 691 3040 762 dignatus
3067 706 3166 751 est.
3201 699 3314 755 Hoc
3355 706 3655 775 exemplum

2080 773 2571 871 non-relinquamus
2598 798 2609 833 :
2638 782 2791 836 istam
2813 787 3103 842 convallem
3127 790 3440 859 plorationis
3456 773 3657 871 marty-

2079 875 2174 954 res
2197 862 2592 954 intellexerunt.
2626 869 2777 926 Unde
2804 874 3175 933 intellexerunt
3196 881 3219 934 ?
3239 883 3412 939 unde?
3441 885 3574 954 Quia
3594 862 3657 943 et

2079 950 2177 1020 ipsi
2205 952 2270 1008 de
2296 956 2536 1012 convalle
2561 959 2871 1029 plorationis
2889 1006 2905 1031 ,
2939 974 2993 1021 ut
3038 983 3438 1040 coronarentur,
3461 950 3650 1033 ascen-

2080 1040 2295 1099 derunt.

2150 1134 2202 1188 2.
2230 1135 2484 1207 Cnngruit
2511 1149 2564 1195 et
2598 1142 2856 1199 hodierno
2878 1145 2981 1201 diei
3010 1150 3244 1218 psalmus
3274 1153 3372 1208 iste
3396 1155 3657 1212 Canticum

2078 1225 2328 1294 graduum
2360 1246 2377 1281 :
2416 1229 2483 1284 de
2513 1231 2615 1287 illis
2654 1235 2796 1287 enim
2826 1236 3022 1291 dictum
3062 1250 3162 1305 est,
3210 1239 3404 1298 Euntes
3442 1244 3578 1299 ibant
3606 1257 3654 1300 et

2078 1508 2253 1552 autem
2281 1503 2522 1558 semina?
2555 1505 2700 1560 Bona
2735 1523 2895 1577 opera
2938 1510 2989 1564 in
3020 1512 3118 1567 ista
3166 1515 3506 1573 tribulatione
3548 1529 3657 1575 ter-

2079 1605 2227 1645 rena.
2251 1592 2351 1657 Qui
2399 1594 2535 1650 bene
2563 1608 2814 1665 operatur
2840 1600 2891 1653 in
2933 1604 3173 1658 convalle
3205 1606 3538 1675 plorationis,
3572 1611 3650 1664 si-

2080 1680 2219 1734 milis
2258 1691 2340 1735 est
2383 1683 2582 1737 homini
2619 1686 2899 1741 seminanti
2953 1705 3048 1758 per
3088 1691 3337 1749 hiemem.
3391 1696 3655 1768 Numquid

2078 1770 2276 1841 frigore
2294 1773 2361 1828 ab
2386 1788 2548 1844 opere
2574 1776 2910 1832 deterretur?
2938 1780 3024 1835 Sic
3054 1787 3317 1851 pressuris
3343 1789 3523 1845 mundi
3546 1806 3653 1844 non

2079 1861 2336 1917 debemus
2362 1879 2391 1918 a
2419 1865 2557 1921 bono
2586 1883 2751 1937 opere
2775 1869 3069 1937 deterreri;
3098 1876 3218 1943 quia
3254 1877 3400 1932 vides
3427 1881 3551 1948 quid
3572 1896 3657 1937 se-

2078 1953 2260 2022 quitur
2287 1971 2300 2007 :
2334 1953 2546 2024 Euntes,
2581 1958 2751 2028 inquit
2775 1999 2787 2023 ,
2821 1960 2959 2014 ibant
2984 1971 3028 2015 et
3054 1963 3274 2032 ﬂebant,
3307 1969 3551 2024 mittentes
3578 1988 3658 2025 se-

2080 2046 2217 2099 mina
2243 2063 2354 2100 sua.
2387 2048 2552 2103 Valde
2576 2050 2779 2117 miseri,
2818 2052 2860 2105 si
2883 2067 3095 2122 semper
3122 2055 3346 2123 ﬂebant;
3376 2061 3528 2117 valde
3557 2064 3657 2116 mi-

2080 2137 2207 2203 seri,
2230 2138 2273 2191 si
2297 2154 2563 2208 nunquam
2587 2139 2653 2194 de
2678 2142 2926 2212 lacrymis
2953 2143 3232 2199 liberandi.
3261 2146 3364 2202 Sed
3390 2150 3504 2205 vide
3529 2153 3654 2221 quid

2079 2229 2319 2297 sequitur
2342 2246 2355 2282 :
2397 2228 2659 2285 Venientes
2681 2242 2847 2286 autem
2875 2235 3069 2289 venient
3094 2236 3145 2290 in
3163 2240 3515 2308 exsultatione,
3537 2260 3653 2313 por-

2080 2325 2238 2370 tantes
2263 2320 2490 2387 germina
2510 2337 2606 2373 sua
2629 2322 2644 2352 ¹
2670 2320 2692 2391 (
2712 2322 2854 2378 Psal.
2891 2339 3055 2391 cxxv,
3081 2326 3114 2381 6
3140 2324 3184 2396 ).

2151 2409 2203 2462 ‘5.
2236 2409 2376 2463 Nihil
2402 2411 2544 2465 aliud
2572 2412 2687 2466 istis
2710 2415 2929 2469 canticis
2956 2416 3231 2484 docemur,
3255 2418 3462 2487 fratres,
3494 2439 3650 2493 quam

2078 2499 2398 2565 ascendere;
2429 2502 2521 2557 sed
2554 2505 2842 2560 ascendere
2884 2508 2933 2559 in
2965 2509 3143 2576 corde,
3177 2511 3230 2564 in
3257 2512 3445 2567 aﬂ‘eetu
3473 2515 3611 2570 bono
3635 2558 3650 2582 ,

2080 2589 2132 2642 in
2175 2589 2297 2656 (ide,
2345 2607 2439 2660 spe
2466 2594 2827 2662 etcharitate,
2874 2597 2925 2651 in
2966 2598 3230 2656 desiderio
3286 2607 3653 2674 perpetuitatis

2079 2690 2133 2735 et
2161 2682 2280 2735 vitae
2321 2692 2554 2738 ceterum.
2582 2685 2671 2740 Sic
2696 2686 3019 2743 ascenditur.
3052 2691 3307 2761 Cougruit
3346 2711 3441 2750 nos
3475 2697 3653 2755 dicere

2079 2771 2346 2839 quomodo
2385 2774 2778 2829 ascendendum
2808 2776 2893 2831 sit.
2936 2778 3139 2844 Quanta
3171 2783 3487 2840 terribiliora
3517 2788 3651 2842 lecta

2079 2859 2147 2915 de
2187 2861 2475 2932 Evangelio
2504 2865 2704 2920 audivit
2729 2868 2975 2923 Charitas
3012 2874 3222 2926 vestra!
3258 2873 3459 2931 Videtis
3508 2886 3655 2934 certe

2079 2952 2196 3019 quia
2226 2954 2354 3006 hora
2383 2951 2609 3020 Domini,
2638 2957 2767 3009 sicut
2792 2957 2878 3025 [ur
2894 2959 2945 3011 in
2970 2970 3132 3025 nocte,
3167 2962 3238 3015 ita
3260 2965 3435 3019 veniet.
3471 2966 3533 3022 Si
3558 2969 3657 3023 sci-

2080 3053 2176 3110 ret,
2222 3044 2412 3113 inquit,
2461 3048 2828 3118 paterfamilias
2871 3067 2971 3120 qua
3007 3052 3133 3106 hora
3162 3058 3248 3125 fur
3286 3058 3654 3127 veniret,amen

2081 3133 2194 3187 dico
2237 3136 2389 3198 vobis,
2433 3138 2552 3205 quia
2580 3155 2681 3193 non
2706 3150 2959 3209 pateretur
2984 3145 3182 3214 perfodi
3207 3149 3447 3216 parietem
3484 3169 3649 3206 suum.

2083 3224 2264 3281 Dicitis
2304 3227 2463 3281 modo
2488 3245 2499 3280 :
2524 3228 2653 3293 Quis
2679 3245 2807 3299 ergo
2836 3233 2978 3286 novit
3010 3249 3112 3302 qua
3148 3237 3276 3290 hora
3308 3241 3498 3304 veniet,
3533 3244 3654 3312 quia

2082 3313 2213 3368 hora
2244 3315 2488 3370 sicutfur
2514 3319 2657 3372 erit?
2685 3318 2869 3374 Nescis
2897 3337 2998 3391 qua
3047 3323 3174 3378 hora
3202 3329 3398 3395 veniat,
3446 3344 3658 3401 semper

2082 3404 2269 3474 vigila;
2304 3414 2358 3459 ut
2385 3408 2506 3476 quia
2538 3409 2711 3465 nescis
2733 3412 2943 3481 quando
2978 3414 3186 3482 veniat,
3220 3428 3459 3485 paratum
3490 3432 3540 3475 te
3568 3423 3653 3477 in-

2083 3497 2298 3565 veniat,
2329 3514 2450 3555 cum
2480 3503 2702 3557 venerit.
2738 3504 2804 3558 Et
2831 3505 2897 3559 ad
2944 3506 3046 3561 hoc
3071 3507 3208 3562 forte
3249 3512 3424 3565 nescis
3449 3514 3659 3581 quando

2082 3596 2338 3644 venturus
2364 3599 2446 3645 est
2468 3633 2481 3658 ,
2516 3601 2572 3647 ut
2596 3608 2809 3664 semper
2834 3604 3048 3664 paratus
3076 3596 3169 3652 sis.
3213 3599 3362 3654 Illum
3390 3602 3529 3656 enim
3560 3619 3658 3671 pa-

2087 3679 2448 3736 tremfamilias
2478 3682 2655 3738 subito
2676 3684 2959 3753 occupabit
2984 3688 3003 3717 ³
3030 3685 3160 3741 hora
3187 3688 3294 3752 illa,
3324 3691 3412 3758 qui
3442 3692 3661 3759 paterfa-

2084 3768 2279 3835 milias,
2324 3772 2583 3840 superbus
2613 3773 2939 3842 signiﬁcatus
2967 3783 3067 3828 est.
3112 3775 3224 3829 Noli
3254 3778 3387 3831 velle
3415 3794 3532 3833 esse
3561 3796 3660 3849 pa-

2085 3860 2411 3927 terfamilias,
2440 3871 2493 3916 et
2540 3878 2643 3917 non
2671 3872 2721 3918 te
2749 3865 2923 3919 subito
2960 3865 3044 3918 illa
3098 3866 3225 3920 hora
3271 3870 3563 3938 occupabit.
3594 3873 3661 3929 Et

2085 3950 2210 4019 quid
2232 3966 2347 4017 ero,
2381 3952 2593 4021 inquis?
2634 3954 2853 4019 Qualem
2878 3955 3071 4009 audisti
3103 3957 3170 4012 de
3199 3960 3419 4027 psalmo,
3458 3960 3662 4032 Pauper

2086 4050 2133 4094 et
2160 4041 2334 4094 dolens
2360 4057 2448 4111 ego
2476 4058 2587 4095 sum
2625 4044 2643 4110 (
2665 4042 2810 4097 Psal.
2840 4061 3021 4111 vaut,
3053 4046 3178 4116 50).
3209 4047 3262 4102 Si
3297 4049 3436 4103 enim
3464 4065 3662 4121 pauper

2088 4139 2142 4184 et
2171 4130 2359 4185 dolens
2382 4131 2509 4195 eris,
2540 4146 2642 4184 non
2674 4132 2779 4186 eris
2806 4133 3203 4201 paterfamilias,
3232 4152 3389 4206 quem
3418 4139 3504 4194 illa
3527 4141 3658 4197 hora

2088 4223 2262 4277 subito
2284 4223 2532 4287 inveniet,
2563 4232 2615 4277 et
2641 4224 2813 4278 subito
2834 4236 3054 4293 premet.
3080 4227 3490 4286 Patresfamilias
3519 4234 3661 4289 enim

2090 4322 2211 4367 sunt
2235 4312 2307 4365 illi
2335 4315 2424 4380 qui
2459 4323 2840 4381 praesumentes
2867 4315 2933 4370 de
2964 4317 3339 4387 cupiditatibus
3374 4324 3502 4386 suis,
3531 4334 3583 4379 et
3610 4327 3663 4381 in

2091 4404 2297 4458 deliciis
2336 4403 2493 4471 hujus
2520 4405 2696 4458 saeculi
2728 4404 3063 4472 difﬂuentes,
3099 4419 3339 4476 tument;
3372 4423 3425 4466 et
3448 4416 3662 4482 erigun-

2092 4504 2178 4550 tur
2206 4495 2460 4549 adversus
2503 4494 2752 4561 humiles,
2785 4505 2838 4550 et
2864 4498 3118 4553 insultant
3144 4502 3343 4555 sanctis
3372 4504 3651 4575 intelligen-

2093 4584 2233 4639 tibus
2263 4595 2537 4654 angustam
2556 4586 2715 4651 viam,
2743 4602 2860 4656 qua:
2892 4587 3037 4643 ducit
3062 4591 3129 4643 ad
3152 4591 3307 4645 vitam
3336 4592 3542 4663 (Matth.
3572 4611 3664 4661 vu,

2097 4675 2219 4747 M).
2247 4675 2460 4731 Talibus
2501 4676 2641 4731 enim
2669 4677 2844 4730 veniet
2874 4676 2957 4730 illa
2986 4678 3113 4731 hora
3143 4680 3354 4743 subito;
3384 4682 3505 4749 quia
3538 4683 3667 4736 tales

2096 4776 2309 4823 erantet
2324 4767 2375 4820 in
2392 4767 2577 4821 diebus
2591 4767 2724 4833 Noe,
2745 4782 2968 4835 quorum
2986 4768 3187 4822 dierum
3207 4770 3669 4823 commemoratio-

2091 4878 2219 4918 -ncm
2242 4862 2462 4917 audistis
2476 4861 2665 4915 factam
2686 4863 2736 4915 in
2753 4860 3059 4930 Evangelia.
3082 4860 3169 4914 Sic
3189 4860 3279 4913 erit
3294 4860 3533 4915 adventus
3545 4859 3669 4915 Filii

2100 4955 2335 5020 hominis,
2362 4953 2549 5022 inquit,
2578 4952 2823 5019 quomodo
2844 4952 2895 5004 in
2917 4952 3086 5003 diebus
3114 4949 3245 5003 Noe.
3269 4948 3667 5019 Manducabant,

2101 5044 2343 5110 bibebant,
2375 5042 2643 5109 nubebant,
2671 5058 2849 5095 uxores
2870 5041 3128 5102 ducebant,
3157 5040 3489 5108 novellabant,
3512 5042 3673 5111 aedi/i-

2101 5135 2300 5201 cabant,
2326 5134 2481 5188 donec
2506 5132 2694 5186 introiit
2722 5130 2835 5187 Noe
2859 5132 2908 5183 in
2946 5144 3150 5192 arcam;
3178 5138 3223 5184 et
3248 5130 3377 5183 venit
3405 5130 3669 5195 diluvium,

2104 5238 2149 5281 et
2164 5226 2379 5298 perdidit
2393 5240 2560 5278 omnes
2574 5222 2678 5293 (Id.
2694 5237 2837 5281 xxrv,
2854 5221 3044 5283 57-54;
3065 5230 3109 5273 et
3127 5218 3252 5273 Luc.
3272 5237 3398 5285 xm,
3417 5220 3487 5275 26
3499 5232 3543 5275 et
3558 5221 3673 5292 27).

2107 5318 2241 5386 Quid
2260 5317 2410 5386 ergo?
2430 5328 2615 5367 omnes
2629 5311 2971 5381 peribuntqui
2997 5311 3092 5365 ista
3108 5311 3321 5375 faciunt,
3343 5315 3429 5382 qui
3454 5313 3673 5379 nubunt,

2108 5409 2195 5477 qui
2216 5419 2405 5460 uxores
2420 5404 2634 5464 ducunt,
2659 5401 2744 5468 qui
2774 5401 3061 5464 novellant,
3082 5403 3170 5470 qui
3195 5401 3499 5457 aedificant?
3521 5402 3632 5455 Non
3661 5421 3673 5455 :

2110 5497 2202 5551 sed
2227 5496 2311 5565 qui
2331 5493 2492 5548 dehis
2511 5498 2853 5560 praesumunt,
2877 5490 2968 5544 sed
2996 5492 3082 5560 qui
3113 5492 3209 5546 irta
3235 5492 3341 5548 Deo
3372 5492 3675 5562 prmferunt,

2113 5589 2203 5644 sed
2226 5588 2311 5656 qui
2344 5596 2558 5655 propter
2589 5585 2702 5638 haec
2718 5582 2987 5637 oﬂ'endcre
3010 5584 3172 5638 Deum
3203 5585 3308 5639 cito
3339 5584 3503 5652 parati
3533 5591 3675 5635 sunt.

2215 5733 2229 5761 ι
2256 5730 2407 5792 Nostri
2430 5741 2599 5777 omnes
2620 5737 2743 5786 \tss.,
2767 5731 2947 5792 gremia
2968 5746 3069 5780 sua.

2216 5794 2233 5823 ³
2260 5790 2479 5853 tlerique
2500 5796 2623 5851 Mss,
2648 5790 2909 5851 occuparit.
