4160 6450
583 411 708 465 1607

569 532 638 586 At
659 543 782 584 vero
795 529 882 598 qui
903 526 1014 581 istis
1034 521 1280 578 omnibus
1303 521 1538 573 ‘autnon
1555 527 1790 582 utuntur,
1813 527 1902 571 aut
1928 524 2146 570 utuntur

569 631 818 690 tanquam
833 633 932 671 non
959 623 1186 674 utentes,
1205 611 1322 682 plus
1337 618 1721 680 prmsumentes
1743 609 1808 662 de
1835 608 1925 661 illo
1947 608 2035 677 qui
2055 607 2146 661 de—

567 712 661 768 dit.
692 724 845 777 quam
872 708 937 760 de
971 707 1048 757 his
1075 721 1194 774 qua:
1219 703 1336 756 data
1360 712 1500 760 sunt,
1531 713 1584 755 et
1605 701 1958 769 intelligentes
1986 700 2036 752 in
2065 699 2147 753 bis

566 803 679 868 ejus
707 797 1127 852 consolationem
1154 803 1207 848 et
1234 792 1674 854 misi-ricordiam,
1700 798 1754 844 et
1775 807 1877 844 non
1903 789 2142 858 occapati

566 891 740 948 donis,
767 904 831 941 ne
857 902 884 938 a
917 885 1175 938 donatore
1204 893 1360 937 ruant
1387 898 1401 946 ;
1436 883 1521 950 qui
1557 883 1690 934 tali-s
1711 890 1855 944 sunt,
1890 897 1992 932 non
2026 881 2146 933 illos

566 979 799 1033 inveniet
836 979 1122 1042 imparatos
1150 975 1277 1028 liora
1314 974 1400 1027 illa
1449 974 1583 1027 sicut
1611 974 1709 1026 l'ur.
1751 973 1966 1026 Talibus
2015 972 2147 1026 dixit

565 1072 852 1139 Apostolus
880 1087 891 1120 :
929 1066 1029 1120 Vos
1054 1077 1218 1119 autem
1243 1082 1342 1118 non
1369 1065 1486 1118 estis
1514 1065 1564 1117 in
1587 1065 1820 1127 tenebris,
1849 1073 1903 1116 ut
1930 1063 2034 1116 dies
2060 1063 2146 1116 ille

563 1179 647 1216 vos
677 1173 914 1222 tanquam
943 1161 1025 1228 fur
1046 1157 1468 1227 comprehendat;
1497 1172 1666 1208 omnes
1691 1155 1821 1208 enim
1839 1170 1923 1207 vos
1952 1153 2047 1221 ﬁlii
2068 1154 2146 1207 lu-

564 1255 634 1306 cis
655 1254 792 1315 estis,
824 1261 868 1304 et
898 1251 991 1314 [itii
1020 1247 1137 1301 diei.
1167 1248 1286 1301 Ideo
1313 1247 1567 1301 Dominus
1591 1262 1709 1300 cum
1731 1247 1930 1300 diceret
1956 1247 2145 1300 timen-

563 1345 683 1397 dam
713 1358 830 1395 esse
863 1342 1046 1394 lini-am
1071 1341 1204 1393 sicut
1236 1341 1425 1398 [ιιι-αντη,
1447 1349 1652 1392 noctem
1683 1338 1888 1408 posuit;
1921 1347 1975 1392 et
2002 1342 2144 1407 Apo-

563 1435 730 1486 stolus
763 1435 828 1484 ita
856 1435 948 1490 ait,
986 1430 1117 1496 Quia
1139 1429 1264 1481 liora
1299 1429 1495 1482 Domini
1528 1431 1654 1482 sicut
1695 1433 1780 1500 fur
1800 1431 1852 1482 in
1882 1440 2043 1489 nocte,
2072 1431 2143 1481 ita

561 1527 737 1578 veniet.
768 1523 879 1577 Non
904 1523 980 1574 vis
1008 1531 1062 1574 ut
1088 1531 1137 1575 te
1165 1523 1389 1574 inveniat
1411 1522 1434 1572 ?
1454 1520 1568 1574 Noli
1595 1536 1712 1574 esse
1743 1521 1794 1573 in
1815 1529 1989 1575 nocte.
2008 1521 2142 1587 Quid

561 1626 663 1681 est,
708 1615 824 1669 Noli
871 1629 989 1668 esse
1018 1615 1067 1666 in
1119 1612 1314 1666 nocte?
1345 1610 1468 1664 Filii
1519 1611 1643 1664 lucis
1673 1612 1786 1664 estis
1813 1622 1858 1664 et
1885 1613 1978 1678 [ilii
2009 1611 2142 1674 diei;

560 1727 660 1763 non
690 1725 860 1760 sinnus
887 1707 1045 1758 noctis
1084 1722 1239 1774 neque
1283 1704 1592 1756 tenebrarum
1627 1702 1666 1771 (1
1698 1701 1870 1756 Tltcss.
1899 1719 1946 1766 v,
1979 1701 2078 1756 2-5
2101 1702 2136 1771 ).

560 1800 657 1867 Qui
690 1807 814 1852 sunt
841 1796 929 1849 ﬁlii
963 1796 1130 1849 noctis
1158 1805 1210 1848 et
1239 1792 1608 1847 tenebrarum?
1639 1793 1830 1862 Iniqui,
1864 1792 2030 1862 impii,
2057 1793 2140 1845 iit-

563 1891 761 1944 lideles.

630 1991 682 2034 4.
732 1981 878 2051 [ιιενε.
923 1977 998 2049 1.]
1024 1976 1126 2032 Sed
1159 1985 1211 2031 et
1256 1977 1353 2044 ipsi
1383 1974 1600 2029 audiant
1653 1984 1932 2043 antequam
1964 1973 2141 2028 veniat

561 2071 711 2130 liora,
755 2082 806 2122 et
850 2071 989 2126 dicat
1021 2071 1117 2121 illis
1146 2068 1449 2134 Apostolus,
1499 2064 1686 2119 Faistis
1716 2065 1989 2134 aliquando
2016 2076 2140 2118 tene-

559 2160 700 2222 brae;
727 2176 857 2212 nunc
883 2171 1044 2210 autent
1074 2157 1164 2210 lux
1189 2158 1240 2210 in
1287 2156 1500 2208 Domino
1527 2156 1543 2223 (
1566 2154 1753 2224 Ep/tes.
1783 2171 1832 2221 v,
1863 2155 1954 2225 8).
1990 2154 2138 2210 Sicut

559 2251 658 2304 iste
704 2251 933 2318 pSaInius
978 2248 1160 2312 habet,
1205 2246 1472 2316 evigilent.
1523 2245 1637 2300 Jam
1689 2245 1963 2298 illuminati
2016 2255 2140 2300 sunt

560 2351 789 2405 mentes,
823 2341 945 2410 quid
977 2340 1149 2393 adlmc
1192 2339 1503 2393 dormiunt?
1530 2338 1730 2392 Levent
1755 2338 1925 2390 oculos
1950 2355 2065 2391 suos
2087 2340 2137 2392 in

557 2445 767 2497 montes,
801 2435 931 2486 unde
957 2433 1112 2486 veniet
1138 2431 1386 2484 aaxilium
1413 2421 1549 2484 illis.
1579 2430 1712 2495 Quid
1741 2441 1821 2484 est
1842 2472 1856 2496 ,
1885 2430 1999 2484 lam
2028 2431 2140 2484 illuc

558 2528 738 2581 mutati
786 2535 904 2580 sunt
935 2524 1185 2578 mames?
1213 2523 1328 2577 Jam
1359 2532 1506 2577 ortus
1535 2531 1615 2577 est
1641 2522 1720 2574 sol
1756 2522 1994 2591 justitiar,
2025 2523 2134 2591 jam

556 2619 622 2671 ab
647 2617 912 2685 Apostolis
946 2616 1287 2685 prmdit-atum
1317 2623 1399 2667 est
1443 2613 1803 2681 Evangelium,
1838 2612 2136 2682 prtedicata:

554 2721 674 2762 sunt
699 2708 1005 2778 Scriptura',
1027 2717 1306 2775 patuerunt
1324 2706 1496 2759 omnia
1521 2714 1871 2768 sacramenta,
1890 2705 2134 2758 conscis-

557 2813 672 2852 sum
723 2808 801 2851 est
831 2799 1000 2852 velum
1034 2797 1256 2869 (Matt/1.
1293 2812 1459 2856 xxvii,
1487 2797 1545 2850 fil
1571 2795 1588 2865 )
1615 2838 1628 2860 ,
1661 2797 1830 2863 patuit
1869 2807 2130 2850 secretum

559 2889 738 2955 templi
772 2906 784 2941 :
832 2887 938 2956 jam
989 2887 1200 2940 tattdem
1247 2887 1418 2940 levent
1445 2886 1627 2938 oculos
1658 2886 1706 2936 in
1737 2895 1963 2946 montes,
1996 2886 2133 2939 unde

554 2969 729 3035 veniet
754 2981 1010 3034 auxilium
1036 2980 1156 3032 illis.
1186 2979 1296 3032 [loc
1317 2979 1459 3031 enim
1494 2978 1721 3045 pra~cipit
1749 2978 1846 3031 istc
1874 2977 2130 3045 psalmus,

555 3070 817 3124 secundus
838 3069 904 3123 de
931 3068 1012 3121 bis
1033 3069 1118 3138 qui
1144 3069 1502 3121 inseribuntur
1525 3108 1538 3130 ,
1568 3065 1829 3122 Canticum
1856 3067 2126 3135 graduum.

554 3158 660 3214 Sed
709 3176 811 3212 non
861 3174 1042 3211 rursus-
1073 3167 1398 3226 pratsumant
1443 3155 1509 3210 de
1543 3155 1847 3221 montibus;
1879 3156 1999 3224 quia
2034 3155 2131 3224 ipsi

551 3261 758 3303 montes
790 3265 890 3303 non
924 3264 953 3300 a
979 3265 1036 3301 se
1067 3248 1263 3312 lucent,
1295 3247 1386 3300 sed
1417 3246 1484 3300 ab
1513 3246 1601 3300 illo
1624 3247 1801 3300 lucent
1826 3247 1892 3301 de
1922 3262 2026 3316 quo
2053 3248 2133 3300 di-

549 3348 692 3395 ctum
722 3349 821 3404 est,
878 3338 1001 3390 Erat
1050 3338 1217 3390 luntrn
1249 3354 1413 3390 verum
1440 3377 1454 3400 ,
1493 3336 1627 3406 quod
1653 3338 1903 3390 illuminat
1933 3353 2131 3391 onmem

550 3430 798 3483 hominem
844 3429 1112 3482 venientem
1160 3430 1209 3480 in
1251 3429 1381 3480 [tunc
1429 3430 1672 3481 mundum
1701 3427 1892 3498 (Joau.
1951 3445 1989 3493 ι,
2032 3430 2124 3497 9).

549 3523 754 3576 Montes
793 3532 1011 3590 possunt
1042 3520 1260 3589 intelligi
1287 3562 1299 3583 ,
1352 3519 1595 3574 homines
1641 3521 1812 3588 magni
1841 3563 1854 3584 ,
1887 3521 2130 3576 homines

547 3612 699 3666 clari.
741 3611 806 3664 Et
851 3611 972 3679 quis
1022 3610 1188 3677 major
1234 3609 1437 3663 Joanne
1482 3609 1760 3679 Baptista?
1813 3609 1992 3676 Qualis
2041 3612 2128 3667 ille

547 3717 704 3758 mons
733 3710 847 3756 erat
873 3743 887 3765 ,
917 3701 981 3754 dc
1008 3717 1111 3770 quo
1152 3701 1406 3754 Dominus
1434 3701 1546 3769 ipse
1576 3700 1720 3764 dicit,
1749 3698 1814 3753 In
1849 3701 1980 3754 natis
2018 3718 2127 3754 mu-

548 3793 724 3848 lierum
746 3809 890 3846 nemo
914 3793 1190 3846 exsurrexit
1219 3793 1382 3862 major
1410 3791 1611 3847 Joanne
1639 3791 1867 3861 Baptista
1891 3791 1910 3864 (
1937 3792 2121 3846 Mattli.

546 3901 620 3947 XI.
653 3887 709 3939 ll
740 3884 798 3956 )7
845 3884 999 3937 Vides
1043 3895 1185 3938 certe
1216 3885 1370 3937 istum
1403 3901 1647 3951 magnum
1680 3893 1914 3940 montem
1942 3885 2124 3940 lucen-

547 3987 649 4032 tem
675 3994 690 4041 ;
721 3977 842 4030 audi
881 3975 1241 4031 conﬁtentem.
1291 3975 1424 4043 Quid
1456 3977 1834 4031 conﬁtentem?
1871 3975 1981 4031 Nos
2013 3995 2122 4032 om-

545 4086 650 4130 nes,
680 4070 864 4138 inquit,
911 4068 972 4121 de
1010 4069 1319 4136 plenitudine
1365 4070 1473 4138 ejus
1515 4070 1796 4136 accepimus
1838 4068 2034 4141 (Joan.
2082 4085 2120 4135 ι,

547 4160 670 4229 l6).
707 4161 777 4214 De
815 4161 966 4228 cujus
994 4175 1121 4229 ergo
1165 4160 1491 4230 plenitudine
1529 4171 1848 4230 acceperunt
1887 4171 2117 4228 montes,

546 4251 727 4326 abillo
753 4262 833 4305 est
878 4253 968 4304 tibi
1009 4253 1283 4314 auxilium,
1317 4267 1417 4305 non
1459 4267 1488 4305 a
1521 4253 1867 4317 montibus';
1910 4254 1960 4306 in
1992 4268 2122 4322 quos

547 4350 724 4394 tamen
758 4341 856 4394 nisi
904 4341 1159 4394 levaveris
1186 4341 1368 4393 oculos
1411 4357 1504 4409 per
1527 4341 1830 4410 Scripturas
1854 4382 1868 4407 ,
1897 4357 2000 4395 non
2023 4341 2120 4396 ad-

546 4431 845 4484 movebcris
876 4429 933 4490 ³;
963 4437 1020 4482 ιιι
1046 4430 1111 4482 ab
1142 4430 1234 4482 illo
1267 4430 1598 4485 illumincris.

618 4523 671 4578 5.
701 4521 847 4594 [vers.
879 4520 957 4593 3.]
1000 4521 1163 4575 Canta
1193 4535 1318 4590 ergo
1346 4521 1485 4591 quod
1530 4523 1769 4591 sequitur
1801 4540 1813 4574 :
1841 4523 1884 4576 si
1916 4524 1994 4577 vis
2022 4539 2115 4578 au-

547 4613 662 4668 dire
690 4621 745 4666 ut
785 4611 1085 4666 ﬁrmissime
1139 4626 1302 4679 ponas
1341 4611 1504 4680 pedes
1551 4612 1600 4664 in
1654 4612 1924 4681 gradibus,
1973 4629 2040 4668 ne
2066 4614 2117 4668 in

549 4705 639 4760 illa
665 4704 977 4757 ascensione
1007 4711 1098 4756 aut
1144 4701 1396 4772 latigeris,
1442 4712 1532 4756 aut
1567 4703 1743 4774 lapsus
1767 4703 1924 4759 cadas
1947 4705 1967 4737 ⁸
1991 4747 2008 4773 ,
2036 4707 2120 4762 dic

608 4858 639 4924 '_
661 4856 848 4924 Aliquot
869 4863 973 4905 Mss.
1001 4854 1124 4909 loco.
1149 4852 1608 4924 omnibus-habent,
1633 4854 1869 4924 inanibus.
1897 4863 1951 4906 At.
1973 4863 2056 4924 Er._
2069 4864 2121 4907 et

541 4921 678 4967 Corn.
703 4915 829 4967 liber
863 4930 1032 4967 vocem
1069 4924 1341 4979 utramque,
1380 4915 1598 4966 inanibus
1635 4915 1866 4978 onmibus,
1903 4917 2118 4981 comple-

542 4987 753 5030 ctuntur.

607 5043 627 5073 ²
653 5041 733 5088 llic
749 5041 1044 5090 Parisienses
1077 5047 1130 5090 et
1159 5046 1178 5081 ι
1196 5046 1360 5088 ωριτε
1391 5039 1606 5101 (ιιιτεόειτη
1626 5039 1837 5101 antiquae
1861 5039 2117 5100 editiones,

545 5109 669 5164 post,
695 5113 788 5150 non
809 5117 839 5151 η
861 5101 1117 5164 montibus.
1139 5100 1494 5164 prosequuntur
1517 5102 1621 5164 sic:
1655 5118 1676 5145 α
1701 5100 1851 5164 Salus
1866 5101 2011 5164 igitur
2035 5115 2118 5150 no-

551 5160 574 5208 ξ
595 5169 694 5211 stra
718 5170 769 5210 et
791 5163 1022 5210 auxilium
1049 5160 1262 5211 nostrum
1282 5160 1495 5210 Christus
1538 5160 1660 5209 [ilius
1683 5163 1854 5210 summi
1880 5162 2044 5221 Patris,
2068 5168 2114 5212 et

551 5240 574 5270 ς
596 5235 704 5271 cum
724 5226 896 5271 eodem
920 5231 1056 5273 Patre
1081 5231 1208 5271 Deus
1231 5226 1532 5284 omnipotens
1555 5230 1647 5280 est,
1675 5229 1855 5284 etcum
1878 5224 1980 5284 ipso
2003 5237 2118 5284 per-

549 5302 573 5330 ι
599 5295 802 5332 manens
824 5296 1019 5345 semper
1042 5284 1306 5332 secundum
1330 5283 1375 5333 id
1395 5284 1522 5346 quod
1562 5291 1654 5332 est.
1685 5291 1729 5332 In
1755 5283 1862 5346 illos
1877 5283 2110 5346 denique,

549 5362 570 5390 ι
597 5356 721 5404 quos
736 5346 1097 5393 commemoravi
1118 5353 1325 5403 montes,
1347 5345 1436 5393 nisi
1460 5345 1702 5395 levaveris
1723 5345 1905 5404 oculos,
1931 5361 1952 5388 ιι
1986 5345 2082 5395 etc.

654 5404 872 5465 Plerique
891 5411 1014 5452 Mss.
1040 5404 1295 5454 admonebe
1324 5404 1382 5454 is.

606 5465 629 5498 ⁸
653 5472 701 5515 In
729 5467 922 5514 Venetis
947 5473 998 5514 et
1020 5468 1361 5513 I’arisienstbus
1381 5467 1584 5517 vetustis
1608 5466 1898 5516 editionibus
1921 5467 2024 5516 haec
2047 5467 2118 5517 le-

548 5537 728 5591 guntur
754 5541 767 5576 :
802 5544 823 5571 α
850 5533 935 5574 Aut
959 5525 1016 5587 lat
1035 5539 1118 5591 sus
1139 5527 1297 5583 cadas,
1322 5527 1572 5591 Auxilium,
1599 5530 1773 5591 inquit,
1792 5542 1952 5591 trienno
1976 5541 2001 5576 a
2027 5536 2116 5591 [)0-

553 5586 762 5658 imino._
785 5595 883 5636 Non
921 5600 949 5658 a
984 5586 1318 5658 qualicumque
1333 5601 1355 5658 ;-
1372 5591 1481 5658 quia
1503 5586 1726 5658 dicuntur
1743 5589 1926 5658 domini
1961 5589 2115 5658 multi,

552 5667 574 5695 ι
596 5649 841 5707 mortales,
854 5649 1034 5706 caduci,
1061 5650 1218 5696 miseri
1240 5663 1252 5695 :
1270 5651 1356 5697 sed
1375 5662 1399 5696 a
1418 5653 1612 5700 Domino
1629 5651 1945 5707 dominorum,
1958 5652 2018 5698 ab
2036 5651 2118 5700 illo

553 5726 575 5754 ε
598 5711 841 5782 videlicet,
866 5711 949 5783 qui
972 5711 1084 5783 iecit
1104 5707 1279 5783 calum
1304 5717 1356 5782 et
1382 5717 1737 5783 terrainhﬁcee
1770 5724 2006 5783 summum
2030 5716 2117 5760 Do-

553 5787 574 5816 ι
597 5772 795 5830 minuat,
818 5772 900 5835 qui
920 5779 996 5821 est
1017 5777 1144 5820 Deus
1161 5779 1212 5820 et
1229 5772 1482 5835 Dominus:
1508 5772 1679 5821 dicitur
1701 5779 1847 5835 Deus,
1862 5775 1974 5834 quia
1990 5783 2118 5835 quaa-

552 5848 574 5877 ι
594 5844 803 5894 cumque
826 5833 947 5881 facta
969 5840 1095 5894 sunt,
1125 5844 1214 5896 per
1254 5833 1408 5894 ipsum
1448 5841 1580 5892 sunt,
1603 5839 1653 5880 et
1681 5834 1744 5881 ab
1776 5833 1807 5894 i1
1823 5833 1888 5881 so
1916 5833 2026 5881 sunt
2066 5842 2118 5881 ut

1808 401 1864 455 S.
1901 397 2262 455 AUGUSTI?“
2304 398 2602 454 EPISCOH

3718 411 3737 464 Ι
3750 414 3855 468 608

2257 517 2395 587 quod
2437 521 2710 590 sequitur,
2747 523 2827 577 Ne
2855 525 2942 580 des
2970 527 3037 578 ad
3078 527 3374 580 movendum
3421 527 3601 597 pedem
3653 545 3846 583 meum.

2257 607 2406 662 Unde
2435 620 2715 665 moventur
2763 614 2966 682 pedes?
3007 615 3156 670 Unde
3200 625 3373 671 motus
3398 627 3480 672 est
3509 633 3603 688 pes
3653 620 3734 673 illi
3759 622 3849 690 qui

2255 707 2367 751 erat
2407 699 2458 752 in
2502 701 2764 769 paradiso.
2817 705 2920 759 Sed
2953 708 3095 775 prius
3124 708 3334 762 attende
3365 708 3504 764 unde
3550 720 3740 766 motus
3770 721 3852 766 est

2255 790 2327 844 illi
2355 793 2440 860 qui
2472 803 2585 846 erat
2617 795 2754 850 inter
2774 797 3023 866 Angelos,
3048 809 3099 852 et
3126 810 3269 852 moto
3302 799 3432 868 pede
3459 802 3684 865 cecidit,
3709 804 3855 859 etde

2252 885 2442 954 angelo
2488 886 2651 941 lactus
2681 898 2763 942 est
2787 891 3026 945 diabolus
3054 909 3067 944 :
3099 902 3243 945 moto
3268 877 3408 947 enim
3441 894 3580 963 pede
3627 893 3844 950 cecidit.

2252 975 2441 1042 Quaere
2487 978 2624 1032 unde
2670 981 2860 1035 cecidit
2908 1001 2919 1034 :
2969 985 3216 1053 superbia
3258 986 3516 1040 cecidit’.
3549 985 3677 1040 Non
3724 1003 3855 1058 ergo

2253 1074 2429 1120 movet
2473 1068 2695 1136 pedem,
2743 1071 2841 1124 nisi
2883 1073 3166 1141 superbia:
3199 1074 3263 1127 ad
3301 1075 3511 1129 ruinam
3559 1091 3672 1130 non
3733 1094 3854 1130 mo-

2254 1166 2338 1209 vet
2367 1157 2588 1225 pedem,
2620 1159 2720 1213 nisi
2760 1163 3022 1230 superbia.
3072 1165 3152 1218 Ad
3195 1166 3578 1219 ambulandum
3623 1177 3677 1220 et
3725 1182 3854 1236 pro-

2252 1243 2532 1300 ﬁciendum
2565 1258 2634 1325 et
2679 1250 3072 1306 ascendentium
3116 1253 3348 1308 cliaritas
3394 1265 3612 1318 movet;
3645 1257 3717 1309 ad
3761 1272 3856 1311 ca-

2250 1335 2479 1390 dendum
2509 1341 2754 1408 superbia
2783 1351 2952 1394 movet
2983 1345 3022 1396 ‘.
3073 1342 3194 1396 ldro
3234 1353 3288 1397 et
3328 1344 3418 1398 ille
3462 1345 3593 1413 quid
3628 1345 3766 1399 dicit
3798 1347 3848 1399 in

2252 1431 2454 1497 psalmo
2474 1431 2498 1484 ?
2518 1431 2638 1484 Filii
2662 1445 2828 1486 autem
2847 1434 3102 1487 hominum
3129 1437 3219 1488 sub
3249 1437 3462 1505 tegmine
3497 1437 3714 1490 alarum
3743 1448 3858 1490 tua-

2249 1539 2360 1574 rum
2402 1525 2689 1593 sperabunt.
2741 1525 2797 1579 Si
2847 1527 2945 1579 sub
3001 1527 3253 1596 tegmine,
3307 1543 3518 1598 semper
3582 1528 3852 1593 humiles,

2249 1626 2460 1682 semper
2483 1615 2549 1668 de
2582 1616 2690 1669 Deo
2719 1627 3025 1684 sperantes,
3055 1634 3266 1689 semper
3297 1619 3364 1673 de
3405 1635 3462 1676 se
3495 1637 3609 1674 non
3639 1636 3855 1690 pra-su-

2250 1715 2472 1757 mentes.
2509 1705 2614 1759 Sub
2665 1707 2876 1776 tegmine
2916 1709 3112 1760 alarum
3152 1719 3353 1762 tuarum
3378 1711 3663 1780 sperabunt
3695 1727 3716 1766 :
3746 1728 3852 1766 non

2249 1794 2387 1846 cnim
2413 1810 2441 1846 a
2484 1809 2541 1847 se
2566 1797 2822 1849 satiantur
2859 1806 2916 1850 ut
2943 1797 3079 1851 beati
3109 1798 3228 1854 sint.
3267 1797 3373 1853 Sed
3405 1801 3527 1869 quid
3553 1801 3853 1870 sequitur?

2246 1884 2635 1939 Inebriabuntur
2661 1887 2718 1940 ab
2749 1889 2970 1943 ubertate
3013 1891 3192 1942 damus
3221 1899 3337 1956 tute,
3365 1901 3412 1944 et
3456 1902 3695 1946 torrente
3721 1894 3851 1946 deli-

2246 1976 2436 2028 ciarum
2485 1987 2681 2030 tuarum
2728 1979 2922 2048 potabis
2961 1996 3043 2032 eos
3110 1979 3245 2034 Ecce
3275 1983 3546 2045 sitientes,
3579 1999 3724 2037 ecce
3769 1984 3852 2038 in-

2247 2066 2466 2130 cbriati;
2498 2083 2623 2122 ecce
2667 2069 2882 2132 sitiunt,
2914 2084 3036 2123 cccc
3079 2070 3267 2124 bibunt
3299 2089 3310 2124 :
3344 2071 3436 2132 sed
3466 2089 3573 2128 non
3601 2089 3633 2126 a
3670 2089 3740 2128 se
3772 2075 3850 2129 bi-

2246 2155 2394 2218 bunt,
2441 2173 2537 2211 nec
2567 2158 2663 2226 ipsi
2709 2157 2805 2212 sibi
2835 2168 2960 2222 sunt
2985 2159 3124 2212 latis.
3151 2160 3255 2214 Sed
3300 2162 3436 2215 unde
3469 2163 3711 2218 bibunt?
3744 2163 3850 2219 Sub

2245 2247 2459 2315 tegmine
2478 2245 2677 2299 alarum
2700 2255 2899 2300 tuarum
2925 2249 3212 2318 sperabunt.
3241 2249 3294 2304 Si
3325 2251 3423 2304 sub
3451 2252 3570 2314 alis,
3603 2252 3849 2308 humiles

2243 2346 2384 2392 sunt.
2434 2339 2648 2405 Quare?
2683 2337 2815 2404 Quia
2845 2341 2984 2408 apud
3024 2349 3092 2405 te,
3136 2341 3323 2410 inquit,
3368 2347 3484 2412 fons
3529 2343 3676 2397 vilw.
3732 2343 3846 2399 Non

2243 2443 2370 2497 ergo
2393 2443 2421 2480 a
2445 2444 2502 2482 se
2529 2430 2813 2497 irrigantur
2841 2441 3067 2495 montes,
3096 2432 3228 2484 sicut
3257 2447 3286 2485 a
3319 2447 3375 2486 se
3400 2450 3502 2486 nun
3523 2434 3846 2489 illuminan-

2245 2530 2328 2574 tur
2358 2531 2584 2574 montes.
2616 2521 2744 2574 Nam
2776 2522 2894 2576 vide
2920 2523 3042 2592 quid
3091 2525 3330 2592 sequitur
3357 2541 3368 2576 :
3404 2523 3469 2577 In
3517 2525 3733 2578 lumine
3758 2538 3845 2581 tuo

2243 2611 2513 2666 videbimus
2545 2611 2732 2666 lumen.
2769 2613 2824 2667 Si
2865 2629 2990 2682 ergo
3018 2614 3068 2667 in
3110 2615 3306 2668 lumine
3336 2615 3499 2684 ipsius
3524 2617 3845 2672 videbimus

2243 2703 2440 2769 lumen,
2473 2705 2590 2772 quis
2619 2704 2764 2758 cadit
2791 2721 2818 2756 a
2847 2705 3043 2758 lumine
3066 2745 3079 2768 ,
3112 2706 3210 2757 nisi
3251 2707 3333 2758 cui
3365 2707 3476 2774 ipse
3504 2723 3611 2760 non
3636 2717 3734 2762 est
3763 2709 3842 2763 lu-

2243 2796 2412 2848 men?
2457 2795 2523 2848 Et
2562 2795 2648 2864 qui
2681 2794 2910 2848 voluerit
2957 2795 3054 2847 sibi
3086 2809 3204 2848 esse
3253 2796 3450 2860 lumen,
3487 2775 3602 2867 ipse
3633 2800 3785 2854 cadit
3813 2815 3842 2854 a

2247 2885 2447 2939 lumine
2492 2901 2596 2955 quo
2627 2887 2970 2962 illuminatur.
3003 2885 3126 2940 ldeo
3154 2887 3329 2940 sciens
3369 2903 3469 2942 non
3498 2887 3704 2942 cadere
3737 2890 3837 2944 nisi

2240 2991 2360 3029 cum
2402 2975 2491 3044 qui
2563 2975 2662 3030 sibi
2706 2976 2818 3029 vult
2865 2975 3078 3040 lucere,
3128 2991 3246 3029 cum
3300 2978 3368 3030 sit
3411 2992 3503 3046 per
3555 2992 3620 3032 sc
3677 2987 3839 3034 teneo

2241 3067 2380 3132 brm;
2414 3069 2588 3121 statim
2621 3067 2866 3134 subjecit,
2901 3066 3022 3120 Non
3062 3069 3224 3121 veniat
3271 3069 3397 3120 mihi
3423 3085 3507 3138 pes
3544 3073 3834 3139 superbite,

2238 3170 2284 3212 et
2320 3177 2498 3212 manus
2536 3169 2853 3230 peccatorum
2877 3176 2977 3213 non
3004 3168 3195 3212 moveat
3231 3175 3306 3213 me
3336 3177 3354 3213 :
3380 3159 3431 3214 id
3461 3168 3563 3226 est,
3596 3161 3838 3215 imitatio

2239 3261 2571 3320 peccatorum
2603 3267 2706 3303 non
2737 3259 2946 3304 moveat
2976 3265 3060 3304 me
3087 3291 3101 3315 ,
3137 3258 3194 3304 ut
3229 3249 3413 3304 cadam
3442 3266 3470 3302 a
3524 3261 3596 3305 te.
3647 3251 3837 3318 Quare

2239 3341 2479 3406 timuisti,
2510 3350 2560 3394 et
2589 3340 2789 3405 dixisti,
2817 3339 2937 3393 Non
2962 3341 3124 3394 veniat
3161 3342 3281 3393 milii
3307 3357 3392 3409 pes
3413 3341 3709 3411 superbire?
3733 3342 3836 3397 Se-

2235 3432 2432 3499 quitur,
2465 3428 2491 3481 I
2500 3430 2546 3482 bi
2570 3429 2854 3482 ceciderunt
2877 3445 3047 3483 omnes
3070 3431 3154 3500 qui
3199 3441 3471 3498 aperantur
3498 3430 3833 3498 iniquitatem

2237 3518 2408 3589 (Psat.
2440 3535 2600 3584 xxxv,
2635 3520 2763 3572 8-15
2783 3519 2823 3589 ).
2856 3519 3000 3588 Quos
3029 3520 3185 3572 modo
3211 3519 3358 3573 vides
3379 3521 3585 3587 Operari
3619 3519 3832 3590 iniqui-

2235 3617 2395 3663 tatem
2424 3651 2436 3672 ,
2477 3608 2585 3678 jam
2647 3608 2879 3662 damnati
2927 3618 3048 3663 sunt
3095 3627 3108 3662 :
3153 3608 3246 3662 sed
3299 3617 3353 3662 ut
3400 3607 3826 3672 damnarentur,

2234 3700 2303 3754 ibi
2331 3700 2658 3761 ceciderunt,
2706 3715 2825 3754 cum
2872 3701 2974 3754 illis
3018 3701 3159 3754 venit
3189 3715 3282 3770 pes
3317 3701 3617 3788 'superbize.
3652 3701 3828 3757 Recte

2233 3806 2360 3860 ergo
2387 3792 2484 3845 istc
2513 3791 2734 3844 audiens
2764 3800 2821 3845 ut
2855 3791 3107 3844 ascendat
3135 3799 3188 3845 et
3215 3807 3318 3844 non
3344 3790 3515 3854 cadat,
3546 3799 3603 3844 ut
3631 3806 3660 3844 a
3685 3806 3828 3845 con-

2231 3881 2367 3934 valle
2398 3879 2708 3949 plorationis
2750 3880 3013 3948 proliciat,
3064 3895 3167 3933 non
3211 3879 3261 3932 in
3311 3888 3515 3934 tumore
3541 3881 3823 3948 superbia:

2230 3973 2459 4039 deﬁciat,
2491 3974 2564 4026 ait
2590 3973 2699 4027 Deo
2733 3989 2745 4025 :
2779 3970 2864 4025 Ne
2888 3971 2973 4024 des
2999 3971 3066 4024 ad
3093 3971 3385 4025 movendum
3415 3971 3593 4042 pedem
3623 3989 3818 4025 nterim-

2231 4065 2296 4118 Et
2323 4065 2459 4118 Deus
2485 4064 2555 4117 illi
2592 4080 2604 4115 :
2639 4061 2816 4128 Neque
2850 4061 3078 4116 dormitet
3108 4063 3192 4130 qui
3215 4062 3428 4114 custodit
3469 4074 3533 4114 te.
3566 4060 3815 4116 lntendat

2228 4152 2468 4207 Cbarftas
2498 4162 2688 4207 vestra.
2724 4152 2882 4219 Quasi
2905 4168 3006 4205 una
3033 4152 3294 4205 sententia
3327 4151 3459 4205 facta
3489 4161 3656 4206 estex
3680 4151 3810 4204 dua-

2229 4244 2327 4298 bus
2357 4244 2591 4298 vocibus.
2643 4242 2811 4296 llomo
2853 4242 2988 4296 dixit
3014 4241 3309 4296 ascendens
3344 4251 3396 4296 et
3422 4251 3642 4295 cantans
3670 4241 3800 4296 Can-

2230 4338 2387 4392 ticum
2419 4335 2697 4406 graduum,
2731 4333 2812 4388 Ne
2832 4334 2918 4388 des
2942 4334 3008 4386 ad
3030 4333 3326 4386 movendum
3370 4333 3546 4403 pedum
3591 4351 3752 4386 nicum
3780 4349 3797 4385 :

2228 4437 2281 4482 et
2311 4427 2449 4480 Deus
2481 4434 2728 4494 tanquam
2747 4424 2967 4491 diceret,
2992 4422 3074 4476 Ne
3097 4425 3184 4476 des
3211 4422 3278 4475 ad
3305 4423 3603 4476 movendum
3628 4425 3797 4494 pedem

2228 4535 2412 4583 meum,
2445 4516 2578 4570 dicis
2603 4516 2759 4579 mihi;
2807 4515 2960 4580 adde,
2997 4513 3173 4583 Neque
3200 4513 3430 4568 dormitet
3465 4514 3552 4583 qui
3587 4514 3796 4569 custodit

2229 4619 2294 4676 te,
2328 4619 2382 4663 et
2409 4624 2510 4662 non
2534 4606 2831 4661 movebitur
2861 4620 2952 4674 pes
2979 4612 3119 4658 tuus.

2234 4751 2257 4781 α
2279 4736 2404 4788 sint;
2428 4732 2651 4794 Dominus
2672 4737 2851 4788 autem,
2880 4744 2940 4780 eo
2957 4729 3088 4794 quod
3108 4731 3268 4779 omnia
3290 4741 3399 4794 quae
3422 4737 3554 4794 sunt,
3591 4729 3799 4794 possidet

2233 4812 2256 4841 ι
2280 4792 2605 4844 ineﬁ‘abiliter.
2654 4795 2800 4853 Igitur
2823 4792 2986 4841 bonus
3016 4799 3067 4853 et
3103 4792 3321 4840 summus
3353 4793 3592 4853 Dominus,
3625 4793 3707 4852 qui
3749 4799 3798 4840 et

2233 4873 2256 4901 ι
2279 4864 2421 4905 Deus.
2433 4857 2474 4903 si
2499 4854 2556 4902 ad
2575 4851 2702 4901 hunc
2725 4866 2811 4914 per
2830 4867 2872 4915 [)l
2887 4852 3198 4915 azuominatos
3220 4859 3408 4900 montes
3430 4851 3672 4902 levaveris
3691 4865 3798 4915 ocu-

2233 4934 2256 4964 α
2278 4916 2364 4978 los,
2390 4915 2618 4965 auxilium
2638 4913 2769 4962 tuum
2789 4913 3194 4978 senuiternaliter
3219 4915 3329 4963 erit.
3353 4919 3407 4961 Ut
3423 4925 3549 4978 ergo
3571 4913 3798 4964 auxilium

2234 4996 2257 5023 ι
2279 4974 2412 5027 tua...
2434 4979 2514 5034 sit,
2538 4988 2672 5038 roga,
2714 4983 2764 5024 et
2795 4977 2870 5024 dic
2887 4977 3012 5038 qUod
3049 4976 3286 5037 sequitur,
3320 4983 3383 5038 Μ
3403 4974 3510 5038 des.
3529 4991 3558 5038 -ι
3589 4984 3684 5026 etc.

2291 5043 2307 5072 ι
2333 5040 2572 5088 editiones
2591 5037 2687 5086 illa:
2711 5043 2827 5098 \fen.
2849 5034 3085 5096 curaris,
3116 5034 3138 5098 oi
3159 5037 3386 5098 superbia
3406 5036 3660 5086 ceciditde
3677 5034 3800 5086 celo

2233 5118 2255 5147 ι
2279 5101 2325 5149 in
2351 5109 2549 5153 terram.
2591 5096 2800 5160 Angelus
2824 5107 2928 5147 erat
2958 5101 3005 5147 in
3041 5097 3180 5156 OtPIO,
3205 5096 3384 5160 cadens
3418 5098 3466 5144 in
3501 5105 3684 5146 terram
3706 5100 3799 5146 dia-

2233 5180 2254 5207 ι
2277 5161 2415 5210 bolus
2428 5160 2646 5230 _a__sei‘pso
2663 5157 2755 5230 per
2777 5172 2910 5230 suam
2933 5157 3433 5230 superbiam‘eﬁ'ectus
3451 5164 3545 5230 est.
3581 5161 3800 5230 Quisquis

2233 5240 2255 5268 ι
2277 5223 2512 5284 superbit,
2535 5219 2724 5284 diabolo
2758 5219 3036 5284 participat;
3059 5219 3098 5267 si
3123 5219 3388 5284 participat,
3417 5219 3545 5284 idem
3570 5227 3678 5268 est:
3709 5219 3797 5281 igi-

2232 5302 2253 5328 ι
2278 5280 2354 5332 tur
2372 5285 2524 5333 emnis
2545 5280 2782 5342 superbus
2797 5280 3014 5331 diabolus
3035 5293 3122 5343 per
3137 5280 3380 5342 bicipitem
3403 5281 3674 5343 portionem
3693 5280 3767 5329 est
3781 5293 3809 5338 ;.

2232 5362 2254 5390 α
2280 5351 2330 5393 et
2351 5344 2442 5391 hoc
2463 5343 2684 5404 quamdiu
2708 5344 2948 5404 superbus
2970 5349 3062 5391 est.
3087 5349 3182 5404 δοίη
3205 5354 3327 5402 ergo
3349 5348 3528 5404 movet,
3553 5356 3576 5383 ι
3592 5349 3704 5404 etc.

2287 5408 2306 5436 ³
2331 5413 2425 5453 Hoc
2447 5401 2564 5451 item
2589 5403 2708 5461 loco,
2731 5401 2781 5451 in
2799 5401 2892 5451 illis
2909 5402 3198 5453 editionihus
3222 5401 3338 5450 Ven.
3361 5410 3413 5451 et
3430 5403 3572 5450 Paris.
3591 5402 3795 5450 habetur

2223 5466 2348 5515 istud
2377 5463 2614 5527 glossema
2635 5477 2667 5527 _:
2703 5482 2725 5510 ι
2744 5475 2779 5513 υ
2802 5463 2946 5527 lepidi
2970 5477 3025 5527 ac
3063 5463 3370 5527 limpidissimi
3421 5463 3573 5523 pedes
3595 5463 3795 5527 Charita-

2231 5545 2252 5572 ι
2277 5529 2353 5584 tis,
2379 5523 2460 5588 qui
2499 5523 2707 5574 humiles
2737 5527 2794 5574 ad
2826 5523 3160 5588 celsitudinem
3185 5525 3465 5588 provehunt.
3507 5529 3599 5570 t-tos
3621 5523 3788 5588 pedes,

2231 5606 2252 5634 α
2275 5583 2555 5653 charissimi,
2581 5599 2774 5648 semper
2798 5586 3024 5653 imitando
3049 5594 3098 5634 et
3119 5583 3322 5634 amando
3349 5583 3635 5653 sequamur,
3653 5593 3704 5634 ut
3735 5583 3792 5630 ad

2231 5667 2252 5694 ι
2275 5647 2408 5696 illum
2426 5649 2562 5709 cujus
2583 5647 2710 5705 sunt,
2737 5650 2997 5709 perveniie
3019 5659 3292 5709 mereamur
3314 5660 3326 5695 :
3364 5647 3474 5709 quia
3494 5650 3552 5709 ut
3587 5651 3794 5693 Joannes

2230 5728 2252 5754 α
2275 5712 2357 5766 ait,
2385 5707 2512 5757 Deus
2541 5707 2747 5756 Charitas
2760 5715 2852 5768 est.
2885 5708 3161 5768 Superbiam
3185 5709 3376 5756 cumino
3408 5707 3661 5768 t'ugiamus,
3686 5716 3792 5768 qua

2231 5789 2253 5817 ι
2275 5777 2438 5818 movet
2461 5770 2614 5829 pedes
2636 5770 2695 5816 ad
2716 5765 2998 5829 cadendum,
3023 5780 3087 5820 ne
3112 5774 3165 5817 et
3185 5780 3273 5815 nos
3292 5766 3431 5818 simul
3463 5765 3792 5828 superbiehdo

2233 5851 2253 5877 ι
2275 5827 2515 5879 cadamtis.
2549 5827 2657 5877 Ideo
2681 5836 2731 5878 et
2753 5827 2851 5889 ille,
2878 5845 2899 5873 υ
2932 5836 3026 5878 etc.
