4160 6482
410 405 543 464 I609

1494 399 1887 455 ENARRATIO
1918 398 1980 452 IN
2019 388 2336 457 PSALMHM
2373 403 2536 459 cxx.

3531 413 3665 469 iﬁiﬁ

471 518 526 572 ti.
571 512 744 589 ['vers.
773 514 826 570 Δ.
854 513 876 586 ]
915 511 1120 567 Dixerit
1144 520 1319 566 autem
1351 511 1438 565 ille
1467 528 1482 564 :
1515 508 1774 580 Numquid
1803 509 1854 562 in
1894 523 1989 580 po-
2090 507 2351 566 Christus.
2382 512 2514 566 Nam
2543 512 2594 568 in
2625 513 2886 585 principio
2917 515 3080 572 facies
3121 518 3236 589 ejus
3276 535 3395 591 quas
3434 522 3554 577 est?
3601 523 3664 577 In

402 615 596 663 testate
640 620 755 660 mea
803 611 888 659 est
934 612 991 657 ut
1033 618 1137 658 non
1171 601 1424 657 dormitet
1459 600 1549 670 qui
1590 599 1821 654 custodit
1861 598 1985 652 me?

401 699 536 752 Volo
567 706 623 750 nt
664 709 772 750 non
813 694 1080 758 dormiat,
1129 707 1303 762 neque
1342 692 1610 746 dormitet.
1652 690 1792 760 Ergo
1837 689 1984 744 illum

399 790 493 845 tibi
520 789 660 859 elige
686 830 700 852 ,
746 787 838 857 qui
883 801 989 841 non
1033 786 1282 851 dormiet,
1326 800 1499 854 neque
1540 783 1847 838 dormitabit
1873 822 1890 849 ,
1931 791 1985 838 et

397 895 504 934 non
536 878 838 933 movebitur
893 892 988 946 pes
1029 886 1167 932 tuus.
1217 877 1356 931 Deus
1400 891 1666 945 nunquam
1721 882 1806 930 est
1855 875 1981 929 dor-

397 971 572 1025 miens
606 988 621 1026 :
669 969 715 1024 si
754 969 834 1023 vis
874 967 1070 1023 habere
1114 966 1390 1022 custodem
1434 981 1540 1020 non
1587 965 1938 1019 dormientem
1962 1006 1977 1030 ,

394 1063 565 1118 Deum
609 1062 745 1131 elige
783 1061 1078 1116 custodem.
1139 1058 1221 1112 Ne
1247 1059 1333 1112 des
1359 1058 1424 1111 ad
1470 1056 1763 1111 movendum
1807 1057 1982 1127 pedem

392 1169 563 1206 meum
586 1193 600 1216 ,
631 1151 764 1206 dicis
792 1160 846 1205 ιιι
875 1168 889 1216 ;
924 1152 1056 1205 bene
1080 1191 1093 1212 ,
1124 1151 1322 1219 optime
1350 1167 1362 1202 :
1388 1148 1480 1202 sed
1502 1156 1554 1202 et
1581 1148 1668 1202 ille
1693 1148 1819 1202 dicit
1849 1148 1974 1210 tibi,

395 1243 578 1312 Neque
605 1241 839 1296 dormitet
868 1241 950 1308 qui
976 1240 1190 1293 custodit
1219 1249 1281 1293 te.
1324 1238 1406 1293 Tu
1445 1237 1578 1292 forte
1624 1251 1979 1292 conversurus

394 1341 446 1388 te
494 1347 617 1387 eras
662 1331 728 1385 ad
770 1331 1010 1386 homines
1051 1329 1336 1396 custodes,
1385 1337 1440 1384 et
1479 1327 1759 1382 dicturus:
1809 1327 1977 1393 Quem

391 1439 514 1480 sum
563 1425 876 1478 inventurus
918 1437 1023 1476 non
1063 1420 1458 1475 dormientem?
1511 1420 1628 1490 quis
1679 1422 1836 1472 homo
1870 1433 1974 1472 non

391 1514 741 1570 dormitabit?
768 1528 927 1584 quem
959 1513 1211 1566 invenio?
1237 1526 1342 1582 quo
1368 1510 1498 1564 ibo?
1527 1524 1631 1580 quo
1659 1517 1898 1564 revertar
1921 1508 1975 1561 ίῖ

391 1606 498 1662 Isle
530 1605 624 1659 tibi
654 1604 889 1659 ostendit
918 1621 931 1658 :
963 1603 1097 1656 Ecce
1133 1619 1232 1656 non
1264 1601 1582 1664 dormitabit,
1616 1617 1770 1671 neque
1794 1598 1976 1653 obdor-

388 1698 543 1762 miet,
575 1696 661 1766 qui
685 1695 898 1750 custodit
926 1693 1110 1748 Israel.
1154 1694 1244 1746 Vis
1289 1692 1485 1747 habere
1531 1705 1656 1761 ergo
1697 1690 1972 1746 custodem

389 1803 497 1842 non
527 1787 880 1842 dormientem
912 1800 1083 1855 neque
1107 1783 1522 1839 dormitantem?
1554 1781 1686 1836 Ecce
1718 1799 1818 1837 non
1856 1782 1974 1836 dor-

391 1881 539 1942 miet,
572 1895 729 1946 neque
756 1876 1044 1930 dormitabit
1067 1916 1080 1940 ,
1123 1875 1210 1945 qui
1249 1873 1467 1928 custodit
1499 1873 1703 1928 Israel:
1732 1871 1974 1927 Christus

386 1971 536 2025 enim
581 1967 814 2025 custodit
859 1967 1039 2022 Israel.
1089 1966 1219 2020 Esto
1261 1981 1387 2036 ergo
1439 1965 1618 2020 Israel.
1668 1964 1803 2031 Quid
1849 1973 1969 2030 est,

389 2059 599 2114 Israel?
635 2058 792 2112 Israel
843 2058 1220 2127 interpretatur
1253 2055 1452 2109 Vidcns
1485 2056 1672 2108 Deum.
1723 2055 1789 2108 Et
1836 2068 1969 2125 quo-

387 2153 553 2207 modo
590 2151 797 2206 videtur
838 2149 1020 2206 Deus?
1061 2149 1242 2204 Primo
1289 2164 1384 2218 per
1424 2149 1612 2214 ﬁdem,
1651 2155 1833 2218 postea
1880 2163 1972 2217 per

387 2245 652 2314 speciem.
679 2243 734 2299 Si
778 2257 874 2313 per
913 2244 1140 2311 speciem
1181 2241 1412 2295 nondum
1449 2250 1639 2310 potes,
1678 2255 1771 2309 per
1813 2239 1968 2294 ﬁdem

385 2336 530 2390 vide.
559 2335 615 2390 Si
645 2334 831 2389 faciem
867 2333 981 2403 ejus
1021 2332 1199 2386 videre
1237 2347 1341 2386 non
1386 2342 1535 2400 potes
1558 2371 1572 2396 ,
1610 2331 1857 2401 quoniam
1900 2330 1967 2385 ibi

386 2427 597 2496 Species
622 2443 636 2492 ;
663 2425 954 2495 posteriora
981 2425 1096 2494 ejus
1120 2423 1259 2479 vide.
1289 2425 1401 2479 Hoc
1424 2424 1617 2478 dictum
1639 2432 1720 2478 est
1747 2424 1912 2496 Moysi
1939 2440 1970 2478 a

388 2520 618 2573 Doino
648 2537 661 2573 :
697 2518 815 2572 Non
845 2527 983 2588 potes
1021 2518 1187 2572 videre
1229 2517 1410 2585 [aciem
1453 2534 1610 2570 meam
1633 2557 1649 2584 ,
1695 2517 1969 2588 posteriora

388 2626 503 2664 mea
533 2608 722 2662 ridebis
743 2651 757 2671 ,
791 2625 903 2661 cum
925 2608 1168 2662 transiero
1194 2607 1212 2679 (
1242 2604 1408 2661 Exod.
1445 2623 1643 2674 χχχιιι,
1680 2606 1751 2662 20
1774 2647 1788 2671 ,
1834 2608 1905 2664 23
1925 2606 1966 2680 ).

389 2700 689 2769 Exspectas
732 2698 866 2754 forte
903 2707 960 2752 ut
1007 2706 1279 2753 transeat:
1324 2698 1432 2766 jam
1473 2698 1716 2762 transiit;
1761 2708 1812 2752 ιιι
1849 2699 1969 2753 vide

385 2794 689 2864 posteriora
721 2793 906 2862 ipsius.
935 2791 1034 2848 Ubi
1066 2789 1316 2845 transiit?
1341 2789 1476 2844 Audi
1505 2788 1761 2843 Joannem
1787 2806 1800 2851 ;
1843 2789 1970 2844 Cant

384 2887 629 2944 venisset,
665 2884 866 2954 inquit,
897 2884 1021 2937 liora
1043 2925 1059 2948 ,
1089 2891 1144 2936 ut
1169 2883 1400 2936 transiret
1439 2881 1501 2935 de
1542 2882 1728 2935 mundo
1770 2882 1837 2934 ad
1867 2881 1969 2935 Ρα-

381 2987 516 3031 trem
546 2975 565 3048 (
589 2976 744 3030 Joan.
774 2992 866 3030 ιιιιι
891 3017 905 3039 ,
937 2976 960 3030 l
989 2975 1029 3045 ).
1061 2975 1311 3028 Dominus
1341 2983 1522 3028 noster
1546 2973 1700 3028 Jesus
1728 2972 1969 3029 Christus

377 3069 494 3139 jam
521 3067 646 3122 fecit
674 3067 896 3121 Pascha.
928 3064 1128 3119 Pascha
1150 3074 1322 3118 autem
1352 3063 1626 3118 Transitus
1653 3063 1968 3132 interpreta-

383 3169 496 3212 tur.
527 3157 661 3213 Nam
691 3156 908 3211 verbum
939 3163 1021 3210 est
1058 3155 1325 3209 hebraenm
1357 3169 1372 3208 :
1416 3161 1469 3207 et
1503 3161 1689 3223 putant
1727 3153 1968 3209 homines

381 3264 623 3320 graecum
653 3263 770 3304 esse
794 3290 808 3315 ,
837 3249 987 3318 quasi
1017 3247 1322 3302 Passionem
1347 3288 1362 3311 ,
1392 3246 1484 3302 sed
1514 3261 1618 3301 non
1645 3257 1745 3302 est.
1777 3249 1816 3301 A
1847 3248 1966 3302 dili-

382 3340 718 3410 gentioribus
762 3345 816 3393 et
844 3353 873 3392 a
901 3338 1222 3393 doctioribus
1247 3337 1520 3392 inventum
1558 3346 1641 3393 est
1696 3339 1814 3407 quia
1866 3339 1966 3392 Pa-

383 3434 517 3487 scha
565 3431 831 3486 hcbraeum
876 3430 1092 3485 verbum
1138 3438 1251 3494 est;
1300 3439 1356 3484 et
1402 3445 1505 3483 non
1554 3431 1968 3500 interpretantur

385 3525 714 3594 passionem,
739 3522 831 3578 sed
856 3522 1150 3578 transitum.
1180 3523 1282 3577 Per
1305 3523 1601 3590 passionem
1627 3524 1766 3579 enim
1797 3533 1969 3579 trans-

385 3618 447 3670 iit
496 3615 747 3670 Dominus
774 3630 804 3668 a
847 3625 1016 3670 morte
1044 3613 1108 3668 ad
1152 3614 1354 3679 vitam;
1397 3622 1448 3670 et
1487 3613 1610 3670 fecit
1647 3615 1801 3671 nobis
1829 3616 1965 3670 viam

385 3708 730 3762 credentibus
759 3707 810 3760 in
852 3706 1291 3762 resurrectionem
1337 3705 1488 3774 ejus,
1539 3715 1596 3760 ut
1640 3717 1967 3762 transeamus

388 3808 443 3853 et
476 3814 573 3852 nos
603 3798 670 3852 de
696 3805 865 3851 morte
893 3795 960 3854 ad
990 3797 1170 3850 vitam.
1197 3796 1312 3850 Non
1344 3811 1590 3865 magnum
1632 3807 1714 3851 est
1748 3798 1967 3853 credere

389 3887 512 3957 quia
541 3895 781 3941 mortuus
800 3883 1137 3940 estChristus
1169 3903 1183 3940 :
1211 3885 1313 3938 hoc
1341 3893 1393 3938 et
1419 3885 1609 3955 Pagani
1635 3927 1650 3948 ,
1677 3893 1730 3939 et
1756 3885 1922 3941 Judaei
1948 3927 1964 3953 ,

388 3988 445 4032 et
470 3993 657 4033 omnes
687 3977 852 4048 iniqui
880 3977 1119 4033 credunt.
1163 3977 1273 4031 Hoc
1314 3992 1500 4031 omnes
1538 3977 1762 4032 credunt
1785 4020 1799 4041 ,
1845 3979 1966 4048 quia

391 4079 635 4124 mortuus
664 4078 744 4122 est
769 4087 781 4122 :
816 4069 947 4122 ﬁdes
973 4065 1394 4123 Christianorum
1420 4110 1433 4132 ,
1470 4067 1786 4123 resurrectio
1811 4069 1967 4123 Chri-

389 4167 457 4216 sti
485 4171 567 4217 est
591 4179 604 4227 ;
633 4161 734 4216 hoc
757 4177 853 4231 pro
877 4175 1066 4230 magno
1092 4160 1347 4214 habemus
1370 4202 1384 4225 ,
1414 4161 1532 4230 quia
1553 4160 1820 4214 credimus
1845 4176 1964 4214 cum

389 4255 767 4310 resurrexisse.
795 4254 935 4324 Ergo
961 4263 1086 4308 tunc
1114 4269 1172 4308 se
1199 4254 1362 4308 voluit
1386 4253 1552 4308 videri
1579 4295 1593 4318 ,
1625 4269 1747 4308 cum
1781 4257 1970 4309 transi-

390 4355 508 4410 ret,
537 4344 640 4399 hcc
664 4353 744 4398 est
769 4385 782 4409 ,
810 4359 929 4398 cum
969 4345 1366 4399 resurrexisset.
1414 4344 1563 4398 Tunc
1607 4345 1658 4398 in
1700 4359 1759 4400 se
1802 4344 1970 4400 voluit

389 4437 533 4490 credi
561 4478 575 4499 ,
603 4451 723 4490 cum
753 4437 1038 4499 transiret;
1071 4436 1188 4506 quia
1222 4436 1443 4490 traditus
1468 4445 1547 4490 est
1584 4446 1799 4507 propter
1838 4437 1972 4492 deli-

395 4538 479 4581 cta
510 4537 687 4582 nostra
712 4569 727 4591 ,
753 4535 808 4582 et
834 4527 1126 4582 resurrexit
1151 4536 1366 4597 propter
1403 4525 1833 4595 justiﬁcationem
1872 4544 1967 4582 no-

392 4631 554 4673 stram
588 4618 778 4692 (Rom.
807 4635 884 4686 IV,
909 4618 979 4674 25
1000 4619 1039 4688 ).
1065 4619 1131 4672 Et
1157 4619 1320 4688 ipsam
1353 4618 1509 4672 ﬁdem
1542 4619 1594 4672 in
1625 4621 1971 4675 resurrectio-

392 4727 513 4766 nem
564 4709 758 4766 Christi
807 4712 1034 4766 maxime
1078 4710 1470 4765 commendavit
1515 4712 1843 4780 Apostolus:
1899 4713 1972 4767 ait

391 4803 532 4856 enim
557 4844 573 4867 ,
606 4801 669 4857 Si
691 4802 962 4857 credideris
990 4803 1042 4855 in
1057 4802 1207 4855 corde
1229 4812 1314 4856 tuo
1333 4802 1450 4872 quia
1469 4800 1608 4856 Deus
1627 4818 1741 4855 eum
1759 4804 1972 4858 suscita-

392 4897 459 4949 vit
495 4912 528 4948 a
570 4896 779 4950 mortuis
803 4937 818 4960 ,
859 4896 1029 4949 saluus
1066 4895 1163 4948 eris
1210 4892 1336 4964 (Id.
1370 4910 1403 4948 χ
1429 4936 1442 4956 ,
1485 4892 1580 4963 9).
1627 4893 1740 4948 Νοιι
1787 4894 1962 4962 dixit,

393 4988 447 5046 Si
474 4989 770 5045 credideris
797 4989 916 5058 quia
943 4996 1184 5043 mortuus
1209 4995 1292 5043 est
1316 4985 1557 5041 Christus
1581 5028 1594 5050 ,
1627 4985 1768 5056 quod
1793 4995 1847 5042 et
1869 4987 1969 5042 Pa-

391 5079 510 5149 gani
534 5121 550 5144 ,
579 5089 632 5134 et
657 5079 826 5134 Judrei
846 5119 863 5146 ,
890 5087 944 5134 et
971 5092 1158 5134 omnes
1187 5077 1384 5132 inimici
1427 5076 1542 5147 ejus
1585 5076 1922 5133 crediderunt
1951 5095 1964 5132 :

391 5170 483 5226 sed
510 5171 585 5224 ait
612 5212 627 5234 ,
659 5169 720 5225 Si
746 5169 1015 5224 credideris
1036 5171 1089 5222 in
1118 5169 1268 5223 corde
1288 5176 1372 5221 tuo
1394 5168 1513 5236 quia
1543 5164 1680 5220 Deus
1715 5165 1859 5220 illum
1878 5183 1968 5220 su-

394 5262 641 5316 scitavita
665 5261 875 5314 mortuis
894 5300 908 5326 ,
933 5260 1100 5314 salvus
1123 5260 1242 5317 eris.
1284 5257 1398 5312 Hoc
1444 5255 1698 5321 credere,
1749 5256 1849 5310 hoc
1887 5264 1970 5311 est

392 5369 511 5410 esse
541 5354 704 5410 Israel
731 5395 747 5420 ,
793 5351 896 5407 hoc
931 5360 1014 5407 est
1048 5351 1229 5406 videre
1271 5349 1432 5406 Deum
1463 5366 1479 5402 :
1513 5348 1754 5418 quamvis
1796 5349 1969 5403 adhuc

390 5449 686 5520 posteriora
713 5447 828 5517 ejus
846 5487 862 5513 ,
893 5455 1067 5500 tamen
1093 5461 1213 5500 eum
1239 5441 1528 5499 credideris
1555 5442 1608 5496 in
1636 5441 1925 5511 posteriora
1949 5481 1966 5507 ,

389 5539 672 5610 pervenies
719 5537 787 5592 ad
834 5537 1092 5592 visionem
1138 5535 1310 5590 faciei.
1358 5532 1493 5599 Quid
1539 5541 1622 5588 est
1666 5532 1810 5586 hoc?
1839 5532 1968 5586 Cum

387 5631 678 5689 credideris
709 5630 760 5685 in
790 5629 840 5684 id
863 5628 1003 5698 quod
1030 5627 1293 5697 posterius
1318 5641 1411 5696 pro
1437 5634 1489 5680 te
1518 5624 1684 5679 factus
1710 5633 1792 5679 est
1815 5624 1971 5679 Chri-

385 5733 540 5789 stus;
571 5737 696 5778 cum
726 5718 1014 5777 credideris
1056 5719 1108 5772 in
1156 5717 1208 5772 id
1242 5715 1381 5787 quod
1430 5715 1694 5786 posterius
1739 5714 1972 5785 suscepit

445 5840 461 5871 ι
499 5838 633 5888 Alter
656 5850 689 5886 e
710 5837 845 5886 Oorb.
871 5844 997 5895 Mss,
1022 5845 1117 5899 quo
1136 5845 1212 5883 me
1233 5835 1433 5881 vertam.

832 5921 1057 5981 Ssacr.
1107 5921 1150 5978 Λ
1164 5937 1383 5978 causam
1431 5915 1532 5975 IV.

2088 601 2337 672 principio
2364 612 2468 656 erat
2502 602 2718 658 Verbum
2739 647 2754 670 ,
2785 614 2831 659 et
2864 605 3080 661 Verbum
3105 618 3210 661 erat
3236 614 3382 680 apud
3399 609 3592 678 Deum,
3618 623 3663 668 et

2088 690 2227 747 Deus
2252 703 2359 747 erat
2399 693 2633 749 Verbum.
2666 697 2964 753 Posteriora
2988 699 3104 768 ejus
3129 717 3246 770 qua:
3265 705 3425 757 sunt?
3450 703 3512 758 Et
3546 703 3666 759 Ver.

2084 782 2201 837 bum
2221 801 2338 839 caro
2373 790 2563 856 factum
2586 798 2693 856 est,
2735 798 2783 852 et
2825 790 3064 845 habitavit
3101 794 3155 846 in
3202 794 3344 848 nobis
3375 793 3570 867 (Joan.
3601 812 3619 851 ι
3646 837 3661 859 .

2089 874 2114 927 1
2148 915 2162 939 ,
2196 874 2264 928 14
2286 875 2327 946 ).
2360 876 2491 930 Cum
2519 893 2645 948 ergo
2670 879 2844 933 credis
2874 881 2924 934 in
2956 881 3056 936 hoc
3085 883 3225 952 quod
3259 899 3353 952 pro
3383 893 3435 940 te
3464 885 3663 942 factum

2085 975 2168 1020 est
2199 965 2464 1036 Verbum,
2497 978 2551 1024 et
2576 973 2864 1026 resurrexit
2905 973 2958 1026 in
3005 988 3206 1042 carne,
3245 991 3312 1031 ne
3356 985 3412 1032 tu
3459 979 3528 1034 de
3571 987 3660 1034 tua

2084 1072 2244 1112 carne
2273 1059 2585 1130 desperares
2606 1103 2622 1126 ,
2646 1061 2872 1116 cfﬁceris
2895 1063 3075 1118 Israel.
3094 1065 3285 1121 Factus
3299 1077 3475 1123 autem
3497 1068 3660 1125 Israel

2082 1162 2201 1201 cum
2250 1147 2449 1213 fueris,
2502 1166 2605 1205 non
2653 1151 2997 1219 dormitahit,
3046 1170 3220 1225 neque
3261 1157 3524 1227 dormiet,
3568 1162 3660 1231 qui

2081 1239 2314 1293 cuStodit
2347 1247 2435 1304 te;
2465 1241 2586 1310 quia
2611 1241 2720 1311 jam
2754 1242 2912 1298 Israel
2941 1259 3002 1298 es
3023 1284 3037 1306 ,
3079 1253 3132 1299 et
3171 1246 3361 1301 audisti
3409 1249 3460 1302 in
3507 1250 3654 1304 Psal-

2080 1342 2168 1379 mo
2190 1369 2203 1389 ,
2243 1327 2371 1381 Ecce
2389 1345 2489 1383 non
2518 1329 2808 1385 dormitabit
2830 1373 2846 1399 ,
2870 1350 3027 1402 neque
3046 1334 3326 1389 obdormiet
3350 1378 3364 1399 ,
3395 1338 3484 1407 qui
3501 1348 3659 1393 custo-

2079 1417 2151 1470 dit
2174 1417 2360 1471 Israel.
2387 1417 2626 1474 Christus
2652 1422 2793 1476 enim
2823 1422 2933 1491 ipse
2956 1423 3206 1478 dormivit
3231 1466 3246 1485 ,
3289 1425 3383 1480 sed
3414 1443 3658 1484 resurre-

2077 1511 2170 1564 xit.
2204 1510 2336 1578 Quid
2362 1513 2501 1566 enim
2529 1513 2605 1567 ait
2631 1513 2742 1583 ipse
2788 1515 2839 1568 in
2881 1515 3128 1584 psalmo?
3169 1515 3280 1587 Ego
3320 1517 3571 1584 dormivi,
3610 1532 3658 1574 et
3729 1553 3732 1556 ~

2075 1617 2306 1656 somnum
2327 1604 2455 1673 cepi.
2483 1603 2748 1674 Numquid
2788 1607 3045 1662 remansit
3093 1608 3144 1662 in
3185 1611 3423 1664 somno?
3450 1608 3655 1669 Exsur-

2075 1694 2181 1747 ταιςὶ
2205 1735 2218 1759 ,
2250 1695 2454 1765 inquit,
2496 1697 2732 1766 quoniam
2775 1697 3024 1752 Dominus
3065 1700 3305 1770 suscipiet
3351 1717 3430 1756 me
3459 1701 3650 1769 (Psal.

2076 1799 2135 1838 ιιι
2161 1826 2174 1847 ,
2206 1785 2301 1855 6).
2334 1785 2390 1840 Si
2421 1801 2547 1857 ergo
2571 1785 2684 1857 jam
2713 1789 3042 1854 resurrexit,
3067 1790 3178 1858 jam
3206 1792 3450 1857 transiit;
3479 1795 3524 1847 si
3541 1793 3652 1862 jam

2076 1878 2321 1944 transiit,
2355 1879 2478 1935 vide
2506 1881 2803 1950 posteriora
2830 1881 2964 1950 ejus.
2995 1882 3129 1950 Quid
3158 1892 3240 1938 est
3263 1924 3278 1948 ,
3309 1883 3443 1940 Vide
3472 1893 3652 1954 poste-

2073 1969 2212 2023 riora
2238 1969 2396 2040 ejus?
2426 1968 2598 2026 Crede
2624 1973 2677 2026 in
2705 1975 3151 2028 resurrectionem
3177 1975 3311 2042 ejus.
3340 1976 3404 2030 Et
3430 1977 3552 2047 quia
3578 1978 3655 2032 ait

2073 2059 2359 2128 Apostolus
2382 2102 2396 2124 ,
2433 2061 2496 2114 Et
2525 2061 2569 2115 si
2587 2063 2860 2131 cruciﬁxus
2887 2073 2959 2116 est
2981 2080 3043 2117 ea:
3070 2065 3364 2133 infirmitate
3386 2108 3399 2128 ,
3427 2068 3516 2121 sed
3535 2069 3652 2123 vivit

2071 2151 2123 2204 in
2154 2153 2332 2206 virtute
2357 2152 2454 2206 Dei
2483 2153 2564 2224 (II
2593 2153 2708 2208 Cor.
2741 2171 2832 2210 xm
2858 2195 2872 2218 ,
2899 2156 2933 2208 4
2956 2157 2996 2224 );
3039 2165 3094 2210 ει
3137 2157 3326 2211 iterum
3363 2159 3475 2223 ait,
3503 2158 3650 2214 Citri—

2071 2251 2177 2296 stus
2204 2259 2412 2314 surgens
2439 2261 2471 2297 a
2500 2245 2708 2298 mortuis
2721 2245 2833 2314 jam
2858 2262 2958 2299 non
2984 2248 3192 2300 moritur
3213 2287 3230 2312 ,
3260 2257 3306 2301 et
3332 2265 3465 2304 mors
3493 2251 3537 2303 ei
3565 2253 3649 2306 ul—

2072 2341 2150 2385 tra
2180 2348 2279 2387 non
2306 2334 2644 2388 dominabitur
2668 2335 2686 2406 (
2708 2335 2857 2390 Rom.
2885 2351 2936 2390 vt
2956 2377 2972 2402 ,
2995 2335 3064 2406 9)
3092 2356 3103 2391 :
3137 2347 3283 2394 recte
3313 2339 3404 2393 tibi
3433 2350 3610 2399 cantat
3630 2384 3646 2405 .

2080 2423 2209 2478 Ecce
2252 2441 2352 2480 non
2385 2426 2677 2481 dormitabit
2701 2467 2716 2491 ,
2752 2445 2908 2498 neque
2955 2429 3267 2497 obdormiet,
3305 2433 3391 2503 qui
3431 2436 3650 2490 custodit

2071 2514 2254 2571 Israel.
2283 2518 2468 2573 Adhuc
2494 2519 2630 2576 forte
2659 2521 2852 2589 quaeris
2891 2523 3089 2575 carnali
3133 2537 3293 2578 sensu
3317 2567 3332 2590 ,
3362 2525 3492 2595 Quis
3519 2537 3604 2583 est
3629 2572 3643 2592 ,

2070 2608 2156 2677 qui
2188 2625 2285 2662 non
2312 2609 2598 2664 dormitabit
2619 2652 2635 2674 ,
2667 2627 2825 2680 neque
2851 2613 3169 2668 obdormiet?
3208 2614 3274 2669 Et
3301 2630 3420 2671 cum
3451 2619 3646 2688 quaeris

2070 2699 2207 2753 inter
2257 2699 2536 2766 homines,
2590 2701 2822 2766 falleris;
2875 2719 3145 2774 nunquam
3201 2705 3511 2763 inventurus
3561 2725 3644 2766 es.

2067 2788 2186 2844 Noli
2224 2805 2351 2861 ergo
2398 2807 2722 2862 prtesumere
2759 2793 2825 2848 de
2864 2809 3129 2863 quoquam
3172 2794 3424 2854 homine:
3471 2800 3646 2854 omnis

2071 2880 2232 2936 homo
2258 2882 2496 2950 dormit,
2527 2893 2580 2939 et
2603 2885 2930 2940 dormitabit.
2955 2885 3179 2952 Quando
3199 2887 3492 2944 dormitat?
3512 2889 3645 2944 Cum

2070 2981 2248 3041 portat
2283 2988 2498 3028 carnem
2554 2974 2892 3030 inﬁrmitatis.
2937 2976 3161 3044 Quando
3200 2977 3467 3035 dormiet?
3511 2979 3646 3036 Cum

2069 3060 2230 3117 fuerit
2269 3072 2532 3118 mortuus.
2585 3063 2702 3119 Noli
2757 3080 2883 3134 ergo
2930 3082 3252 3136 praesumere
3296 3069 3364 3125 de
3408 3070 3644 3128 bomlne.

2069 3151 2254 3208 Potest
2298 3153 2586 3210 dormitare
2639 3157 2921 3212 mortalis:
2978 3158 3174 3214 dormit
3218 3161 3472 3216 moriens.
3527 3161 3646 3218 Noli

2069 3258 2310 3313 quaerere
2339 3243 2479 3300 inter
2505 3246 2770 3302 homines.

2143 3335 2195 3388 7.
2239 3334 2406 3407 [vers
2435 3337 2489 3392 5.
2516 3336 2536 3411 ]
2576 3338 2644 3392 Et
2667 3339 2786 3408 quis
2809 3381 2824 3405 ,
2856 3339 3030 3410 inquis
3053 3383 3066 3405 ,
3095 3343 3359 3397 custodiat
3388 3359 3473 3400 me
3501 3387 3516 3409 ,
3557 3347 3645 3417 qui

2067 3440 2172 3478 non
2201 3425 2500 3493 dormitat,
2536 3443 2708 3498 neque
2733 3429 2999 3486 dormiet?
3028 3431 3162 3486 Audi
3198 3433 3324 3502 quid
3363 3435 3604 3505 sequitur
3630 3455 3645 3491 :

2066 3513 2318 3570 Dominus
2344 3519 2585 3573 custodiet
2614 3520 2630 3550 ί
2659 3530 2722 3573 ιε.
2767 3521 2881 3575 Non
2917 3536 3044 3591 ergo
3080 3522 3241 3578 homo
3270 3523 3564 3581 dormitans
3594 3536 3652 3582 et

2067 3606 2378 3672 dormiens,
2426 3609 2521 3664 sed
2567 3609 2825 3667 Dominus
2872 3612 3103 3667 custodit
3151 3621 3223 3669 te.
3271 3614 3549 3682 Quomodo
3598 3624 3650 3672 te

2067 3699 2340 3754 Custodit?
2377 3698 2631 3756 Dominus
2682 3714 3020 3774 tegumentum
3069 3714 3212 3760 tuum
3252 3723 3406 3776 super
3441 3725 3648 3763 manum

2067 3791 2284 3846 dexterae
2334 3801 2454 3846 tute.
2505 3793 2634 3858 Eia,
2679 3794 2870 3849 fratres
2899 3836 2912 3858 ,
2960 3795 3314 3866 intelligamus
3363 3798 3648 3868 adjuvante

2071 3882 2295 3937 Domino
2321 3883 2446 3952 quid
2483 3885 2582 3939 sibi
2627 3887 2786 3952 velit,
2837 3886 3088 3940 Dominus
3131 3897 3468 3959 tegumentum
3499 3899 3640 3944 tuum

2068 3988 2218 4040 super
2245 3989 2446 4025 manum
2471 3974 2688 4028 dextera:
2713 3984 2830 4028 tute.
2876 3976 3096 4030 Videtur
3120 3978 3261 4032 enim
3287 3978 3416 4032 mihi
3444 3978 3642 4037 habere

2069 4078 2282 4117 sensum
2310 4064 2570 4118 occultum
2597 4104 2613 4129 ,
2643 4081 2805 4133 quare
2851 4082 2955 4119 non
2999 4066 3228 4134 dixerit,
3265 4068 3510 4124 Dominus
3548 4086 3646 4124 cu-

2069 4156 2248 4208 stodiet
2278 4166 2325 4208 te
2345 4196 2361 4222 ,
2391 4155 2632 4211 absolute
2659 4166 2712 4211 et
2753 4156 3101 4227 simpliciter;
3151 4159 3245 4214 sed
3285 4158 3523 4226 addidit,
3555 4178 3645 4215 su-

2073 4262 2161 4315 per
2203 4262 2404 4299 manum
2448 4246 2664 4300 dexterae
2705 4255 2820 4300 tute.
2866 4248 3000 4315 Quid
3039 4249 3225 4304 enim?
3251 4250 3522 4305 dexteram
3552 4267 3650 4307 no-

2073 4349 2236 4394 stram
2296 4340 2434 4394 Dens
2484 4341 2749 4405 custodit,
2797 4349 2851 4393 et
2895 4340 3162 4396 sinistram
3217 4358 3325 4398 non
3378 4344 3648 4398 custodit?

2070 4430 2256 4485 Nonne
2295 4431 2408 4500 ipse
2456 4445 2554 4485 nos
2594 4439 2734 4486 totos
2780 4432 2945 4486 fecit?
2984 4448 3162 4487 nonne
3197 4433 3286 4502 qui
3335 4433 3456 4488 fecit
3497 4434 3649 4490 nobis

2071 4521 2344 4577 dexteram
2368 4563 2384 4587 ,
2415 4523 2529 4591 ipse
2559 4522 2682 4577 fecit
2706 4530 2758 4576 et
2785 4521 3096 4576 sinistram?
3122 4522 3401 4580 Postremo
3443 4525 3486 4577 si
3533 4524 3649 4594 pla-

2071 4616 2180 4670 cuit
2206 4614 2309 4669 dici
2336 4613 2402 4669 de
2432 4613 2646 4668 dextera
2673 4613 2783 4668 sola
2807 4656 2823 4680 ,
2856 4630 3020 4685 quare
3045 4614 3216 4682 dixit,
3256 4632 3406 4686 super
3442 4632 3648 4668 manum

2072 4707 2291 4762 dextera
2328 4717 2456 4772 tute,
2498 4714 2554 4762 et
2598 4721 2706 4761 non
2746 4706 2891 4776 jam,
2936 4722 3097 4777 super
3139 4707 3413 4763 dexteram
3456 4708 3648 4762 tuam?

2070 4798 2180 4852 Cur
2207 4797 2308 4852 hoc
2336 4797 2573 4864 diceret,
2607 4798 2706 4852 nisi
2732 4797 2930 4868 aliquid
2960 4797 3045 4852 hic
3075 4798 3372 4863 occultum,
3402 4813 3510 4868 quo
3531 4800 3647 4867 pul-

2071 4888 2240 4944 sando
2287 4887 2685 4957 perveniremus
2710 4929 2724 4954 ,
2772 4887 3166 4943 absconderet?
3211 4887 3422 4941 Diceret
3457 4887 3599 4941 enim
3625 4930 3642 4954 ,

2071 4989 2160 5033 aut
2183 5021 2198 5044 ,
2232 4978 2475 5034 Dominus
2501 4979 2744 5034 custodiet
2771 4988 2819 5033 te
2841 5019 2855 5044 ,
2895 4986 2947 5032 et
2982 4977 3112 5031 nihil
3142 4976 3394 5042 adderet;
3439 4986 3530 5032 aut
3552 5016 3570 5044 ,
3599 4981 3644 5033 si

2071 5070 2343 5125 dexteram
2369 5070 2567 5126 addere
2597 5071 2802 5137 voluit,
2831 5067 3085 5124 Dominus
3114 5069 3376 5123 custodiet
3406 5079 3456 5125 te
3485 5085 3648 5142 super

2070 5162 2343 5218 dexteram
2385 5173 2564 5228 tuam;
2611 5173 2701 5217 aut
2747 5169 2928 5227 certe,
2974 5160 3095 5230 quia
3145 5161 3348 5216 addidit
3398 5178 3641 5232 manum,

2071 5255 2173 5310 hoc
2223 5256 2462 5321 diceret,
2517 5255 2773 5309 Dominus
2818 5252 3081 5308 custodiet
3129 5262 3180 5307 te
3224 5268 3384 5325 super
3426 5270 3644 5312 manum

2070 5345 2341 5402 dexteram
2387 5357 2569 5412 tuam,
2617 5361 2720 5400 non
2746 5387 2760 5410 ,
2805 5362 2956 5417 super
2997 5363 3204 5400 manum
3253 5347 3473 5403 dextera
3517 5357 3637 5406 tua.

2072 5439 2222 5506 Quod
2263 5439 2518 5494 Dominus
2574 5439 2688 5506 ipse
2742 5453 3026 5510 suggerere
3077 5439 3359 5510 dignatur,
3405 5456 3644 5511 promam

2073 5529 2260 5594 vobis;
2289 5528 2376 5598 qui
2407 5535 2461 5582 et
2490 5527 2541 5582 in
2571 5527 2720 5582 vobis
2747 5527 2990 5596 habitat,
3030 5529 3146 5584 sine
3185 5530 3345 5585 dubio
3385 5529 3510 5585 facit
3551 5545 3650 5584 vos

2073 5620 2368 5691 approbare
2398 5635 2581 5674 verum
2609 5635 2729 5676 esse
2755 5619 2900 5690 quod
2939 5621 3077 5676 dico.
3125 5621 3255 5676 Nam
3298 5621 3421 5691 quid
3457 5621 3646 5676 dicturi

2075 5766 2154 5876 de
2191 5769 2256 5814 Ita
2291 5763 2569 5811 constanter
2595 5762 2702 5806 Ilss.
2731 5755 2871 5819 juxta
2907 5763 3055 5804 ανοεε.
3087 5760 3216 5802 Lxx.
3253 5758 3310 5804 at
3340 5750 3474 5812 ωτι,
3498 5759 3651 5804 casto-

2110 5832 2163 5876 u.
2347 5853 2362 5876 -.

2110 5832 2163 5876 ιι.
2347 5853 2350 5856 -

2726 5900 3042 5980 (Cinquan
3053 5904 3331 5976 te-une.)
