4160 6448
586 400 714 456 16H

587 528 770 571 sumus
803 510 1089 583 ignoratis;
1122 508 1216 563 sed
1240 520 1359 563 cum
1386 502 1714 569 dixerimus,
1766 515 1873 555 non
1916 500 1984 555 ab
2028 497 2157 569 ipsis

592 605 745 660 nobis
770 602 923 658 vobis
949 598 1290 657 ostendemus
1329 609 1515 651 verum
1554 608 1671 649 esse
1706 592 1847 665 quod
1887 591 2114 647 dicimus
2137 630 2152 657 ,

584 696 678 752 sed
717 709 811 749 vos
851 692 951 763 ipsi
992 689 1289 763 agnoscetis
1332 702 1518 743 verum
1562 700 1682 741 esse
1726 682 1868 755 quod
1911 682 2153 737 dicimus.

586 787 735 844 Unde
760 792 935 840 autem
963 780 1260 853 agnoscetis
1284 822 1297 843 ,
1346 777 1448 831 nisi
1491 776 1893 832 demonstrante
1941 772 2031 827 illo
2067 772 2157 841 qui

584 883 636 935 in
668 877 816 932 vobis
846 876 1085 941 habitat,
1128 875 1178 927 in
1216 880 1469 941 quantum
1497 870 1564 923 de
1605 869 1695 922 illo
1725 880 1946 921 numero
1983 866 2113 918 estis
2139 904 2154 929 ,

584 983 807 1040 quorum
834 981 936 1021 vox
960 973 1043 1021 est
1066 1005 1080 1028 ,
1112 962 1196 1018 Ne
1229 962 1314 1015 des
1344 960 1411 1013 ad
1437 959 1732 1013 movendum
1759 956 1932 1027 pedem
1953 970 2116 1008 meum
2137 970 2158 1017 ,-

580 1069 633 1116 ct
663 1059 854 1129 quibus
901 1057 1131 1118 dicitur,
1184 1052 1359 1121 Neque
1409 1050 1641 1104 dormitet
1687 1048 1772 1115 qui
1813 1046 2027 1100 custodit
2071 1045 2160 1099 te?

581 1149 805 1219 Oportet
831 1146 972 1201 enim
1001 1152 1057 1198 ut
1094 1142 1333 1197 Christus
1375 1154 1480 1194 non
1525 1137 1752 1192 dormiat
1795 1136 1846 1189 in
1887 1135 2035 1189 vobis
2059 1174 2073 1199 ,
2107 1140 2161 1187 et

584 1238 742 1295 modo
770 1234 1070 1306 intelligetis
1096 1247 1280 1287 verum
1307 1245 1426 1285 esse
1445 1228 1585 1299 quod
1609 1226 1853 1282 dicimus.
1883 1224 2160 1292 Quomodo

586 1329 833 1403 inquies?
868 1328 998 1395 Quia
1030 1326 1074 1380 si
1104 1323 1332 1379 dormiat
1359 1320 1489 1375 fides
1518 1326 1692 1374 vestra
1721 1358 1736 1383 ,
1772 1316 1967 1371 dormit
2005 1315 2161 1369 Chri-

584 1432 699 1479 stus
725 1423 776 1476 in
816 1419 986 1475 vobis.
1029 1416 1271 1470 Christus
1303 1413 1443 1468 enim
1481 1410 1534 1465 in
1572 1408 1736 1465 corde
1778 1416 1958 1462 vestro
1984 1448 1998 1472 ,
2029 1406 2159 1459 fides

584 1514 783 1572 Christi
829 1521 929 1567 est.
980 1511 1066 1564 Ait
1107 1505 1431 1576 Apostolus:
1482 1501 1731 1555 Habitare
1780 1499 2030 1554 Christum
2076 1514 2162 1564 per

586 1608 736 1675 ﬁdem
779 1606 831 1658 in
869 1600 1101 1657 cordibus
1142 1598 1316 1653 vestris
1358 1594 1591 1667 (Ephes.
1628 1608 1681 1646 ιιι
1710 1633 1725 1657 ,
1774 1590 1901 1661 l7).
1950 1589 2005 1643 ιιι
2055 1602 2161 1657 quo

588 1713 692 1752 non
719 1695 917 1751 dormit
941 1691 1070 1747 fides
1095 1731 1109 1756 ,
1136 1688 1318 1759 vigilat
1358 1684 1622 1741 Christus.
1670 1682 1736 1737 Et
1772 1681 1819 1737 si
1860 1679 1997 1734 forte
2039 1678 2160 1732 dor-

586 1788 786 1845 miebat
816 1784 945 1840 fides
974 1791 1061 1837 tua
1088 1823 1101 1847 ,
1136 1789 1189 1835 et
1218 1778 1337 1834 ideo
1366 1779 1416 1832 in
1460 1776 1558 1831 ista
1602 1771 1895 1844 quaestione
1935 1769 2161 1824 fluctua-

587 1885 680 1938 bas
701 1921 716 1947 ,
748 1878 897 1948 quasi
928 1874 1076 1931 navis
1106 1874 1191 1928 illa
1237 1885 1355 1942 quce
1402 1874 1773 1938 tempestatem
1822 1862 2120 1935 patiebatur
2144 1903 2157 1926 ,

585 1971 674 2027 ubi
702 1969 944 2025 Christus
972 1963 1301 2027 dormiebat;
1346 1959 1524 2015 excita
1554 1955 1822 2010 Christum
1849 1993 1863 2019 ,
1912 1961 1967 2009 et
2003 1950 2158 2008 seda—

585 2066 780 2121 buntur
810 2065 1149 2128 tempestates
1180 2052 1408 2127 (Matth.
1439 2065 1532 2104 vnr
1557 2089 1571 2115 ,
1594 2046 1754 2102 21-26
1776 2045 1816 2117 ).

658 2158 711 2214 8.
752 2155 937 2212 Fidem
990 2165 1117 2221 ergo
1170 2154 1403 2202 vestram
1458 2143 1767 2211 interrogo,
1817 2136 2159 2193 charissimi:

585 2253 832 2326 quoniam
860 2248 950 2303 ﬁlii
978 2246 1106 2301 estis
1134 2240 1385 2297 Ecclesiae
1408 2280 1423 2305 ,
1470 2245 1525 2293 et
1550 2236 1601 2291 in
1645 2232 1883 2291 Ecclesia
1931 2229 2160 2301 profeci-

587 2321 718 2410 stis,
750 2352 804 2401 et
846 2344 897 2397 in
949 2336 1185 2394 Ecclesia
1224 2331 1513 2405 proficiatis
1551 2329 1640 2401 qui
1678 2327 1910 2383 nondum
1946 2321 2163 2394 profeci-

586 2437 684 2493 stis
711 2476 727 2503 ,
757 2443 811 2490 et
838 2433 890 2487 in
924 2428 1161 2485 Ecclesia
1190 2421 1499 2496 proficiendi
1527 2420 1658 2476 estis
1685 2419 1772 2489 qui
1796 2417 1904 2486 jam
1933 2412 2161 2483 profeci-

583 2529 680 2585 stis
708 2501 750 2592 ί,
809 2526 1080 2590 interrogo
1129 2532 1225 2572 vos
1272 2513 1396 2585 quid
1449 2511 1632 2567 soletis
1677 2507 1972 2576 intelligere
2020 2501 2163 2573 quod

582 2620 781 2676 dictum
827 2622 911 2671 est
953 2613 1005 2667 in
1054 2607 1337 2678 Evangelio
1362 2648 1376 2673 ,
1428 2602 1629 2658 Nesciat
1673 2600 1879 2656 sinistra
1920 2606 2006 2650 tua
2041 2594 2162 2666 quid

585 2711 737 2783 faciat
766 2708 971 2763 dextera
997 2701 1125 2774 tita(
1156 2698 1341 2755 Matth.
1376 2713 1429 2751 vt
1454 2737 1469 2758 ,
1500 2696 1596 2765 5).
1630 2693 1741 2748 Hoc
1778 2691 1918 2746 enim
1958 2688 2163 2743 intelle-

583 2780 669 2859 cto
694 2797 972 2855 invenietis
998 2809 1115 2866 qua:
1143 2791 1212 2846 sit
1252 2790 1470 2845 dextera
1498 2827 1515 2852 ,
1552 2794 1605 2840 et
1641 2798 1759 2855 qua:
1802 2782 1870 2835 sit
1910 2780 2160 2835 sinistra:

584 2893 740 2951 simul
772 2888 1075 2958 intelligetis
1104 2893 1157 2939 et
1188 2892 1466 2951 utramque
1495 2885 1701 2949 partem
1736 2875 1900 2929 Deum
1933 2871 2160 2932 fecisse,

583 2998 638 3046 et
661 2985 930 3042 dexteram
957 2988 1012 3035 et
1036 2977 1344 3038 sinistram;
1377 2980 1431 3028 et
1459 2980 1637 3026 tamen
1674 2982 1779 3023 non
1824 2965 1983 3020 debet
2024 2962 2162 3016 scire

584 3080 797 3138 sinistra
824 3073 948 3147 quid
972 3072 1129 3127 faciat
1154 3069 1393 3124 dextera.
1440 3062 1661 3118 Sinistra
1707 3067 1885 3115 nostra
1928 3055 2159 3119 dicitur,

584 3165 1227 3246 quidquidtemporaliter
1255 3158 1510 3215 habemus
1539 3174 1553 3210 :
1581 3154 1797 3210 dextera
1824 3158 2003 3204 nostra
2034 3146 2165 3201 dici-

586 3241 671 3324 tur
698 3312 712 3333 ,
734 3241 990 3336 quidquid
1020 3258 1171 3313 nobis
1205 3264 1463 3311 aeternum
1498 3256 1553 3305 et
1599 3242 2031 3303 incommutabile
2056 3241 2162 3295 Do-

587 3360 757 3415 minus
786 3354 1084 3427 pollicetur.
1129 3348 1186 3402 Si
1231 3354 1406 3400 autem
1443 3342 1533 3397 ille
1580 3338 1669 3411 qui
1715 3338 1861 3393 dabit
1907 3342 2163 3389 atternam

589 3452 751 3504 vitam
776 3488 791 3512 ,
822 3447 934 3515 ipse
959 3452 1014 3498 et
1038 3442 1107 3495 de
1138 3438 1252 3492 istis
1281 3432 1658 3504 temporalibus
1694 3428 1999 3485 consolatur
2030 3438 2165 3494 prae-

586 3511 792 3597 sentem
819 3511 980 3589 vitam
1008 3573 1023 3598 ,
1057 3532 1173 3600 ipse
1196 3526 1319 3582 fecit
1345 3524 1617 3580 dexteram
1652 3528 1707 3575 et
1744 3517 2039 3573 sinistram.
2078 3511 2166 3565 Di-

588 3634 660 3687 cit
684 3629 751 3684 de
778 3621 1095 3697 quibusdam
1125 3617 1361 3690 psalmus
1402 3612 1541 3682 apud
1585 3607 1791 3666 David:
1841 3606 2067 3673 Quorum
2111 3618 2165 3655 os

588 3692 813 3776 locutum
831 3723 902 3770 est
928 3712 1196 3768 vanitatem
1220 3748 1235 3774 ,
1264 3715 1310 3760 et
1331 3706 1535 3759 dextera
1563 3715 1736 3755 eorum
1760 3698 1963 3752 dextera
1984 3692 2167 3761 iniqui-

590 3811 726 3866 tatis.
768 3804 975 3861 lnvenit
1015 3815 1143 3871 ergo
1187 3795 1446 3869 quosdam
1491 3805 1626 3864 quos
1666 3785 2008 3860 reprehendit
2032 3826 2049 3853 ,
2078 3784 2167 3855 qui

588 3904 860 3959 dexteram
906 3901 1083 3949 veram
1128 3905 1224 3961 pro
1261 3886 1475 3942 sinistra
1527 3881 1834 3944 habebant,
1883 3887 1936 3932 et
1984 3891 2167 3930 veram

591 3997 858 4052 sinistram
887 3991 1160 4047 dexteram
1190 3983 1289 4040 sibi
1319 3981 1556 4037 fecerant
1584 3994 1598 4032 :
1624 3976 1711 4047 qui
1743 3975 1850 4029 sint
1883 3971 1971 4027 isti
2004 3983 2169 4040 expo-

592 4091 670 4145 nit
698 4091 1101 4154 consequenter.
1145 4076 1329 4134 Omnis
1374 4073 1535 4127 homo
1581 4069 1671 4139 qui
1718 4065 2020 4121 felicitatem
2064 4077 2168 4115 non

593 4189 737 4251 putat
767 4192 885 4233 esse
912 4171 1144 4228 hominis
1165 4208 1181 4234 ,
1213 4167 1315 4222 nisi
1341 4165 1516 4221 solum
1548 4162 1598 4216 in
1642 4159 1758 4215 istis
1791 4154 2171 4227 temporalibus

594 4244 931 4329 facultatibus
956 4274 1009 4321 et
1036 4260 1240 4319 deliciis
1263 4300 1277 4324 ,
1306 4266 1360 4313 et
1384 4253 1655 4311 affluentia
1695 4257 1751 4305 et
1791 4248 1942 4317 c0pia
1989 4244 2170 4300 mundi

598 4364 755 4434 hujus
778 4404 792 4425 ,
822 4362 922 4413 iste
946 4364 1028 4413 est
1050 4352 1242 4408 stultus
1260 4357 1420 4418 atque
1441 4356 1726 4416 pervorsus
1749 4380 1765 4406 ,
1790 4338 1878 4409 qui
1904 4337 2170 4390 sinistram

595 4424 695 4511 sibi
728 4424 849 4508 facit
875 4450 1148 4504 dexteram
1180 4459 1194 4497 :
1227 4440 1359 4494 tales
1388 4437 1467 4491 illi
1511 4441 1662 4490 erant
1706 4430 1773 4485 de
1811 4428 2001 4499 quibus
2044 4424 2174 4479 dicit

595 4546 867 4618 psalmus;
898 4553 1001 4593 non
1029 4535 1148 4605 quia
1180 4548 1211 4586 a
1238 4530 1348 4585 Deo
1374 4542 1477 4582 non
1503 4528 1816 4592 acceperant
1856 4518 2015 4572 etiam
2055 4531 2174 4586 qua:

596 4608 958 4706 lemporaliter
985 4623 1355 4697 possidebant,
1389 4616 1484 4673 sed
1521 4613 1643 4685 quia
1687 4612 1853 4681 ipsam
1879 4608 2047 4662 solam
2079 4621 2175 4676 pu-

599 4697 780 4784 tabaht
815 4735 936 4777 esse
979 4717 1188 4772 beatam
1236 4710 1437 4774 vitam,
1487 4715 1540 4761 et
1583 4702 1713 4757 nihil
1760 4698 1902 4755 aliud
1948 4697 2176 4767 require-

597 4822 745 4877 bant.
776 4814 968 4870 Audite
992 4808 1135 4865 enim
1160 4804 1285 4876 quid
1323 4801 1391 4856 de
1428 4798 1532 4852 illis
1578 4800 1967 4863 consequenter
2006 4789 2173 4845 dicit:

507 4898 511 4901 ⁷
602 4932 620 4965 ι
656 4906 896 4977 Quorum
922 4918 983 4958 os
1006 4903 1241 4957 locutum
1267 4902 1349 4951 est
1372 4890 1657 4946 vanitatem
1685 4928 1699 4953 ,
1739 4894 1794 4941 et
1830 4884 2046 4939 dextera
2081 4895 2175 4935 eo-

597 4974 715 5058 rum
764 4998 983 5053 dextera
1023 4986 1332 5060 iniquitatis.
1369 5001 1388 5035 ι
1432 4981 1501 5037 Ει.
1541 4977 1780 5048 sequitur
1826 4992 1839 5028 :
1887 4992 1905 5025 ι
1940 4974 2176 5039 Quorum

600 5091 691 5147 filii
720 5101 904 5144 eorum
941 5082 1085 5138 velut
1126 5076 1352 5134 novellae
1388 5068 1780 5130 constabilitas;
1829 5063 1950 5118 filia:
1991 5077 2176 5117 eorum

603 5190 806 5238 ornata:
833 5179 973 5234 sicut
992 5168 1277 5228 similitudo
1300 5164 1480 5234 templi
1505 5181 1519 5217 :
1546 5158 1759 5217 cellaria
1784 5171 1966 5212 eorum
1990 5155 2141 5224 plena
2161 5195 2177 5220 ,

606 5271 899 5331 eructantia
930 5283 995 5322 ex
1024 5267 1125 5320 hoc
1151 5264 1204 5317 in
1229 5261 1331 5317 hoc
1358 5276 1373 5326 ;
1397 5270 1525 5313 oves
1546 5268 1730 5309 eorum
1752 5248 2022 5315 fecundae,
2046 5247 2183 5301 mul-

606 5363 906 5435 tiplicantes
935 5358 986 5412 in
1018 5354 1243 5412 exitibus
1266 5350 1414 5416 suis;
1440 5348 1607 5403 boves
1634 5358 1816 5399 eorum
1837 5340 2000 5396 crassi
2032 5357 2044 5394 :
2073 5353 2180 5392 non

668 5564 685 5595 ι
713 5567 787 5621 Er.
820 5555 969 5621 Lugd.
993 5560 1111 5621 \_'en.
1133 5587 1147 5611 ,
1177 5548 1414 5621 quoniam
1445 5542 1551 5617 ﬁlii
1592 5541 1729 5621 istis-
1748 5534 2184 5621 licflfsitg,met_in

606 5597 1121 5685 εεειὲἒὲἑαῖἶνῖρῑὲείδῖξν
1135 5597 1186 5683 'et
1197 5597 2183 5685 iniussi.rteaits..9tit?"§t.'2312'

607 5657 882 5747 eastra
899 5657 1660 5747 :t'aaésaaaeena
1690 5657 2180 5747 ai

608 5726 1083 5806 [667,‘pr'aetereuut
1106 5726 1279 5806 verba
1299 5726 1344 5782 ἐι
1449 5726 1661 5806 {Ecclesia
1694 5726 2001 5806 ζοξςίςξξδίι
2014 5726 2183 5806 sierpi‘e

611 5779 1127 5872 Eiééég'i'u'aiii'ﬁéin'
1147 5779 1363 5872 nandum
1383 5779 1672 5872 proﬁciatis,
1696 5779 1761 5837 'in‘
1783 5779 2001 5836 Ecclesia
2037 5779 2183 5847 proﬁ-

612 5860 916 5920 'ciettdi'estis.
944 5861 1031 5925 Qui
1037 5860 1163 5923 jam,
1192 5864 1287 5908 etc.
1354 5888 1355 5891 η
1383 5860 1441 5902 u.

1820 388 1875 442 S.
1911 383 2269 443 AUGUSTINI
2312 381 2612 438 EPISCOPI

3690 389 3800 452 1613

2269 504 2351 552 cst
2380 496 2531 551 ruina
2557 493 2701 565 scpis
2725 536 2738 560 ,
2776 507 2873 549 nec
2900 495 3108 560 exitus;
3139 508 3309 564 neque
3338 495 3529 553 clamor
3562 496 3612 554 in
3646 501 3801 570 tlateis

2266 603 2471 642 eorum.
2504 605 2523 639 ι
2558 586 2801 656 Magnam
2828 585 3129 641 felicitatem
3159 587 3502 656 quorumdam
3538 590 3799 663 descripsit.

2266 677 2455 732 Posset
2479 684 2653 731 tamen
2686 676 2839 730 istam
2871 676 3192 738 felicitatem,
3224 684 3277 731 et
3313 676 3499 747 aliquis
3538 679 3696 747 justus
3722 687 3793 737 ha«

2263 768 2424 834 bere,
2456 769 2595 824 sicut
2636 767 2818 822 habuit
2856 767 2994 823 Job:
3036 766 3129 822 sed
3174 767 3275 822 Joh
3310 783 3399 837 pro
3445 770 3647 825 sinistra
3685 774 3798 833 illam

2264 858 2496 915 habebat
2523 901 2537 925 ,
2569 874 2672 913 non
2703 874 2798 927 pro
2823 858 3039 913 dextera
3067 876 3081 924 ;
3107 874 3227 912 nam
3252 858 3517 914 dexteram
3545 877 3642 915 non
3669 862 3800 919 habe-

2267 952 2356 1005 bat
2379 951 2481 1005 nisi
2506 950 2641 1020 apud
2668 951 2831 1004 Deum
2862 959 3169 1019 perpetuam
3193 959 3245 1004 et
3267 952 3631 1020 sempiternam
3660 955 3802 1011 felici-

2267 1048 2449 1095 tatem.
2481 1040 2605 1095 ldeo
2626 1055 2877 1094 concessa
2906 1048 2984 1095 est
3015 1040 3355 1108 percutienda
3378 1041 3583 1097 sinistra
3608 1085 3621 1109 ,
3650 1054 3696 1099 et
3716 1046 3807 1101 suf-

2266 1131 2390 1187 fecit
2417 1133 2463 1187 ci
2486 1132 2724 1187 dextera.
2750 1131 3027 1198 Quomodo
3057 1147 3303 1200 percussa
3326 1140 3406 1186 est
3432 1133 3633 1187 sinistra
3653 1134 3673 1187 ‘l
3692 1135 3806 1191 Ten-

2268 1224 2552 1277 tationibus
2583 1223 2798 1277 diaboli.
2826 1223 3059 1277 Abstulit
3088 1223 3263 1277 subito
3299 1223 3572 1289 diabolus;
3613 1229 3808 1294 permis-

2266 1329 2357 1369 sus
2382 1314 2594 1385 quidem
2624 1329 2652 1367 a
2682 1314 2789 1367 Deo
2814 1354 2829 1380 ,
2861 1323 2917 1367 ut
2940 1314 3114 1383 justus
3143 1314 3456 1384 probaretur
3480 1356 3493 1379 ,
3526 1316 3702 1385 impius
3726 1334 3807 1387 pu.

2268 1402 2511 1467 niretur;
2543 1403 2761 1458 abstulit
2790 1403 3005 1457 omnia:
3047 1402 3139 1457 sed
3183 1403 3283 1458 Job
3325 1404 3412 1473 qui
3462 1415 3663 1459 noverat
3704 1409 3808 1462 sini.

2266 1504 2430 1550 stram
2462 1496 2734 1550 sinistram
2762 1510 2881 1551 esse
2901 1537 2916 1560 ,
2945 1504 2999 1550 et
3024 1496 3294 1550 dexteram
3324 1497 3529 1551 nonnisi
3551 1496 3808 1566 dexteram,

2266 1588 2532 1657 quomodo
2558 1602 2616 1643 se
2641 1589 2807 1642 tenuit
2839 1588 2903 1642 ad
2945 1588 3264 1643 dexteram?
3310 1588 3610 1644 Exsultavit
3648 1592 3692 1645 in
3728 1593 3812 1647 Do-

2267 1681 2450 1745 mino,
2478 1681 2784 1736 consolatus
2826 1689 2908 1735 est
2951 1680 3140 1733 damna
3167 1720 3183 1746 ,
3234 1681 3354 1751 quia
3401 1696 3504 1735 non
3546 1690 3625 1736 est
3659 1698 3812 1752 passus

2266 1770 2521 1825 damnum
2547 1770 2615 1826 de
2645 1770 2985 1825 interioribus
3014 1768 3251 1835 divitiis;
3313 1771 3460 1824 Deo1
3509 1772 3705 1839 plenum
3738 1788 3813 1828 cor

2269 1863 2513 1919 habebat.
2544 1862 2788 1917 Dominus
2815 1905 2827 1924 ,
2869 1863 3075 1932 inquit,
3120 1861 3297 1929 dedit,
3328 1862 3577 1916 Dominus
3609 1864 3812 1929 abstulit;

2266 1954 2395 2008 sicut
2425 1953 2640 2009 Domino
2670 1955 2855 2025 placuit
2886 1956 2955 2006 ita
2983 1956 3171 2025 factum
3197 1961 3268 2007 est
3291 1970 3310 2007 :
3353 1954 3420 2007 sit
3444 1971 3617 2008 nomen
3641 1954 3815 2011 Domini

2266 2046 2578 2101 benedictum
2630 2044 2773 2119 (Job
2803 2043 2886 2117 1).
2916 2046 3038 2099 Haec
3078 2053 3194 2099 erat
3230 2044 3454 2101 dextera
3501 2045 3690 2116 ipsius,
3726 2049 3818 2117 ipse

2270 2138 2523 2192 Dominus
2551 2178 2566 2204 ,
2595 2138 2708 2205 ipsa
2737 2138 2843 2191 vita
2865 2145 3060 2191 mterna
3086 2178 3101 2203 ,
3130 2136 3219 2191 illa
3247 2137 3376 2191 lucis
3404 2138 3662 2205 possessio
3683 2179 3696 2204 ,
3721 2138 3818 2192 fons

2266 2230 2388 2284 vita:
2417 2271 2431 2295 ,
2461 2230 2639 2285 lumen
2670 2230 2722 2284 in
2748 2229 2969 2284 lumine.
3013 2227 3413 2282 Inebriabuntur
3438 2229 3499 2282 ab
3522 2229 3724 2282 ubertate
3746 2229 3819 2284 do-

2267 2340 2379 2377 mus
2411 2332 2511 2377 tua:
2537 2337 2556 2376 :
2580 2323 2689 2392 ipsa
2720 2330 2838 2376 erat
2879 2321 3118 2377 dextera.
3162 2319 3388 2375 Sinistra
3443 2336 3568 2375 vero
3605 2330 3708 2375 erat
3743 2336 3819 2391 pro

2266 2413 2531 2485 adjutorio
2553 2412 2933 2468 consolationis
2955 2452 2972 2477 ,
2998 2426 3102 2468 non
3123 2411 3188 2464 ad
3212 2410 3605 2465 firmamentum
3635 2410 3820 2466 felicita-

2268 2506 2356 2560 tis.
2389 2504 2519 2560 Nam
2545 2503 2772 2558 felicitas
2798 2501 2914 2573 ejus
2934 2517 3058 2556 vera
3084 2511 3243 2572 atque
3273 2516 3532 2572 germana
3560 2503 3688 2557 Deus
3708 2510 3819 2556 erat.

2267 2595 2357 2651 Isti
2382 2604 2561 2651 autem
2589 2594 2655 2649 de
2680 2594 2872 2663 quibus
2901 2592 3028 2647 dicit
3059 2592 3219 2646 David
3248 2593 3368 2662 quia
3402 2609 3468 2647 os
3509 2607 3680 2647 eorum
3707 2591 3821 2644 locu-

2268 2694 2373 2740 tum
2397 2695 2467 2741 est
2492 2686 2759 2739 vanitatem
2781 2726 2796 2751 ,
2829 2693 2875 2737 et
2898 2683 3103 2736 dextera
3124 2699 3293 2736 eorum
3310 2683 3527 2736 dextera
3552 2682 3819 2751 iniquitatis;

2270 2792 2373 2832 non
2401 2778 2522 2831 hinc
2547 2790 2641 2830 eos
2670 2773 3011 2844 reprehendit
3031 2815 3046 2839 ,
3091 2773 3211 2843 quia
3238 2772 3322 2827 his
3349 2773 3604 2827 omnibus
3626 2772 3823 2827 abunda~

2269 2869 2395 2924 bant
2418 2910 2434 2937 ,
2479 2867 2572 2922 sed
2600 2867 2720 2937 quia
2753 2882 2808 2921 os
2832 2880 3016 2920 eorum
3044 2865 3265 2919 locutum
3288 2874 3360 2920 est
3384 2867 3673 2920 vanitatem.
3711 2862 3821 2931 Quid

2268 2962 2407 3013 enim
2434 2958 2713 3027 sequitur?
2738 2956 2872 3012 Cum
2897 2966 3261 3012 enumerasset
3286 2955 3479 3025 copias
3500 2972 3671 3010 eorum
3694 2994 3709 3021 ,
3726 2955 3818 3009 ait:

2268 3050 2480 3105 Beatum
2505 3049 2738 3103 dixerunt
2768 3047 3012 3118 papulum
3037 3047 3120 3100 cui
3147 3046 3253 3100 [nec
3280 3056 3429 3100 sunt-
3460 3046 3579 3101 Haec
3603 3056 3679 3101 est
3701 3046 3823 3099 vani.

2272 3151 2349 3197 tas
2374 3156 2529 3211 quam
2557 3141 2790 3195 locutum
2818 3146 2900 3193 est
2929 3153 2990 3192 os
3016 3153 3199 3192 eorum
3224 3178 3241 3205 ,
3286 3138 3440 3208 quod
3486 3138 3670 3192 beatum
3709 3138 3823 3190 dixe-

2267 3241 2384 3286 runt
2408 3231 2651 3303 papulum
2680 3231 2760 3284 cui
2786 3228 2893 3282 lucc
2918 3238 3054 3283 sunt.
3106 3228 3184 3282 Tu
3212 3227 3337 3299 quid
3368 3227 3513 3283 dicis
3539 3270 3550 3291 ,
3596 3227 3680 3298 qui
3711 3226 3824 3280 nosti

2268 3323 2392 3395 quid
2419 3332 2501 3378 est
2528 3323 2740 3377 sinistra
2766 3363 2781 3387 ,
2810 3328 2864 3375 et
2912 3319 3037 3391 quid
3085 3327 3168 3374 est
3212 3318 3488 3373 dextera?
3525 3318 3750 3388 Sequitur
3783 3325 3826 3369 et

2268 3414 2433 3470 dicit:
2461 3413 2645 3468 Beatus
2685 3411 2903 3483 papulas
2944 3411 3089 3482 cujus
3126 3420 3197 3465 est
3235 3408 3497 3464 Dominus
3533 3408 3663 3463 Deus
3694 3408 3827 3475 ipsius

2275 3504 2462 3568 (Psal.
2495 3519 2653 3560 cxun
2678 3543 2693 3569 ,
2724 3504 2747 3557 l
2773 3499 2965 3572 1-15).

2341 3596 2394 3653 9.
2437 3593 2677 3651 Intendat
2716 3608 2844 3663 ergo
2891 3590 3137 3647 Charitas
3180 3600 3374 3646 vestra.
3448 3590 3680 3645 Vidimus
3722 3589 3829 3643 sini-

2273 3698 2439 3745 stram
2459 3729 2474 3753 ,
2520 3687 2747 3740 vidimus
2777 3692 2832 3740 et
2860 3684 3153 3739 dexteram.
3183 3682 3320 3737 Audi
3351 3681 3465 3738 hoc
3499 3682 3826 3737 confirmatum

2272 3783 2329 3838 in
2358 3780 2591 3836 Canticis
2616 3778 2940 3833 canticorum
2968 3795 2981 3831 :
3015 3775 3237 3832 Sinistra
3272 3776 3399 3845 ejus,
3445 3776 3627 3844 inquit,
3659 3774 3737 3828 sub
3760 3788 3829 3825 ea-

2274 3876 2374 3944 pite
2397 3887 2525 3925 meo.
2550 3870 2753 3939 Sponsa
2777 3868 2905 3923 dicit
2929 3866 2996 3922 de
3023 3881 3220 3937 sponso
3252 3909 3266 3933 ,
3293 3867 3359 3920 de
3384 3866 3602 3921 Christo
3625 3865 3824 3920 Ecclesia

2274 3966 2329 4019 in
2356 3963 2600 4032 amplexu
2631 3960 2840 4030 pi'ctatis
2876 3967 2929 4012 et
2954 3957 3229 4011 charitatis
3254 3958 3297 4010 ³.
3328 3955 3472 4023 Quid
3494 3957 3607 4010 ait?
3635 3955 3826 4010 Sinistra

2275 4057 2385 4126 ejus
2414 4055 2506 4107 sub
2533 4053 2697 4122 capite
2743 4066 2852 4105 meo
2878 4091 2892 4116 ,
2920 4059 2968 4103 et
2998 4048 3201 4103 dextera
3247 4049 3355 4119 ejus
3383 4049 3731 4117 complectetur
3764 4061 3828 4097 tu

2278 4146 2295 4217 (
2327 4145 2475 4198 Cant.
2506 4160 2561 4208 ιι,
2591 4141 2623 4197 6
2646 4144 2682 4209 ).
2712 4140 2851 4208 Quid
2873 4148 3071 4204 autem,
3098 4139 3217 4209 quia
3239 4153 3456 4193 sursum
3479 4147 3592 4193 erat
3619 4137 3824 4200 dextera,

2275 4237 2524 4291 deorsum
2578 4233 2790 4287 sinistra
2824 4272 2838 4298 ,
2890 4240 2944 4285 et
3003 4230 3081 4284 sic
3135 4230 3590 4298 complectebatur
3634 4241 3826 4298 sponsus

2278 4340 2549 4398 sponsam,
2569 4338 2875 4394 supponens
2902 4321 3169 4376 sinistram
3192 4320 3255 4373 ad
3279 4320 3714 4384 consolationem,
3741 4318 3826 4371 im-

2280 4431 2483 4488 ponens
2518 4415 2790 4469 dexteram
2820 4412 2885 4466 ad
2914 4410 3335 4482 protectionem?
3365 4408 3591 4465 Sinistra
3614 4451 3627 4475 ,
3650 4406 3824 4477 inquit,

2279 4509 2386 4577 ejus
2413 4506 2502 4559 sub
2521 4505 2684 4573 capite
2709 4520 2839 4558 meo.
2867 4503 3007 4557 Deus
3029 4503 3169 4554 illam
3192 4500 3281 4554 dat
3308 4518 3321 4555 :
3345 4499 3467 4555 ideo
3488 4501 3691 4555 sinistra
3711 4496 3824 4565 ejus,

2279 4599 2401 4669 quia
2430 4598 2606 4653 omnia
2632 4597 2732 4652 ista
2754 4595 3060 4665 temporalia
3090 4594 3227 4648 Deus
3251 4592 3359 4647 dat.
3387 4592 3556 4660 Quam
3574 4591 3686 4646 vani
3705 4596 3825 4650 sunt,

2281 4706 2438 4760 quam
2473 4687 2653 4757 impii,
2685 4686 2773 4757 qui
2799 4686 2866 4740 ab
2894 4685 3066 4750 idolis,
3098 4699 3125 4736 a
3155 4682 3486 4737 daemonibus
3507 4684 3603 4737 ista
3629 4676 3823 4750 petunt!

2281 4782 2448 4849 Quam
2501 4779 2653 4833 multi
2682 4793 2713 4831 a
2756 4775 3087 4831 daamonibus
3127 4775 3224 4828 ista
3279 4783 3465 4843 petunt
3501 4814 3515 4837 ,
3546 4780 3598 4827 et
3634 4786 3729 4824 non
3756 4766 3829 4821 illa

2285 4870 2525 4926 habent?
2552 4878 2607 4925 et
2631 4882 2834 4934 rursus,
2866 4867 2956 4936 qui
2984 4866 3069 4919 illa
3096 4880 3203 4918 non
3234 4873 3416 4934 petunt
3440 4878 3469 4916 a
3498 4860 3827 4917 dsemonibus,

2285 4962 2481 5017 habent
2499 4976 2583 5026 ea;
2601 4958 2695 5014 sed
2717 4972 2820 5012 non
2836 4971 2863 5009 a
2880 4955 3210 5010 daemonibus
3223 4954 3320 5009 ista
3336 4954 3547 5007 dantur.
3563 4953 3683 5006 item
3704 4944 3832 5003 multi

2284 5064 2473 5126 petunt
2496 5070 2524 5108 a
2553 5054 2684 5118 Deo,
2713 5060 2765 5107 et
2791 5064 2897 5105 non
2924 5048 3141 5103 habent.
3181 5047 3339 5101 Novit
3364 5046 3504 5100 enim
3535 5044 3618 5098 ille
3640 5041 3832 5108 dispen-

2285 5162 2406 5202 sare
2431 5145 2696 5200 sinistram
2721 5185 2735 5208 ,
2767 5141 2856 5212 qui
2902 5149 3057 5194 vocat
3096 5138 3162 5193 ad
3205 5138 3499 5193 dexteram.
3544 5135 3681 5204 Ergo
3704 5131 3743 5186 si
3766 5134 3833 5181 est

2287 5239 2520 5302 sinistra,
2539 5236 2603 5289 sit
2628 5234 2861 5297 sinistra;
2882 5231 2974 5287 sed
2999 5232 3097 5285 sub
3119 5231 3293 5299 capite
3314 5230 3414 5283 sit:
3441 5241 3598 5295 supra
3626 5225 3753 5278 illam
3776 5217 3833 5271 sit

2287 5335 2444 5397 caput
2465 5335 2629 5390 tuum,
2662 5322 2713 5378 id
2740 5332 2820 5377 est
2845 5364 2859 5389 ,
2888 5337 3047 5391 supra
3074 5316 3217 5374 illam
3245 5320 3315 5374 sit
3341 5318 3468 5373 fides
3497 5328 3612 5381 tua,
3643 5312 3722 5367 ubi
3751 5308 3832 5362 ha-

2288 5420 2422 5474 bitat
2448 5417 2708 5473 Christus.
2750 5413 2865 5469 Noli
2897 5412 3204 5480 temporalia
3233 5422 3536 5480 praeponere
3565 5404 3682 5458 fidei
3713 5411 3829 5459 tute:

2289 5520 2344 5565 et
2389 5524 2496 5563 non
2538 5506 2641 5561 erit
2687 5504 2901 5559 sinistra
2949 5518 3113 5573 super
3138 5510 3298 5570 caput
3327 5509 3467 5555 tuum
3500 5514 3513 5550 :
3549 5494 3639 5550 sed
3680 5486 3831 5545 omnia

2291 5598 2597 5671 temporalia
2625 5597 2793 5653 subde
2826 5596 2942 5650 fidei
2976 5604 3082 5649 tua:
3111 5636 3124 5659 ,
3156 5603 3211 5649 et
3259 5593 3411 5648 fidem
3442 5599 3580 5643 tuam
3612 5591 3833 5655 prrpone

2355 5714 2371 5746 ί
2391 5713 2463 5761 sic
2480 5718 2587 5759 Mss.
2617 5716 2668 5757 At
2685 5716 2761 5756 Er.
2784 5716 2836 5758 et
2856 5716 2987 5766 hom,
3013 5719 3109 5756 non
3131 5718 3299 5767 passus
3318 5710 3392 5767 est
3413 5701 3636 5752 damnant
3663 5709 3677 5745 :
3703 5694 3757 5743 de
3776 5689 3833 5739 in-

2291 5773 2541 5827 terioribus
2557 5770 2734 5822 divitiis
2761 5769 2847 5820 Dei
2867 5769 3059 5831 plenum
3079 5766 3162 5818 cor
3184 5766 3401 5831 habebat.

2355 5840 2376 5871 ³
2400 5837 2471 5887 sic
2496 5832 2721 5899 plerique
2743 5839 2848 5882 Mss.
2867 5824 2985 5881 'Edd.
3013 5842 3150 5891 vero.
3177 5824 3422 5879 castitatis.
