4160 6438
418 399 559 456 {613

414 515 668 571 minibus
690 515 1110 587 temporalibus;
1134 526 1188 574 et
1209 520 1311 574 erit
1335 520 1546 577 sinistra
1572 523 1670 577 sub
1696 524 1868 593 capite
1896 534 2003 589 tuo,

411 613 464 661 et
491 614 643 661 recte
664 605 883 665 dextera
910 609 1027 679 ejus
1054 611 1439 681 complectetur
1465 620 1540 667 te.

482 697 575 752 10.
616 698 755 752 Audi
782 699 883 754 hoc
926 702 1097 770 ipsum
1142 704 1335 772 exponi
1382 704 1433 758 in
1481 704 1785 760 Proverbiis
1812 748 1826 771 ,
1879 706 2006 776 quid

409 796 492 842 est
519 790 737 843 sinistra
761 791 892 861 ipsa,
917 792 1042 862 quid
1078 801 1159 847 est
1188 793 1404 849 dextera
1434 814 1447 849 :
1498 810 1619 850 cum
1665 797 1732 851 de
1778 797 2003 866 Sapien-

408 879 477 931 tia
546 880 792 947 diceret,
849 881 1135 953 Longitudo
1169 925 1183 949 ,
1252 884 1464 955 inquit,
1531 887 1726 940 dierum
1775 897 1820 941 et
1882 889 2006 941 anni

404 969 523 1022 vita:
568 970 622 1023 in
666 972 871 1024 dextera
910 973 1058 1042 ejus;
1106 975 1160 1027 in
1201 976 1403 1029 sinistra
1443 986 1610 1029 autem
1657 978 1765 1047 ejus
1815 977 2005 1033 divitia:

399 1070 448 1112 et
502 1062 677 1130 gloria
716 1063 735 1133 (
768 1060 904 1117 Prov
991 1080 1083 1130 tu,
1118 1066 1184 1121 16
1220 1065 1261 1135 ).
1306 1066 1605 1138 Longitudo
1644 1068 1730 1121 illa
1762 1067 1999 1133 dierum,

394 1153 690 1208 aeternitas
721 1161 821 1208 est.
882 1154 992 1209 Hac
1032 1156 1174 1210 enim
1220 1159 1435 1227 proprio
1479 1157 1639 1213 modo
1680 1157 1808 1213 dicit
1861 1158 2002 1213 Seri—

393 1252 566 1310 ptura
609 1242 824 1313 longum
858 1286 870 1309 ,
901 1246 1040 1315 quod
1096 1257 1354 1302 :eternum
1406 1258 1488 1303 est
1520 1266 1533 1302 :
1566 1264 1686 1303 nam
1744 1249 1998 1320 quidquid

391 1332 572 1389 finem
602 1334 787 1401 habet,
820 1335 981 1390 breve
1003 1345 1102 1391 est.
1136 1338 1255 1392 Alio
1300 1338 1419 1393 loco
1452 1357 1464 1393 :
1497 1338 1838 1408 Longitudine
1858 1380 1872 1406 ,
1921 1340 2002 1393 in-

385 1424 539 1493 quit,
565 1425 764 1479 dierum
794 1425 994 1493 replebo
1015 1443 1146 1479 eum.
1180 1427 1353 1500 (Psal.
1380 1444 1470 1496 xc,
1497 1430 1619 1498 16).
1650 1429 1718 1483 Et
1743 1429 1996 1500 numquid

382 1517 567 1572 aliter
605 1534 704 1589 pro
745 1534 935 1589 magno
977 1519 1265 1588 diceretur,
1301 1520 1513 1575 Honora
1556 1530 1749 1593 patrem
1784 1532 1927 1575 tuum
1951 1532 1997 1577 et

382 1618 621 1662 matrem
652 1620 787 1661 tuam
813 1653 825 1675 ,
869 1619 923 1663 ut
948 1611 1201 1681 longtevus
1239 1611 1309 1666 sis
1353 1628 1504 1683 super
1538 1622 1722 1667 terram
1777 1612 1993 1684 (Exod.

382 1714 485 1761 xx,
518 1699 667 1769 12)?
691 1700 860 1769 Super
880 1717 1035 1771 quam
1058 1702 1199 1756 enim
1227 1714 1420 1757 terram
1439 1746 1453 1770 ,
1480 1704 1580 1758 nisi
1601 1703 1668 1759 de
1696 1720 1797 1775 qua
1828 1706 1990 1760 dicit:

381 1788 538 1858 Spes
567 1807 681 1843 mea
709 1808 758 1844 es
788 1801 839 1843 tu
867 1834 882 1858 ,
917 1794 1078 1862 portio
1119 1810 1229 1847 mea
1254 1794 1305 1847 in
1347 1804 1481 1849 terra
1509 1797 1772 1850 viventium
1807 1796 1991 1869 (Psal.

378 1896 545 1945 cxu,
578 1882 655 1953 6)
685 1883 803 1937 ?lbi
834 1898 953 1939 esse
983 1885 1280 1955 longmvum
1306 1887 1428 1957 quid
1451 1897 1550 1953 est,
1580 1889 1679 1943 nisi
1711 1890 1779 1944 ibi
1811 1891 1993 1947 vivere

384 1973 443 2025 in
476 1981 752 2028 aeternum
769 1973 791 2025 ?
808 1973 938 2028 Nam
956 1973 1040 2030 hic
1057 1990 1178 2031 esse
1202 1977 1494 2046 longaevum
1516 1979 1641 2048 quid
1664 1990 1765 2044 est,
1798 1979 1899 2035 nisi
1926 1980 1990 2035 ad

377 2075 743 2120 senectutem
772 2066 1088 2135 pervenire?
1118 2068 1232 2122 Etsi
1262 2068 1416 2139 longa
1444 2069 1654 2125 videtur
1676 2082 1806 2125 tetas
1827 2115 1840 2136 ,
1870 2088 1989 2127 cum

381 2156 780 2222 pervenerit‘,
834 2156 1011 2212 brevis
1065 2159 1436 2225 convincitur;
1489 2162 1610 2229 quia
1670 2160 1872 2216 ﬁnitur.
1926 2164 1992 2217 Et

382 2244 557 2298 multi
615 2245 996 2301 maledicentes
1040 2248 1350 2317 parentibus
1382 2290 1397 2317 ,
1450 2260 1736 2305 senescunt
1785 2252 1836 2306 in
1891 2251 1990 2308 hac

383 2344 586 2402 terra;
612 2337 760 2391 multi
787 2347 963 2393 autem
995 2338 1349 2409 obsequentes
1372 2340 1702 2411 parentibus,
1730 2343 1837 2397 cito
1861 2352 1990 2398 eunt

381 2428 457 2484 ad
494 2429 809 2484 Dominum.
855 2429 1122 2500 Numquid
1152 2446 1280 2503 ergo
1305 2432 1577 2503 impletur,
1612 2446 1669 2489 ut
1720 2434 1989 2507 longtevus

381 2522 462 2577 sit
494 2520 798 2578 secundum
826 2522 963 2578 hanc
985 2524 1190 2579 vitam?
1210 2523 1315 2580 Sed
1340 2523 1634 2597 longaevum
1659 2542 1753 2597 pro
1777 2530 1988 2583 aeterni-

382 2623 506 2671 tate
557 2616 651 2671 illa
699 2616 928 2687 positum
976 2627 1077 2674 est.
1130 2618 1509 2689 Longaevitas'
1539 2629 1622 2677 est
1660 2621 1713 2675 in
1768 2621 1985 2677 dextera

382 2709 553 2779 ejus;
583 2718 640 2764 at
667 2724 795 2765 vero
822 2710 1019 2765 divitia:
1043 2720 1097 2766 et
1121 2712 1311 2782 gloria,
1343 2711 1395 2766 id
1418 2722 1499 2768 est
1524 2711 1837 2768 sufﬁcientia
1865 2713 1985 2770 vita:

380 2801 596 2872 hujus,
625 2816 687 2856 ea
726 2817 844 2872 qua:
872 2800 1008 2857 bona
1038 2803 1411 2858 existimantur
1438 2804 1505 2859 ab
1530 2803 1834 2860 hominibus
1863 2846 1878 2872 ,
1907 2806 1983 2860 si-

381 2894 570 2948 nistra
600 2902 700 2948 est.
752 2893 940 2949 Nescio
964 2894 1081 2964 quis
1111 2894 1256 2950 venit
1288 2936 1303 2959 ,
1349 2904 1402 2951 et
1440 2896 1551 2951 vult
1587 2896 1678 2951 tibi
1707 2906 1982 2967 percutere

380 2986 493 3043 dcx
506 2995 675 3041 teram
705 3026 721 3051 ,
754 2985 806 3041 id
835 2994 917 3041 est
942 3028 957 3048 .
992 2987 1176 3042 tollere
1217 2987 1310 3042 tibi
1339 2987 1496 3043 ﬁdem
1527 2997 1669 3043 tuam
1698 3007 1711 3040 :
1736 2998 1791 3044 tu
1829 3005 1982 3046 acce-

381 3078 521 3149 pisti
565 3078 773 3147 alapam
806 3079 856 3133 in
884 3078 1158 3134 dexteram
1184 3120 1199 3145 ,
1230 3081 1408 3150 praebe
1450 3082 1718 3137 sinistram
1751 3081 1976 3155 (Matth.

383 3187 439 3235 ν,
470 3168 584 3239 59)
608 3210 623 3234 ,
655 3168 707 3223 id
732 3178 842 3236 est,
871 3176 928 3224 ut
956 3169 1084 3225 illud
1113 3170 1262 3225 tollat
1282 3173 1425 3242 quod
1469 3173 1761 3243 temporale
1780 3182 1861 3229 est
1881 3216 1895 3241 ,
1927 3182 1982 3230 et

380 3277 498 3315 non
528 3275 595 3316 ea
619 3275 736 3329 qua:
768 3269 964 3317 aeterna
1004 3260 1188 3318 habes.
1214 3263 1409 3317 Audite
1432 3263 1652 3318 Paulum
1680 3266 1979 3336 apostolum

382 3353 496 3409 hoc
538 3352 844 3408 facientem.
880 3353 1132 3409 Homines
1161 3355 1614 3425 persequebantur
1652 3356 1703 3411 in
1735 3373 1800 3412 eo
1837 3358 1978 3428 quod

380 3444 719 3501 Christianus
748 3454 891 3510 erat;
923 3446 1303 3514 percutiturilli
1326 3446 1569 3512 dextera,
1591 3449 1682 3503 ille
1708 3449 1977 3504 sinistram

380 3534 700 3605 apponebat
732 3553 745 3588 :
772 3534 903 3591 Civis
942 3535 1203 3589 Romanus
1226 3552 1359 3601 sum,
1389 3537 1462 3590 ait
1490 3537 1509 3609 (
1533 3539 1640 3593 Act.
1667 3554 1774 3592 xxn
1795 3582 1810 3603 ,
1836 3538 1906 3594 25
1934 3542 1972 3610 ).

384 3629 679 3682 Dexteram
707 3627 1117 3682 contemnebant
1152 3627 1261 3691 illi,
1294 3636 1347 3682 et
1389 3627 1456 3683 de
1496 3629 1704 3683 sinistra
1747 3630 1979 3685 terrebat

385 3722 480 3776 ille
515 3735 530 3772 :
562 3721 685 3790 quia
729 3719 801 3773 illi
839 3719 1109 3775 dexteram
1161 3722 1277 3789 ejus
1328 3720 1515 3775 timere
1552 3736 1654 3775 non
1697 3730 1973 3790 poterant;

384 3810 628 3865 nondum
682 3811 825 3865 enim
878 3801 1091 3865 Christo
1147 3810 1505 3865 crediderant.
1538 3809 1675 3878 Quid
1709 3827 1836 3881 ergo
1869 3853 1884 3879 ,
1929 3813 1974 3867 si

383 3902 612 3959 dextera
663 3901 1002 3972 amplectitur
1033 3944 1047 3967 ,
1079 3902 1291 3955 sinistra
1332 3900 1431 3954 sub
1474 3904 1647 3969 capite
1674 3909 1795 3966 est;
1848 3902 1975 3972 quid

386 4004 497 4061 est,
521 3992 730 4048 Nesciat
757 3994 961 4047 sinistra
985 4002 1069 4046 tua
1094 3992 1215 4064 quid
1237 3992 1387 4063 faciat
1407 3992 1611 4045 dextera
1639 3993 1766 4045 tua?
1786 3992 1842 4046 Id
1865 4001 1969 4057 est,

388 4085 604 4155 quando
628 4083 755 4139 facis
785 4084 979 4138 bonum
1001 4098 1153 4153 opus,
1173 4092 1387 4152 propter
1410 4082 1570 4135 vitam
1595 4089 1845 4136 a-ternam
1870 4082 1971 4137 fac.

389 4178 521 4232 Nam
551 4179 594 4231 si
617 4191 751 4246 Opus
778 4177 972 4231 bonum
1002 4176 1053 4229 in
1085 4186 1221 4229 terra
1247 4183 1523 4244 propterea
1546 4173 1751 4239 feceris,
1787 4184 1842 4229 ut
1866 4185 1973 4230 ter-

391 4283 518 4322 rena
569 4266 661 4321 tibi
725 4265 1040 4331 abundent;
1093 4265 1194 4320 scit
1236 4264 1449 4319 sinistra
1498 4272 1583 4318 tua
1634 4265 1758 4334 quid
1819 4264 1976 4320 faciat

392 4360 612 4413 dextera
644 4367 761 4421 tua,
796 4357 1050 4413 miscuisti
1077 4356 1348 4412 dexteram
1380 4357 1626 4411 sinistrae.
1658 4356 1775 4412 Noli
1800 4356 1975 4414 facere

393 4450 490 4503 nisi
524 4458 743 4519 propter
767 4449 925 4502 vitam
949 4458 1225 4502 aeternam.
1259 4446 1382 4502 ldeo
1422 4445 1524 4513 fac,
1556 4456 1610 4502 et
1647 4463 1864 4504 securus
1894 4448 1974 4504 fa-

392 4544 537 4598 cies:
574 4541 676 4596 hoc
702 4543 843 4596 enim
867 4541 1133 4597 mandavit
1171 4542 1308 4596 Deus
1339 4541 1378 4594 ³.
1411 4541 1465 4596 Si
1493 4551 1709 4613 prepter
1728 4543 1867 4598 solas
1888 4560 1974 4599 res

394 4638 652 4689 humanas
679 4645 728 4689 et
755 4635 923 4689 solam
946 4636 1105 4689 vitam
1136 4635 1290 4690 istam
1320 4635 1450 4690 facis
1480 4636 1618 4706 quod
1645 4635 1779 4692 facis
1802 4679 1817 4704 ,
1845 4637 1974 4692 sini-

394 4736 499 4783 stra
528 4728 639 4782 sola
665 4736 954 4798 operatur;
996 4727 1040 4780 si
1071 4735 1245 4781 autem
1277 4735 1495 4796 propter
1520 4728 1680 4781 vitam
1721 4738 1972 4783 aeternam

394 4820 651 4889 operaris,
681 4820 897 4873 dextera
943 4819 1053 4872 sola
1086 4828 1334 4888 operatur
1367 4837 1378 4871 :
1413 4820 1456 4872 si
1501 4831 1676 4874 autem
1707 4821 1868 4877 habes
1894 4822 1977 4878 in-

395 4911 685 4965 tentionem
717 4908 782 4963 ad
818 4910 977 4963 vitam
1005 4918 1259 4964 mternam
1286 4952 1300 4976 ,
1328 4909 1420 4964 sed
1446 4911 1683 4981 subrepit
1708 4912 1801 4966 tibi
1829 4916 1975 4984 cupi-

394 5002 531 5057 ditas
562 5003 681 5057 vitze
708 5002 1037 5071 temporalis,
1062 5012 1115 5056 ut
1136 5001 1377 5057 attendas
1403 5003 1561 5057 etiam
1589 5004 1739 5057 istam
1762 5005 1975 5075 quando

393 5095 522 5148 facis
571 5108 705 5165 opus
751 5095 981 5160 bonum,
1028 5104 1084 5147 ut
1121 5094 1207 5148 hic
1250 5094 1340 5148 tibi
1392 5094 1587 5163 aliquid
1630 5095 1972 5163 retribuatnr,

394 5187 585 5240 miscet
634 5200 693 5240 se
743 5185 957 5239 sinistra
1012 5185 1262 5253 operibus
1309 5186 1547 5238 dextera:
1595 5202 1606 5237 :
1671 5183 1773 5239 hoc
1836 5194 1977 5241 vetat

395 5278 557 5333 Deus.
1060 5324 1066 5329 .

466 5373 554 5427 11.
597 5369 885 5426 Veniamus
935 5385 1075 5425 nunc
1120 5369 1185 5424 ad
1225 5368 1355 5423 illud
1402 5368 1539 5439 quod
1587 5369 1661 5423 ait
1690 5369 1971 5425 Psalmus:

394 5461 645 5516 Dominus
676 5471 1010 5533 legumentum
1030 5470 1169 5515 tuum
1193 5478 1344 5532 super
1370 5478 1577 5515 manum
1605 5462 1824 5516 dextera:
1851 5473 1969 5518 tuae.

393 5555 605 5611 Manum
657 5560 971 5625 potestatem
1016 5555 1162 5611 dicit.
1206 5555 1357 5612 Unde
1404 5554 1736 5625 probamus?
1763 5558 1893 5625 Quia
1923 5567 1975 5613 et

457 5721 473 5753 ι
499 5721 575 5783 Sic
596 5729 697 5783 am.
722 5726 773 5769 et
796 5728 900 5771 uss.
927 5728 982 5773 Al.
994 5728 1071 5772 Er.
1097 5729 1148 5773 et
1170 5731 1300 5783 Lov.,
1325 5737 1434 5773 cum
1457 5724 1636 5775 venerit
1658 5737 1801 5776 mors.

456 5785 477 5848 ξ
502 5782 655 5848 edd,
673 5780 811 5846 longa
827 5783 937 5833 vita.
958 5790 1013 5833 Al.
1035 5792 1159 5848 MS_S.,
1184 5780 1474 5848 lorzgwtitas.

458 5846 477 5876 ³
502 5845 657 5894 nostri
691 5845 863 5895 omnes
882 5851 1009 5896 Issa
1048 5846 1109 5897 4d
1132 5847 1220 5898 hoc
1236 5845 1363 5898 enim
1384 5848 1580 5900 tentavit
1620 5857 1745 5900 Deus
1779 5861 1906 5898 eum.

1489 408 1885 464 ENARRATIO
1917 410 1978 464 ΙΝ
2026 411 2347 471 ΡΞᾹΙιΜΗΜ
2386 415 2545 473 CXX.

3566 442 3700 500 1614

2118 542 2310 629 manus
2330 530 2441 629 Dei,
2474 540 2707 602 potestas
2740 537 2830 594 Dei
2861 539 2999 596 dicta
3027 553 3126 599 est.
3159 545 3291 602 Nam
3318 548 3578 621 diabolus,
3609 559 3697 629 qui

2116 618 2337 672 tentavit
2378 619 2515 687 Job,
2570 623 2673 678 hoc
2715 627 2788 681 ait
2832 628 2940 685 Deo
2989 648 3001 683 :
3036 632 3185 688 Mitte
3230 654 3437 693 manant
3465 618 3698 711 tuam,.et

2113 712 2455 797 tangeiomnia
2479 729 2592 782 quia
2616 716 2794 783 habet;
2823 729 2871 773 et
2913 722 3024 775 vide
3042 764 3056 789 ,
3086 726 3131 778 si
3154 726 3206 780 in
3233 728 3413 797 faciem
3449 733 3698 792 benedicet

2114 797 2200 849 tibi
2232 796 2351 869 (Job
2381 816 2417 866 ι,
2448 802 2507 893 li
2525 803 2566 873 ).
2598 805 2733 873 Quid
2760 817 2869 877 est,
2896 809 3042 866 Mitte
3066 796 3268 871 manum
3291 829 3449 889 tuam,
3484 825 3605 893 nisi,
3627 827 3698 883 da

2112 892 2475 956 potestatem?
2504 894 2812 953 Evidentius
2840 902 2958 955 audi
2984 944 2999 968 ,
3028 902 3210 972 frater,
3239 926 3305 963 ne
3333 912 3467 968 forte
3494 892 3695 973 carnali

2111 991 2271 1033 sensu
2299 980 2473 1037 adhuc
2494 986 2696 1056 cogites
2713 990 2832 1058 quia
2855 996 3108 1050 membris
3135 996 3411 1057 distinctus
3428 1015 3511 1059 est
3532 1006 3691 1074 Deus;

2110 1070 2231 1124 audi
2260 1072 2533 1129 evidenter
2562 1081 2829 1147 quomodo
2854 1083 3059 1140 dicatur
3090 1104 3278 1146 manus
3322 1105 3576 1163 potestas.
3605 1070 3696 1157 Ait

2110 1162 2339 1231 quodam
2370 1165 2488 1221 loco
2514 1166 2783 1238 Scriptura
2819 1192 2832 1226 :
2873 1173 3017 1230 Mors
3041 1186 3089 1231 et
3127 1180 3228 1233 vita
3251 1182 3305 1236 in
3326 1162 3561 1242 manibus
3590 1190 3691 1244 lin-

2104 1266 2220 1319 gua:
2240 1251 2427 1346 (Prov.
2455 1272 2603 1324 xrrn,
2626 1258 2740 1329 21).
2762 1260 3019 1320 Novimus
3043 1266 3249 1338 linguas
3269 1270 3431 1328 frusta
3450 1279 3690 1346 quaedam

2105 1345 2309 1411 carnis;
2357 1346 2406 1399 in
2438 1362 2531 1403 ore
2561 1364 2860 1420 moventur,
2892 1365 2945 1411 et
2993 1362 3341 1427 percutiendo
3379 1345 3610 1437 palatum
3639 1383 3691 1429 et

2104 1434 2312 1503 dentes,
2338 1439 2667 1513 distinguunt
2691 1460 2851 1502 sonos
2873 1451 3061 1519 quibus
3078 1452 3344 1524 loquimur
3366 1434 3664 1519 :vostendan

2104 1534 2189 1580 tur
2217 1528 2345 1585 mihi
2387 1548 2576 1589 manus
2603 1536 2813 1607 linguae.
2848 1538 3047 1611 Lingua
3088 1560 3214 1617 ergo
3256 1564 3359 1603 non
3390 1550 3547 1608 habet
3578 1573 3660 1609 ma

2102 1632 2203 1672 nus
2227 1661 2241 1686 ,
2274 1627 2328 1674 et
2376 1621 2533 1677 habet
2558 1641 2765 1680 manus.
2796 1628 2926 1696 Quae
2967 1643 3088 1687 sunt
3123 1651 3309 1692 manus
3330 1638 3684 1710 lingua)?Po-

2102 1717 2265 1766 testas
2284 1711 2496 1783 linguae.
2518 1716 2650 1784 Quid
2670 1728 2770 1786 est,
2789 1720 2846 1773 Μ
2850 1739 2931 1775 ors
2951 1731 2997 1776 et
3026 1725 3128 1779 vita
3142 1727 3194 1781 in
3216 1731 3444 1786 manibus
3461 1734 3645 1806 lingua:
3661 1740 3686 1791 Ρ

2099 1800 2183 1855 Ea:
2210 1818 2296 1856 ore
2322 1812 2406 1857 tuo
2432 1806 2781 1875 iustificaberis
2808 1852 2822 1877 ,
2856 1821 2905 1865 et
2930 1828 2993 1866 ea:
3038 1831 3124 1869 ore
3165 1826 3249 1871 tuo
3277 1800 3684 1881 condemnaberis

2099 1893 2118 1964 (
2142 1892 2328 1948 Matth.
2359 1912 2429 1950 xu
2455 1940 2466 1963 ,
2496 1897 2564 1952 57
2584 1896 2625 1971 ).
2659 1900 2796 1970 Ergo
2836 1903 2881 1956 si
2925 1919 3113 1960 manus
3143 1916 3381 1977 potestas
3403 1953 3418 1977 ,
3449 1915 3573 1983 quid
3601 1928 3683 1972 est

2097 1999 2288 2041 manus
2311 1987 2580 2045 dextcrze?
2604 1990 2742 2046 Nihil
2769 1993 2999 2049 arbitror
3018 1997 3236 2071 intelligi
3261 2008 3640 2075 congruentius
3666 2053 3679 2076 ,

2098 2076 2198 2130 nisi
2219 2079 2645 2151 utintelligamus
2666 2099 2877 2139 manum
2896 2086 3152 2156 dexterze,
3180 2100 3495 2161 potestatem
3521 2114 3677 2169 quam

2096 2168 2185 2223 tibi
2209 2170 2525 2242 deditDeus,
2552 2183 2609 2230 ut
2636 2176 2681 2231 si
2711 2178 2864 2247 velis,
2893 2179 3127 2238 donante
3153 2184 3283 2253 Deo,
3312 2188 3377 2243 ad
3406 2168 3676 2249 dexteram

2093 2261 2185 2316 sis.
2216 2263 2386 2320 Erunt
2410 2268 2551 2323 enim
2583 2270 2730 2342 impii
2752 2287 2938 2328 omnes
2964 2276 3029 2331 ad
3059 2278 3362 2348 sinistram;
3400 2294 3558 2340 erunt
3578 2302 3674 2342 au-

2094 2362 2199 2409 tem
2228 2369 2414 2412 omnes
2441 2359 2533 2414 ﬁlii
2566 2360 2689 2417 boni
2725 2363 2791 2418 ad
2835 2365 3107 2423 dexteram
3136 2412 3151 2437 ,
3194 2373 3386 2442 quibus
3426 2375 3669 2434 dicetur:

2101 2444 2292 2513 Venite,
2309 2448 2554 2504 benedicti
2569 2451 2744 2509 Patris
2756 2457 2868 2523 mei,
2891 2460 3132 2531 percipite
3148 2481 3353 2535 regnum
3378 2469 3511 2537 quod
3539 2472 3673 2527 vobis

2090 2547 2324 2627 paratum
2341 2550 2414 2594 est
2427 2540 2489 2595 ab
2513 2544 2705 2615 origine
2724 2549 2899 2602 mundi
2920 2549 3027 2621 (Id.
3052 2569 3174 2619 xxv,
3191 2555 3301 2627 54).
3317 2556 3386 2615 Ut
3405 2570 3581 2618 autem
3598 2564 3671 2618 sis

2089 2626 2155 2681 ad
2176 2628 2469 2697 dexteram,
2490 2632 2541 2687 id
2557 2643 2656 2700 est,
2676 2645 2731 2690 ut
2752 2641 2922 2707 possis
2936 2641 3028 2696 Dei
3044 2642 3183 2699 illitis
3198 2626 3332 2713 ﬁcri,
3351 2657 3668 2719 potestatem

2087 2719 2359 2788 accepisti.
2388 2721 2555 2789 Quam
2582 2732 2943 2795 potestatem?
2968 2732 3041 2789 De
3076 2751 3179 2805 qua
3218 2737 3347 2794 dicit
3383 2741 3617 2800 Joannes
3649 2788 3663 2809 .

2088 2809 2239 2864 Dedit
2260 2812 2330 2866 eis
2356 2822 2649 2883 potestatem
2664 2819 2799 2889 ﬁlios
2821 2820 2915 2876 Dei
2934 2824 3063 2891 ﬁeri.
3083 2825 3235 2884 Unde
3251 2831 3501 2902 accepisti
3530 2837 3668 2892 hanc

2088 2909 2401 2970 potestatem
2419 2903 2804 2976 ?Credentibus,
2838 2913 3026 2984 inquit,
3057 2917 3111 2971 in
3131 2920 3332 2975 nomine
3355 2924 3465 2993 ejus
3488 2926 3663 2994 (Joan.

2084 3008 2135 3087 ι,
2168 2995 2280 3087 12).
2312 2994 2365 3052 Si
2398 3014 2525 3069 ergo
2561 3001 2770 3071 credis,
2801 3003 2913 3075 ipsa
2947 3007 3036 3062 tibi
3069 3018 3300 3080 potestas
3320 3014 3441 3071 data
3467 3029 3576 3087 est,
3609 3029 3667 3076 ut

2082 3086 2157 3141 sis
2182 3086 2321 3143 inter
2344 3090 2479 3145 ﬁlios
2502 3090 2615 3147 Dei.
2642 3093 2775 3150 Esse
2794 3106 2970 3152 autem
2992 3100 3127 3155 inter
3154 3101 3289 3157 ﬁlios
3320 3105 3432 3174 Dei,
3464 3086 3567 3165 hoc
3584 3121 3667 3166 est

2081 3175 2148 3230 ad
2174 3175 2451 3233 dexteram
2478 3182 2763 3250 pertinere.
2784 3185 2924 3259 Ergo
2954 3188 3083 3245 ﬁdes
3101 3200 3207 3256 tua,
3229 3210 3415 3251 manus
3431 3197 3664 3257 dexterae

2083 3273 2215 3332 tute;
2243 3267 2293 3322 id
2320 3280 2434 3334 est,
2464 3281 2695 3341 potestas
2719 3291 2839 3346 quae
2860 3278 2952 3333 tibi
2983 3279 3102 3336 data
3143 3292 3225 3339 est
3252 3326 3266 3352 ,
3298 3296 3354 3341 ut
3404 3289 3478 3345 sis
3526 3291 3664 3349 inter

2080 3355 2218 3410 filios
2248 3358 2360 3425 Dei,
2389 3375 2576 3418 manus
2597 3371 2679 3418 est
2702 3365 2935 3423 dextera:
2958 3378 3080 3426 tuae.
3105 3372 3208 3429 Sed
3232 3377 3354 3446 quid
3383 3380 3522 3435 valet
3544 3382 3659 3453 ipsa

2082 3456 2314 3516 potestas
2344 3466 2503 3522 quam
2532 3456 2739 3525 accepit
2768 3456 2948 3525 homo,
2972 3461 3071 3516 nisi
3101 3463 3354 3520 Dominus
3384 3475 3666 3543 protegat?

2080 3538 2219 3593 Ecce
2242 3541 2497 3607 credidit,
2528 3544 2637 3614 jam
2684 3548 2915 3605 ambulat
2960 3551 3014 3606 in
3057 3551 3160 3609 ﬁde
3208 3575 3219 3611 ε
3274 3538 3663 3633 infirmusest,

2079 3628 2218 3683 inter
2236 3633 2557 3690 tentationes
2585 3640 2831 3706 agitatur,
2864 3640 3003 3697 inter
3043 3646 3315 3703 molestias
3336 3692 3350 3716 ,
3380 3652 3515 3708 inter
3538 3628 3659 3709 car;

2080 3722 2226 3777 nales
2242 3728 2629 3796 corruptiones,
2650 3730 2787 3787 inter
2803 3736 3165 3805 suggestiones
3182 3743 3501 3811 cupiditatis,
3527 3747 3664 3803 inter

2080 3816 2341 3871 versutias
2370 3827 2424 3871 et
2450 3819 2667 3889 laqueos
2706 3823 2922 3878 inimici.
2969 3826 3105 3894 Quid
3148 3830 3288 3885 valet
3334 3848 3498 3903 ergo,
3541 3838 3659 3906 quia

2078 3900 2238 3958 habet
2265 3914 2576 3974 potestatem
2598 3951 2611 3973 ,
2636 3921 2689 3964 et
2716 3912 2941 3967 credidit
2962 3916 3013 3968 in
3037 3915 3327 3988 Christum,
3353 3900 3419 3975 ut
3430 3900 3495 3978 sit
3524 3900 3663 3981 inter

2078 3994 2216 4051 ﬁlios
2243 3997 2373 4051 Dei?
2399 3998 2491 4053 Vae
2517 3999 2719 4055 homini
2751 4004 2841 4068 illi,
2877 4006 2973 4059 nisi
3000 4017 3053 4062 et
3086 4008 3251 4078 ipsius
3277 4011 3435 4069 ﬁdem
3479 4016 3660 4071 Domi-

2078 4101 2177 4141 nus
2204 4094 2441 4158 protegat
2474 4105 2486 4142 :
2517 4090 2564 4144 id
2594 4100 2693 4159 est,
2719 4101 2774 4147 ut
2800 4110 2903 4150 non
2930 4104 2980 4151 te
3002 4100 3271 4167 permittat
3292 4106 3478 4159 tentari
3498 4120 3656 4177 supra

2077 4193 2235 4247 quam
2262 4187 2415 4248 potes
2442 4180 2615 4247 ferre;
2645 4183 2780 4239 sicut
2804 4186 2927 4241 dicit
2957 4188 3259 4258 Apostolus,
3286 4193 3480 4251 Fidelis
3499 4197 3657 4261 Deus,

2077 4270 2163 4338 qui
2190 4287 2289 4324 non
2318 4287 2405 4326 vos
2450 4274 2696 4343 permittet
2722 4279 2902 4331 tentari
2929 4296 3085 4351 supra
3109 4299 3261 4353 quam
3285 4289 3489 4357 potestis
3530 4290 3661 4359 ferre

2078 4358 2137 4429 (l
2167 4358 2284 4415 Cor.
2317 4377 2349 4414 x
2372 4404 2386 4429 ,
2416 4362 2541 4434 15).
2593 4363 2686 4420 Ille
2714 4380 2839 4437 ergo
2869 4369 2956 4439 qui
2986 4385 3090 4425 non
3135 4373 3260 4429 sinit
3286 4380 3475 4433 tentari
3500 4358 3660 4451 supra

2077 4468 2234 4521 quam
2282 4470 2563 4523 possumus
2608 4456 2747 4512 ferre
2771 4500 2786 4526 ,
2829 4462 3069 4530 quamvis
3090 4464 3199 4535 jam
3232 4466 3417 4525 ﬁdeles
3450 4472 3614 4529 simus
3642 4516 3655 4539 ,

2077 4545 2448 4617 quamvisjam
2477 4563 2662 4605 manus
2683 4550 2918 4607 dexterae
2943 4563 3141 4612 nostrae
3166 4558 3235 4613 sit
3259 4560 3310 4613 in
3339 4562 3511 4631 nobis,
3539 4579 3659 4634 pro-

2079 4636 2206 4705 tegit
2234 4651 2331 4691 nos
2376 4639 2512 4693 Deus
2541 4654 2700 4710 super
2746 4656 2959 4698 manum
3001 4645 3235 4703 dextera:
3278 4660 3493 4707 nostrae.
3540 4653 3655 4709 Non

2081 4728 2233 4783 nobis
2261 4728 2455 4784 sufﬁcit
2482 4731 2677 4789 habere
2720 4751 2933 4791 manum
2981 4737 3216 4796 dextera:
3244 4783 3257 4807 ,
3315 4743 3415 4798 nisi
3465 4744 3553 4799 ille
3601 4756 3657 4800 et

2079 4817 2246 4887 ipsam
2278 4836 2489 4875 manum
2522 4822 2754 4879 dextera:
2786 4835 3053 4898 protegat.

2153 4910 2236 4964 12.
2270 4911 2418 4983 (vers.
2451 4911 2528 4986 6.]
2564 4915 2701 4970 Ecce
2748 4916 2848 4971 hoc
2876 4918 2942 4972 de
2976 4919 3354 4975 tentationibus
3379 4923 3489 4977 dixi
3522 4941 3535 4977 :
3568 4925 3653 4979 in-

2082 5000 2279 5056 tendite
2320 5003 2445 5072 quid
2493 5016 2763 5075 sequatur.
2811 5007 3051 5078 Protegat
3084 5010 3099 5040 ί
3142 5019 3189 5064 te
3225 5010 3472 5067 Dominus
3504 5032 3656 5088 super

2080 5107 2284 5145 manum
2305 5093 2522 5149 dexteris
2550 5105 2668 5150 tuae.
2707 5097 2840 5163 Dixi,
2865 5107 2938 5163 et,
2969 5099 3110 5167 quod
3128 5100 3378 5169 arbitror,
3400 5120 3656 5178 recogno-

2078 5182 2248 5237 vistis.
2279 5183 2335 5239 Si
2369 5185 2508 5239 enim
2537 5202 2640 5240 non
2669 5188 3112 5257 recognovissctis
3134 5233 3148 5257 ,
3182 5201 3236 5245 et
3267 5192 3336 5248 de
3366 5194 3656 5266 Scripturis

2082 5289 2184 5328 non
2224 5277 2666 5346 recognovissctis
2686 5320 2700 5345 ,
2730 5294 2833 5332 non
2867 5281 3083 5335 vocibus
3110 5285 3302 5339 vestris
3330 5286 3655 5346 intellectum

2084 5377 2319 5424 vestrum
2363 5369 2489 5423 mihi
2529 5370 2915 5439 signiﬁcaretis.
2966 5373 3109 5445 Ergo
3137 5377 3255 5445 quia
3299 5378 3656 5451 intellexistis,

2081 5460 2303 5525 fratres,
2336 5460 2513 5516 videte
2539 5461 2663 5531 quid
2695 5464 2967 5531 sequitur;
3014 5482 3179 5536 quare
3207 5479 3444 5540 protegat
3474 5471 3657 5526 Domi-

2082 5567 2178 5604 nus
2205 5562 2259 5605 et
2295 5566 2454 5621 super
2489 5568 2702 5608 manum
2729 5554 2961 5612 dextera:
2986 5600 3000 5625 ,
3049 5558 3100 5613 id
3138 5570 3253 5628 est,
3302 5576 3461 5630 super
3487 5562 3655 5632 ipsam

2081 5642 2236 5697 ﬁdem
2259 5685 2274 5710 ,
2307 5644 2359 5697 in
2398 5661 2499 5713 qua
2531 5655 2842 5715 potestatem
2873 5649 3177 5719 accepimus
3213 5666 3333 5706 esse
3364 5651 3499 5706 ﬁlios
3538 5652 3653 5720 Dei,

2079 5747 2128 5791 ct
2159 5751 2278 5791 esse
2312 5737 2378 5791 ad
2405 5737 2675 5794 dexteram
2706 5759 2718 5794 :
2748 5756 2911 5812 quare
2952 5752 3160 5811 Oportet
3189 5751 3247 5797 ut
3276 5752 3517 5815 protegat
3549 5745 3653 5800 Do-

2142 5851 2157 5881 ¹
2186 5856 2291 5899 Mss.
2315 5851 2526 5914 quidam,
2550 5859 2760 5918 proteget
2786 5868 2797 5902 :
2826 5861 2878 5904 et
2894 5852 3129 5916 nonnulli,
3148 5853 3369 5918 protegit.
