4160 6458
639 406 774 462 1615

640 515 853 575 minus?
894 515 1117 582 Propter
1160 505 1426 562 scandala.
1462 503 1615 560 Unde
1644 510 1767 556 sunt
1803 499 2089 555 scandala?
2134 500 2208 552 De

643 611 849 667 duobus
878 603 1108 660 timenda
1128 609 1251 654 sunt
1276 596 1544 662 scandala,
1564 595 1683 665 quia
1714 603 1765 651 et
1794 593 1899 648 duo
1928 601 2049 646 sunt
2078 606 2215 662 prie-

642 714 789 775 cepta
821 703 872 755 in
898 697 1087 769 quibus
1120 702 1225 747 tota
1249 693 1354 747 Lex
1384 689 1576 760 pendet
1603 699 1656 742 et
1678 685 1977 756 Prophetie,
2004 684 2218 738 dilectio

644 796 734 850 Dei
763 803 814 847 et
840 786 1063 861 proximi
1097 783 1306 854 (Matth.
1339 798 1467 847 χιιι,
1499 779 1708 849 57-40).
1741 777 1978 832 Ecclesia
2005 782 2220 844 propter

642 884 943 954 proximum
971 878 1206 947 diligitur
1234 877 1275 939 ¹,
1309 873 1449 926 Deus
1475 879 1648 923 autem
1680 876 1894 939 propter
1922 867 2109 921 Deum.
2160 862 2218 917 In

645 953 771 1038 Deo,
803 969 1111 1039 intelligitur
1141 967 1362 1034 ﬁgurate
1389 961 1563 1016 dictus
1591 959 1669 1013 sol
1706 976 1718 1011 :
1753 958 1803 1010 in
1836 956 2068 1010 Ecclesia
2089 996 2103 1019 ,
2138 953 2219 1007 in-

650 1063 902 1133 telligitur
928 1061 1151 1129 ﬁgurate
1195 1056 1333 1109 dicta
1376 1054 1519 1106 luna.
1547 1050 1793 1119 Quisquis
1821 1056 1992 1117 potest
2017 1060 2217 1112 errare,

643 1165 700 1208 ut
726 1152 867 1207 aliud
893 1150 960 1205 dc
985 1150 1092 1203 Deo
1119 1146 1301 1202 credat
1326 1158 1481 1214 quam
1508 1147 1750 1211 oportet,
1778 1154 1883 1193 non
1910 1137 2091 1192 credat
2117 1136 2220 1190 Pa-

644 1255 778 1301 trem
815 1251 869 1298 et
908 1242 1097 1297 Filium
1121 1248 1176 1293 et
1203 1236 1457 1307 Spiritum
1499 1241 1737 1286 sanctum
1768 1230 1922 1284 unius
1952 1242 2070 1283 esse
2096 1226 2221 1280 sub-

644 1339 873 1404 stantini,
912 1334 1163 1403 deceptus
1191 1338 1273 1386 est
1299 1331 1529 1384 versutia
1560 1326 1948 1387 haereticorum,
1984 1321 2214 1376 maxime

648 1430 988 1484 Arianorum.
1029 1425 1083 1479 Si
1112 1425 1132 1455 ³
1158 1420 1352 1491 aliquid
1381 1420 1555 1473 minus
1578 1418 1629 1472 in
1658 1417 1814 1481 Filio,
1844 1425 1934 1470 aut
1962 1416 2138 1470 minus
2167 1418 2221 1469 in

647 1521 845 1592 Spiritu
882 1526 1066 1574 sancto
1093 1530 1249 1587 quam
1289 1512 1343 1567 in
1384 1512 1539 1567 Patre
1578 1509 1898 1575 crediderit,
1930 1522 2118 1579 passus
2141 1516 2224 1562 est

646 1610 954 1668 scandalum
980 1608 1032 1663 in
1056 1607 1201 1670 Deo;
1228 1619 1256 1658 a
1279 1603 1391 1659 sole
1427 1602 1614 1656 uritur.
1642 1600 1891 1670 Quisquis
1918 1612 2102 1653 rursus
2127 1611 2225 1667 pu-

646 1701 836 1756 taverit
866 1697 1153 1755 Ecclesiam
1184 1696 1237 1749 in
1267 1709 1370 1748 una
1401 1703 1551 1762 parte
1576 1706 1696 1746 esse
1719 1732 1734 1757 ,
1775 1696 1831 1744 et
1855 1704 1962 1749 non
1987 1703 2103 1743 eam
2130 1702 2224 1742 co-

645 1792 885 1863 gnoverit
912 1788 1154 1843 diﬁ‘usam
1200 1792 1311 1840 toto
1349 1784 1477 1838 orbe
1515 1791 1779 1837 terrarum
1808 1822 1823 1847 ,
1865 1789 1919 1835 et
1942 1779 2226 1835 crediderit

647 1882 728 1937 eis
753 1882 841 1952 qui
870 1880 1053 1935 dicunt
1077 1918 1092 1944 ,
1122 1875 1255 1930 Ecce
1292 1874 1372 1928 hic
1401 1882 1474 1928 est
1497 1870 1748 1936 Christus,
1775 1881 1819 1927 et
1847 1888 1955 1926 ecce
1973 1871 2079 1926 illic
2108 1869 2221 1941 (Id.

647 1989 798 2039 XXlV,
828 1974 942 2043 2'5),
974 1971 1111 2027 sicut
1140 1968 1297 2023 modo
1323 1967 1544 2021 audistis
1565 1980 1683 2020 cum
1712 1964 2056 2035 Evangelium
2081 1964 2227 2033 lege-

650 2075 829 2129 retur;
886 2078 1006 2118 cum
1056 2061 1144 2116 ille
1189 2066 1357 2113 totum
1387 2056 1573 2111 orbem
1601 2056 1827 2122 emerit,
1874 2054 1997 2125 quia
2024 2062 2223 2109 tantum

650 2158 876 2228 pretium
904 2153 1050 2210 dedit
1078 2170 1089 2207 :
1124 2151 1213 2206 ille
1256 2159 1507 2219 tanquam
1538 2148 1591 2202 in
1623 2146 1868 2217 proximo
1894 2144 2225 2202 scandaliza-

648 2264 766 2320 tur;
812 2267 841 2306 a
871 2251 995 2306 luna
1031 2248 1221 2303 uritur.
1262 2243 1513 2315 Quisquis
1540 2256 1665 2313 ergo
1695 2248 1837 2296 errat
1876 2240 1928 2293 in
1951 2239 2065 2308 ipsa
2097 2238 2224 2293 sub-

646 2347 841 2404 stantia
881 2342 1118 2400 veritatis
1142 2382 1171 2407 ,,
1198 2355 1227 2393 a
1266 2337 1381 2393 sole
1412 2337 1582 2391 uritur
1606 2376 1621 2403 ,
1653 2344 1706 2388 et
1730 2347 1825 2402 per
1852 2331 1990 2386 diem
2020 2331 2223 2396 uritur;

647 2441 769 2510 quia
790 2438 849 2492 in
881 2436 990 2506 ipsa
1022 2430 1281 2503 sapientia
1308 2435 1481 2491 errat,
1512 2425 1579 2480 de
1606 2439 1709 2494 qua
1737 2423 1938 2477 dictum
1965 2430 2080 2484 est,
2109 2420 2227 2475 Dies

648 2530 750 2585 diei
787 2534 979 2584 eructat
1023 2518 1430 2578 oerbum:unde
1454 2516 1580 2571 dicit
1613 2523 1666 2570 et
1690 2512 2009 2585 Apostolus,
2052 2511 2224 2582 Spiri-

649 2626 866 2683 tualibus
905 2621 1190 2695 spiritualia
1215 2625 1583 2685 comparantes.
1624 2610 1743 2665 Dies
1780 2609 1878 2663 diei
1903 2615 2094 2663 eructat
2113 2622 2225 2660 ver-

651 2724 808 2783 bum;
846 2710 1209 2787 Spiritualibus
1244 2706 1532 2781 spirituatia
1567 2710 1936 2770 comparantes.
1984 2697 2102 2751 Dies
2128 2697 2228 2751 diei

652 2816 840 2865 eructat
881 2804 1117 2869 uerbum;
1172 2798 1488 2870 Sapientiam
1531 2793 1780 2863 loquimur
1819 2791 1947 2844 inter
1985 2793 2227 2859 perfectos

653 2899 695 2971 (l
714 2896 829 2952 Cor.
858 2911 918 2960 ιι,
941 2895 1026 2955 15.
1056 2890 1134 2962 6).
1155 2889 1288 2958 Quid
1306 2897 1407 2954 est,
1428 2884 1493 2938 Et
1514 2900 1615 2937 ηοω
1643 2881 1776 2936 nocti
1793 2879 2055 2934 annuntiat
2075 2878 2229 2932 scien-

643 2969 776 3045 tiam
799 2985 969 3061 (Psat.
997 2997 1163 3046 xvm,
1196 2978 1300 3050 5)?
1347 2975 1586 3032 Parvulis
1619 2971 1933 3043 praedicatur
1959 2969 2229 3023 humilitas

652 3060 886 3145 Christi,
930 3086 983 3132 et
1027 3086 1151 3129 caro
1178 3068 1410 3133 Christi,
1452 3074 1505 3121 et
1529 3062 1800 3120 cruciﬁxio
1825 3061 2063 3125 Christi;
2104 3060 2227 3130 quia

654 3174 826 3245 ipsum
853 3177 934 3225 est
970 3166 1052 3221 lac
1075 3161 1216 3235 quod
1246 3159 1437 3215 sufficit
1464 3156 1714 3227 parvulis.
1764 3152 1832 3207 Et
1861 3152 1979 3245 ideo
2004 3166 2108 3205 non
2126 3166 2227 3245 Are-

654 3242 964 3334 linquuntur
985 3258 1036 3312 in
1072 3264 1229 3310 nocte
1252 3249 1455 3323 parvuli
1482 3289 1497 3315 ,
1529 3248 1650 3317 quia
1682 3246 1823 3300 lucet
1844 3251 1898 3297 et
1923 3244 2042 3296 luna
2068 3242 2226 3334 etiam

655 3356 708 3410 in
738 3333 892 3408 nocte
913 3366 926 3415 ;
956 3348 1007 3402 id
1032 3354 1134 3414 est,
1150 3360 1249 3416 per
1264 3356 1475 3397 carnem
1492 3338 1687 3394 Christi
1710 3336 2027 3407 praedicatur
2041 3333 2227 3389 Eccle-

654 3445 753 3508 sia,
773 3443 893 3513 quia
921 3440 1033 3510 ipsa
1052 3451 1175 3493 caro
1191 3433 1384 3489 Christi
1409 3439 1564 3500 caput
1586 3428 1836 3483 Ecclesia:
1862 3435 1960 3481 est.
1984 3424 2229 3495 Quisquis

658 3535 728 3591 ibi
756 3548 861 3587 non
887 3526 1293 3588 scandalizatur,
1324 3526 1375 3578 in
1404 3525 1516 3591 ipsa
1544 3521 1777 3578 Ecclesia
1809 3529 1860 3573 et
1889 3533 2048 3572 carne
2067 3516 2225 3572 Chri-

656 3628 790 3694 stri,
834 3641 862 3677 a
886 3624 1006 3677 luna
1049 3635 1154 3675 non
1183 3618 1371 3672 uritur.
1412 3613 1663 3682 Quisquis
1702 3610 2088 3666 scandalizatus
2116 3624 2223 3663 non

655 3718 813 3775 fuerit
842 3716 894 3769 iu
923 3713 1145 3768 veritate
1186 3709 1274 3764 illa
1312 3702 1730 3761 incommutabili
1770 3710 1822 3757 et
1847 3700 2230 3755 incontamina-

654 3811 785 3874 bili,
813 3822 844 3863 a
872 3806 988 3862 sole
1025 3818 1130 3857 non
1171 3799 1338 3854 uritur
1368 3796 1389 3828 ⁸
1423 3814 1436 3850 :
1469 3810 1575 3850 non
1610 3795 1713 3848 isto
1749 3792 1861 3847 sole
1891 3807 1994 3845 non
2036 3791 2225 3859 uritur,

654 3918 811 3977 quem
852 3898 1131 3955 nobiscum
1176 3892 1358 3948 vident
1401 3903 1598 3944 musca:
1634 3894 1689 3942 et
1732 3900 1961 3955 pecora;
2005 3884 2100 3939 sed
2137 3884 2229 3939 illo

654 3975 768 4052 sole
803 3993 871 4047 de
898 4004 1005 4061 quo
1050 3987 1232 4042 dicunt
1258 3981 1403 4052 impii
1435 3980 1485 4033 in
1518 3978 1657 4040 ﬁne,
1706 3975 1841 4043 Quid
1867 3975 2006 4029 nobis
2040 3975 2230 4046 profuit

654 4083 923 4158 superbia?
966 4090 1014 4136 et
1052 4077 1342 4133 divitiarum
1383 4071 1591 4141 iactatio
1636 4068 1758 4138 quid
1799 4068 2008 4122 contulit
2044 4066 2231 4158 nobis?

658 4157 986 4232 Transierunt
1008 4168 1177 4224 omnia
1208 4174 1446 4234 tanquam
1476 4160 1670 4215 umbra.
1703 4159 1769 4213 Et
1793 4172 1911 4212 cum
1938 4158 2037 4212 ista
2059 4157 2227 4213 dixis-

656 4273 775 4321 sent
803 4281 817 4316 :
849 4261 1019 4333 Ergo,
1057 4257 1320 4328 inquiunt,
1350 4252 1623 4307 erravimus
1649 4266 1679 4302 α
1704 4249 1783 4302 via
1811 4248 2031 4302 veritatis
2064 4255 2110 4303 ct
2137 4249 2230 4317 ju-

654 4356 806 4411 stitia:
829 4353 995 4407 tamen
1018 4365 1120 4403 non
1148 4345 1274 4400 luxit
1302 4342 1469 4407 nobis,
1501 4350 1546 4394 et
1574 4339 1651 4393 sol
1684 4354 1785 4392 non
1819 4346 1959 4391 ortus
1990 4345 2062 4391 est
2088 4336 2228 4391 nobis

655 4445 816 4516 (Sap.
846 4457 881 4498 v
904 4482 920 4507 ,
952 4438 1097 4510 6-9).
1129 4434 1393 4503 Numquid
1421 4448 1526 4484 non
1554 4431 1652 4484 iste
1680 4429 1758 4484 sol
1784 4428 2028 4483 omnibus
2055 4427 2229 4497 impiis

653 4536 855 4600 oritur,
899 4532 989 4587 illo
1022 4528 1328 4585 instituente
1354 4524 1419 4578 de
1444 4538 1550 4594 quo
1590 4521 1785 4575 dictum
1823 4528 1939 4573 est:
1974 4518 2074 4585 Qui
2107 4518 2229 4590 facit

653 4627 810 4682 solem
834 4639 979 4679 suum
1012 4619 1134 4675 oriri
1165 4633 1315 4688 super
1339 4614 1494 4669 bonos
1517 4623 1564 4667 et
1590 4612 1749 4666 malos
1772 4610 1981 4682 (Matth.
2009 4626 2061 4677 v,
2093 4607 2228 4683 45)?

653 4716 794 4790 Ergo
820 4717 981 4771 alium
1009 4712 1176 4768 solem
1211 4708 1331 4765 fecit
1363 4707 1504 4762 Deus
1522 4748 1536 4771 ,
1565 4705 1653 4775 qui
1681 4704 1847 4758 oritur
1870 4716 2030 4772 super
2056 4701 2227 4757 bonos

651 4820 709 4869 ct
734 4811 936 4876 malos,
970 4806 1129 4861 istum
1165 4817 1321 4875 quem
1360 4800 1545 4856 vident
1580 4806 1634 4853 et
1660 4796 1787 4852 boni
1821 4805 1875 4851 ct
1902 4795 2060 4862 mali;
2093 4795 2226 4850 alius

651 4914 730 4959 est
757 4912 932 4956 autem
961 4898 1047 4953 ille
1080 4895 1181 4963 sol,
1210 4908 1317 4949 non
1350 4891 1538 4955 iactus,
1572 4887 1666 4944 sed
1693 4888 1922 4958 genitus,
1949 4901 2043 4956 per
2066 4900 2225 4957 quem

712 5057 730 5087 ι
757 5056 829 5105 sic
849 5053 1001 5102 nostri
1021 5063 1194 5101 omnes
1216 5056 1321 5097 Mss.
1342 5052 1397 5096 At
1427 5043 1559 5104 Edd,
1584 5038 1796 5092 Ecclesia
1817 5048 2013 5105 propter
2052 5048 2223 5104 Deum,

644 5117 697 5171 in
724 5126 819 5167 Deo
840 5113 1088 5166 droximus
1110 5109 1344 5177 diligitur,
1374 5115 1501 5157 Deus
1518 5110 1692 5177 (Ψιέπιν
1718 5109 1837 5177 θεοί,
1946 5176 1969 5177 η
1992 5176 1995 5177 ν
2052 5173 2060 5177 ,
2097 5163 2108 5174 .

712 5181 732 5211 ⁸
750 5179 891 5226 Paris.
917 5184 969 5225 et
1001 5184 1118 5224 Ven.
1158 5169 1458 5234 antiquiores
1492 5169 1767 5234 editiones:
1794 5169 2002 5234 maxime
2026 5169 2213 5234 κίτίαῃο-

652 5252 779 5301 non.
805 5237 887 5301 qui
907 5245 1004 5301 περ
1027 5226 1587 5301 υροξωδίιεύροθυιξθὶδυ
1606 5227 1662 5298 id
1685 5233 1770 5299 ξεί»
1806 5231 1903 5301 "te?
1920 5226 2225 5301 substitute

648 5286 933 5363 substantias
972 5286 1345 5363 introduxerunt
1362 5306 1380 5356 ;
1412 5286 2224 5363 δαί-1)ὲῂνηὶδεηαηῑεῃᾳῆἧιξρ-ῃῂτ

649 5347 770 5412 inus
801 5347 944 5420 hujus
982 5363 1147 5408 auctor
1170 5347 1556 5421 erroris'exsilio
1590 5351 1845 5421 damnatus
1882 5347 2225 5421 catholicorum

648 5430 841 5491 patrum
858 5412 1106 5491 perpetuo,
1130 5430 1372 5491 nunquam
1381 5416 1457 5491 _t_1d
1477 5412 2223 5491 corrunmtiot‘tetn‘dtf‘itgigtoi‘te

644 5477 978 5535 interveniente
1013 5477 1294 5543 pervenisse.
1322 5478 1468 5543 gilius
1493 5490 1606 5543 uero
1641 5488 1726 5538 per
1748 5479 1894 5523 totum
1917 5477 2121 5543 orientis
2144 5483 2223 5543 re-

642 5530 1038 5613 ,Fdigna.
1052 5530 1369 5613 etnconsimiti
1402 5530 1731 5613 multatus'est
1750 5530 2221 5613 pronaij‘ettsijzli-

643 5598 749 5672 quis
771 5598 1044 5672 norum'vet
1060 5601 1291 5672 aliorum,
1316 5606 1367 5672 ut
1390 5598 1498 5672 diri
1514 5634 1528 5660 ,
1552 5598 1777 5661 deceptus
1809 5598 1991 5646 erroris
2009 5598 2218 5654 vesania,

642 5664 827 5731 aliquid
851 5666 1008 5731 minus
1102 5664 1252 5722 Filio,
1285 5669 1366 5712 αυτ
1383 5697 1397 5723 ο
1424 5670 1519 5713 εισι
1675 5719 1687 5730 ,
1813 5725 1825 5731 ,
1913 5716 1925 5726 .
1991 5716 2001 5731 .
2022 5714 2071 5731 .,,

707 5714 736 5766 ἶ
746 5714 1184 5792 ’Χᾶιίέξῖᾖῖέιίίίίύβ
1207 5714 1310 5792 Itss.
1458 5736 1644 5782 vocem,
1667 5714 2221 5792 incontamir‘ubiﬁgpro:

640 5800 908 5856 Sequuntur
924 5781 1023 5841 sic:
1156 5788 1204 5856 in
1221 5788 1311 5856 ista
1330 5781 1445 5841 sole.
1458 5799 1600 5850 quem
1612 5781 1854 5835 nobiscum
1869 5781 2028 5832 vident
2041 5788 2219 5828 musca:

643 5861 688 5906 et
706 5849 881 5915 jrecora
894 5867 913 5915 ;
934 5856 1018 5906 sed
1041 5852 1087 5904 in
1111 5850 1194 5903 illo
1211 5849 1323 5913 sole,
1352 5857 1450 5900 etc.

1875 388 1929 440 S.
1975 384 2335 442 AUGUS’l‘lNl
2376 386 2672 442 EPISCOPI
3712 407 3820 463 l6l6

2331 499 2468 556 facta
2490 511 2613 557 sunt
2639 503 2837 572 omnia,
2867 503 2953 559 tibi
2979 512 3061 559 cst
3086 504 3423 578 intelligentia
3444 511 3824 580 incommutabilis

2326 594 2600 647 veritatis:
2626 594 2693 649 de
2737 596 2851 665 ipso
2893 596 3075 652 dicunt
3099 598 3280 667 impii,
3314 599 3381 654 Et
3412 604 3485 657 sot
3515 622 3606 661 non
3636 621 3752 667 ortus
3770 627 3826 670 est

2326 684 2467 737 nobis
2493 685 2532 736 ³.
2590 684 2840 755 Quisquis
2882 687 2933 741 in
2978 687 3089 756 ipsa
3136 690 3389 757 sapientia
3430 708 3526 747 non
3565 709 3717 764 errat,
3743 718 3824 762 non

2324 776 2497 828 uritur
2523 790 2552 829 a
2586 778 2719 831 sole.
2762 779 3012 848 Quisquis
3054 780 3105 833 in
3143 781 3369 836 Ecclesia
3390 823 3404 849 ,
3434 793 3485 839 et
3518 786 3567 840 in
3589 803 3726 846 carne
3749 795 3829 851 Do-

2326 866 2473 931 mini,
2502 874 2557 921 et
2583 867 2632 921 in
2655 868 2735 920 his
2757 884 2874 936 qum
2903 884 2998 937 pro
3024 870 3176 925 nobis
3197 875 3543 941 temporaliter
3565 890 3693 947 gesta
3714 896 3829 954 sunt,

2326 972 2431 1011 non
2468 967 2640 1025 errat,
2680 973 2785 1013 non
2830 960 3000 1014 uritur
3026 976 3055 1015 a
3100 960 3242 1015 luna.
3292 962 3472 1019 Omnis
3510 977 3668 1025 autem
3706 973 3833 1031 homo

2326 1048 2568 1117 quamvis
2597 1049 2708 1118 jam
2749 1050 3035 1105 crediderit
3073 1052 3125 1105 in
3156 1052 3422 1108 Christum
3446 1096 3461 1119 ,
3498 1068 3582 1113 aut
3616 1061 3677 1115 ibi
3702 1077 3831 1133 emt,

2326 1148 2415 1193 aut
2444 1139 2515 1195 ibi
2541 1141 2594 1204 ¹,
2627 1140 2671 1193 si
2695 1154 2801 1195 non
2833 1141 2883 1195 in
2914 1142 3006 1196 illo
3032 1140 3088 1196 ﬁt
3116 1144 3254 1213 quod
3282 1145 3473 1200 dictum
3498 1157 3606 1215 est,
3634 1151 3835 1212 Dominus

2326 1236 2661 1299 tegumentum
2702 1240 2843 1284 tuum
2879 1248 3029 1303 super
3064 1249 3270 1287 manum
3313 1236 3525 1293 dexterae
3558 1242 3703 1297 tuat'.
3740 1244 3838 1304 Ideo

2327 1319 2467 1373 enim
2490 1334 2609 1373 eum
2636 1321 2854 1376 dixisset
2879 1365 2894 1389 ,
2942 1322 3191 1379 Dominus
3227 1335 3551 1397 tegumentum
3576 1340 3699 1387 tuum
3721 1353 3839 1406 super

2326 1427 2535 1465 manum
2570 1412 2789 1467 dexter-te
2818 1423 2952 1477 tute;
2990 1417 3138 1483 quasi
3164 1418 3439 1486 quaesisset
3464 1420 3546 1475 ille
3566 1430 3615 1477 ct
3638 1424 3837 1494 dixisset,

2327 1501 2442 1557 Jam
2469 1518 2594 1559 ecce
2621 1513 2704 1558 est
2729 1520 2915 1560 manus
2943 1505 3177 1562 dextera:
3206 1524 3359 1573 meae,
3386 1510 3491 1579 jam
3516 1513 3636 1583 elegi
3661 1516 3841 1575 credere

2329 1595 2381 1651 in
2410 1596 2677 1653 Christum
2696 1640 2710 1663 ,
2755 1600 2935 1668 accepi
2964 1608 3280 1669 potestatem
3311 1601 3447 1657 inter
3472 1603 3602 1660 ﬁlios
3626 1607 3705 1662 Dei
3729 1623 3840 1675 esse,

2328 1687 2454 1758 quid
2501 1696 2585 1744 est
2637 1689 2776 1759 quod
2823 1691 2962 1745 Deus
2999 1700 3364 1761 tegumentum
3407 1709 3576 1749 meum
3604 1704 3675 1752 est
3706 1699 3842 1757 adhuc

2329 1795 2487 1852 supra
2515 1823 2528 1845 ,
2559 1782 2610 1837 id
2642 1793 2753 1851 est,
2781 1801 2934 1856 super
2970 1803 3179 1841 manum
3203 1788 3422 1843 dextera
3443 1792 3604 1846 mere?
3628 1797 3841 1865 sequitur,

2330 1872 2435 1929 Per
2459 1875 2592 1929 diem
2619 1877 2696 1930 sol
2718 1894 2819 1930 non
2854 1887 2962 1932 uret
2996 1887 3043 1932 te
3065 1921 3079 1943 ,
3112 1896 3272 1951 neque
3297 1881 3417 1934 luna
3449 1900 3534 1953 per
3557 1896 3743 1940 noctem.
3781 1890 3843 1943 Ad

2331 1964 2431 2018 hoc
2456 1964 2612 2035 igitur
2642 1974 3000 2036 tegumentum
3035 1977 3178 2023 tuum
3205 1979 3288 2024 est
3308 1985 3465 2040 super
3480 1988 3673 2027 manum
3698 1975 3842 2032 dexte-

2330 2072 2402 2111 ra:
2430 2065 2533 2111 tua:
2556 2098 2569 2120 ,
2603 2067 2660 2111 ut
2684 2074 2789 2113 non
2813 2068 2863 2113 te
2892 2069 3009 2115 urat
3028 2062 3103 2116 sol
3132 2076 3230 2132 per
3248 2062 3387 2118 diem
3409 2106 3421 2127 ,
3450 2080 3610 2137 neque
3642 2066 3746 2121 luna
3772 2084 3842 2138 per

2330 2159 2561 2204 noctem.
2605 2151 2734 2205 Nam
2766 2152 2888 2208 hinc
2912 2153 3192 2224 intelligite
3215 2196 3232 2222 ,
3284 2158 3502 2221 fratres,
3534 2161 3644 2229 quia
3665 2161 3843 2231 ﬁgurate

2329 2241 2527 2298 dictum
2556 2252 2657 2298 est.
2706 2244 2912 2299 Etenim
2944 2261 3130 2301 revera
3156 2289 3170 2312 ,
3205 2248 3375 2303 solem
3401 2250 3644 2306 visibilem
3667 2253 3705 2307 si
3730 2254 3843 2324 cogi-

2329 2340 2523 2398 temus,
2555 2334 2659 2387 urit
2678 2350 2771 2403 per
2790 2335 2929 2389 diem
2962 2352 2976 2389 :
3002 2336 3395 2407 numquidluna
3422 2342 3623 2411 uritper
3644 2344 3843 2399 noctem?

2330 2423 2436 2479 Sed
2458 2424 2583 2495 quid
2611 2433 2693 2479 est
2719 2425 2905 2480 usdo?
2938 2426 3281 2482 Scandalum.
3326 2430 3461 2485 Audi
3487 2433 3760 2500 Apostolum
3784 2434 3844 2489 di-

2330 2526 2535 2572 centem
2557 2557 2573 2583 ,
2617 2518 2742 2584 Quis
2780 2519 3069 2588 inﬁrmatur
3089 2562 3104 2587 ,
3139 2531 3185 2576 et
3231 2538 3325 2593 ego
3354 2540 3451 2577 non
3484 2525 3732 2593 inﬁrmor?
3764 2528 3847 2597 quis

2330 2608 2720 2672 scandalizatur,
2748 2620 2795 2663 et
2812 2627 2900 2679 ego
2924 2627 3025 2664 non
3046 2628 3166 2665 uror
3186 2610 3252 2683 (Il
3288 2611 3407 2669 Cor.
3437 2630 3509 2675 ιι.
3537 2614 3656 2685 29)?

2402 2701 2490 2755 15.
2526 2700 2671 2773 [vers.
2707 2701 2783 2775 7.]
2816 2701 2917 2757 Per
2942 2704 3072 2757 diem
3111 2719 3240 2775 ergo
3285 2706 3362 2761 sol
3396 2723 3489 2761 non
3513 2717 3614 2762 uret
3638 2717 3706 2775 te,
3733 2725 3849 2779 neque

2331 2791 2452 2845 luna
2497 2808 2585 2863 per
2634 2802 2851 2848 noctem.
2899 2794 3116 2861 Quare?
3160 2796 3307 2862 Quia
3354 2796 3585 2852 Dominus
3620 2798 3849 2853 custodiet‘

2334 2892 2379 2937 te
2405 2883 2467 2936 ab
2497 2885 2633 2937 omni
2673 2885 2827 2938 malo.
2875 2885 2917 2939 A
2955 2886 3221 2942 scandulis
3248 2888 3314 2942 in
3341 2889 3483 2955 sole,
3513 2905 3540 2943 a
3569 2891 3791 2945 seandalis
3811 2890 3850 2945 in

2332 2972 2476 3037 luna,
2503 2974 2569 3028 ab
2595 2974 2737 3028 omni
2765 2975 2904 3029 malo
2931 2984 2981 3030 te
3001 2976 3278 3032 custodiet
3298 3020 3314 3045 ,
3344 2979 3432 3048 qui
3455 2987 3533 3034 cst
3551 2989 3849 3051 tegumentum

2333 3071 2479 3117 tuum
2514 3078 2675 3133 super
2718 3080 2930 3120 manum
2975 3066 3209 3123 dextera;
3246 3078 3362 3124 Lua:
3387 3111 3402 3135 ,
3443 3071 3525 3140 qui
3564 3086 3659 3125 non
3682 3070 3850 3132 dormit,

2333 3169 2503 3224 neque
2520 3153 2844 3211 dormitabit.
2871 3157 2937 3211 Et
2966 3158 3031 3212 ad
3055 3174 3213 3229 quam
3237 3162 3405 3216 rem?
3435 3161 3560 3229 Quia
3585 3164 3633 3219 in
3650 3164 3851 3217 tentatio-

2334 3247 2488 3301 nibus
2516 3262 2699 3303 sumus
2730 3266 2743 3302 :
2776 3248 3027 3304 Dominus
3046 3254 3302 3309 custodiet
3322 3264 3369 3310 te
3386 3255 3448 3310 ab
3473 3256 3602 3310 omni
3625 3257 3755 3310 malo.
3780 3254 3850 3310 Cu-

2332 3343 2517 3397 stodiat
2545 3345 2766 3398 animam
2792 3356 2928 3400 tuam
2949 3345 3197 3403 Dominus
3230 3364 3248 3402 :
3285 3350 3444 3406 etiam
3474 3350 3628 3422 ipsam
3648 3351 3848 3405 animam.

2332 3436 2590 3492 Custodiat
2620 3438 2878 3493 introitum
2904 3448 3040 3493 tuum
3066 3449 3111 3494 et
3137 3442 3339 3496 exitum
3368 3452 3502 3496 tuum
3520 3483 3534 3508 ,
3562 3459 3620 3497 ea:
3640 3445 3721 3496 hoc
3750 3455 3851 3495 nunc

2332 3536 2378 3581 et
2408 3544 2561 3598 usque
2598 3529 2649 3583 in
2675 3531 2934 3584 steculum.
2987 3531 3103 3586 Non
3130 3534 3287 3602 quasi
3314 3549 3501 3605 corpus
3529 3545 3659 3590 tuum
3685 3534 3728 3599 ';
3755 3548 3846 3587 nam

2333 3619 2387 3674 in
2442 3636 2665 3690 corpore
2710 3623 2967 3694 perempti
3014 3631 3139 3678 sunt
3184 3636 3450 3699 martyres
3478 3645 3491 3681 :
3518 3626 3605 3682 sed
3650 3625 3848 3688 cautodiat

2332 3712 2552 3764 animum
2578 3721 2718 3765 tuam
2740 3711 3029 3778 Dominus;
3055 3714 3176 3784 quia
3203 3715 3273 3771 de
3302 3718 3475 3771 anima
3503 3732 3600 3771 non
3624 3720 3849 3771 cesserunt

2333 3811 2614 3875 martyres.
2657 3803 2725 3857 Et
2748 3805 3034 3859 smviebant
3059 3818 3432 3875 persecutores
3459 3809 3511 3862 in
3537 3808 3794 3878 Crispinam
3815 3804 3846 3867 ⁸,

2332 3892 2482 3963 cujus
2509 3892 2666 3948 hodie
2692 3895 2925 3949 natalitia
2951 3896 3319 3962 celebramus;
3363 3899 3636 3953 sazviebant
3662 3897 3705 3951 in
3727 3893 3847 3950 femi-

2334 4001 2454 4040 nam
2485 3987 2701 4042 divitem
2727 3995 2780 4041 et
2799 3986 3078 4041 delicatam
3113 4005 3125 4041 :
3159 3988 3254 4043 sed
3288 3988 3440 4045 fortis
3468 3998 3578 4044 erat
3600 4032 3614 4056 ,
3640 3989 3742 4058 quia
3768 3986 3845 4039 Do-

2332 4080 2508 4134 minus
2535 4087 2892 4149 tegumeutum
2925 4078 3039 4148 ejus
3063 4095 3223 4149 super
3258 4096 3473 4135 manum
3498 4082 3708 4136 dextera:
3736 4075 3841 4145 ejus,

2333 4170 2424 4225 ille
2449 4170 2540 4240 qui
2583 4185 2699 4223 eam
2729 4169 3075 4225 custodiebat.
3130 4170 3279 4226 llanc
3319 4173 3482 4239 enim,
3515 4171 3706 4233 fratres,
3727 4178 3846 4220 num-

2332 4261 2455 4330 quid
2483 4268 2565 4316 est
2593 4261 2680 4331 qui
2705 4261 2755 4315 in
2784 4260 2959 4317 Africa
2990 4262 3233 4333 ignoret?
3279 4262 3579 4319 Clarissima
3615 4260 3735 4316 enim
3758 4254 3844 4314 fuit.

2396 4419 2413 4449 ι
2448 4418 2531 4465 Hic
2547 4418 2688 4467 Paris.
2711 4424 2763 4467 et
2781 4425 2895 4466 Ven.
2923 4419 3219 4468 antiquiores
3243 4418 3483 4468 editiones
3504 4416 3548 4466 id
3565 4419 3766 4466 inserunt!
3781 4409 3845 4459 hl-

2331 4478 2452 4549 bent
2469 4492 2497 4549 ε.
2510 4486 2580 4549 ηε
2603 4479 2691 4549 hoc
2708 4478 2805 4549 sole
2823 4486 2958 4549 pater
2982 4474 3266 4549 Λζῖξαηαξὶιιδ
3291 4479 3633 4549 ςιιεέτωςάτίηψδ

2330 4538 2399 4590 ita
2416 4539 2614 4603 pulchre
2637 4533 2833 4590 locutus'
2846 4546 2917 4591 est
2936 4554 2948 4589 :
2976 4539 3144 4600 Filius,
3169 4540 3342 4602 ineptit,
3382 4540 3469 4591 Dei
3489 4554 3518 4591 α
3536 4533 3846 4603 Ρωνςλὲοιοςαὶ

2330 4599 2618 4667 nonfuctus,
2642 4615 2729 4652 nec
2752 4608 2959 4662 creatus,
2982 4604 3067 4667 sed
3100 4599 3286 4667 gem'tus
3310 4599 3410 4652 :ex
3429 4617 3525 4664 quo
3546 4599 3846 4667 videlicet

2333 4652 2541 4730 sevi'uus
2559 4652 2801 4730 in'Appar.
2828 4652 2958 4713 voce'
2973 4652 3279 4730 Athanasius,
3299 4674 3352 4730 et
3368 4652 3610 4730 Turrensis
3631 4662 3674 4730 in
3698 4652 3843 4730 prtia}.

2330 4727 2388 4788 ad
2404 4722 2739 4775 Confessioués
2761 4735 2876 4788 Aug.
2902 4738 2960 4788 ac
2983 4722 3299 4776 Bellarminus
3315 4728 3365 4775 in
3388 4724 3470 4775 lib.
3488 4724 3517 4774 2
3531 4724 3590 4788 de
3617 4722 3786 4788 Christo,
3803 4726 3838 4788 β-

2331 4787 2410 4847 25,
2434 4789 2705 4851 Symbolum
2726 4785 2872 4851 vulgo
2894 4787 3131 4836 Athanasii
3165 4788 3345 4837 dictum
3380 4788 3537 4836 eidem
3559 4785 3641 4851 ipsi
3657 4786 3847 4851 assgttltn

2332 4839 2580 4912 Augustini
2604 4839 2890 4912 auctoritate
2912 4855 3098 4912 putant.
3116 4855 3286 4912 Contra
3306 4862 3424 4898 vero
3441 4839 3646 4912 Petavius
3665 4845 3707 4912 ip

2332 4898 2431 4973 logi
2452 4911 2661 4972 dogmat.
2681 4912 2745 4959 de
2765 4898 2930 4959 'n'init'.
2952 4910 3035 4959 lib.
3058 4911 3107 4969 7,
3126 4924 3170 4960 c.
3195 4910 3244 4970 8,
3264 4925 3313 4959 n.
3336 4912 3386 4963 7.
3410 4905 3642 4973 verbailla
3656 4898 3849 4973 dicitfttig:

2330 4967 2410 5022 se'
2421 4967 2682 5035 Augustino
2717 4979 2906 5021 temere
2928 4967 3121 5022 assuta:
3148 4967 3258 5034 qua:
3281 4984 3456 5035 revera
3483 4971 3697 5035 absunta
3708 4967 3849 5034 nostris

2329 5030 2554 5104 οιψλψῖιδ
2579 5042 2686 5104 MSS;
2708 5046 2803 5104 nes
2823 5034 3136 5104 νιξρθνίυειιυι·
3155 5030 3208 5104 in.
3231 5033 3381 5104 editis
3405 5041 3511 5104 ωηο.
3528 5030 3782 5104 ξττηεμοὲς.
3796 5030 3848 5104 L...

2395 5075 2740 5207 fatigati;
2749 5075 2806 5144 ἒξ
2826 5075 3137 5157 “statim;
3155 5075 3217 5145 Xt
3231 5075 3695 5152 asinum-1m,
3713 5087 3782 5133 aut
3796 5075 3847 5131 ibi

2395 5169 2421 5207 Β
2437 5169 2519 5207 err
2574 5192 2586 5205 .
3717 5204 3727 5207 _
3836 5204 3843 5207 .

2612 5223 2783 5267 Venet.
2816 5216 2894 5266 hic
2930 5216 3126 5274 addunt,
3159 5215 3298 5280 quasi
3336 5228 3423 5281 per
3453 5213 3581 5266 diem
3608 5222 3637 5260 a
3663 5204 3774 5264 sole,
3806 5204 3843 5250 tt

2329 5278 2541 5342 uritur'a
2564 5278 2677 5329 tuna
2699 5292 2785 5342 per
2807 5283 3005 5329 noctem.
3100 5278 3179 5327 M.’
3336 5278 3345 5281 ⁷
3576 5340 3582 5342 Α
3631 5331 3658 5342 ,,

2391 5344 2413 5373 δ
2438 5341 2661 5403 Plerique
2691 5329 2794 5389 titss.
2816 5342 2863 5389 in
2886 5341 2977 5390 isto
2996 5353 3140 5389 versu
3172 5345 3464 5403 constanter,
3719 5329 3844 5403 ιεξ-εζῑ

2327 5389 2594 5473 contraria:
2615 5389 2953 5473 subsequenti,
2991 5415 3095 5464 pro,
3137 5402 3371 5452 custodiat
3398 5389 3649 5454 introitum,
3681 5389 3843 5439 habemv

2328 5465 2559 5515 custodiet
2577 5465 2838 5513 introitum.
3386 5520 3391 5521 γ
3682 5510 3708 5521 __

2389 5513 2505 5574 isi;
2522 5513 2678 5586 Lugd.
2706 5532 2897 5575 Venet.:
2925 5523 3079 5573 Etiam
3100 5524 3150 5573 in
3171 5523 3275 5586 ipsa
3312 5520 3487 5573 animo.
3531 5513 3749 5571 Cusde
3768 5513 3843 5555 ὒο·

2325 5586 2802 5658 Mnesterem»:-
2822 5592 2866 5635 ει
2888 5598 2979 5658 ne"
3002 5588 3139 5658 ςιιαδξ
3158 5599 3331 5658 ξυνίημι
3349 5586 3668 5658 ειειηξέηψλὲε.

2390 5629 3141 5711 δ’ἓὸίῖἱὸιῐςὲζᾷιὶῖίὲιῦεέῐνὲίιυῖἐῗὲἱ
3157 5629 3683 5711 imaginariam.

2324 5686 3305 5774 is..."Enetum."satiauerat};
3328 5686 3734 5774 agitaram
3751 5686 3841 5774 {ﬂ

2322 5748 2973 5831 ῗιιὲἒιιέἷὶιῖἶξῖἔξρὲαῑῗῖδῆξ
2981 5748 3217 5821 ἶὲῐῖἕῖέξ
3231 5748 3669 5819 7ἶίἱὲε⁷⁷ὴῶόὲω
3688 5756 3731 5806 ia
3747 5748 3841 5799 Aru-

2328 5847 2383 5886 ca
2407 5847 2545 5899 passa
2566 5832 2845 5886 celebratur
2861 5834 3001 5884 nonis
3021 5832 3310 5884 decembris.
