4160 6442
344 503 538 561 nobilis
579 514 815 574 genere,
860 497 1137 554 abundans
1181 494 1379 551 divitiis
1412 512 1424 549 :
1457 496 1551 549 sed
1596 494 1711 548 haec
1752 493 1929 548 omnia

345 596 564 655 sinistra
588 602 744 650 erant
768 633 781 658 ,
828 591 927 647 sub
966 590 1139 659 capite
1167 596 1337 644 erant.
1389 586 1547 640 Venit
1569 586 1813 640 inimicus
1842 584 1931 654 qui

350 689 533 744 feriret
551 694 738 754 caput,
767 690 823 738 et
841 682 1056 737 sinistra
1084 680 1157 734 illi
1184 679 1389 748 objecta
1416 686 1519 742 est,
1545 691 1664 746 quae
1690 684 1805 730 erat
1833 673 1933 729 sub

349 778 544 847 capite.
571 775 743 844 Caput
770 787 929 842 supra
956 780 1090 839 erat,
1117 769 1336 825 dextera
1356 767 1586 838 desuper
1609 765 1931 835 complecte-

351 870 531 925 batur.
572 864 714 932 Quid
758 871 965 934 poterat
1005 862 1176 917 facere
1217 867 1547 930 persecutor,
1574 857 1815 927 quamvis
1841 855 1933 911 de-

348 961 522 1014 licata:
551 955 796 1013 feminae?
842 955 971 1009 Erat
991 952 1201 1023 quidem
1238 950 1325 1006 illa
1348 965 1476 1006 sexu
1502 948 1710 1005 infirma
1734 988 1750 1015 ,
1781 946 1934 1002 etdi—

348 1052 500 1107 vitiis
527 1049 666 1104 forte
694 1046 1026 1117 languidior,
1071 1055 1125 1100 et
1146 1041 1529 1100 consuetudine
1556 1039 1817 1109 corporali
1849 1039 1930 1093 in-

348 1141 588 1208 firmior;
615 1138 707 1194 sed
732 1137 858 1209 quid
882 1136 948 1191 ad
976 1144 1117 1191 tanta
1147 1131 1515 1190 munimenta?
1540 1131 1665 1202 quid
1693 1131 1759 1185 ad
1786 1131 1933 1185 illum

348 1247 607 1303 sponsum
638 1232 936 1285 mittentem
964 1228 1235 1283 sinistram
1273 1225 1371 1280 sub
1411 1232 1568 1293 caput
1590 1262 1606 1289 ,
1637 1231 1692 1278 et
1713 1221 1934 1277 dextera

349 1339 448 1380 sua
496 1320 990 1393 complectentem?
1036 1318 1257 1386 Quando
1286 1318 1364 1373 sic
1404 1317 1663 1372 munitam
1690 1325 1936 1386 percute-

350 1424 434 1471 ret
456 1414 744 1469 iuimicus?
766 1412 835 1467 Et
860 1421 1033 1467 tamen
1062 1410 1342 1482 percussit,
1370 1407 1467 1463 sed
1492 1407 1543 1462 in
1566 1421 1778 1476 corpus.
1798 1404 1933 1475 Quid

350 1516 527 1563 autem
555 1505 684 1560 dicit
721 1503 1002 1560 Psaimus?
1055 1500 1313 1558 Custodiat
1336 1500 1558 1553 animum
1593 1507 1732 1552 tuam
1757 1496 1933 1551 Domi-

351 1617 466 1654 nus.
517 1599 711 1653 Anima
750 1611 857 1652 non
900 1596 1097 1660 cessit,
1147 1608 1342 1663 corpus
1383 1605 1694 1662 percussum
1722 1598 1821 1645 est.
1870 1588 1935 1643 Et

351 1703 546 1760 corpus
571 1689 639 1743 ad
658 1695 869 1757 tempus
893 1700 1201 1757 percussum
1230 1692 1310 1739 est
1344 1702 1357 1737 :
1386 1698 1508 1737 nam
1539 1682 1591 1736 in
1624 1682 1729 1736 fine
1757 1696 1937 1736 resur-

351 1788 627 1835 recturum
656 1786 757 1832 est.
804 1777 937 1846 Quia
967 1784 1022 1831 et
1050 1778 1162 1846 ipse
1200 1774 1289 1846 qui
1319 1774 1566 1844 dignatus
1595 1780 1818 1827 estesse
1841 1785 1932 1825 ca-

351 1878 447 1940 put
472 1868 735 1923 Ecelesiae
753 1906 771 1934 ,
815 1866 1043 1937 praebuit
1083 1882 1276 1937 corpus
1303 1880 1457 1921 suum
1486 1864 1552 1918 ad
1584 1871 1791 1933 tempus
1819 1877 1937 1932 per-

352 1959 663 2015 cutiendum
692 1978 706 2013 :
739 1958 832 2013 sed
848 1973 1061 2013 carnem
1089 1972 1239 2012 suam
1261 1956 1350 2011 ille
1374 1955 1547 2010 triduo
1564 1953 1934 2018 resuscitavit;

352 2064 572 2104 carnem
605 2056 837 2103 nostram
860 2049 913 2102 in
935 2049 1038 2104 fine
1062 2048 1474 2103 resuscitaturus
1491 2056 1591 2102 est.
1619 2046 1742 2101 ldeo
1771 2045 1937 2099 susci-

354 2149 523 2195 tatum
550 2149 634 2195 est
662 2147 847 2209 caput,
876 2139 1016 2210 quod
1045 2139 1343 2194 attenderet
1369 2153 1592 2210 corpus,
1624 2149 1680 2193 ut
1708 2154 1813 2193 non
1841 2138 1937 2193 de-

356 2231 561 2288 ﬁceret.
606 2230 867 2287 Custodiat
912 2234 1132 2286 animam
1170 2243 1308 2286 tuam
1350 2231 1618 2286 Dominus.
1674 2231 1788 2301 Ipsa
1832 2247 1937 2287 non

353 2322 544 2389 cedat,
579 2323 689 2392 ipsa
717 2339 821 2376 non
849 2322 1121 2393 frangatur
1144 2323 1408 2378 scandulis
1440 2323 1487 2389 ¹;
1533 2324 1581 2376 iu
1614 2323 1939 2391 persecutio-

355 2414 536 2476 nibus,
572 2413 625 2466 in
658 2413 1097 2479 tribulationibus,
1124 2415 1233 2484 ipsa
1256 2429 1360 2469 non
1386 2414 1538 2469 cedat
1563 2419 1583 2448 ²
1609 2414 1936 2471 deﬁciendo:

356 2504 494 2557 sicut
524 2502 780 2557 Dominus
809 2502 954 2571 dicit,
990 2501 1165 2559 Nolite
1185 2505 1357 2560 timere
1382 2522 1465 2559 eos
1489 2506 1573 2577 qui
1600 2521 1782 2576 corpus
1810 2506 1941 2559 occi-

354 2593 517 2659 dunt,
566 2594 787 2647 animam
812 2603 979 2649 autent
1022 2612 1122 2650 non
1166 2604 1373 2665 possunt
1420 2597 1644 2651 occidere
1672 2612 1690 2650 :
1715 2597 1803 2651 sed
1828 2614 1941 2651 eum

355 2682 545 2749 timete,
578 2684 665 2753 qui
692 2682 839 2738 habet
874 2692 1160 2755 potestatem
1185 2702 1371 2755 corpus
1395 2695 1443 2739 et
1471 2686 1691 2740 animam
1721 2688 1944 2742 occidere

356 2774 408 2828 in
441 2775 674 2845 gehenna
711 2776 842 2847 ignis
871 2775 893 2807 ³
920 2775 1132 2847 (Matth.
1161 2793 1216 2838 ιι,
1246 2775 1359 2846 28).
1386 2776 1533 2831 llanc
1560 2792 1685 2847 ergo
1712 2778 1941 2832 animam

358 2875 505 2921 tuam
544 2868 808 2924 custodiat
835 2868 1121 2935 Dominus,
1162 2884 1229 2924 ne
1257 2869 1416 2925 cedas
1446 2870 1745 2939 persuasori
1776 2870 1936 2937 malo,

357 2975 427 3016 ne
454 2960 617 3015 cedas
646 2961 971 3031 promittenti
1011 2960 1141 3017 falsa
1163 3004 1177 3027 ,
1208 2977 1274 3016 ne
1298 2962 1455 3017 cedas
1481 2963 1698 3016 minanti
1738 2971 1941 3033 tempo-

358 3052 510 3117 ralia,
543 3061 598 3107 et
620 3053 867 3108 custodiat
886 3054 1108 3107 animam
1129 3062 1268 3106 tuam
1291 3052 1558 3106 Dominus.

433 3142 523 3197 14.
559 3141 707 3215 [vers.
735 3141 815 3216 8.]
845 3144 907 3198 Et
934 3143 1127 3198 deinde
1160 3162 1173 3197 :
1203 3143 1462 3198 Custodiat
1497 3144 1747 3197 Dominus
1765 3144 1945 3197 introi-

361 3247 469 3293 tum
491 3246 632 3290 tuum
658 3246 703 3288 et
729 3236 918 3290 exitum
942 3243 1101 3301 tuum,
1122 3251 1185 3288 ea:
1206 3235 1297 3289 hoc
1318 3252 1449 3289 nunc
1470 3244 1516 3289 et
1541 3252 1696 3305 usque
1713 3236 1765 3289 in
1793 3252 1945 3289 saacu-

363 3333 488 3385 tum.
518 3329 652 3384 Nam
681 3327 951 3382 introitum
985 3336 1132 3382 tuum
1157 3327 1223 3381 ad
1265 3335 1476 3396 tempus
1497 3327 1731 3382 attende.
1761 3326 1942 3383 Custo-

363 3424 468 3477 dtat
510 3419 760 3475 Dominus
793 3420 1053 3474 introitum
1096 3427 1235 3473 tuum
1261 3428 1307 3473 et
1333 3420 1518 3472 exitum
1554 3430 1727 3487 tuum,
1757 3436 1823 3475 ea:
1851 3420 1945 3474 hoc

365 3528 496 3565 num:
517 3520 563 3566 et
585 3527 739 3580 usque
757 3510 809 3565 in
827 3512 1086 3566 stecnlum.
1114 3511 1324 3566 Exitum
1349 3511 1485 3566 idem
1503 3512 1784 3566 custodiat.
1809 3512 1945 3579 Quid

365 3613 476 3665 est.
507 3602 815 3658 introitum?
840 3601 964 3672 quid
994 3610 1108 3669 est,
1139 3603 1327 3656 exitum
1348 3602 1374 3656 ἵ
1416 3602 1637 3671 Quando
1658 3611 1941 3671 tentamur,

367 3692 673 3747 intramus:
716 3691 928 3761 quando
974 3690 1233 3745 vincimus
1282 3692 1624 3748 tentationem
1650 3734 1665 3759 ,
1716 3694 1941 3749 eximus.

368 3781 526 3847 Audi,
557 3781 854 3848 introitum;
878 3780 999 3835 audi
1025 3822 1040 3848 ,
1062 3782 1273 3837 exitum.
1311 3780 1445 3836 Vasa
1466 3783 1610 3853 ﬁguli
1639 3784 1817 3853 probat
1839 3788 1946 3855 for-

368 3890 502 3940 παπ,
532 3874 604 3927 ait
629 3872 903 3943 Scriptura
924 3914 940 3939 ,
974 3881 1022 3928 et
1050 3874 1274 3928 homines
1301 3874 1469 3944 justas
1497 3876 1702 3929 tentatio
1739 3876 1949 3931 tribula-

370 3964 520 4019 tionis
564 3962 753 4032 (Eccli.
784 3978 967 4029 xxvu,
995 3961 1072 4036 6).
1121 3962 1177 4019 Si
1220 3963 1298 4018 sic
1337 3974 1460 4018 sunt
1507 3963 1751 4019 homines
1793 3965 1944 4034 justi,

368 4054 640 4126 quomodo
658 4068 784 4109 vasa
813 4053 994 4124 ﬁguli;
1024 4068 1244 4109 necesse
1264 4062 1346 4109 est
1370 4062 1428 4108 ut
1456 4068 1577 4107 vasa
1609 4053 1753 4124 ﬁguli
1781 4054 1950 4110 forna-

369 4162 486 4203 cem
519 4148 740 4203 intrent.
772 4147 837 4201 Et
867 4162 972 4203 nou
1000 4146 1212 4219 quando
1238 4147 1456 4213 intrant,
1477 4147 1588 4217 jam
1616 4162 1838 4203 securus
1867 4157 1951 4204 est

369 4237 603 4310 ﬁgulus,
651 4236 747 4294 sed
772 4252 893 4298 cum
924 4237 1170 4292 exierint.
1218 4237 1471 4293 Dominus
1512 4245 1687 4293 autem
1731 4252 1950 4293 securus

370 4337 471 4393 est,
499 4328 625 4399 quia
661 4328 804 4382 novit
825 4328 911 4398 qui
941 4336 1064 4382 sunt
1088 4326 1202 4397 ejus
1232 4326 1297 4399 (ll
1324 4326 1454 4381 Tim.
1481 4344 1553 4396 ιι,
1586 4328 1698 4399 19),
1728 4337 1782 4383 et
1807 4329 1953 4384 novit

371 4421 459 4491 qui
491 4421 546 4475 in
576 4420 791 4476 fornace
817 4435 923 4475 non
954 4429 1193 4490 crepent.
1225 4420 1302 4475 Illi
1331 4436 1435 4476 non
1461 4430 1700 4492 crepant,
1729 4422 1818 4493 qui
1846 4437 1949 4478 non

372 4512 575 4568 habent
612 4520 828 4567 ventum
856 4511 1138 4581 superbiae.
1180 4510 1463 4566 Humilitas
1484 4527 1611 4583 ergo
1637 4512 1869 4568 custodit
1898 4512 1953 4569 in

372 4604 518 4658 omni
566 4603 857 4659 teutatione
888 4620 901 4655 :
934 4604 1055 4673 quia
1082 4617 1110 4656 a
1145 4601 1385 4657 convalle
1425 4602 1736 4672 plorationis
1764 4618 1954 4659 ascen-

372 4696 549 4752 dimus
574 4704 851 4752 cantantes
880 4695 1153 4751 Canticum
1180 4694 1437 4765 graduum
1464 4712 1479 4762 ;
1520 4703 1574 4750 et
1600 4696 1828 4751 custodit
1855 4696 1957 4752 Do-

373 4789 551 4843 minus
581 4787 857 4842 introitum
888 4828 902 4855 ,
932 4794 992 4843 ut
1022 4786 1158 4842 salvi
1185 4787 1461 4841 intremus.
1493 4785 1632 4841 Sana
1663 4786 1767 4843 fide
1791 4787 1957 4844 simus

374 4879 589 4950 quando
614 4878 806 4933 accidit
825 4879 1064 4945 tentatio,
1094 4886 1147 4933 et
1167 4876 1397 4933 custodit
1421 4877 1607 4932 exitum
1630 4894 1692 4932 ea:
1712 4878 1805 4932 hoc
1826 4895 1958 4933 nunc

375 4982 420 5025 et
447 4988 605 5041 usque
628 4973 682 5025 in
721 4972 981 5026 steculum.
1043 4970 1175 5025 Cum
1213 4970 1353 5025 enim
1396 4970 1686 5025 exierimus
1710 4970 1778 5025 ab
1815 4970 1959 5024 omni

379 5064 703 5129 tentatioue,
738 5062 848 5132 jam
879 5062 935 5117 in
960 5070 1221 5118 aeternum
1254 5061 1395 5116 nulla
1423 5077 1521 5116 nos
1547 5062 1772 5116 tentatio
1794 5071 1963 5118 terre-

377 5154 489 5217 bit,
537 5154 680 5208 nulla
726 5153 1156 5223 concupiscentia
1210 5152 1399 5206 saltem
1450 5150 1778 5206 sollicitabit.
1824 5151 1961 5207 Audi

377 5242 692 5313 Apostolqu
747 5243 976 5313 idipsum
1025 5250 1531 5302 commemorantem
1560 5283 1574 5308 ,
1623 5240 1766 5311 quod
1810 5242 1964 5311 paulo

377 5344 501 5391 ante
536 5337 952 5392 commemoravi
984 5354 997 5391 :
1031 5335 1227 5390 Fidelis
1256 5334 1427 5401 Deus,
1462 5335 1546 5404 qui
1573 5350 1672 5389 non
1716 5336 1965 5405 permittet

376 5440 463 5480 vos
497 5427 678 5480 tentari
720 5442 874 5498 supra
910 5442 1063 5494 quam
1106 5426 1311 5497 potestis
1347 5430 1497 5496 ferre.
1551 5427 1689 5481 Ecce
1714 5427 1964 5483 introitus

382 5522 507 5570 tuus
543 5515 874 5583 custoditur;
904 5516 1118 5587 quando
1144 5531 1253 5573 non
1282 5517 1377 5572 tibi
1397 5515 1525 5573 sinit
1554 5517 1695 5573 Deus
1724 5519 1966 5574 accidere

447 5628 464 5659 ι
489 5625 656 5678 Plures
670 5633 800 5689 κω,
822 5626 873 5678 in
903 5625 1168 5679 scandatis.

444 5689 465 5753 ξ
488 5689 564 5738 sic
585 5697 683 5738 Am.
710 5697 762 5740 et
786 5697 889 5739 Mss.
924 5696 979 5739 At
996 5695 1069 5739 Er.
1097 5696 1151 5739 et
1183 5696 1312 5753 Loy,,
1357 5689 1463 5753 ipsa
1484 5702 1575 5753 non
1598 5688 1758 5753 cadat.

380 5823 411 5860 η
412 5751 719 5874 Jul-$313.
749 5758 880 5860 lven.
909 5758 963 5802 et
987 5758 1116 5803 ων..
1153 5749 1386 5804 occidere
1411 5757 1456 5803 et
1485 5752 1671 5804 mittere
1704 5752 1752 5803 in
1793 5753 1968 5816 gehen-

1398 382 1797 439 ENARRATIO
1836 381 1899 435 IN
1940 380 2260 438 PS‘ALMUM
2299 383 2485 440 CXXI.

3486 390 3619 446 1618

2043 494 2388 563 tentationem
2418 510 2575 565 quam
2604 511 2710 550 non
2742 504 2892 565 potes
2936 496 3077 554 ferre
3099 539 3113 564 ,
3160 498 3431 554 intrtitam
3473 510 3619 557 tuum

2039 586 2270 641 custodit
2296 604 2309 640 :
2339 586 2515 642 videte
2543 586 2586 642 si
2611 587 2839 643 custodit
2859 597 2916 645 et
2940 590 3158 644 exitum.
3190 590 3296 646 Sed
3322 592 3502 663 faciet,
3536 593 3619 649 in-

2037 676 2149 745 quit
2172 717 2187 743 ,
2227 693 2339 730 cum
2365 678 2635 732 tentatione
2671 680 2821 732 etiam
2842 680 3053 746 exitum,
3076 689 3131 733 ut
3153 681 3353 751 possitis
3381 683 3621 738 sustinere

2039 765 2081 839 (l
2112 767 2227 820 Cor.
2256 784 2310 832 χ,
2343 768 2453 841 15).
2483 768 2746 840 Numquid
2763 785 3045 841 possumus
3064 786 3182 836 nos,
3214 772 3424 841 fratres,
3457 774 3621 830 inter-

2039 858 2237 928 pretari
2274 857 2464 924 aliter,
2492 874 2649 929 quam
2692 859 2801 931 ipsa
2834 860 2991 917 verba
3022 862 3263 932 Apostoli
3291 861 3620 920 docuerunt?

2038 947 2312 1003 Custodite
2340 964 2468 1019 ergo
2495 964 2623 1016 vos,
2656 949 2748 1005 sed
2787 966 2893 1006 non
2917 966 2946 1004 a
2976 952 3125 1007 vobis
3148 995 3164 1019 ,
3210 956 3333 1025 quia
3362 954 3620 1011 Dominus

2039 1045 2437 1108 tegumentum,
2485 1039 2574 1109 qui
2623 1040 2893 1108 custodit,
2926 1043 3036 1119 _qui
3082 1058 3187 1097 non
3236 1043 3489 1100 dormitat
3520 1060 3620 1101 nec

2038 1128 2252 1184 dormit.
2276 1128 2453 1186 Semel
2473 1131 2722 1186 dormivit
2748 1147 2843 1202 pro
2863 1133 3017 1189 nobis
3046 1151 3059 1189 :
3092 1136 3352 1201 surrexit;
3377 1134 3486 1205 jam
3511 1150 3617 1192 non

2039 1219 2288 1275 dormiet.
2332 1220 2498 1275 Nemo
2525 1221 2592 1277 de
2620 1236 2680 1277 se
2726 1231 3031 1293 praesumat.
3074 1224 3150 1279 De
3175 1225 3420 1280 convalle
3445 1226 3620 1295 plora-

2039 1312 2200 1367 tionis
2235 1313 2570 1369 ascendimus
2595 1355 2611 1383 ,
2656 1329 2761 1369 non
2789 1332 3160 1372 remaneamus
3193 1317 3247 1372 in
3278 1318 3384 1373 via.
3411 1317 3619 1375 Gradus

2039 1402 2092 1456 iu
2137 1404 2218 1457 via
2261 1411 2501 1470 restant;
2556 1419 2659 1459 non
2688 1405 2944 1461 debemus
2986 1407 3120 1480 pigri
3160 1423 3471 1476 remanere,
3514 1424 3619 1465 non

2039 1494 2296 1550 debemus
2326 1496 2538 1567 superbi
2569 1496 2760 1553 cadere
2796 1515 2810 1552 :
2842 1497 3082 1553 dicamus
3113 1499 3242 1565 Deo,
3271 1498 3389 1555 Non
3410 1517 3624 1557 movea-

2041 1594 2128 1640 tur
2170 1601 2264 1656 pcs
2306 1596 2505 1641 noster.
2552 1587 2666 1643 Non
2706 1588 2957 1657 dormiet,
3003 1590 3090 1659 qui
3136 1590 3367 1646 custodit
3395 1606 3512 1646 nos.
3555 1592 3611 1645 lu

2041 1687 2221 1734 nostra
2265 1688 2525 1749 potestate
2571 1688 2682 1745 est,
2730 1679 2840 1736 Deo
2882 1680 3111 1736 donante
3137 1682 3187 1747 ι,
3225 1681 3271 1735 si
3312 1696 3433 1735 eum
3460 1682 3615 1737 nobis
3692 1696 3695 1697 '

2041 1770 2296 1827 faciamus
2336 1771 2612 1827 custodem
2650 1773 2738 1843 qui
2779 1788 2886 1828 non
2917 1772 3115 1827 dormit
3144 1788 3315 1843 neque
3341 1773 3616 1840 dormitat,

2040 1863 2127 1931 qui
2158 1861 2388 1917 custodit
2417 1862 2598 1917 Israel.
2653 1863 2819 1931 Quem
2864 1862 3056 1919 Israel?
3111 1862 3395 1919 Videntem
3434 1863 3620 1919 Deum.

2041 1952 2116 2008 Ita
2142 1955 2244 2010 erit
2283 1955 2534 2010 auxilium
2578 1964 2723 2010 tuum
2755 1971 2784 2010 a
2824 1956 3047 2010 Domino
3072 1997 3089 2024 ,
3121 1956 3191 2011 ita
3218 1957 3321 2011 erit
3352 1966 3625 2028 tegumen-

2044 2055 2152 2101 tum
2181 2055 2325 2101 tuum
2354 2062 2515 2117 super
2537 2062 2752 2101 manum
2794 2046 3031 2103 dexterae
3060 2055 3198 2113 ture;
3232 2046 3304 2101 ita
3330 2047 3627 2105 custoditur

2044 2139 2293 2193 introitus
2335 2148 2459 2194 tuus
2494 2147 2548 2195 et
2574 2139 2745 2194 exitus
2776 2146 2897 2193 tuus
2940 2154 3005 2194 ex
3045 2138 3149 2194 hoc
3198 2154 3339 2195 nunc
3374 2148 3428 2197 et
3456 2157 3626 2211 usque

2044 2229 2096 2284 in
2122 2230 2394 2285 sacculum.
2448 2229 2579 2284 Nam
2607 2230 2649 2284 si
2674 2229 2742 2285 de
2768 2241 2818 2286 te
2858 2231 3261 2301 praesumpseris
3281 2273 3297 2298 ,
3339 2240 3515 2287 motus
3540 2241 3625 2287 est

2045 2338 2139 2393 pes
2170 2332 2326 2388 tuus;
2375 2322 2418 2377 si
2448 2331 2624 2378 motus
2646 2331 2728 2376 est
2755 2338 2846 2393 pes
2879 2333 2999 2377 tuus
3022 2363 3037 2389 ,
3062 2321 3172 2392 jam
3206 2332 3359 2393 putas
3384 2323 3510 2378 tein
3534 2323 3625 2378 ali-

2045 2430 2151 2485 quo
2170 2413 2336 2483 gradu
2365 2428 2483 2468 esse
2513 2431 2525 2466 :
2558 2413 2681 2469 inde
2710 2414 2877 2482 cadis,
2908 2414 2952 2468 si
2980 2413 3242 2483 superbus
3270 2428 3330 2470 es
3353 2430 3369 2481 ;
3392 2414 3510 2485 quia
3534 2414 3626 2469 bu-

2045 2505 2187 2559 milis
2216 2505 2267 2558 in
2297 2504 2537 2560 convalle
2566 2504 2876 2575 plorationis
2904 2504 3027 2558 dicit
3054 2545 3069 2569 ,
3114 2502 3199 2559 Ne
3221 2504 3306 2559 des
3332 2504 3399 2557 ad
3423 2520 3625 2559 moven-

2049 2596 2169 2648 dum
2196 2595 2371 2666 pedem
2398 2612 2583 2649 meum.

2117 2687 2206 2741 15.
2249 2686 2361 2740 Etsi
2389 2686 2563 2741 brevis
2579 2686 2824 2740 Psalmus
2851 2695 2951 2753 est,
2970 2686 3123 2758 longa
3151 2693 3326 2742 tamen
3349 2688 3617 2753 tractatio,

2047 2785 2096 2833 et
2140 2777 2327 2847 longus
2365 2790 2560 2830 sermo.
2592 2775 2811 2841 Putate,
2848 2775 3035 2831 fratres
3058 2816 3075 2843 ,
3106 2775 3228 2846 quia
3268 2790 3361 2846 per
3390 2775 3619 2833 natalem

2047 2867 2217 2923 beatae
2245 2865 2502 2936 Crispina:
2532 2866 2745 2920 invitavi
2773 2880 2869 2921 vos
2892 2908 2906 2934 ,
2939 2874 2993 2921 et
3036 2864 3435 2921 immoderatior
3469 2866 3539 2920 fui
3567 2866 3621 2920 in

2048 2960 2291 3015 convivio
2316 2957 2677 3029 producendo.
2704 2957 2892 3013 Nonne
2934 2965 3113 3027 posset
3151 2955 3254 3012 hoc
3289 2955 3440 3012 vobis
3475 2956 3621 3019 fieri,

2048 3055 2092 3110 si
2114 3054 2232 3125 quis
2251 3067 2346 3107 vos
2368 3050 2609 3107 militaris
2634 3050 2899 3118 invitaret,
2923 3060 2975 3105 et
3000 3050 3067 3104 ad
3094 3064 3326 3105 mensam
3350 3050 3465 3104 sine
3487 3064 3630 3104 men-

2050 3161 2171 3201 sura
2197 3146 2379 3201 bibere
2398 3144 2645 3214 cogeret?
2668 3142 2846 3197 Liceat
2872 3141 3024 3198 nobis
3050 3141 3151 3197 hoc
3178 3141 3351 3197 facere
3372 3141 3424 3197 in
3446 3140 3626 3197 divino

2050 3254 2318 3303 sermone,
2343 3247 2401 3292 ut
2426 3235 2759 3291 iuebriemiui
2791 3244 2842 3289 et
2868 3234 3152 3300 satiemiui,
3177 3231 3625 3304 quemadmodum

2048 3338 2103 3384 et
2130 3330 2382 3383 Dominus
2412 3326 2586 3398 pluvia
2616 3341 2709 3381 sua
2742 3325 3017 3396 temporali
3044 3325 3287 3395 dignatus
3315 3333 3397 3379 est
3426 3332 3625 3379 terram

2050 3418 2291 3488 irrigare,
2323 3425 2382 3471 ut
2408 3432 2530 3473 cum
2556 3415 2758 3485 majore
2786 3413 2977 3486 gaudio
3004 3429 3102 3469 nos
3129 3414 3326 3469 sineret
3352 3414 3429 3468 ire
3455 3411 3522 3468 ad
3550 3412 3632 3468 lo-

2050 3525 2169 3565 cum
2214 3519 2504 3582 martyrum
2530 3549 2547 3575 ,
2589 3508 2726 3563 sicut
2766 3507 3019 3561 hesterno
3059 3504 3145 3561 die
3195 3504 3631 3575 promiseramus.

2051 3604 2129 3659 llli
2162 3605 2303 3659 enim
2336 3610 2596 3673 martyres
2621 3599 2737 3656 sine
2765 3598 2947 3655 labore
2976 3598 3062 3652 hic
3087 3605 3211 3653 sunt
3236 3596 3532 3653 nobiscum.

2460 3808 2540 3867 IN
2582 3804 2965 3868 PSALMUM
3007 3804 3212 3866 CXXI

2634 3924 3047 3981 ENARRATIO.

2569 4052 2740 4093 εειιιιο
2765 4053 2833 4092 ΔΙ)
2861 4051 3086 4093 ιδιΕΒι-ιιι.

2130 4156 2182 4210 Ι.
2224 4154 2374 4210 Sicut
2396 4167 2548 4209 amor
2572 4151 2876 4208 immundus
2900 4150 3191 4205 inﬂammat
3215 4150 3468 4217 animam,
3497 4158 3549 4205 et
3568 4148 3636 4205 ad

2059 4255 2265 4303 terrena
2292 4243 2715 4315 concupiscenda
2735 4252 2789 4299 et
2813 4244 3044 4313 peritura
3067 4242 3317 4298 sectanda
3345 4242 3635 4313 perituram

2057 4346 2249 4402 vocat,
2286 4345 2341 4392 et
2370 4337 2423 4391 in
2470 4336 2574 4390 ima
2619 4334 2953 4404 praecipitat,
2985 4342 3144 4403 atque
3173 4334 3224 4388 in
3255 4332 3513 4405 profunda
3542 4332 3640 4391 de-

2060 4428 2249 4499 mergit
2279 4445 2291 4482 :
2322 4427 2403 4482 sic
2445 4441 2595 4481 amor
2632 4434 2848 4480 sanctus
2892 4424 2959 4479 ad
3006 4439 3235 4494 superna
3281 4424 3452 4491 levat,
3485 4432 3539 4479 et
3575 4422 3642 4479 ad

2060 4530 2259 4575 aeterna
2289 4516 2599 4583 inﬂammat,
2625 4522 2680 4569 et
2705 4514 2771 4570 ad
2797 4530 2859 4570 ea
2889 4530 3008 4586 qua:
3031 4528 3136 4569 non
3168 4523 3443 4570 transeunt
3472 4528 3645 4583 neque

2062 4609 2394 4675 moriuntur,
2422 4606 2626 4662 excitat
2666 4606 2897 4660 animam
2921 4646 2936 4672 ,
2967 4613 3021 4661 et
3049 4604 3116 4659 de
3160 4603 3420 4675 profundo
3450 4602 3643 4657 inferni

2062 4701 2200 4756 levat
2228 4699 2292 4755 ad
2325 4697 2539 4753 coelum.
2568 4697 2741 4755 Habet
2768 4705 2942 4750 tamen
2971 4695 3144 4750 omnis
3169 4710 3319 4749 amor
3343 4694 3448 4747 vim
3470 4707 3639 4758 suam,

2064 4807 2165 4847 nec
2194 4798 2365 4861 potest
2396 4803 2585 4843 vacare
2626 4804 2779 4844 amor
2806 4787 2858 4842 in
2905 4787 3079 4841 anima
3122 4784 3382 4848 amantis;
3426 4795 3645 4837 necesse

2065 4892 2148 4939 est
2184 4882 2360 4936 ducat.
2403 4880 2508 4937 Sed
2536 4881 2618 4935 vis
2657 4893 2815 4935 nosse
2857 4877 3028 4948 qualis
3057 4890 3207 4929 amor
3249 4873 3353 4927 sit?
3387 4872 3516 4926 Vide
3542 4885 3648 4941 quo

2067 4973 2243 5028 ducat.
2273 4972 2387 5027 Non
2418 4987 2546 5041 ergo
2577 4983 2853 5024 monemus
2881 4976 2938 5021 ut
2984 4964 3113 5019 nihil
3144 4964 3365 5029 ametis;
3411 4962 3503 5018 sed
3534 4978 3649 5016 mo—

2067 5078 2259 5119 nemus
2277 5078 2345 5117 ne
2370 5061 2621 5118 mundum
2648 5059 2855 5122 ametis,
2885 5065 2941 5110 ut
2964 5070 3083 5111 eum
3107 5054 3197 5125 qui
3226 5053 3350 5109 fecit
3370 5051 3646 5120 mundum,

2070 5155 2237 5210 libere
2274 5154 2485 5208 ametis.
2515 5150 2751 5221 Obligata
2782 5148 2921 5204 enim
2962 5146 3135 5200 anima
3185 5159 3369 5199 amore
3395 5153 3607 5199 terreno
3634 5186 3649 5208 ,

2070 5246 2221 5317 quasi
2250 5246 2453 5301 viscum
2493 5242 2653 5297 habet
2702 5242 2752 5294 in
2801 5238 3020 5309 pennis;
3066 5236 3246 5291 volare
3300 5251 3405 5291 non
3455 5243 3650 5306 potest.

2072 5336 2321 5393 Mandata
2351 5349 2479 5389 vero
2504 5332 2570 5387 ab
2599 5329 2875 5386 affectibus
2903 5326 3285 5384 sordidissimis
3315 5326 3517 5392 saeculi,
3552 5333 3659 5380 tan.

2071 5444 2231 5501 quam
2259 5425 2492 5482 extensis
2513 5422 2701 5494 pennis
2726 5431 2777 5477 et
2797 5419 3001 5475 duabus
3030 5420 3127 5475 alis
3153 5420 3400 5476 resolutis
3426 5419 3492 5474 ab
3512 5418 3659 5473 omni

2074 5516 2473 5589 impedimento,
2494 5514 2543 5569 id
2560 5511 2872 5581 est,duobus
2890 5510 3167 5583 praeceptis
3185 5510 3482 5567 dilectionis
3500 5508 3591 5563 Dei
3609 5517 3665 5563 et

2076 5608 2372 5667 dilectionis
2386 5606 2618 5679 proximi
2639 5605 2798 5659 volat.
2821 5603 2957 5671 Quo,
2976 5603 3076 5659 nisi
3099 5602 3165 5658 ad
3188 5603 3351 5658 Deum
3368 5597 3665 5656 ascendens

2076 5700 2326 5768 volando,
2354 5700 2475 5770 quia
2501 5696 2738 5754 ascendit
2767 5696 3028 5751 amando?
3054 5693 3204 5764 Quod
3227 5700 3511 5763 antequam
3540 5704 3664 5760 pos-

2150 5812 2163 5842 ¹
2195 5817 2300 5859 MSS.
2328 5821 2420 5859 non
2444 5808 2644 5870 habent,
2674 5815 2771 5858 Deo
2796 5805 3014 5857 donante.
