4160 6456
623 411 758 469 1619
1861 394 1917 453 S.
1961 390 2324 451 AL’GUSTINI
2366 395 2665 454 EPISCOPI
3708 413 3817 470 1620

617 531 705 597 sit,
730 528 893 596 gemit
914 529 965 582 in
989 537 1145 589 terra,
1174 523 1216 577 si
1238 524 1347 592 jam
1373 520 1511 575 inest
1531 519 1579 573 ci
1604 515 1809 572 volandi
1835 511 2191 575 desiderium;

601 611 670 679 ἐι
696 622 826 677 dicit
855 638 866 673 :
904 619 1027 687 Quis
1052 615 1189 669 dabit
1214 608 1337 668 niihi
1369 627 1557 683 pennas
1584 611 1711 664 sicut
1736 606 1978 662 columba:
2000 648 2015 673 ,
2044 612 2087 660 et
2112 620 2195 658 vo-

616 712 751 779 labo,
774 721 818 766 et
839 710 1143 780 requiescam
1172 703 1341 777 (Psal.
1371 719 1475 766 LIV,
1507 700 1609 773 7)?
1635 700 1749 768 Quo
1778 709 1955 752 autem
1976 695 2192 761 volabit,

615 804 716 861 nisi
737 803 802 858 de
826 800 1016 856 mediis
1042 797 1324 862 scandalis,
1347 794 1434 851 ubi
1460 793 1706 864 gemebat
1732 792 1889 847 etiam
1923 790 2020 844 iste
2045 787 2196 857 cujus

614 896 728 950 haec
755 909 857 949 vox
898 900 981 948 est
1025 906 1184 962 quam
1227 885 1677 945 commemoravi?
1715 882 1794 938 De
1836 881 2027 935 mediis
2068 894 2195 949 ergo

611 986 905 1052 scandalis,
938 1000 967 1038 a
993 981 1374 1039 commixtione
1413 978 1674 1033 malorum
1701 974 1975 1029 hominum
1998 1013 2011 1038 ,
2039 986 2067 1025 a
2096 986 2192 1042 pa-

610 1076 709 1132 leis
730 1074 923 1146 quibus
950 1087 1113 1144 grana
1140 1069 1426 1127 commixta
1458 1075 1600 1132 sunt,
1620 1065 1800 1119 volare
1820 1064 1954 1129 vult,
1978 1062 2065 1116 ubi
2088 1076 2190 1115 non

610 1170 840 1241 patiatur
869 1166 1299 1237 conjunctionem
1327 1171 1379 1216 et
1408 1161 1715 1216 societatem
1744 1156 1906 1226 iniqui
1934 1154 2154 1223 alicujus
2173 1194 2188 1218 ,

610 1258 706 1316 sed
734 1260 875 1314 vivat
918 1259 971 1312 in
1014 1264 1196 1311 sancta
1242 1253 1494 1309 societate
1536 1249 1860 1319 Angelorum
1902 1246 2095 1300 civium
2137 1244 2189 1299 in

610 1359 809 1407 mterna
838 1348 1154 1405 Jerusalem.

678 1445 733 1500 2.
767 1444 916 1516 {vers.
945 1441 1024 1514 1.]
1051 1440 1173 1495 Ideo
1196 1437 1429 1507 psalmus
1450 1435 1570 1500 istc,
1592 1446 1747 1502 quem
1773 1429 1929 1484 hodie
1953 1426 2188 1496 suscepi-

609 1552 727 1592 mus
746 1533 1075 1591 tractandum
1095 1528 1371 1586 Sanctitati
1387 1535 1596 1592 vestras,
1612 1525 1777 1594 ipsam
1796 1520 2087 1577 Jerusalem
2107 1518 2189 1573 de

538 1676 541 1679 λ
606 1628 824 1691 siderat,
841 1625 888 1680 id
904 1633 1004 1691 est,
1021 1625 1118 1677 iste
1134 1621 1223 1692 (ιυί
1240 1617 1478 1675 ascendit
1494 1617 1544 1671 in
1564 1615 1663 1670 hoc
1680 1614 1881 1683 psalmo
1896 1630 1909 1666 :
1924 1620 2004 1667 est
2021 1610 2184 1677 enim,

606 1717 866 1773 Canticum
895 1716 1184 1786 graduum;
1213 1710 1353 1783 quod
1383 1723 1525 1777 saepe
1550 1706 1780 1761 diximus
1807 1700 2065 1757 Charitati
2092 1715 2183 1753 ve-

607 1810 875 1880 stras,quia
891 1824 995 1863 non
1006 1804 1332 1875 suntgradus
1344 1795 1890 1859 istidescendentium,
1906 1793 1998 1849 sed
2011 1807 2188 1847 ascen-

604 1903 840 1958 dentium
861 1900 955 1972 (a).
970 1897 1273 1953 Ascendere
1290 1910 1416 1966 ergo
1426 1894 1537 1948 vult
1554 1892 1671 1946 iste.
1688 1889 1754 1943 Et
1769 1903 1875 1959 quo
1890 1887 2187 1941 vultascen-

604 1994 752 2059 dere,
778 1992 877 2047 nisi
903 1992 957 2046 in
979 1989 1210 2045 coelum?
1230 1986 1362 2055 Quid
1394 1993 1495 2051 est,
1516 1984 1567 2038 in
1596 1980 1825 2037 coelum?
1850 1977 2037 2034 Utrum
2066 1976 2186 2031 ideo

605 2086 721 2140 vult
739 2084 1047 2149 ascendere,
1073 2091 1131 2135 ut
1150 2080 1217 2134 sit
1236 2095 1353 2134 cum
1373 2077 1484 2131 sole
1505 2075 1694 2130 etluna
1717 2080 1771 2127 et
1786 2070 1990 2126 stellis?
2014 2069 2179 2123 Absit.

602 2177 709 2235 Sed
735 2186 817 2232 est
842 2177 893 2231 in
920 2174 1057 2230 cazlo
1081 2181 1277 2227 :eterna
1299 2168 1618 2229 Jerusalem,
1651 2166 1737 2221 ubi
1766 2171 1888 2219 sunt
1916 2163 2059 2217 cives
2089 2176 2185 2215 no-

601 2268 697 2323 stri
729 2265 915 2337 Angeli
948 2282 960 2318 :
996 2265 1063 2320 ab
1094 2264 1220 2333 ipsis
1248 2261 1449 2317 civibus
1478 2258 1673 2313 nostris
1705 2256 2100 2327 peregrinamur
2129 2253 2180 2307 in

600 2369 760 2417 terra.
790 2359 845 2413 ln
878 2355 1302 2427 peregrinatione
1330 2352 1694 2423 suspiramus;
1728 2350 1781 2404 in
1809 2348 2024 2404 civitate
2049 2362 2180 2417 gau-

598 2448 861 2505 debimus.
892 2446 1194 2501 Invenimus
1232 2454 1407 2499 autem
1435 2450 1491 2498 et
1528 2442 1701 2497 socios
1729 2440 1782 2495 in
1812 2440 1909 2494 ista
1943 2438 2179 2509 peregri-

597 2539 829 2604 natione,
855 2537 941 2607 qui
962 2536 1073 2606 jam
1100 2534 1346 2590 viderunt
1374 2533 1542 2603 ipsam
1568 2531 1856 2594 civitatem,
1879 2538 1933 2584 et
1958 2528 2183 2584 invitant

597 2645 698 2687 nos
724 2639 782 2686 ut
809 2644 1084 2685 curramus
1109 2628 1173 2683 ad
1206 2627 1368 2682 illam.
1403 2624 1483 2680 Ad
1512 2625 1609 2679 hos
1652 2622 1845 2694 gaudet
1873 2622 1973 2677 iste
2013 2621 2103 2690 qui
2127 2628 2182 2676 et

594 2722 743 2790 dicit,
765 2722 1087 2776 Jucundatus
1112 2737 1223 2775 sum
1252 2721 1303 2774 in
1335 2719 1412 2773 his
1437 2718 1522 2789 qui
1545 2718 1782 2772 dixerunt
1808 2716 1932 2770 mihi
1952 2758 1965 2783 ,
1995 2714 2061 2768 In
2087 2714 2179 2768 do-

595 2830 732 2866 mum
762 2811 964 2866 Domini
990 2812 1189 2865 ibimus.
1232 2811 1463 2875 Fratres,
1492 2809 1669 2863 veniat
1695 2809 1747 2862 in
1776 2815 2005 2862 mentem
2034 2802 2176 2859 Cha-

595 2901 739 2956 ritati
764 2910 972 2966 vestrae,
1001 2901 1045 2957 si
1071 2916 1175 2970 qua
1205 2899 1339 2955 forte
1366 2897 1619 2954 festivitas
1645 2905 1933 2968 martyrum
1955 2903 2006 2949 et
2028 2895 2177 2950 locus

594 2992 786 3063 aliquis
813 3000 1026 3046 sanctus
1054 2990 1390 3057 nominatur,
1421 3003 1526 3059 quo
1552 2996 1699 3043 certo
1737 2986 1823 3042 die
1852 2985 2019 3040 turbae
2044 2999 2175 3040 con-

593 3085 761 3141 ﬂuant
784 3086 852 3141 ad
876 3084 1250 3141 celebrandam
1276 3083 1695 3149 solemnitatem;
1724 3082 1825 3136 illa:
1851 3067 2017 3138 turba:
2045 3097 2178 3153 quo-

591 3179 752 3235 modo
771 3195 829 3235 se
849 3179 1193 3250 exsuscitant,
1217 3176 1484 3249 quomodo
1509 3191 1567 3231 se
1588 3175 1867 3231 hortantur
1887 3184 1935 3230 et
1959 3174 2170 3230 dicunt:

590 3269 806 3337 Eamus,
839 3284 1041 3325 eamus.
1074 3268 1141 3324 Et
1165 3276 1407 3339 qumrunt
1431 3307 1445 3331 ,
1476 3265 1592 3335 Quo
1621 3264 1839 3321 eamus?
1868 3265 1933 3319 Et
1959 3263 2169 3331 dicitur,

587 3360 671 3416 Ad
702 3360 846 3415 illum
877 3361 1051 3417 locum
1076 3402 1090 3424 ,
1122 3359 1188 3415 ad
1212 3369 1452 3415 sanctum
1479 3359 1674 3413 locum.
1709 3357 1935 3412 Invicem
1966 3356 2065 3412 sibi
2089 3356 2174 3411 lo-

587 3460 843 3525 quuntur,
876 3460 931 3505 et
960 3458 1210 3521 tanquam
1237 3448 1438 3505 incensi
1462 3448 1765 3519 singillatim
1792 3447 1991 3503 faciunt
2011 3462 2171 3503 unam

586 3537 855 3594 ﬂammam
886 3558 897 3594 :
928 3550 982 3595 et
1010 3540 1123 3611 ipsa
1151 3555 1251 3593 una
1292 3539 1505 3593 ﬂamma
1547 3538 1682 3593 iacta
1725 3553 1789 3592 ex
1817 3538 2171 3593 collocutione

586 3646 709 3688 sese
737 3631 1137 3687 aceendentinm
1166 3631 1303 3699 rapit
1348 3629 1467 3684 illos
1508 3629 1575 3683 ad
1603 3629 1776 3682 locum
1808 3635 2047 3682 sanctum
2068 3670 2085 3696 ,
2116 3637 2171 3683 et

585 3721 837 3793 cogitatio
859 3731 1040 3777 sancta
1069 3720 1361 3775 sanctiﬁcat
1385 3734 1498 3774 eos.
1528 3717 1582 3774 Si
1606 3732 1732 3788 ergo
1753 3716 1819 3771 ad
1842 3718 2013 3772 locum
2037 3727 2170 3772 tem-

586 3813 821 3883 poralem
852 3813 929 3867 sic
958 3813 1096 3882 rapit
1133 3827 1282 3867 amor
1324 3818 1574 3876 sanctus;
1619 3807 1789 3879 qualis
1832 3822 1984 3862 amor
2011 3807 2171 3863 debet

582 3917 702 3959 esse
724 3903 813 3974 qui
836 3902 1128 3958 concordes
1155 3902 1293 3972 rapit
1323 3902 1374 3956 in
1416 3900 1610 3956 coelum
1639 3942 1651 3965 ,
1681 3909 1734 3955 et
1759 3898 1998 3954 dicentes
2024 3898 2124 3953 sibi
2150 3940 2165 3964 ,

580 3991 650 4049 In
675 3994 880 4048 domum
902 3993 1109 4048 Domini
1136 3993 1352 4047 ibimus?
1384 3993 1521 4062 Ergo
1549 4006 1841 4055 curramus,
1869 4004 2165 4056 curramus,

580 4084 703 4157 quia
734 4085 783 4138 in
815 4084 1029 4139 domum
1058 4084 1267 4138 Domini
1301 4082 1513 4137 ibimus.
1547 4081 1853 4145 Curramus,
1887 4091 2065 4136 etnon
2093 4079 2168 4135 fa-

584 4177 842 4248 tigentur;
873 4177 992 4246 quia
1019 4177 1139 4230 illuc
1164 4176 1553 4245 perveniemus,
1581 4174 1669 4228 ubi
1696 4188 1801 4229 non
1828 4172 2161 4228 lassabimur.

580 4266 871 4322 Curramus
901 4267 953 4320 in
980 4267 1196 4321 domum
1244 4266 1492 4335 Domini,
1516 4265 1837 4335 jucundetur
1866 4265 2040 4319 anima
2070 4280 2165 4318 no—

580 4365 688 4413 stra
721 4355 771 4409 in
800 4356 885 4411 his
928 4358 1017 4427 qui
1061 4374 1124 4413 ea
1172 4359 1324 4413 nobis
1361 4358 1560 4412 dicunt.
1608 4356 1709 4424 Qui
1751 4356 1891 4411 enim
1922 4370 1983 4410 ea
2015 4356 2166 4411 nobis

581 4447 783 4514 dicunt,
817 4449 1021 4517 priores
1051 4448 1299 4504 viderunt
1323 4449 1489 4517 ipsam
1516 4448 1761 4517 patriam,
1792 4447 1859 4501 de
1882 4445 2166 4515 longinquo

579 4542 869 4596 clamantes
895 4540 963 4596 ad
994 4542 1313 4612 posteriores
1336 4582 1349 4603 ,
1376 4540 1442 4594 In
1480 4540 1685 4593 domum
1709 4538 1913 4592 Domini
1940 4538 2118 4593 ibimus
2147 4554 2165 4593 :

579 4630 849 4687 ambulate
873 4674 887 4697 ,
917 4631 1135 4687 currite.
1166 4630 1419 4686 Viderunt
1448 4630 1591 4685 illam
1620 4630 1862 4699 Apostoli
1884 4673 1897 4696 ,
1931 4639 1984 4685 et
2010 4629 2163 4684 dixe-

578 4735 703 4786 runt
727 4725 900 4793 nobis,
932 4724 1159 4789 Currite,
1193 4723 1483 4792 ambulate,
1515 4724 1836 4793 sequimini;
1871 4720 1933 4776 In
1959 4723 2164 4776 domum

578 4815 786 4872 Domini
817 4816 1017 4874 ibimus.
1056 4816 1122 4871 Et
1149 4815 1275 4885 quid
1320 4815 1448 4870 dicit
1492 4814 1853 4884 unusquisque
1882 4815 2163 4868 nostrum?

575 4908 898 4964 Jucundatus
921 4926 1033 4963 sum
1074 4908 1127 4961 in
1168 4908 1245 4961 his
1287 4907 1370 4976 qui
1399 4905 1636 4959 dixerunt
1676 4905 1799 4957 mihi
1819 4947 1833 4969 ,
1869 4904 1934 4958 In
1960 4905 2162 4958 domum

578 4999 781 5055 Domini
796 5000 993 5054 ibimus.
1025 4997 1353 5054 Jncundatus
1370 5012 1485 5051 sum
1514 4996 1564 5049 in
1588 4995 1883 5065 Prophetis,
1898 4993 2158 5063 jucunda-

577 5100 659 5146 tus
681 5107 797 5145 sum
821 5090 873 5145 in
896 5089 1183 5160 Apostolis.
1207 5088 1404 5143 Omnes
1425 5088 1563 5140 enim
1596 5084 1679 5139 isti
1710 5083 1956 5139 dixerunt
1983 5083 2156 5153 nobis,

575 5179 643 5235 In
672 5180 873 5236 domum
899 5180 1105 5235 Domini
1134 5181 1332 5234 ibimus.

645 5273 698 5330 5.
730 5270 875 5344 [vers.
909 5272 989 5346 9...]
1030 5272 1232 5327 Stantes
1252 5282 1393 5325 erant
1415 5269 1562 5341 pedes
1592 5268 1749 5322 nostri
1779 5268 1829 5321 in
1850 5268 1991 5322 atriis
2019 5268 2036 5298 ¹
2064 5266 2158 5321 Je-

572 5362 810 5417 rusalem.
835 5363 973 5419 Ecce
999 5362 1157 5419 habes
1178 5363 1391 5417 domum
1420 5360 1649 5426 Domini,
1674 5360 1716 5413 si
1739 5358 2013 5429 qumrebas
2034 5359 2159 5427 quid

574 5455 644 5510 sit
668 5455 860 5509 domus
887 5454 1115 5509 Domini.
1151 5454 1204 5507 ln
1247 5454 1335 5507 illa
1364 5453 1523 5507 domo
1556 5450 1763 5504 Domini
1793 5449 2038 5503 laudatur
2067 5450 2157 5517 qui

570 5547 808 5607 condidit
839 5547 1054 5602 domum
1085 5563 1097 5598 :
1137 5545 1249 5615 ipse
1287 5542 1491 5598 delicia:
1532 5542 1767 5596 omnium
1809 5540 2157 5595 habitantium

573 5643 625 5699 in
651 5643 851 5709 domo;
886 5641 999 5713 ipse
1023 5641 1137 5696 sola
1162 5653 1283 5710 spes
1311 5638 1417 5706 hic,
1446 5645 1500 5693 et
1528 5651 1615 5693 res
1643 5637 1732 5691 ibi.
1767 5638 1903 5708 Ergo
1923 5636 2009 5708 qui
2038 5651 2158 5692 cur-

636 5803 649 5832 ¹
678 5807 780 5850 Duo
801 5807 985 5850 tantum
1006 5806 1133 5856 Mss,
1165 5797 1215 5847 in
1234 5793 1372 5846 atriis
1394 5794 1503 5845 tuis.

632 5864 705 5924 (α)
731 5869 779 5913 la
801 5860 918 5914 Psal.
941 5855 1140 5923 xxxviii,
1163 5874 1211 5910 η.
1233 5858 1291 5922 2;
1320 5865 1371 5909 et
1392 5858 1439 5908 in
1460 5855 1577 5907 l‘sal.
1606 5869 1736 5918 cxix,
1772 5870 1817 5906 [ι.
1852 5856 1946 5904 1-3.

2308 519 2450 578 runt,
2481 512 2605 582 quid
2636 512 2832 568 debent
2858 514 3128 584 cogitare?
3154 514 3310 583 Quasi
3340 517 3407 573 ibi
3434 520 3533 589 jam
3558 525 3669 591 sint,
3695 537 3739 582 et
3762 530 3816 586 ibi

2302 612 2461 657 stent.
2490 603 2732 673 Magnum
2773 607 2913 659 enim
2945 616 3028 661 est
3065 607 3134 663 ibi
3179 616 3319 665 stare
3358 610 3492 666 inter
3519 614 3816 686 Angelos,et

2302 710 2407 749 non
2438 696 2687 753 deficere.
2729 698 2829 765 Qui
2871 699 3011 753 enim
3060 699 3188 755 inde
3208 701 3386 772 lapsus
3423 713 3536 771 est,
3564 706 3613 760 in
3638 712 3817 771 veritate

2302 800 2405 841 non
2434 788 2579 842 stetit
2602 787 2778 859 (Joan.
2807 805 2917 855 vm,
2948 791 3069 862 M).
3098 792 3421 864 Quicumque
3448 812 3546 851 non
3573 804 3816 875 suntlapsi,

2300 877 2353 932 in
2385 877 2605 935 veritate
2648 888 2790 936 stant
2818 898 2831 935 :
2859 889 2914 937 et
2956 882 3045 938 ille
3087 892 3223 951 stat,
3255 887 3343 956 qui
3383 887 3487 942 Deo
3524 889 3716 957 fruitur;
3750 901 3819 967 qui

2298 977 2475 1025 autem
2498 986 2555 1027 se
2582 972 2682 1027 frui
2711 974 2957 1043 voluerit,
2982 975 3141 1030 cadit.
3171 976 3299 1045 Quis
3321 988 3491 1035 autem
3517 996 3571 1036 se
3594 982 3681 1039 frui
3700 988 3822 1044 vult?

2297 1061 2397 1129 Qui
2428 1064 2687 1133 superbus
2715 1074 2815 1121 est.
2848 1064 2971 1122 ideo
3000 1067 3089 1123 ille
3126 1069 3215 1139 qui
3260 1083 3471 1140 semper
3496 1082 3625 1129 stare
3650 1077 3821 1135 volebat

2296 1157 2349 1211 in
2379 1159 2528 1229 atriis
2554 1159 2845 1216 Jerusalem
2865 1204 2879 1229 ,
2916 1162 2982 1217 In
3008 1164 3196 1219 lumine
3221 1172 3307 1218 tuo
3328 1206 3343 1231 ,
3367 1165 3546 1236 inquit,
3573 1169 3822 1228 videbimuss

2296 1250 2498 1316 lumen;
2523 1268 2653 1321 non,
2680 1254 2732 1308 in
2758 1254 2958 1311 lumine
2988 1271 3109 1311 meo
3143 1275 3155 1309 :
3186 1265 3260 1324 et,
3290 1258 3440 1327 Apud
3460 1268 3523 1325 te,
3550 1260 3714 1330 inquit,
3734 1265 3804 1332 fon
3838 1284 3843 1303 ι

2294 1344 2445 1410 vitaz;
2472 1361 2600 1410 non,
2629 1345 2768 1415 apud
2794 1361 2900 1401 me.
2928 1346 2995 1401 Et
3016 1347 3139 1418 quid
3164 1347 3398 1417 adjecit?
3424 1347 3538 1403 Non
3564 1353 3707 1405 veniat
3724 1355 3823 1408 mihi

2295 1451 2381 1505 pes
2410 1436 2673 1505 superbire,
2701 1447 2747 1491 et
2770 1454 2947 1493 manus
2973 1449 3291 1510 peccatorum
3330 1457 3428 1493 non
3453 1451 3631 1494 moveat
3652 1459 3734 1497 me.
3758 1442 3823 1499 lbi

2293 1526 2576 1582 ceciderunt
2624 1545 2794 1583 omnes
2840 1532 2925 1600 qui
2969 1542 3243 1600 aperautur
3286 1532 3626 1601 iniquitatem;
3663 1538 3823 1606 expulsi

2293 1629 2429 1685 sunt,
2458 1638 2558 1674 non
2586 1630 2852 1692 potuerunt
2876 1633 3008 1678 stare
3038 1623 3203 1695 (Psal.
3236 1641 3403 1691 xxxv,
3433 1626 3517 1692 10,
3551 1627 3629 1693 l2,
3651 1628 3756 1699 l3).
3778 1629 3822 1686 Si

2292 1726 2423 1782 ergo
2453 1712 2524 1766 illi
2556 1728 2661 1767 non
2703 1724 2989 1783 potuerunt
3028 1726 3171 1771 stare
3193 1760 3208 1784 ,
3237 1717 3362 1787 quia
3388 1718 3590 1788 superbi
3618 1718 3819 1789 fuerunt;

2291 1803 2563 1859 humiliter
2586 1807 2833 1873 ascende,
2858 1818 2915 1863 nt
2939 1808 3106 1877 dicas,
3136 1809 3342 1865 Stantes
3371 1819 3509 1864 erant
3535 1812 3673 1882 pedes
3696 1815 3824 1868 nostri

2290 1897 2344 1950 in
2368 1898 2509 1952 atriis
2546 1899 2845 1954 Jerusalem.
2894 1902 3074 1972 Cogita
3121 1904 3295 1973 qualis
3327 1903 3396 1957 ibi
3434 1902 3628 1960 futurus
3665 1906 3755 1973 sis;
3781 1921 3821 1964 et

2290 1990 2531 2058 quamvis
2561 1989 2734 2045 adhuc
2761 1991 2810 2045 in
2843 1992 2924 2046 via
2952 1992 3045 2061 sis,
3083 1994 3183 2050 hoc
3211 1994 3303 2049 tibi
3335 2010 3468 2065 pone
3493 2004 3608 2052 ante
3634 1998 3816 2065 oculos,

2290 2079 2439 2148 quasi
2468 2079 2538 2133 ibi
2580 2090 2722 2147 stes,
2764 2082 2913 2151 quasi
2954 2083 3061 2151 jam
3108 2084 3249 2138 inter
3288 2084 3517 2156 Angelos
3558 2086 3820 2143 indeliciens

2287 2171 2540 2242 gaudeas,
2570 2179 2623 2227 et
2654 2173 2741 2227 liat
2767 2173 2819 2227 in
2848 2182 2899 2228 te.
2928 2173 3066 2245 quod
3092 2176 3292 2229 dictum
3324 2184 3424 2240 cst,
3454 2175 3588 2230 Beati
3613 2178 3687 2246 qui
3708 2178 3820 2231 habi-

2288 2269 2395 2314 tant
2425 2263 2475 2315 in
2516 2263 2666 2317 domo
2710 2272 2838 2328 tua;
2876 2266 2926 2317 in
2969 2267 3151 2320 smcula
3190 2269 3488 2321 steculorum
3524 2268 3820 2325 laudabuntte

2287 2351 2456 2424 (Psal.
2493 2370 2702 2410 Lxxxm
2722 2398 2737 2423 ,
2769 2356 2858 2428 5).
2891 2356 3095 2412 Stantes
3126 2368 3274 2413 erant
3302 2361 3448 2432 pedes
3473 2361 3619 2415 nostri
3642 2363 3688 2416 in
3710 2363 3822 2419 atriis

2283 2442 2586 2500 Jerusalem.
2618 2447 2781 2517 Cujus
2809 2447 3146 2504 Jerusalem?
3185 2449 3344 2506 Solet
3380 2452 3516 2507 enim
3543 2452 3639 2509 dici
3677 2462 3721 2508 et
3744 2454 3818 2508 ista

2282 2537 2613 2607 Jerusalem;
2660 2539 2752 2596 sed
2784 2541 2881 2596 ista
2912 2540 3203 2597 Jerusalem
3259 2545 3445 2599 umbra
3480 2552 3557 2599 est
3599 2544 3736 2599 illius.
3770 2544 3821 2599 Et

2282 2629 2408 2701 quid
2432 2646 2679 2701 magnum
2705 2640 2787 2687 est
2815 2642 2957 2688 stare
2982 2632 3034 2688 in
3058 2634 3157 2689 ista
3184 2633 3506 2699 Jerusalem,
3533 2635 3719 2707 quando
3742 2635 3817 2691 ista

2280 2721 2572 2778 Jerusalem
2604 2733 2744 2779 stare
2784 2739 2888 2779 non
2920 2725 3111 2795 potuit,
3144 2742 3273 2796 quae
3302 2727 3352 2782 in
3386 2727 3582 2792 ruinam
3608 2740 3815 2783 conversa

2281 2813 2400 2868 est?
2430 2812 2542 2867 lloc
2568 2828 2695 2885 ergo
2726 2829 2822 2884 pro
2850 2830 3041 2886 magno
3067 2815 3304 2886 Spiritus
3331 2826 3541 2874 sanctus
3566 2833 3624 2874 ex
3645 2815 3815 2873 inﬂam-

2281 2914 2425 2958 mato
2448 2903 2607 2959 corde
2633 2906 2860 2961 amantis
2886 2906 3042 2977 hujus
3069 2907 3366 2979 eloquitur,
3394 2912 3509 2982 quia
3533 2909 3666 2975 dicit,
3689 2909 3813 2964 Stan-

2279 3005 2352 3050 tes
2379 3007 2521 3050 erant
2562 2997 2711 3068 pedes
2754 3000 2911 3053 nostri
2946 3000 2999 3054 in
3036 3001 3178 3055 atriis
3207 3000 3533 3058 Jerusalem?
3560 3016 3712 3058 nonne
3742 2999 3809 3055 illa

2277 3100 2360 3147 est
2387 3091 2708 3160 Jerusalem,
2737 3093 2818 3148 cui
2851 3094 2982 3149 dixit
3009 3095 3291 3162 Dominus,
3323 3097 3612 3162 Jerusalem,
3636 3094 3808 3150 Jerusa-

2279 3182 2375 3236 lem
2394 3223 2408 3249 ,
2439 3199 2549 3253 qua:
2574 3184 2814 3253 interﬁcis
2844 3184 3128 3257 Pmphetas
3154 3230 3167 3252 ,
3201 3199 3250 3242 et
3293 3188 3489 3259 lapides
3517 3188 3675 3242 missos
3698 3184 3753 3239 ad
3774 3193 3809 3239 te

2282 3270 2491 3343 (Matth.
2520 3290 2668 3338 xxiii,
2701 3274 2804 3347 57)
2827 3275 2849 3327 ?
2876 3275 3011 3344 Quid
3044 3293 3295 3349 magnum
3326 3294 3449 3349 ergo
3478 3278 3573 3334 iste
3597 3274 3807 3344 concupi-

2274 3366 2473 3432 scebat,
2507 3374 2649 3422 stare
2679 3367 2818 3423 inter
2846 3368 2964 3424 illos
2993 3370 3080 3440 qni
3112 3371 3497 3426 interliciebant
3521 3368 3805 3439 Prophetas.

2275 3468 2330 3513 et
2349 3458 2653 3529 lapidabant
2675 3460 2867 3516 missos
2888 3461 2954 3516 ad
2979 3462 3071 3516 se?
3096 3462 3253 3517 Absit
3277 3472 3336 3517 ut
3358 3463 3423 3518 de
3443 3464 3535 3519 ista
3555 3461 3806 3518 Jerusalem

2274 3550 2351 3605 sic
2377 3553 2572 3621 cogitet
2601 3552 2689 3622 qui
2736 3552 2813 3606 sic
2842 3538 3019 3617 amat,
3054 3552 3146 3622 qui
3187 3553 3269 3607 sic
3311 3554 3496 3621 ardet,
3523 3553 3605 3624 qui
3628 3553 3696 3607 sic
3719 3550 3806 3605 vult

2274 3642 2550 3713 pervenire
2579 3643 2643 3697 ad
2672 3643 2811 3696 illam
2838 3642 3129 3699 Jerusalem
3154 3654 3379 3699 matrem
3397 3653 3616 3700 nostram
3645 3642 3803 3715 (Galat.

2274 3751 2345 3800 tv,
2372 3734 2499 3805 26).
2532 3734 2597 3789 de
2626 3750 2729 3804 qua
2760 3734 2886 3789 dicit
2913 3735 3201 3806 Apostolus
3226 3777 3243 3804 ,
3272 3746 3505 3791 aeternam
3528 3736 3577 3791 in
3599 3735 3715 3789 culis
3740 3731 3803 3802 (ll

2273 3825 2390 3890 Cor,
2418 3840 2469 3891 ν,
2502 3821 2583 3896 l

2341 3916 2393 3970 4.
2428 3913 2591 3987 [vers.
2622 3914 2719 3988 5.]
2759 3915 2893 3971 Audi
2939 3926 3216 3986 postremo
3240 3958 3255 3984 ,
3286 3917 3394 3972 noli
3437 3917 3559 3972 mihi
3587 3914 3799 3976 credere;

2270 4006 2390 4062 audi
2411 4007 2535 4078 quid
2559 4014 2830 4077 sequatur,
2858 4015 2911 4062 et
2933 4023 3089 4077 quam
3120 4007 3417 4064 Jerusalem
3445 4007 3667 4078 designet
3685 4018 3800 4058 men-

2271 4100 2411 4156 tibus
2438 4100 2652 4155 nostris.
2683 4099 2813 4155 Cum
2858 4099 2999 4155 enim
3028 4100 3286 4169 dixisset,
3317 4101 3515 4156 Stantes
3538 4108 3663 4154 erant
3684 4095 3800 4165 pedes

2270 4192 2426 4246 nostri
2452 4192 2504 4245 in
2532 4192 2673 4244 atriis
2692 4189 2979 4245 Jerusalem
3001 4206 3022 4255 ;
3051 4191 3202 4261 quasi
3232 4191 3497 4247 diceretur
3523 4190 3611 4257 illi,
3642 4187 3705 4241 De
3720 4198 3797 4254 qua

2268 4283 2563 4339 Jerusalem
2593 4282 2763 4338 dicis?
2790 4282 2855 4336 de
2883 4297 2984 4353 qua
3014 4281 3312 4337 Jerusalem
3338 4281 3598 4352 loqueris?
3618 4275 3800 4346 subjecit

2269 4377 2469 4442 statim,
2500 4374 2785 4429 Jerusalem
2825 4390 2937 4445 qua:
2964 4375 3248 4444 aediﬁcatur
3275 4384 3329 4429 ut
3374 4375 3557 4429 civitas.
3586 4372 3795 4427 Fratres.

2268 4465 2479 4537 quando
2502 4465 2712 4520 dicebat
2740 4465 2839 4521 ista
2872 4465 3033 4520 David
3055 4507 3070 4532 ,
3098 4465 3333 4536 perfecta
3364 4475 3475 4521 erat
3500 4464 3583 4519 illa
3618 4461 3793 4522 civitas,

2268 4572 2372 4612 non
2404 4555 2787 4610 aedificabatur.
2831 4555 3019 4611 Nescio
3048 4571 3202 4626 quam
3235 4572 3364 4627 ergo
3392 4556 3637 4610 civitatem
3664 4547 3793 4609 dicit,

2268 4664 2385 4719 qua:
2411 4648 2568 4702 modo
2590 4648 2900 4713 mililicatnr,
2931 4647 2995 4702 ad
3023 4664 3180 4718 quam
3208 4659 3428 4704 currunt
3453 4651 3501 4701 in
3524 4646 3617 4700 fide
3634 4637 3796 4711 lapides

2266 4740 2408 4806 vivi,
2439 4740 2505 4795 de
2543 4739 2732 4809 quibus
2762 4740 2891 4793 dicit
2917 4740 3103 4794 Petrus
3134 4756 3149 4793 :
3179 4738 3247 4792 Et
3276 4756 3360 4795 vos
3397 4747 3619 4809 tanquam
3640 4729 3795 4802 lapides

2267 4833 2362 4887 vivi
2381 4832 2763 4901 cowdi/icamini
2789 4832 2840 4885 in
2862 4832 3067 4884 dontum
3093 4831 3407 4900 spiritualth
3434 4830 3479 4901 (Ι
3508 4828 3638 4882 Petr.
3661 4840 3705 4888 ιι,
3726 4818 3793 4887 5).

2267 4923 2317 4979 id
2357 4932 2439 4978 est
2459 4965 2474 4989 ,
2504 4922 2762 4991 templum
2792 4931 3033 4975 sanctum
3065 4922 3179 4976 Dei.
3220 4920 3355 4988 Quid
3386 4930 3500 4985 est,
3529 4916 3701 4988 lapides
3721 4908 3797 4963 viri

2266 5015 2683 5083 cowdiﬁcamini?
2711 5012 2875 5080 Vivis,
2906 5014 2949 5067 si
2976 5013 3150 5067 credis
3181 5031 3193 5067 :
3222 5015 3266 5068 si
3305 5024 3475 5068 autem
3506 5007 3679 5068 credis,
3703 5000 3773 5057 elﬁ

2265 5107 2406 5163 ceris
2429 5105 2684 5175 templum
2712 5103 2803 5158 Dei
2827 5120 2841 5169 ;
2872 5104 2993 5173 quia
3019 5103 3145 5160 dicit
3171 5104 3437 5173 apostolus
3458 5102 3653 5164 huius,
3678 5093 3795 5147 Tem-

2266 5198 2406 5269 plum
2435 5198 2564 5251 enim
2593 5194 2687 5249 Dei
2726 5203 2954 5249 sanctum
2981 5204 3052 5248 est
3074 5236 3089 5261 ,
3118 5196 3253 5265 quod
3289 5195 3407 5249 estis
3435 5209 3532 5247 vos.
3562 5191 3664 5258 Ipsa
3691 5194 3793 5249 ei?“

2264 5289 2424 5345 modo
2445 5288 2629 5343 civitas
2649 5286 2967 5352 aediﬁcatur;
3000 5287 3360 5357 praeciduntur
3379 5285 3443 5339 de
3470 5280 3707 5338 montibus
3728 5272 3790 5325 la-

2264 5382 2412 5453 pides
2438 5397 2534 5452 per
2580 5396 2767 5435 manus
2811 5379 3209 5451 praedicantium
3246 5381 3511 5434 veritatem
3537 5416 3549 5440 ,
3592 5379 3788 5436 conqua-

2262 5475 2485 5530 drantur
2511 5482 2567 5527 ut
2588 5473 2789 5529 intrent
2818 5473 2869 5525 in
2893 5480 3212 5527 structuram
3236 5470 3613 5539 sempiternam.
3637 5456 3788 5515 Adhuc

2264 5564 2416 5619 multi
2436 5562 2639 5633 lapides
2661 5562 2711 5615 in
2736 5561 2980 5617 manibus
3004 5562 3223 5616 artiticis
3246 5568 3367 5614 sunt
3388 5576 3403 5625 ;
3436 5570 3533 5611 non
3551 5550 3719 5607 cadant
3734 5542 3785 5596 de

2263 5656 2507 5711 manibus
2530 5653 2750 5710 artiﬁcis
2776 5695 2790 5719 ,
2836 5663 2893 5708 ut
2935 5654 3140 5724 possint
3189 5651 3401 5723 perfecti
3438 5637 3716 5703 coaediﬁcati
3742 5634 3783 5724 in

2261 5756 2582 5804 structuram
2613 5746 2814 5816 templi.
2847 5722 3087 5815 Estergo
3114 5722 3213 5799 ista
3237 5738 3508 5796 Jerusalem
3529 5748 3628 5803 qua
3650 5722 3784 5790 edi/5'

2262 5852 2403 5897 catur
2429 5848 2483 5894 ut
2525 5838 2697 5893 civitas
2746 5854 2761 5893 :
2809 5836 3209 5896 intidamentttm
3249 5831 3409 5905 ipsius
3448 5824 3665 5884 Christus
3697 5823 3778 5872 est.

4038 1096 4045 1229 ἒ

4032 2876 4041 2961 ἐ
