4160 6442
389 395 518 455 I62!

391 510 527 567 Dicit
544 507 822 579 apostolus
840 504 1034 562 Paulus
1056 520 1071 557 :
1099 501 1502 557 Fundamentum
1520 500 1651 553 enim
1670 499 1811 553 aliud
1830 514 1975 553 nemo

389 611 550 674 potest
590 617 812 673 ponere,
840 606 1025 668 pra’ter
1062 596 1115 651 id
1164 595 1299 665 quod
1347 594 1563 665 positum
1588 603 1681 658 est,
1726 591 1861 661 quod
1903 602 1977 645 est

391 694 622 749 Christus
674 690 827 744 Iesus
881 688 945 760 (ι
984 687 1101 744 Cor.
1142 701 1233 749 ιιι,
1266 685 1351 751 17,
1380 681 1504 753 ll).
1554 681 1976 737 Fundamentum

387 783 604 855 quando
630 782 847 853 ponitur
873 781 925 835 in
945 788 1107 842 terra,
1133 776 1361 845 desuper
1380 772 1709 829 aediﬁcantur
1728 772 1973 841 parietes,

389 884 443 929 et
465 874 679 944 pondus
701 871 962 942 parietum
984 870 1049 924 ad
1072 870 1175 923 ima
1197 866 1384 934 tendit,
1404 866 1525 935 quia
1545 864 1600 918 in
1622 864 1728 918 imo
1748 864 1976 932 positum

391 976 473 1022 cst
499 966 924 1020 fundamentum.
954 962 1010 1018 Si
1036 970 1211 1016 autem
1241 958 1640 1013 fundamentum
1663 965 1901 1011 nostrum
1924 955 1975 1008 in

388 1059 527 1115 caelo
552 1069 677 1122 est,
708 1056 774 1110 ad
806 1055 997 1111 caelum
1036 1051 1377 1107 tediﬁcemur.
1410 1047 1649 1117 Corpora
1678 1045 1977 1101 aediﬁcave-

390 1158 516 1206 runt
542 1149 697 1202 istam
740 1156 1060 1201 structuram
1091 1144 1106 1174 ¹
1130 1183 1145 1208 ,
1174 1155 1330 1211 quam
1361 1138 1551 1194 videtis
1586 1138 1818 1205 amplam
1856 1152 1975 1191 sur—

326 1290 331 1305 ,
392 1240 617 1302 rexisse,
636 1237 791 1307 hujus
814 1236 1074 1299 basilicas;
1098 1242 1152 1288 et
1172 1232 1295 1302 quia
1313 1244 1538 1299 corpora
1559 1226 1973 1292 sediﬁcaverunt,

392 1330 795 1386 fundamentum
828 1328 882 1382 in
918 1327 1025 1381 imo
1052 1330 1345 1394 posuerunt
1371 1338 1384 1375 :
1413 1321 1536 1391 quia
1571 1333 1701 1374 vero
1729 1317 1978 1387 spiritua-

391 1425 512 1479 liter
539 1422 901 1486 aediﬁcamur,
938 1417 1336 1473 fundamentum
1386 1423 1627 1468 nostrum
1671 1411 1722 1465 in
1770 1421 1979 1465 Summo

392 1516 624 1587 positum
665 1521 767 1567 est.
815 1511 942 1566 Illuc
980 1523 1108 1579 ergo
1148 1519 1455 1569 curramus,
1489 1502 1577 1558 ubi
1615 1501 1975 1565 :ediﬁcemur;

391 1607 516 1676 quia
537 1605 607 1660 de
631 1605 745 1675 ipsa
768 1601 1063 1658 Jerusalem
1091 1599 1289 1654 dictum
1316 1605 1419 1663 est,
1444 1595 1648 1650 Stantes
1673 1600 1811 1646 erant
1832 1592 1979 1663 pedes

391 1698 552 1753 nostri
578 1698 630 1751 in
654 1696 796 1749 atriis
822 1691 1128 1747 Jerusalem.
1158 1688 1265 1743 Sed
1295 1686 1445 1754 cujus
1468 1682 1802 1740 Jerusalem?
1826 1680 1979 1735 Jeru-

391 1791 551 1846 salem
572 1804 685 1859 qua:
709 1787 993 1853 mdi/icatur
1013 1792 1069 1836 ιιι
1094 1782 1283 1835 civitas.
1319 1779 1510 1833 Parum
1534 1777 1687 1843 dixit,
1720 1783 1776 1829 ut
1800 1782 1979 1828 osten-

391 1881 542 1938 deret
558 1876 877 1944 Jerusalem,
897 1875 1015 1944 quia
1038 1873 1189 1937 dixit,
1215 1881 1268 1925 ut
1287 1870 1459 1923 civitas
1473 1868 1785 1936 tediﬁcatur;
1804 1864 1980 1919 adhuc

391 1979 570 2043 potest
608 1942 697 2023 illa
727 1942 1023 2035 corporalis
1066 1962 1306 2031 intelligi.
1349 1958 1486 2027 Quid
1516 1957 1562 2013 si
1600 1957 1742 2013 enim
1787 1954 1980 2010 existat

389 2060 586 2131 aliquis
612 2066 665 2113 et
689 2057 825 2112 dicat
864 2074 877 2110 :
908 2054 1024 2110 Jam
1052 2051 1264 2124 quidem
1298 2058 1352 2105 et
1388 2064 1508 2103 cum
1540 2048 1639 2102 ista
1677 2046 1980 2101 dicerentur

391 2148 723 2220 temporibus
754 2144 940 2209 David,
968 2150 1023 2199 et
1048 2143 1146 2197 ista
1172 2146 1512 2201 canerentur,
1537 2144 1650 2191 erat
1677 2134 1861 2190 civitas
1886 2134 1977 2187 illa

391 2241 628 2315 perfecta
653 2256 668 2304 ;
698 2237 791 2294 sed
823 2234 1041 2292 videbat
1083 2233 1134 2287 in
1166 2230 1351 2301 spiritu
1379 2228 1636 2283 ruituram
1657 2267 1673 2293 ,
1706 2235 1757 2280 ct
1786 2226 1977 2315 iterum

389 2314 779 2393 aediﬁcandam.
802 2330 1114 2397 Expugnata
1134 2331 1218 2379 est
1235 2321 1375 2377 enim
1398 2320 1485 2374 illa
1507 2317 1711 2382 civitas,
1737 2325 1791 2371 et
1810 2314 1979 2370 factus

381 2435 474 2492 ,εει
489 2423 743 2479 transitus
760 2421 811 2474 in
832 2415 1173 2488 Babyloniam
1192 2411 1371 2483 populi
1385 2408 1653 2479 captivati,
1670 2416 1725 2462 et
1744 2406 1880 2462 dicta
1898 2412 1981 2462 est

391 2518 494 2574 ista
525 2516 580 2570 in
621 2510 906 2582 Scripturis
931 2550 946 2576 ,
981 2503 1371 2574 transmigratio
1417 2501 1471 2555 in
1514 2499 1877 2571 Babyloniam.
1910 2497 1981 2553 Et

390 2606 732 2681 prOphetavit
755 2601 1037 2665 Jeremias,
1060 2604 1183 2669 post
1207 2594 1537 2666 septuaginta
1565 2606 1731 2646 annos
1759 2591 1980 2661 captivi-

391 2700 519 2756 tatis
539 2694 789 2754 tedilicari
812 2707 967 2764 posse
990 2690 1130 2744 illam
1150 2687 1417 2743 civitatem
1438 2699 1555 2754 quae
1578 2682 1845 2737 destructa
1865 2690 1982 2737 erat

390 2808 424 2847 a
460 2786 848 2847 debellantibus
876 2781 1087 2856 (Jerem.
1128 2794 1250 2833 nix
1275 2818 1292 2844 ,
1319 2776 1389 2843 4,
1418 2773 1542 2846 10).
1586 2773 1747 2828 Forte
1775 2772 1850 2826 ait
1883 2771 1980 2825 ali-

391 2885 518 2956 quis
549 2900 566 2937 :
600 2882 712 2936 Hoc
740 2876 951 2934 videbat
976 2870 1142 2929 David
1169 2871 1220 2925 in
1248 2868 1437 2939 spiritu
1460 2906 1475 2933 ,
1506 2867 1764 2921 ruituram
1791 2863 1977 2919 civita-

395 2986 506 3033 tem
544 2971 838 3031 Jerusalem
868 2983 901 3023 a
936 2962 1344 3028 debellantibus,
1375 2967 1429 3014 et
1455 2958 1646 3013 iterum
1677 2969 1834 3026 posse
1860 2962 1981 3024 post

392 3066 727 3139 septuaginta
753 3076 921 3117 annos
947 3054 1230 3121 aediﬁcari;
1270 3061 1324 3109 et
1349 3051 1468 3107 ideo
1506 3049 1671 3115 dixit,
1697 3044 1980 3139 Jerusalem

395 3136 510 3234 qua:
536 3136 820 3225 wdiﬁeatur
844 3161 899 3206 ut
922 3150 1095 3205 civitas
1122 3165 1141 3203 :
1173 3146 1282 3201 noli
1308 3158 1436 3215 ergo
1464 3150 1648 3234 putare
1677 3139 1819 3193 illam
1847 3136 1979 3192 civi-

397 3232 560 3307 tatem
588 3262 706 3304 esse
731 3245 925 3299 dictam
951 3255 1069 3313 quae
1112 3244 1320 3293 constat
1362 3250 1424 3290 ex
1464 3232 1661 3289 sanctis
1685 3271 1701 3298 ,
1732 3236 1978 3299 tanquam

395 3360 466 3401 ex
488 3339 755 3411 lapidibus
786 3335 935 3390 vivis.
967 3330 1103 3401 Quid
1129 3328 1400 3399 sequitur,
1430 3331 1487 3379 ut
1521 3322 1667 3378 tollat
1694 3329 1857 3375 totam
1884 3318 1982 3411 du-

396 3409 742 3493 bitationem?
787 3427 873 3482 Ait
913 3425 1054 3480 enim
1079 3464 1095 3489 ,
1125 3421 1330 3477 Stantes
1373 3423 1521 3472 erant
1568 3412 1716 3481 pedes
1744 3410 1902 3465 nostri
1928 3409 1980 3464 in

398 3527 541 3581 atriis
565 3520 866 3577 Jerusalem.
894 3514 998 3572 Sed
1028 3527 1184 3584 quam
1215 3509 1334 3564 dico
1362 3503 1692 3563 Jerusalem?
1717 3499 1979 3571 Numquid

398 3620 579 3681 istam,
608 3612 795 3683 inquit,
821 3623 978 3679 quam
1004 3603 1196 3659 videtis
1219 3610 1362 3657 stare
1390 3595 1661 3667 corporeis
1692 3592 1981 3664 parietibus

400 3704 669 3765 erectam?
694 3702 837 3766 Non;
861 3698 954 3753 sed
977 3693 1259 3749 Jerusalem
1278 3704 1391 3761 qua:
1410 3687 1694 3755 wdiﬁcatur
1712 3692 1765 3737 ut
1782 3683 1979 3736 civitas.

400 3799 577 3868 Quare
606 3811 711 3850 non
739 3791 928 3847 civitas
950 3831 965 3853 ,
994 3785 1088 3843 sed
1113 3794 1167 3838 ut
1198 3782 1410 3845 civitas;
1440 3778 1538 3833 nisi
1565 3776 1684 3847 quia
1716 3775 1816 3829 ista
1836 3781 1984 3868 stru-

402 3864 549 3949 ctura
577 3889 835 3960 parietum
862 3924 876 3947 ,
908 3895 1027 3951 qua:
1068 3885 1183 3933 erat
1211 3876 1262 3930 in
1290 3870 1582 3929 Jerusalem
1608 3910 1634 3960 ,7
1650 3866 1873 3960 visibilis
1898 3864 1979 3955 vci-

402 3984 541 4039 vitas
566 3957 679 4036 erat
699 4021 713 4045 ,
742 3976 879 4035 sicut
908 3970 1119 4043 proprie
1157 3966 1349 4022 dicitur
1375 3963 1441 4017 ab
1476 3959 1723 4016 omnibus
1751 3957 1938 4011 civitas
1965 3974 1978 4009 :

403 4075 492 4130 illa
518 4083 696 4126 autem
722 4066 1013 4121 aediﬁcatur
1038 4070 1286 4129 tanquam
1313 4054 1497 4109 civitas
1520 4092 1533 4115 ,
1565 4050 1687 4120 quia
1712 4055 1767 4103 et
1790 4047 1864 4101 illi
1893 4046 1981 4116 qui

404 4165 457 4221 in
487 4178 605 4219 eam
631 4162 860 4220 intrant,
893 4167 1130 4222 tanquam
1159 4148 1254 4201 vivi
1294 4143 1486 4214 lapides
1514 4148 1674 4204 sunt;
1704 4152 1809 4192 non
1840 4136 1981 4190 enim

403 4272 531 4313 vere
564 4252 766 4324 lapides
792 4248 948 4305 sunt?
978 4246 1126 4299 Sicut
1155 4242 1229 4296 illi
1254 4250 1311 4294 ut
1335 4236 1539 4307 lapides
1564 4276 1575 4297 ,
1608 4248 1711 4287 non
1741 4228 1980 4324 lapides;

403 4348 483 4403 sic
510 4346 596 4400 illa
621 4321 680 4397 ut
709 4341 914 4405 civitas,
944 4351 1049 4390 non
1076 4333 1297 4395 civitas;
1329 4327 1449 4399 quia
1479 4324 1643 4388 dixit,
1676 4321 1980 4390 wdiﬁcatur.

402 4439 633 4497 Nomine
670 4434 868 4505 quippe
917 4426 1163 4490 azdiﬁcii,
1205 4429 1525 4478 structuram
1570 4428 1985 4505 compagemque

404 4503 873 4601 corporum—atque
899 4520 1157 4590 parietum
1183 4513 1350 4568 voluit
1376 4505 1770 4601 intelligi.
1797 4503 1986 4601 civitas

406 4593 623 4694 proprie
665 4619 716 4672 in
762 4593 1065 4669 hominibus
1112 4602 1471 4694 habitantibus
1518 4598 1849 4694 intelligitur.
1882 4593 1986 4694 Sed

406 4687 763 4770 manifestavit
791 4704 944 4761 nobis
972 4700 1236 4757 civitatem
1278 4709 1337 4749 se
1376 4691 1560 4747 urbem
1602 4687 1798 4742 dixisse
1822 4728 1834 4750 ,
1866 4687 1987 4755 quia

407 4807 579 4870 dixit,
611 4802 911 4869 aediﬁcatur.
938 4795 1006 4849 Et
1034 4793 1153 4863 quia
1184 4786 1462 4844 tediﬁcium
1490 4780 1764 4854 spirituale
1797 4779 1987 4870 simili-

411 4897 647 4954 tudinem
674 4888 956 4962 qunmdam
978 4883 1137 4940 habet
1156 4876 1362 4936 aediﬁcii
1383 4872 1694 4946 corporalis,
1725 4870 1844 4926 ideo
1866 4869 1990 4925 aedi—

410 4992 595 5062 ﬁcatur
620 4995 671 5039 ut
697 4984 891 5038 civitas.

481 5083 536 5138 5.
568 5078 672 5135 Sed
700 5076 841 5130 dicat
865 5068 1005 5142 quod
1036 5065 1292 5137 sequitur,
1325 5068 1379 5116 et
1404 5057 1609 5113 auferat
1646 5067 1856 5109 omnem
1887 5050 1987 5107 du-

411 5172 743 5231 bitationem,
775 5163 895 5234 quia
940 5176 1043 5213 non
1091 5152 1375 5209 carnaliter
1411 5147 1665 5234 debemus
1707 5143 1985 5234 accipere,

408 5258 696 5316 Jerusalem
732 5230 843 5324 qua:
874 5249 1157 5317 aediﬁcatur
1180 5251 1235 5295 ut
1258 5240 1449 5294 civitas.
1484 5233 1643 5305 Cujus
1668 5230 1989 5324 participatio

411 5355 523 5423 ejus
568 5351 621 5403 in
666 5320 906 5415 idipsum.
956 5339 1069 5394 Jam
1115 5330 1512 5423 ergo,-frat_res,
1562 5323 1798 5423 quisquis
1839 5320 1994 5422 erigit

412 5409 581 5495 aciem
611 5409 825 5497 mentis,
844 5426 1081 5500 quisquis
1101 5420 1317 5492 deponit
1337 5415 1610 5485 caliginem
1632 5411 1826 5476 carnis,
1847 5409 1991 5480 quis-

413 5530 534 5603 quis
560 5525 777 5583 mundat
802 5520 1014 5577 oculum
1042 5514 1239 5578 cordis,
1269 5510 1459 5573 elevet,
1479 5514 1532 5560 et
1557 5502 1990 5603 videatidipsum;

413 5590 551 5687 Quid
598 5626 681 5673 est
725 5610 980 5684 idipsum?
1020 5602 1298 5675 Quomodo
1341 5598 1547 5662 dicam,
1593 5592 1696 5687 nisi
1736 5590 1994 5660 idipsum?

415 5681 654 5773 Ereti-es,
696 5705 740 5760 si
784 5681 1024 5773 potestis,
1073 5692 1346 5764 intelligite
1380 5687 1618 5757 idipsum.
1652 5681 1782 5739 Nam
1810 5690 1863 5738 et
1894 5694 1993 5752 ego

484 5849 500 5879 ι
529 5852 655 5905 κει,
676 5838 1035 5893 instructuram

1438 383 1831 442 ENARRATiO
1868 384 1934 441 IN
1974 382 2297 445 PSAL'MUM
2336 385 2520 443 CXXI.

3519 400 3656 454 {62$

2083 502 2335 573 quidquid
2379 504 2520 560 aliud
2565 505 2770 570 dixero,
2817 522 2923 565 non
2947 509 3070 566 dico
3108 512 3348 583 idipsum.
3390 515 3657 574 Conemur

2082 600 2257 648 tamen
2285 594 2598 664 quibusdam
2627 598 2982 656 vicinitatibus
3004 603 3288 661 verborum
3310 614 3364 663 et
3387 608 3656 680 signiﬁca-

2082 684 2284 740 tionum
2328 687 2618 757 perducere
2657 689 3014 748 inﬁrmitatem
3054 698 3289 751 mentis'
3323 697 3389 753 ad
3418 702 3657 771 cogitan-

2080 775 2207 829 dum
2236 777 2473 847 idipsum.
2505 778 2642 846 Quid
2666 787 2751 836 est
2772 781 2990 852 idipsum
3007 785 3033 839 .9
3059 785 3211 853 Quod
3229 803 3442 859 semper
3466 792 3657 849 eodem

2083 870 2243 925 modo
2271 880 2388 938 est;
2420 874 2560 943 quod
2592 889 2696 929 non
2740 876 2898 931 modo
2924 879 3087 946 aliud,
3118 889 3173 937 et
3196 883 3356 939 modo
3383 884 3526 941 aliud
3552 896 3654 945 est.

2081 961 2219 1029 Quid
2242 973 2325 1018 est
2345 978 2472 1035 ergo
2500 966 2744 1035 idipsum,
2775 968 2896 1034 nisi,
2926 971 3067 1039 quod
3095 974 3218 1029 est?
3246 974 3383 1041 Quid
3409 985 3491 1033 est
3515 978 3656 1048 quod

2082 1053 2207 1107 est?
2232 1053 2383 1119 Quod
2412 1064 2667 1111 aeternum
2697 1067 2798 1113 est.
2830 1059 2962 1116 Nam
2987 1062 3126 1131 quod
3157 1078 3368 1135 semper
3392 1068 3546 1124 aliter
3580 1078 3658 1125 ato

2082 1158 2185 1214 que
2209 1146 2362 1200 aliter
2384 1156 2486 1212 est,
2516 1162 2623 1203 non
2644 1158 2744 1214 est,
2773 1151 2893 1221 quia
2920 1166 3024 1207 non
3047 1164 3225 1210 manet
3261 1173 3274 1209 :
3305 1173 3411 1212 non
3439 1160 3657 1215 omnino

2083 1249 2187 1289 non
2210 1242 2311 1301 est,
2332 1236 2425 1292 sed
2446 1253 2550 1295 non
2566 1253 2774 1296 summe
2799 1249 2898 1297 est.
2935 1243 2999 1297 Et
3020 1244 3143 1313 quid
3170 1247 3405 1316 estquod
3429 1256 3531 1314 est,
3556 1250 3658 1306 nisi

2082 1325 2174 1381 ille
2202 1326 2290 1395 qui
2319 1328 2530 1397 quando
2554 1331 2795 1387 mittebat
2833 1332 3071 1404 Moysen,
3098 1334 3231 1391 dixit
3257 1337 3333 1393 illi
3364 1355 3376 1391 :
3410 1337 3521 1409 Ego
3549 1356 3659 1395 sum

2082 1417 2169 1484 qui
2194 1419 2501 1485 suntPQuid
2528 1430 2609 1476 est
2653 1421 2772 1487 hoc,
2808 1422 2908 1477 nisi
2951 1423 3041 1478 ille
3068 1426 3307 1495 quicum
3352 1427 3556 1483 diceret
3581 1429 3660 1484 fa-

2084 1509 2259 1564 mulus
2298 1510 2435 1580 ejus,
2467 1510 2599 1565 Ecce
2635 1513 2788 1569 mittis
2817 1531 2896 1567 me
2923 1531 2941 1569 :
2967 1516 3012 1571 si
3036 1517 3217 1571 dixerit
3257 1519 3381 1572 mihi
3407 1522 3659 1591 papulas,

2090 1598 2210 1666 Quis
2236 1609 2281 1654 te
2303 1602 2437 1656 misit
2454 1603 2481 1656 7
2502 1604 2623 1674 quid
2643 1604 2806 1658 dicam
2828 1605 2915 1658 ei?
2943 1620 3134 1661 nomen
3159 1621 3311 1662 suum
3335 1609 3501 1663 noluit
3519 1611 3659 1665 aliud

2083 1690 2281 1757 dicere,
2310 1707 2489 1763 quam,
2517 1692 2631 1766 Ego
2661 1712 2772 1750 sum
2795 1697 2882 1767 qui
2908 1714 3061 1762 sum;
3086 1708 3139 1753 et
3161 1699 3356 1770 adjecit
3380 1710 3435 1756 et
3452 1703 3546 1767 ait,
3569 1703 3661 1756 Di-

2083 1798 2163 1836 ces
2184 1782 2351 1851 itaque
2378 1784 2499 1852 filiis
2534 1783 2714 1849 Israel,
2761 1785 2859 1851 Qui
2894 1797 2984 1851 est,
3015 1790 3146 1842 misit
3185 1806 3264 1843 me
3290 1790 3358 1844 ad
3386 1807 3488 1845 vos.
3522 1792 3661 1847 Ecce

2084 1870 2325 1941 idipsum,
2356 1873 2469 1944 Ego
2503 1892 2615 1929 sum
2638 1876 2723 1946 qui
2762 1893 2894 1943 sum,
2928 1875 3028 1942 Qui
3054 1886 3146 1945 est,
3192 1879 3325 1933 misit
3366 1880 3530 1934 mead
3553 1896 3658 1935 vos.

2084 1959 2198 2016 Non
2246 1972 2397 2033 potes
2425 1978 2654 2033 capere;
2700 1966 2923 2021 multum
2965 1975 3047 2024 est
3076 1968 3394 2037 intelligere.
3438 1969 3661 2025 multum

2084 2062 2167 2108 est
2208 2053 2630 2125 apprehendere.
2680 2056 2867 2114 Retine
2909 2058 3050 2129 quod
3097 2076 3196 2129 pro
3240 2069 3292 2118 te
3329 2059 3499 2119 factus
3542 2070 3661 2129 est,

2083 2160 2242 2216 quem
2273 2162 2376 2201 non
2407 2162 2591 2217 posses
2628 2162 2838 2219 capere.
2869 2151 3062 2208 Retine
3087 2168 3303 2210 carnem
3344 2155 3563 2226 Christi,
3607 2160 3660 2214 in

2083 2250 2241 2305 quam
2292 2237 2549 2292 levabaris
2593 2248 2847 2309 aagrotus,
2883 2250 2937 2296 et
2974 2256 3006 2295 a
3047 2243 3352 2301 vulneribus
3394 2246 3657 2304 latronum

2084 2326 2371 2382 semivivus
2397 2328 2632 2395 relictus,
2654 2339 2712 2385 ut
2737 2330 2804 2385 ad
2833 2332 3096 2388 stabulum
3118 2334 3485 2405 perducereris
3507 2338 3656 2411 (Luc.

2086 2432 2138 2481 ι,
2163 2417 2250 2482 50,
2274 2418 2385 2490 54),
2412 2431 2466 2474 ει
2490 2420 2562 2476 ibi
2581 2423 2864 2479 sanareris.
2895 2422 3038 2494 Ergo
3061 2439 3336 2482 curramus
3360 2427 3425 2483 ad
3442 2427 3658 2487 domum

2085 2510 2315 2579 Domini,
2348 2520 2401 2566 et
2424 2513 2793 2582 perveniamus
2822 2514 2887 2569 ad
2913 2515 3181 2572 civitatem
3210 2517 3298 2573 ubi
3323 2527 3466 2574 stent
3494 2521 3659 2591 pedes

2086 2603 2287 2670 nostri;
2320 2604 2585 2660 civitatem
2606 2621 2719 2676 quae
2740 2606 3022 2676 wdiﬁeatur
3041 2617 3095 2662 ut
3116 2608 3309 2675 civitas,
3332 2612 3477 2683 cujus
3502 2614 3657 2682 partio

2085 2692 2269 2763 cipatio
2287 2694 2395 2762 ejus
2413 2696 2465 2749 in
2482 2695 2722 2766 idipsum.
2745 2697 2881 2764 Quid
2910 2698 3049 2753 enim
3077 2698 3239 2755 debes
3268 2710 3449 2757 tenere
3467 2703 3490 2757 ?
3508 2704 3657 2772 Quod

2085 2800 2184 2856 pro
2213 2796 2264 2842 te
2292 2786 2459 2843 factus
2486 2799 2567 2845 est
2590 2786 2852 2858 Christus,
2884 2791 3006 2861 quia
3034 2791 3148 2861 ipse
3189 2801 3274 2848 est
3299 2792 3543 2849 Christus
3567 2811 3582 2860 ;
3610 2810 3660 2851 et

2086 2876 2199 2947 ipse
2224 2875 2466 2934 Christus
2493 2888 2638 2936 recte
2662 2881 2993 2952 intelligitur,
3023 2881 3134 2954 Ego
3157 2900 3266 2937 sum
3295 2887 3380 2954 qui
3403 2901 3533 2952 sum,
3557 2901 3659 2957 qur.

2085 2966 2246 3022 modo
2287 2976 2371 3023 est
2413 2969 2465 3023 in
2494 2970 2662 3025 forma
2691 2970 2806 3026 Dei.
2843 2970 2937 3026 Ubi
2969 2985 3074 3027 non
3112 2973 3350 3042 rapinam
3379 2974 3660 3031 arbitratus

2085 3064 2166 3112 est
2195 3071 2314 3112 esse
2339 3059 2557 3128 mqualis
2588 3060 2697 3115 Deo
2728 3058 2982 3134 (Philipp.
3014 3077 3070 3130 ιι,
3103 3062 3179 3130 6),
3209 3063 3279 3118 ibi
3301 3071 3381 3118 est
3408 3064 3659 3134 idipsum.

2086 3146 2155 3203 Ut
2183 3157 2358 3202 autem
2382 3147 2629 3204 efﬁciaris
2661 3159 2714 3204 tu
2745 3150 3011 3219 particeps
3032 3152 3083 3205 in
3106 3152 3353 3222 idipsum,
3384 3151 3554 3210 factus
3580 3168 3662 3211 est

2086 3236 2201 3307 ipse
2240 3239 2386 3307 prior
2413 3238 2677 3309 particeps
2706 3240 2781 3294 tui
2806 3256 2819 3304 ;
2848 3249 2903 3295 et
2921 3238 3155 3295 Verbum
3184 3255 3310 3298 caro
3338 3240 3535 3298 factum
3555 3254 3658 3304 est.

2088 3336 2144 3382 ut
2170 3342 2294 3383 caro
2322 3329 2599 3399 participet
2626 3329 2877 3385 Verbum.
2920 3330 3055 3399 Quia
3097 3345 3225 3387 vero
3262 3332 3402 3402 quod
3428 3333 3666 3393 Verbum

2084 3435 2210 3477 caro
2238 3420 2432 3477 factum
2461 3428 2542 3476 est
2565 3430 2619 3477 et
2644 3421 2903 3477 habitavit
2920 3422 2975 3477 in
3004 3421 3157 3477 nobis
3179 3422 3355 3495 (Jaan.
3383 3440 3422 3492 ι,
3453 3425 3563 3496 lt),
3594 3440 3662 3481 ex

2087 3513 2288 3569 semine
2329 3514 2480 3569 venit
2506 3512 2808 3579 Abraham;
2844 3513 3161 3584 promissum
3188 3524 3269 3570 est
3290 3524 3466 3571 autem
3497 3515 3665 3573 Abra-

2087 3603 2170 3659 ha:
2199 3613 2253 3659 et
2277 3602 2423 3659 lsaac
2449 3612 2504 3659 et
2538 3603 2722 3670 Jacob,
2750 3604 2891 3675 quod
2922 3605 2974 3660 in
3003 3606 3206 3662 semine
3230 3621 3415 3662 eorum
3443 3606 3661 3666 benedi-

2087 3706 2336 3751 cerentur
2356 3710 2543 3751 omnes
2571 3707 2754 3766 gentes
2781 3695 2930 3766 (Gen.
2961 3712 3097 3763 χχιι,
3126 3696 3217 3766 l8)
3243 3714 3257 3762 ;
3288 3706 3342 3751 et
3370 3697 3491 3752 inde
3510 3697 3669 3775 (vide-

2088 3801 2206 3841 mus
2238 3785 2525 3841 Ecclesium
2554 3794 2666 3841 toto
2692 3788 2820 3842 orbe
2842 3785 3084 3841 diﬁ‘usam
3118 3804 3134 3841 :
3166 3786 3399 3856 loquitur
3421 3787 3488 3841 ad
3518 3787 3666 3842 inﬁr-

2089 3891 2204 3931 mos
2232 3877 2390 3931 Deus.
2416 3876 2745 3931 Firmitatem
2775 3875 2951 3931 cordis
2980 3876 3242 3945 qumsivit,
3272 3891 3393 3931 cum
3422 3875 3624 3932 diceret
3651 3927 3663 3946 ,

2091 3968 2199 4039 Ego
2222 3985 2333 4023 sum
2359 3969 2443 4038 qui
2468 3984 2580 4021 sum
2599 3984 2612 4021 :
2633 3966 2933 4022 ﬁrmitatem
2953 3967 3130 4022 cordis
3144 3967 3405 4037 quaesivit,
3422 3976 3476 4023 et
3493 3968 3663 4025 aciem

2088 4058 2547 4129 contemplationis
2573 4066 2826 4125 erectam,
2853 4073 2973 4113 cum
3001 4057 3154 4123 dixit,
3183 4056 3283 4124 Qui
3304 4067 3396 4124 est,
3424 4059 3559 4115 misit
3586 4075 3666 4113 me

2090 4150 2157 4203 ad
2185 4167 2291 4205 vos.
2318 4149 2424 4206 Sed
2452 4149 2686 4205 nondum
2717 4149 2880 4205 habes
2908 4150 3046 4205 forte
3068 4152 3089 4182 ¹
3117 4150 3617 4221 contemplationem
3654 4174 3663 4205 :

2090 4243 2196 4299 noli
2239 4242 2503 4308 deﬁcere,
2550 4242 2661 4297 noli
2704 4241 3008 4312 desperare.
3056 4242 3155 4310 Qui
3197 4252 3297 4309 est,
3342 4244 3511 4299 voluit
3549 4259 3674 4301 csso

2093 4335 2273 4401 homo,
2305 4342 2361 4388 ut
2392 4343 2444 4388 tu
2469 4348 2565 4399 es;
2597 4342 2651 4388 et
2690 4332 2811 4389 ideo
2849 4342 3062 4389 secutus
3102 4332 3176 4389 ait
3201 4333 3368 4407 Moysi
3398 4336 3548 4406 quasi
3577 4351 3668 4392 ex-

2091 4425 2395 4496 pavescenli
2425 4439 2639 4479 nomen.
2668 4423 2819 4493 Quod
2848 4426 3083 4483 nomen?
3120 4426 3272 4492 Quod
3303 4437 3402 4493 est,
3445 4427 3559 4483 Est.
3599 4427 3664 4482 Et

2092 4518 2237 4579 dixit.
2266 4516 2451 4586 inquit,
2476 4515 2721 4570 Dominus
2739 4516 2808 4569 ad
2832 4516 3061 4587 Moysen,
3094 4516 3204 4588 Ego
3229 4535 3342 4571 sum
3357 4517 3491 4572 Deus
3511 4518 3660 4573 Abra

2094 4612 2231 4679 haut,
2264 4620 2309 4664 et
2341 4610 2474 4664 Deus
2502 4606 2652 4662 Isaac
2671 4649 2686 4673 ,
2733 4619 2779 4663 et
2826 4607 2961 4663 Deus
2985 4608 3143 4662 Jacob
3175 4624 3194 4663 :
3220 4611 3313 4663 hoc
3341 4609 3464 4662 mihi
3490 4626 3671 4664 nomen

2095 4713 2165 4756 est
2194 4702 2246 4755 in
2279 4710 2521 4755 veternum
2560 4699 2751 4771 (Exod.
2798 4709 2876 4767 tu,
2909 4700 3127 4767 15-15).
3158 4700 3278 4754 Noli
3303 4700 3370 4755 de
3402 4709 3451 4754 te
3480 4700 3675 4770 despe-

2095 4808 2235 4860 rare,
2266 4793 2387 4862 quia
2426 4791 2555 4859 dixi,
2584 4791 2697 4864 Ego
2734 4809 2844 4846 sunt
2873 4792 2960 4862 qui
3005 4807 3136 4857 sunt,
3167 4802 3239 4857 et,
3290 4791 3390 4856 Qui
3416 4801 3506 4857 est,
3536 4794 3674 4847 misit

2093 4901 2174 4939 me
2214 4884 2282 4938 ad
2310 4899 2395 4939 vos
2426 4900 2445 4939 :
2475 4883 2597 4951 quia
2646 4891 2700 4938 tu
2749 4882 2906 4937 modo
2952 4881 3195 4948 ﬂuctuas,
3225 4890 3279 4936 et
3322 4881 3672 4938 mutabilitate

2094 4993 2274 5033 rerum
2296 4986 2350 5033 et
2370 4977 2627 5032 varietate
2643 4973 3244 5030 mortalitatishumana:
3266 4972 3543 5042 percipere
3561 4987 3669 5028 nor.

2096 5078 2247 5139 potes
2271 5068 2412 5138 quod
2436 5076 2520 5123 est
2546 5066 2798 5137 idipsum.
2828 5065 2937 5134 Ego
2958 5062 3244 5129 descendo,
3266 5063 3387 5133 quia
3416 5071 3469 5132 tu
3491 5063 3673 5120 venire

2098 5178 2202 5217 non
2247 5171 2419 5232 potes.
2453 5160 2562 5231 Ego
2587 5176 2698 5214 sum
2720 5158 2856 5211 Deus
2880 5156 3155 5223 Abraham,
3185 5164 3233 5211 et
3256 5153 3393 5211 Dens
3422 5150 3595 5223 Isaac,
3624 5165 3673 5210 et

2097 5252 2235 5308 Deus
2278 5252 2458 5306 Iacob.
2490 5251 2546 5305 In
2588 5248 2789 5304 semine
2836 5245 3104 5302 Abraham
3149 5260 3307 5317 spera
3351 5245 3570 5317 aliquid,
3618 5257 3673 5301 ut

2098 5343 2402 5400 conﬁrmari
2428 5341 2601 5412 possis
2627 5338 2694 5394 ad
2724 5336 3005 5393 videndum
3030 5337 3120 5407 qui
3161 5336 3307 5393 venit
3332 5336 3399 5394 ad
3428 5319 3561 5393 te'in
3587 5352 3670 5392 se-

2100 5435 2242 5492 mine
2271 5433 2517 5491 Abrabaa.

2170 5529 2225 5582 6.
2270 5527 2406 5596 Ergo
2434 5525 2535 5581 hoc
2559 5530 2640 5578 est
2668 5522 2894 5593 idipsum
2931 5521 2999 5579 de
3021 5537 3127 5594 quo
3155 5522 3351 5579 dictum
3376 5530 3480 5585 est,
3508 5520 3675 5575 Muta-

2165 5685 2179 5715 ι
2207 5680 2429 5743 Plerique
2444 5686 2574 5743 uss,
2598 5676 2865 5742 perducere
2886 5675 3038 5727 aciem
3055 5673 3239 5734 mentis,
3257 5646 3523 5737 perducere
3539 5668 3675 5737 inﬁr-

2101 5744 2312 5797 ntitatem
2332 5741 2516 5791 mentis.

2169 5810 2188 5839 ³
2214 5805 2341 5854 Alter
2368 5818 2396 5853 e
2419 5803 2555 5852 mrb.
2582 5808 2710 5863 $55.,
2738 5800 2925 5862 fortem.
