4160 6442
534 373 669 429 1623

534 487 606 540 bis
632 502 709 552 ea,
743 492 789 538 et
818 486 1173 547 mutabuntur;
1201 491 1253 534 tu
1302 489 1467 533 autent
1494 481 1624 534 ident
1665 481 1772 552 ipsa
1808 499 1879 548 cs,
1911 491 1957 536 et
1994 485 2116 538 anni

535 576 718 628 tuinon
740 574 968 641 deﬁcient
995 571 1162 642 (Paul.
1185 586 1254 636 Cl,
1276 570 1344 623 27
1358 570 1529 641 εεὲὃ).
1551 571 1689 627 Ecce
1706 570 1943 641 idipsum,
1965 573 2118 643 cujus

534 670 657 724 anui
683 684 782 722 non
802 666 1054 734 deﬁcient.
1086 665 1321 731 Fratres,
1346 680 1521 721 nonne
1542 665 1665 719 anui
1689 667 1855 722 nostri
1882 667 2117 737 quotidie

533 760 802 824 deﬁciunt,
846 772 948 812 nec
975 764 1115 811 stant
1158 755 1376 811 omnino
1395 755 1421 809 Ἰ
1445 755 1577 810 Nam
1606 765 1658 812 et
1698 757 1788 827 qui
1816 765 2113 823 venerunt,

530 851 637 921 iam
664 864 771 904 non
796 855 956 911 sunt;
990 856 1044 902 ct
1071 848 1157 916 qui
1189 845 1349 900 futuri
1379 856 1524 913 sunt,
1558 846 1791 901 nondum
1821 855 1944 902 sunt
1967 865 1980 901 :
2000 848 2111 917 jam

531 942 607 997 illi
631 938 959 1004 defecerunt,
1006 946 1060 992 et
1086 937 1159 991 illi
1203 937 1458 992 delecturi
1502 939 1711 993 venturi
1754 946 1899 992 sunt.
1931 937 1985 992 In
2016 938 2118 995 hoc

530 1048 660 1104 ergo
684 1032 800 1102 ipso
828 1046 935 1086 uno
962 1030 1068 1094 die,
1099 1029 1306 1095 fratres,
1338 1044 1465 1086 ecce
1492 1030 1650 1085 modo
1680 1030 1821 1101 quod
1850 1031 2119 1100 loquimur

530 1126 586 1181 in
616 1134 887 1180 momento
913 1132 1013 1180 est.
1044 1123 1333 1178 Praeteritae
1374 1123 1520 1177 horze
1550 1123 1893 1189 transierunt,
1925 1121 2118 1178 futura:

531 1216 766 1272 nondum
805 1224 1103 1280 venerunt;
1143 1224 1196 1270 et
1225 1229 1344 1268 cum
1375 1216 1635 1278 venerint,
1680 1223 1734 1268 et
1761 1214 1887 1281 ipsa:
1919 1212 2115 1267 transi-

532 1307 663 1367 bunt
692 1315 745 1362 et
766 1306 1032 1361 deﬁcient.
1060 1306 1159 1374 Qui
1186 1313 1308 1360 sunt
1327 1306 1447 1358 anni
1469 1305 1558 1375 qui
1589 1321 1695 1360 non
1717 1304 1990 1369 deliciunt,
2016 1302 2117 1357 nisi

533 1399 623 1469 qui
650 1397 832 1453 stant?
860 1397 916 1452 Si
938 1413 1064 1467 ergo
1092 1395 1161 1452 ibi
1180 1397 1304 1450 anni
1328 1404 1490 1464 stant,
1514 1405 1567 1451 et
1592 1396 1692 1467 ipsi
1717 1397 1839 1450 anni
1863 1396 1951 1466 qui
1973 1404 2117 1451 stant

535 1504 671 1544 unus
700 1504 868 1544 annus
894 1496 995 1556 est,
1025 1497 1079 1542 et
1106 1488 1217 1556 ipse
1244 1504 1378 1542 unus
1403 1503 1572 1542 annus
1600 1488 1692 1558 qui
1718 1496 1822 1541 stat
1844 1503 1978 1542 unus
2000 1486 2115 1542 dies

534 1588 653 1646 est;
682 1580 802 1651 quia
834 1580 946 1649 ipse
987 1595 1122 1634 unus
1147 1579 1260 1633 dies
1304 1595 1405 1636 nec
1432 1588 1607 1634 ortum
1640 1580 1800 1634 habet
1826 1594 1923 1634 nec
1963 1594 2117 1634 occa-

533 1687 686 1737 sum,
728 1686 829 1727 nec
874 1672 1153 1727 inchoatur
1194 1673 1261 1726 ab
1291 1672 1562 1739 hesterno,
1609 1688 1709 1728 nec
1750 1672 2056 1728 excluditur
2083 1688 2112 1727 a

533 1761 788 1828 crastino,
820 1760 913 1816 sed
938 1770 1041 1815 stat
1062 1776 1273 1831 semper
1305 1762 1391 1817 ille
1412 1763 1525 1817 dies
1557 1779 1571 1817 :
1603 1772 1657 1817 et
1682 1763 1824 1832 quod
1851 1763 1930 1817 vis
1955 1778 2115 1817 vocas

534 1852 684 1907 illum
713 1852 851 1907 diem
880 1870 895 1917 ;
922 1854 966 1908 si
992 1854 1091 1918 vis,
1121 1852 1245 1907 anni
1266 1863 1424 1918 sunt;
1454 1854 1497 1908 si
1522 1854 1625 1918 vis,
1656 1854 1771 1909 dies
1799 1864 1916 1919 est;
1948 1853 2116 1925 quod-

534 1959 764 2013 cumque
801 1944 1134 2013 cogitaveris,
1173 1953 1277 1998 stat
1316 1953 1489 1999 tamen
1524 1963 1536 1998 :
1570 1945 1738 2014 ipsius
1767 1945 2071 1999 stabilitatis
2096 1945 2113 1976 ¹

536 2037 817 2107 participat
845 2037 934 2092 illa
964 2038 1149 2091 civitas
1172 2038 1316 2106 cujus
1343 2037 1663 2107 participatio
1687 2046 1758 2091 est
1778 2036 1830 2091 in
1859 2037 2114 2107 idipsum:

534 2128 727 2184 merito
754 2142 901 2199 ergo,
931 2128 1052 2198 quia
1082 2127 1223 2182 illius
1251 2128 1552 2183 stabilitatis
1580 2128 1637 2181 ﬁt
1664 2128 1954 2197 particeps,
1984 2127 2113 2181 dicit

535 2219 637 2274 iste
661 2219 749 2289 qui
776 2218 901 2272 illuc
923 2216 1109 2281 currit,
1144 2217 1347 2272 Stantes
1376 2226 1518 2271 erant
1538 2217 1688 2286 pedes
1712 2218 1871 2271 nostri
1896 2217 1949 2270 in
1969 2217 2114 2271 atriis

536 2310 843 2365 Jerusalem.
871 2309 1060 2365 Omnia
1091 2310 1230 2365 enim
1256 2310 1325 2363 ibi
1358 2318 1518 2374 stant,
1546 2310 1636 2364 ubi
1655 2309 1786 2364 nihil
1806 2309 2114 2365 transit.Vis

534 2408 589 2456 ct
613 2409 669 2456 tu
696 2400 768 2456 ibi
810 2408 954 2456 stare
980 2409 1035 2456 et
1064 2415 1168 2454 non
1210 2399 1479 2455 transire?
1509 2400 1637 2455 Illuc
1666 2416 1842 2457 curre.
1878 2400 2112 2470 Idipsum

534 2507 694 2549 nemo
714 2491 872 2547 habet
895 2507 959 2548 ex
986 2506 1063 2546 se.
1087 2490 1366 2558 Intendite,
1391 2490 1601 2547 fratres.
1631 2490 1781 2558 Quod
1806 2505 1998 2560 corpus
2021 2489 2113 2543 ha-

531 2584 639 2650 bet,
682 2598 787 2638 non
818 2590 902 2639 est
947 2581 1210 2652 idipsum;
1238 2582 1360 2651 quia
1405 2597 1511 2635 non
1542 2580 1594 2635 in
1622 2595 1681 2637 se
1716 2589 1838 2635 stat.
1882 2581 2115 2635 Mutatur

533 2690 628 2745 per
653 2683 854 2739 anates,
887 2682 1119 2728 mutatur
1146 2687 1248 2743 per
1276 2673 1597 2728 mutationes
1624 2672 1860 2727 locorum
1883 2686 1945 2726 ac
1970 2680 2105 2725 tem-

530 2779 745 2834 porum,
776 2770 1009 2819 mutatur
1047 2778 1143 2833 per
1186 2763 1400 2818 morbos
1445 2771 1497 2817 et
1539 2762 1777 2817 defectus
1822 2762 2104 2817 carnales:

531 2868 639 2909 non
664 2869 790 2923 ergo
814 2853 869 2908 in
894 2867 952 2907 se
983 2860 1107 2907 stat.
1134 2850 1367 2921 Corpora
1396 2853 1630 2907 coelestia
1658 2868 1762 2906 non
1790 2853 1843 2906 in
1870 2868 1928 2907 se
1946 2861 2105 2906 stant:

532 2943 727 3000 habent
755 2943 1008 3015 quasdam
1038 2943 1356 2998 mutationes
1382 2958 1525 3010 suas,
1552 2943 1651 2998 etsi
1672 2944 1937 3009 occultas;
1963 2955 2108 3001 certe

530 3037 597 3093 de
624 3037 758 3093 locis
786 3038 837 3091 in
886 3036 1001 3092 loca
1053 3043 1344 3101 mutantur,
1377 3035 1672 3091 ascendunt
1707 3035 1776 3089 ab
1802 3035 2007 3092 oriente
2054 3038 2107 3092 ira

529 3127 883 3194 occidentem,
917 3136 970 3183 et
992 3140 1179 3181 rursus
1216 3126 1549 3181 circumeunt
1586 3125 1653 3179 ad
1681 3126 1937 3180 orientem
1965 3144 1976 3178 :
2002 3141 2107 3181 non

529 3234 658 3290 ergo
694 3226 855 3286 stant,
902 3234 1008 3273 non
1044 3226 1172 3272 sunt
1216 3217 1466 3287 idipsum.
1497 3216 1687 3271 Anima
1733 3217 1961 3271 humana
2011 3233 2110 3273 nec

528 3310 645 3379 ipsa
673 3318 797 3365 stat.
825 3309 1047 3376 Quantis
1067 3310 1209 3365 enim
1226 3309 1608 3364 mutationibus
1622 3316 1676 3364 et
1697 3309 2109 3379 cogitationibus

528 3402 794 3457 variatur!
827 3401 1038 3472 quantis
1079 3400 1436 3471 voluptatibus
1465 3402 1486 3432 ⁸
1513 3400 1857 3455 immulaturl
1899 3402 2107 3471 quantis

527 3494 902 3563 cupiditatibus
926 3492 1294 3548 diverberatur
1318 3501 1479 3562 atque
1517 3491 1832 3547 discinditur
1858 3492 1879 3525 ³
1901 3493 1914 3547 ι
1961 3493 2106 3549 Mens

528 3585 643 3656 ipsa
674 3583 926 3651 hominis,
971 3598 1089 3653 qua:
1117 3583 1309 3638 dicitur
1336 3582 1630 3649 rationalis,
1680 3583 1951 3639 mutabilis
1980 3594 2100 3651 est,

529 3689 634 3729 non
662 3681 745 3729 est
773 3672 1021 3745 idipsum.
1061 3672 1215 3728 Modo
1240 3673 1371 3738 vult,
1400 3673 1560 3727 modo
1601 3688 1707 3728 non
1747 3673 1896 3738 vult;
1942 3673 2102 3728 modo

528 3765 652 3833 scit,
682 3764 842 3819 modo
869 3764 1070 3828 nescit;
1098 3762 1259 3818 modo
1282 3762 1542 3825 meminit,
1566 3762 1726 3816 modo
1752 3762 2100 3817 obliviscitur:

527 3871 654 3931 ergo
680 3857 907 3927 idipsum
934 3869 1093 3911 nemo
1120 3855 1283 3911 habet
1307 3870 1374 3910 ex
1399 3870 1477 3909 se.
1506 3854 1606 3922 Qui
1636 3853 1800 3909 voluit
1826 3869 1892 3910 ex
1921 3870 1980 3909 se.
2008 3855 2104 3909 ha-

526 3948 656 4005 bere
683 3947 933 4019 idipsum,
957 3955 1015 4001 ut
1039 3947 1189 4017 quasi
1222 3945 1334 4015 ipse
1353 3945 1455 4000 sibi
1480 3954 1627 4000 esset
1650 3944 1901 4016 idipsum,
1925 3945 2106 4015 lapsus

526 4047 610 4095 est
638 4057 651 4093 :
678 4037 872 4094 cecidit
897 4037 1140 4108 angelus,
1168 4044 1220 4091 ct
1247 4036 1413 4091 factus
1438 4044 1520 4091 est
1547 4033 1811 4091 diabdlus.
1845 4034 2104 4106 Propina-

527 4129 601 4183 vit
624 4126 824 4184 homini
854 4127 1176 4197 superbiam,
1225 4125 1419 4196 dejecit
1446 4141 1626 4181 secum
1664 4126 1950 4181 invidentia
1981 4142 2101 4182 eum

525 4220 616 4290 qui
645 4218 833 4275 stabat.
865 4218 958 4274 Isti
983 4218 1082 4273 sibi
1104 4218 1385 4272 voluerunt
1412 4218 1637 4288 idipsum
1660 4232 1808 4284 esse;
1841 4220 1942 4274 sibi
1968 4220 2106 4288 prin-

524 4310 712 4381 cipari,
760 4310 860 4364 sibi
904 4309 1165 4364 dominari
1207 4308 1539 4364 voluerunt:
1573 4309 1858 4364 noluerunt
1910 4310 2105 4365 habere

526 4415 711 4455 verum
742 4399 1042 4463 Dominum,
1085 4399 1175 4469 qui
1202 4414 1329 4453 vere
1375 4406 1457 4453 est
1486 4399 1735 4468 idipsum,
1783 4401 1867 4453 cui
1898 4399 2097 4455 dictum

524 4500 627 4561 est,
658 4490 881 4545 Mutabis
908 4507 987 4557 ea,
1011 4498 1058 4544 et
1077 4489 1441 4553 mutabuntur;
1470 4499 1524 4543 tu
1544 4499 1711 4544 autem
1736 4491 1868 4544 ident
1900 4493 2008 4561 ipse
2026 4508 2096 4547 es.

524 4582 639 4639 1am
668 4597 795 4653 ergo
825 4588 943 4652 post
959 4589 1157 4636 tantum
1184 4579 1513 4649 languorem,
1532 4587 1846 4649 posttantos
1862 4581 2098 4648 morbos,

523 4674 881 4737 difﬁcultates,
912 4673 1145 4739 labores,
1176 4671 1361 4726 redeat
1401 4672 1574 4726 anima
1607 4671 1881 4726 humiliata
1912 4672 1980 4727 ad
2022 4673 2103 4728 id-

525 4766 730 4834 ipsum:
763 4772 813 4820 et
845 4764 915 4818 sit
952 4763 1006 4818 in
1035 4762 1122 4818 illa
1147 4762 1361 4818 civitate
1389 4762 1533 4832 cujus
1563 4762 1883 4834 participatio
1914 4765 2024 4835 ejus
2049 4764 2102 4818 in

522 4855 761 4924 idipsum.

594 4948 647 5002 7.
680 4945 827 5020 [uers.
860 4943 941 5019 4.]
980 4945 1115 5001 Illuc
1143 4946 1275 5000 enim
1303 4946 1631 4999 ascenderunt
1674 4946 1848 4999 tribus.
1886 4945 2101 5013 Quaere-

522 5041 710 5095 bamus
737 5039 877 5094 enim
910 5052 1015 5109 quo
1042 5035 1293 5092 ascendat
1322 5037 1409 5106 qui
1445 5036 1668 5100 cecidit;
1700 5036 1821 5105 quia
1850 5036 2099 5102 diximus,

522 5131 858 5187 ascendentis
907 5129 1135 5186 hominis
1163 5144 1265 5183 vox
1306 5137 1406 5194 est,
1452 5126 1790 5183 ascendentis
1828 5127 2101 5182 Ecclesiae.

523 5222 845 5278 Putamusne
873 5236 977 5293 quo
1001 5220 1280 5276 ascendit?
1310 5235 1414 5289 quo
1443 5219 1525 5274 it?
1548 5234 1653 5290 quo
1680 5218 1940 5289 erigitur?
1965 5218 2103 5273 Illuc

522 5300 870 5379 ascenderunt,
901 5315 1090 5384 inquit,
1134 5314 1310 5368 tribus.
1341 5313 1458 5380 Quo
1499 5311 1855 5367 ascenderunt
1894 5310 2103 5366 tribus?

522 5407 580 5461 In
622 5404 888 5460 civitatem
931 5406 1075 5475 cujus
1106 5405 1420 5475 participatio
1464 5404 1573 5472 ejus
1600 5404 1652 5457 in
1683 5402 1922 5473 idipsum.
1955 5402 2100 5473 Ergo

522 5496 644 5553 illuc
670 5496 992 5562 ascenditur,
1022 5496 1076 5550 in
1120 5495 1436 5551 Jerusalem.
1469 5494 1642 5550 Homo
1670 5503 1846 5551 autem
1872 5493 1961 5564 qui
2005 5494 2103 5551 de-

547 5692 561 5701 .
586 5633 603 5666 ι
628 5638 728 5683 Am.
785 5637 839 5684 et
871 5630 1097 5696 plerique
1131 5638 1266 5693 Mss,
1309 5633 1402 5681 stat
1440 5643 1452 5678 :
1488 5632 1645 5679 tamen
1684 5628 1834 5694 ipsius
1870 5627 2105 5681 stabilita-

524 5699 612 5826 ωξ
634 5702 969 5826 gitimam,
993 5752 1322 5826 uoluntatibus.
1605 5813 1632 5826 μ

594 5816 611 5849 ²
637 5813 800 5867 Plures
821 5813 1244 5879 Mss.,'diversatur
1263 5821 1405 5878 atque
1425 5813 1728 5864 distenditur.

1754 370 1811 426 S.
1854 371 2214 428 AUSUSTINI
2256 373 2554 430 EPISCOPI

3660 394 3688 448 1
3701 395 3814 453 624

2229 488 2516 544 scendcbat
2560 488 2626 543 de
2650 490 2941 546 Ierusalem
2968 493 3019 547 in
3047 493 3292 567 Iericho,
3326 498 3507 555 incidit
3546 502 3600 558 in
3635 506 3816 562 latro-

2224 596 2319 637 nes
2346 582 2493 651 (Luc.
2524 598 2582 648 ι,
2613 584 2727 653 30).
2757 585 2871 640 Non
2894 587 3260 658 descenderet,
3290 602 3346 648 et
3370 609 3475 651 non
3498 597 3515 628 ¹
3546 598 3813 657 incideret

2224 672 2275 726 in
2307 672 2559 729 latrones.
2590 674 2725 742 Quia
2762 691 2891 733 vero
2918 677 3292 738 descendendo
3326 685 3509 742 incidit
3553 689 3607 743 in
3636 690 3814 749 latro-

2224 776 2339 854 nes,
2372 763 2710 820 ascendendo
2749 768 2924 822 veniat
2964 770 3030 824 ad
3058 773 3307 843 Angelos.
3337 776 3610 834 Ascendat
3637 796 3812 854 ergo,

2223 851 2342 919 quia
2369 853 2727 910 ascenderunt
2754 857 2939 913 tribus.
2970 857 3077 915 Sed
3106 876 3226 933 qute
3251 873 3374 920 sunt
3416 869 3629 924 tribus?
3655 851 3819 929 Multi

2221 952 2505 1010 noverunt,
2538 947 2687 1001 multi
2727 963 2831 1004 non
2860 962 3137 1007 noverunt.
3170 954 3276 1010 Sed
3320 968 3372 1012 et
3414 974 3512 1014 nos
3539 962 3630 1032 qui
3658 964 3823 1020 novi-

2224 1048 2363 1098 mus,
2393 1034 2779 1094 descendamus
2813 1041 2878 1095 ad
2908 1041 3027 1097 illos
3055 1043 3146 1114 qui
3176 1060 3281 1101 non
3310 1060 3572 1105 noverunt
3598 1053 3781 1108 tribus
3800 1095 3820 1122 ,

2225 1133 2281 1179 ut
2306 1125 2580 1182 nobiscum
2597 1132 2885 1187 ascendant
2903 1149 3008 1204 quo
3027 1137 3382 1194 ascenderunt
3400 1143 3588 1197 tribus.
3613 1145 3822 1202 Tribus

2224 1218 2328 1272 alio
2354 1220 2566 1275 nomine
2593 1221 2698 1277 dici
2729 1235 2949 1293 possunt
2977 1228 3157 1295 curiae,
3184 1229 3278 1284 sed
3308 1246 3410 1285 non
3438 1236 3682 1305 proprie.
3714 1236 3827 1292 Ita-

2223 1324 2326 1379 que
2354 1310 2521 1367 tribus
2548 1328 2655 1367 uno
2680 1316 2896 1372 nomine
2917 1317 3022 1373 alio
3047 1322 3262 1390 proprie
3283 1321 3384 1377 dici
3411 1339 3517 1379 non
3551 1338 3823 1396 possunt;

2222 1400 2317 1457 sed
2347 1402 2524 1459 vicino
2552 1404 2800 1461 dicuntur
2825 1411 3005 1465 curiae.
3038 1410 3169 1467 Nam
3200 1416 3414 1484 propvie
3443 1416 3490 1472 si
3512 1417 3825 1476 dixerimus

2221 1495 2418 1559 curias,
2464 1511 2569 1552 non
2601 1498 2966 1571 intelliguntur
3004 1504 3105 1559 nisi
3135 1507 3297 1562 curize
3326 1524 3447 1578 quae
3489 1522 3617 1566 sunt
3647 1512 3712 1567 in
3743 1514 3827 1570 ci-

2221 1588 2473 1644 vitatibus
2503 1591 2724 1663 singulis
2753 1595 3006 1665 singulae;
3036 1597 3177 1653 unde
3207 1601 3435 1657 curiales
3464 1612 3519 1659 et
3559 1604 3831 1662 decurio—

2223 1695 2341 1747 nes,
2372 1680 2423 1735 id
2457 1690 2558 1749 est,
2587 1684 2729 1754 quod
2753 1686 2859 1740 sint
2884 1687 2937 1740 in
2967 1688 3112 1743 curia
3139 1692 3220 1745 vel
3263 1691 3480 1749 decuria
3510 1713 3524 1749 :
3552 1705 3607 1751 et
3644 1698 3832 1754 nostis

2222 1771 2343 1840 quia
2385 1772 2515 1827 tales
2555 1776 2729 1829 curias
2772 1777 3007 1848 singulas
3049 1778 3247 1836 habent
3293 1784 3513 1855 singulae
3543 1787 3834 1844 civitates.

2221 1862 2356 1919 Sunt
2381 1874 2557 1920 autem
2587 1868 2671 1922 vel
2697 1877 2849 1923 erant
2873 1871 3155 1940 aliquando
3183 1873 3233 1928 in
3275 1872 3392 1929 istis
3417 1891 3637 1947 quoque
3688 1879 3831 1935 civi-

2222 1954 2417 2009 tatibus
2445 1957 2605 2011 curiae
2625 1958 2784 2012 etiam
2813 1960 3164 2029 populorum;
3192 1973 3246 2019 et
3273 1980 3375 2020 una
3398 1967 3589 2022 civitas
3614 1971 3832 2025 multas

2221 2047 2395 2102 curias
2423 2048 2599 2117 habet,
2631 2050 2765 2105 sicut
2804 2052 2971 2106 Roma
3001 2054 3209 2124 triginta
3249 2057 3482 2127 quinque
3507 2060 3707 2115 curias
3736 2060 3832 2117 ha-

2220 2136 2311 2192 bet
2336 2140 2535 2207 p0puli.
2583 2140 2674 2195 Ila:
2703 2141 2950 2196 dicuntur
2997 2145 3182 2198 tribus.
3227 2146 3332 2201 Has
3370 2150 3601 2217 pupulus
3656 2150 3832 2208 Israel

2221 2227 2501 2285 duodecim
2531 2230 2777 2299 habebat,
2810 2234 3099 2289 secundum
3131 2235 3267 2291 ﬁlios
3294 2238 3479 2294 Jacoh.

2290 2320 2344 2374 8.
2378 2321 2661 2377 Duodecim
2692 2324 2860 2378 tribus
2884 2334 3035 2379 erant
3064 2328 3239 2396 populi
3288 2329 3446 2383 Israel
3476 2349 3491 2385 :
3522 2333 3624 2387 sed
3663 2344 3829 2391 erant

2220 2412 2291 2466 ibi
2323 2413 2466 2479 mali,
2496 2422 2549 2468 et
2589 2425 2744 2470 erant
2772 2416 2841 2471 ibi
2889 2416 3032 2471 boni.
3066 2418 3235 2486 Quam
3277 2420 3421 2475 enim
3447 2423 3609 2479 malm
3647 2427 3831 2483 tribus

2219 2517 2338 2573 qua:
2366 2504 2738 2560 cruciﬁxerunt
2762 2507 3085 2563 Dominum?
3113 2509 3279 2577 Quam
3307 2511 3458 2567 bona:
3486 2514 3671 2570 tribus
3708 2534 3831 2588 qua:

2218 2606 2578 2665 cognoverunt
2604 2596 2921 2652 Dominum?
2949 2599 3053 2653 Illa:
3082 2615 3209 2670 ergo
3249 2603 3417 2658 tribus
3442 2619 3563 2675 qua:
3593 2590 3829 2663 cruciﬁ-

2217 2693 2409 2738 xerunt
2440 2685 2743 2753 Dominum,
2775 2688 2942 2743 tribus
2971 2696 3095 2743 sunt
3123 2690 3337 2747 diaboli.
3384 2693 3514 2749 Cum
3547 2711 3693 2767 ergo
3741 2698 3830 2754 hic

2217 2773 2439 2839 diceret,
2464 2774 2597 2829 Illuc
2614 2777 2745 2832 enim
2764 2779 3092 2833 ascenderunt
3116 2781 3307 2848 tribus;
3331 2798 3397 2837 nc
3416 2798 3609 2841 omnes
3640 2788 3827 2846 tribus

2217 2865 2560 2936 intelligeres,
2608 2869 2841 2935 addidit,
2886 2870 3041 2925 tribus
3082 2870 3305 2927 Domini.
3334 2874 3470 2942 Quid
3498 2885 3606 2943 est,
3642 2878 3819 2935 tribus

2217 2956 2463 3013 Domini?
2486 2958 2617 3027 Qua:
2658 2972 3018 3030 cognoverunt
3051 2963 3350 3020 Dotninum.
3386 2966 3465 3020 Ex
3495 2967 3634 3037 ipsis
3668 2970 3825 3029 enim

2214 3049 2492 3106 duodecim
2511 3053 2750 3108 tribubus
2768 3055 2939 3121 malis,
2958 3066 3110 3111 erant
3132 3058 3201 3113 ibi
3228 3058 3349 3113 boni
3373 3060 3440 3115 de
3455 3062 3616 3119 bonis
3642 3065 3829 3121 tribu-

2214 3141 2313 3195 bus
2338 3144 2358 3173 ¹
2385 3158 2502 3213 qua:
2528 3154 2888 3214 cognoverunt
2917 3146 3285 3203 fabricatorem
3314 3152 3577 3220 civitatis;
3606 3165 3671 3210 et
3707 3158 3829 3227 ipsa

2214 3243 2362 3289 erant
2390 3249 2555 3305 grana
2600 3237 2737 3291 inter
2759 3237 2877 3305 illas
2916 3239 3098 3305 tribus,
3128 3255 3246 3311 qum
3277 3242 3413 3297 inter
3442 3244 3622 3312 paleas
3658 3262 3827 3304 com-

2212 3328 2375 3382 mixta
2407 3336 2549 3383 sunt.
2578 3330 2946 3386 Ascenderunt
2971 3339 3170 3396 autem,
3202 3350 3307 3388 non
3333 3350 3453 3389 cum
3482 3336 3687 3406 paleis,
3724 3342 3825 3397 sed

2215 3420 2383 3474 tribus
2426 3430 2677 3490 purgatae,
2723 3421 2927 3488 electae,
2969 3424 3115 3493 quasi
3168 3426 3334 3480 tribus
3379 3427 3610 3483 Domini.
3670 3430 3825 3488 Illuc

2211 3510 2538 3564 ascenderunt
2563 3512 2740 3577 tribus,
2773 3513 2928 3567 tribus
2954 3512 3181 3567 Domini.
3209 3516 3343 3584 Quid
3374 3528 3472 3583 est,
3502 3520 3673 3575 tribus
3706 3522 3825 3583 Do-

2211 3601 2379 3655 mini?
2423 3598 2783 3656 Testimonium
2810 3603 2993 3658 Israel.
3040 3605 3152 3661 Iloe
3177 3607 3301 3677 quid
3333 3610 3420 3674 sit,
3454 3609 3678 3677 fratres,
3716 3629 3822 3671 au-

2210 3690 2318 3747 dite
2347 3714 2362 3745 :
2392 3691 2752 3748 Testimonium
2777 3694 2962 3763 Israel,
2994 3697 3044 3751 id
3070 3706 3172 3765 est,
3202 3700 3253 3753 in
3284 3701 3473 3770 quibus
3500 3718 3820 3774 cognosca-

2210 3790 2297 3837 tur
2341 3784 2461 3854 quia
2513 3785 2642 3839 est8
2679 3802 2801 3843 vere
2852 3787 3031 3843 Israel.
3082 3789 3217 3857 Quid
3266 3800 3348 3846 est
3393 3795 3533 3848 enim
3584 3797 3819 3856 Israel?

2212 3872 2580 3945 lnterpretatio
2606 3878 2834 3932 nominis
2864 3880 2977 3949 ejus
3001 3880 3137 3935 dicta
3181 3892 3263 3937 est
3281 3883 3412 3953 jam,
3440 3894 3495 3939 et
3521 3902 3677 3957 saepe
3724 3892 3816 3953 di-

2209 3972 2360 4018 catur
2387 3981 2399 4018 :
2430 3964 2568 4021 forte
2596 3967 2738 4022 enim
2780 3969 2877 4023 etsi
2906 3985 3090 4025 recens
3118 3971 3256 4027 dicta
3300 3982 3401 4039 est,
3446 3976 3672 4033 excidit.
3712 3981 3811 4035 Di-

2209 4055 2398 4122 cendo,
2438 4072 2536 4111 nos
2578 4056 2832 4113 faciamus
2879 4068 2935 4114 ut
2982 4077 3085 4116 non
3134 4063 3343 4117 excidat
3386 4065 3544 4120 etiam
3591 4068 3677 4123 eis
3714 4074 3813 4142 qui

2209 4146 2386 4216 legere
2416 4162 2519 4202 non
2546 4157 2804 4204 noverunt
2829 4159 2919 4204 aut
2944 4152 3222 4207 uoluerunt
3258 4171 3270 4208 :
3304 4169 3403 4209 nos
3426 4156 3597 4212 simus
3618 4161 3809 4217 codex

2209 4237 2464 4307 ipsorum.
2496 4240 2680 4308 Israel,
2709 4240 2905 4296 Videus
2936 4243 3099 4298 Deum
3130 4246 3540 4314 interpretatur;
3573 4250 3691 4305 imo
3717 4253 3808 4308 di-

2208 4328 2451 4399 ligentius
2477 4330 2716 4386 discusso
2737 4333 2921 4398 verbo,
2951 4335 3027 4389 sic
3053 4334 3448 4405 interpretatur,
3482 4340 3670 4395 Israel.
3700 4343 3807 4400 Est

2208 4421 2393 4477 videns
2436 4423 2603 4478 Dettm
2632 4423 2653 4455 ⁸
2684 4442 2695 4478 :
2723 4433 3021 4495 utrumque,
3064 4436 3145 4481 est
3185 4429 3370 4483 videns
3421 4430 3605 4485 Deum.
3657 4435 3802 4502 Quia

2211 4515 2370 4571 homo
2398 4518 2449 4571 in
2473 4533 2531 4572 se
2560 4533 2662 4571 non
2689 4530 2769 4572 est
2795 4537 2808 4571 :
2837 4528 3069 4574 mutatur
3091 4521 3229 4575 enim
3257 4530 3309 4576 et
3332 4525 3575 4587 vertitur,
3608 4526 3653 4579 si
3685 4544 3797 4583 non

2208 4610 2488 4679 participet
2533 4610 2649 4679 ejus
2675 4609 2764 4679 qui
2810 4614 2893 4665 est
2937 4610 3184 4680 idipsum.
3236 4613 3381 4669 Tune
3421 4622 3524 4681 est,
3572 4619 3798 4686 quando

2209 4700 2352 4756 videt
2392 4701 2577 4755 Deum.
2611 4702 2759 4756 Tunc
2782 4700 2923 4757 enim
2973 4711 3074 4770 est,
3123 4704 3332 4772 quando
3371 4705 3514 4762 videt
3543 4722 3667 4762 eum
3700 4710 3797 4779 qui

2209 4801 2326 4856 est;
2358 4800 2412 4846 et
2440 4790 2665 4846 videndo
2692 4807 2812 4846 eum
2840 4792 2928 4862 qui
2954 4800 3056 4857 est,
3089 4792 3149 4847 ﬁt
3173 4802 3226 4848 et
3246 4795 3358 4865 ipse
3381 4811 3477 4864 pro
3508 4798 3672 4853 modo
3692 4815 3797 4857 suo

2210 4892 2267 4937 ut
2297 4884 2383 4938 sit.
2418 4883 2555 4953 Ergo
2594 4883 2705 4952 ipse
2734 4891 2817 4937 est
2845 4882 3024 4950 Israel,
3057 4883 3216 4940 Israel
3254 4894 3335 4940 est
3361 4886 3548 4941 videns
3593 4888 3791 4944 Deum.

2209 4973 2482 5045 Superbus
2506 4989 2632 5044 ergo
2654 4988 2756 5028 non
2782 4985 2863 5029 est
2887 4973 3049 5030 Israel
3082 4994 3094 5027 :
3124 4975 3244 5046 quia
3270 4991 3372 5031 non
3390 4986 3472 5032 est
3498 4980 3791 5051 participa-

2210 5067 2283 5121 tio
2327 5066 2440 5137 ejus
2470 5067 2520 5120 in
2552 5066 2817 5136 idipsum;
2863 5067 2984 5135 quia
3028 5067 3143 5137 ipse
3186 5067 3285 5122 sibi
3316 5068 3426 5122 vult
3466 5084 3587 5124 esse
3614 5072 3668 5124 in
3708 5072 3791 5126 id-

2210 5160 2402 5230 ipsum.
2436 5159 2534 5227 Qui
2572 5159 2671 5215 sibi
2710 5158 2820 5214 vult
2845 5173 2963 5215 esse
3001 5159 3314 5230 principium
3344 5176 3449 5217 non
3479 5171 3561 5218 est
3599 5162 3786 5219 Israel.

2274 5318 2291 5349 ί
2317 5321 2410 5363 En:
2435 5312 2484 5364 si
2498 5325 2593 5377 non
2614 5313 2942 5373 descenderet,
2967 5318 3013 5363 et
3050 5325 3144 5363 non
3168 5326 3180 5363 :
3206 5314 3355 5377 Lugd.
3374 5322 3492 5366 Ven.
3516 5322 3567 5366 et
3586 5323 3716 5366 Lov.:
3739 5315 3789 5367 si

2208 5390 2301 5428 non
2323 5376 2648 5435 descenderet,
2671 5386 2782 5433 non,
2809 5382 2905 5425 etc.
3002 5382 3058 5423 tu.

2274 5442 2412 5500 Itin:
2434 5436 2649 5500 Exipsis
2677 5435 2802 5500 enim
2841 5436 3095 5486 duodecim
3128 5435 3345 5490 tribubus
3376 5436 3494 5487 mali
3527 5436 3594 5487 ibi
3630 5445 3780 5496 eram,

2212 5499 2321 5551 boni
2337 5497 2397 5549 de
2415 5496 2799 5562 tribubus,
2813 5510 2920 5559 qua:
2932 5505 3269 5562 cognosci-wit.
3293 5501 3367 5549 sic
3383 5502 3527 5549 etiam
3542 5500 3667 5562 apud
3686 5511 3779 5548 am.

2210 5564 2303 5625 nisi
2323 5561 2459 5625 quod
2490 5560 2707 5625 diversa_
2728 5566 2806 5610 est
2823 5560 3110 5625 _verborum_
3137 5561 3477 5625 interpunctio.
3518 5560 3781 5625 Atigttnuse

2209 5618 2357 5674 Corbf
2372 5630 2496 5684 Mss;
2518 5630 2592 5684 Ea:
2613 5618 2730 5684 ipsis
2753 5618 2881 5684 enim
2905 5619 3159 5684 duodecim
3181 5618 3395 5672 tribubus
3410 5627 3545 5671 erant
3569 5620 3637 5673 ibi
3651 5620 3779 5681 mali,

2211 5690 2344 5737 erant
2355 5683 2435 5748 ibi
2457 5680 2581 5733 boni.
2610 5680 2680 5732 De
2699 5680 2831 5748 bonis
2856 5681 3093 5744 tribubus,
3116 5694 3227 5747 qua:
3243 5691 3575 5748 cognoverunt,
3595 5691 3690 5735 etc.

2275 5749 2295 5780 ³
2320 5745 2506 5808 Aliquot
2525 5754 2650 5808 Mss,
2675 5742 2758 5807 qui
2780 5748 2867 5794 est.

2275 5810 2291 5840 ἰ
2318 5815 2389 5858 Er.
2408 5806 2562 5870 't.ugd.
2584 5806 2751 5856 venet.
2776 5813 2883 5855 Lov.
2912 5806 3168 5867 omittunt,
3194 5814 3360 5856 Deum.
3397 5814 3455 5857 II.
