4160 6434
342 417 476 474 1625

338 534 524 593 Omnis
552 547 685 604 ergo
718 531 869 586 fictus
895 543 997 583 non
1026 535 1107 582 est
1125 524 1306 589 Israel,
1330 522 1450 594 quia
1475 521 1649 577 omnis
1671 521 1929 591 superbus

343 643 563 688 necesse
592 635 677 683 est
705 633 767 679 ut
803 622 956 678 fictus
985 620 1072 675 sit.
1126 618 1235 673 Hoc
1259 615 1399 684 dico,
1451 614 1679 679 fratres;
1712 629 1931 669 necesse

345 731 427 781 est
451 732 506 778 ut
534 719 714 777 omnis
740 715 1003 786 superbus
1031 712 1158 767 velit
1195 708 1360 765 videri
1394 708 1533 779 quod
1561 722 1663 761 non
1690 713 1772 761 est
1796 723 1810 760 :
1839 705 1937 760 ali—

347 829 447 879 ter,
479 813 673 869 fratres
700 810 825 873 mei,
858 822 962 861 non
991 812 1187 876 potest.
1216 802 1283 857 Et
1307 802 1506 856 utinam
1547 800 1625 855 sic
1650 798 1813 853 vellet
1841 812 1934 852 sa-

352 907 549 977 pcrbus
579 900 749 956 videri
794 897 934 969 quod
981 912 1085 950 non
1117 902 1218 960 est,
1261 901 1317 947 ut
1360 890 1525 946 vellet
1570 890 1756 951 videri,
1788 887 1937 943 verbi

352 1011 529 1060 causa,
561 990 838 1057 choraula,
868 1004 986 1045 cum
1018 985 1264 1042 choraula
1298 1000 1400 1038 non
1440 991 1601 1037 esset.
1648 981 1765 1035 Cito
1798 981 1938 1034 enim

353 1087 705 1159 probaretur;
752 1082 1017 1137 diceretur
1041 1079 1089 1134 ei
1118 1079 1134 1111 ¹
1165 1094 1177 1131 :
1210 1075 1417 1140 Canta;
1449 1074 1721 1128 videamus
1765 1081 1942 1127 utrum

353 1178 609 1235 choraula
635 1176 731 1235 sis.
774 1174 887 1228 Non
920 1178 1098 1241 posset
1124 1187 1138 1235 ;
1170 1168 1497 1223 inveniretur
1526 1165 1657 1219 falso
1688 1178 1746 1218 se
1776 1161 1945 1217 videri

355 1271 593 1327 voluisse
623 1267 761 1337 quod
791 1281 896 1320 non
928 1270 1060 1320 erat.
1090 1262 1145 1317 Si
1174 1262 1374 1316 diceret
1404 1275 1461 1313 se
1482 1257 1838 1327 eloquentem,
1864 1255 1945 1310 di-

356 1372 570 1419 ceretur
598 1361 647 1415 ei
680 1377 693 1416 :
721 1359 981 1429 Loquere,
1034 1362 1087 1408 et
1115 1351 1298 1424 proba.
1328 1351 1384 1406 Si
1420 1350 1628 1405 locutus
1658 1347 1833 1410 fuerit,
1863 1346 1946 1400 in-

358 1456 569 1508 venitur
599 1464 704 1504 non
743 1448 844 1502 hoc
873 1460 992 1501 esse
1017 1443 1156 1513 quod
1188 1442 1457 1511 professus
1500 1447 1600 1493 est.
1632 1437 1903 1506 Superbus
1930 1477 1945 1501 ,

360 1543 503 1616 quod
528 1542 683 1614 pejus
705 1548 806 1603 est,
832 1538 1032 1608 justum
1061 1551 1118 1590 se
1138 1536 1250 1589 vult
1276 1533 1462 1596 videri,
1483 1546 1602 1588 cum
1634 1546 1739 1585 non
1768 1530 1869 1595 sit;
1893 1537 1947 1584 et

362 1635 483 1707 quia
526 1633 785 1703 justitiam
833 1627 1127 1697 intelligere
1181 1623 1398 1679 difficile
1447 1630 1559 1685 est,
1603 1619 1822 1675 difficile
1872 1626 1954 1674 est

365 1725 626 1798 superbos
651 1736 958 1794 agnoscere.
988 1720 1186 1773 Volunt
1225 1730 1350 1786 ergo
1379 1714 1593 1784 superbi
1618 1712 1785 1767 videri
1813 1712 1952 1782 quod

366 1832 475 1873 non
497 1824 622 1870 sunt
650 1832 663 1869 :
695 1812 815 1867 ideo
833 1824 938 1865 non
965 1816 1047 1864 est
1067 1806 1398 1877 participatio
1420 1819 1605 1860 eorum
1628 1803 1679 1857 in
1698 1802 1953 1872 idipsum;

368 1924 474 1963 non
505 1905 774 1976 pertinent
810 1901 876 1956 ad
907 1899 1088 1961 Israel,
1122 1898 1209 1968 qui
1241 1906 1322 1952 est
1349 1898 1369 1929 ⁸
1399 1894 1584 1950 videns
1611 1894 1796 1949 Deum.
1828 1891 1957 1961 Quis

370 2011 500 2067 ergo
523 1996 759 2065 pertinet
781 1991 848 2047 ad
874 1990 1078 2045 Israel?
1105 1987 1205 2056 Qui
1234 1996 1315 2042 est
1340 1988 1603 2056 particeps
1625 1984 1677 2038 in
1702 1983 1953 2053 idipsum.

372 2089 503 2157 Quis
526 2096 611 2143 εει
636 2084 726 2154 qui
771 2082 1047 2153 participat
1078 2081 1131 2133 in
1160 2076 1422 2147 idipsum?
1464 2076 1565 2143 Qui
1592 2074 1873 2130 confitetur
1899 2087 1959 2128 se

373 2194 481 2233 non
503 2191 624 2232 esse
643 2173 785 2245 quod
816 2174 955 2227 Deus
980 2179 1082 2237 est,
1107 2178 1156 2223 et
1178 2168 1351 2223 abillo
1378 2167 1575 2221 habere
1599 2164 1739 2235 quod
1762 2165 1959 2219 bonum

376 2276 552 2339 potest
574 2266 806 2329 habere;
839 2277 867 2315 a
894 2276 954 2318 se
973 2269 1149 2315 autem
1180 2275 1283 2312 non
1310 2272 1430 2313 esse
1446 2257 1545 2311 nisi
1574 2266 1873 2326 peccatum,
1895 2256 1963 2311 ab

378 2359 468 2412 illo
493 2356 595 2410 sibi
620 2353 1031 2423 essejustitiam.
1062 2350 1206 2404 Talis
1228 2357 1310 2403 est
1336 2348 1391 2402 in
1414 2362 1521 2417 quo
1550 2346 1702 2401 dolus
1728 2361 1833 2400 non
1857 2355 1958 2400 est.

380 2448 447 2503 Et
477 2446 734 2502 Dominus
764 2444 947 2499 videns
972 2440 1372 2506 Nathanaelem,
1401 2437 1529 2508 quid
1555 2438 1669 2491 ait?
1696 2436 1830 2491 Ecce
1856 2452 1968 2492 vere

382 2538 642 2600 Israelita,
681 2537 735 2591 in
773 2552 869 2607 quo
899 2534 1044 2589 dolus
1082 2549 1181 2586 non
1205 2541 1276 2586 est
1300 2529 1478 2604 (Joan.
1526 2546 1563 2597 ι,
1594 2528 1706 2601 47).
1741 2529 1797 2584 Si
1836 2544 1966 2599 ergo

378 2644 539 2685 verus
583 2627 816 2682 Israelita
842 2668 857 2693 ,
899 2626 951 2679 in
994 2638 1101 2694 quo
1142 2622 1296 2677 dolus
1339 2635 1447 2675 non
1490 2628 1592 2685 est,
1643 2620 1813 2674 tribus
1860 2620 1967 2674 illre

382 2720 685 2778 ascendunt
710 2719 775 2773 ad
802 2718 1120 2779 Jerusalem,
1147 2717 1199 2769 in
1227 2713 1416 2787 quibus
1446 2712 1599 2766 dolus
1629 2725 1734 2765 non
1767 2720 1867 2766 est.
1899 2712 1969 2766 Et

382 2817 513 2887 ipsa:
554 2821 679 2868 sunt
714 2811 1050 2865 testimonium
1080 2806 1284 2872 Israel;
1332 2805 1384 2859 id
1412 2813 1510 2869 est,
1546 2819 1640 2873 per
1669 2804 1784 2858 illas
1813 2818 1969 2875 agno-

384 2908 550 2963 scitur
577 2904 699 2975 quia
730 2911 885 2958 erant
911 2901 931 2932 ⁸
957 2915 1119 2970 grana
1148 2900 1288 2954 inter
1314 2898 1457 2951 illam
1500 2894 1725 2966 paleam,
1755 2895 1968 2966 quando

385 3012 509 3053 area
539 3011 659 3051 cum
688 2993 977 3055 videretur,
1005 3000 1111 3044 tota
1139 2989 1287 3060 palea
1315 2986 1621 3059 putabatur.
1651 2988 1817 3041 Erant
1842 3002 1970 3057 ergo

386 3087 458 3143 ibi
482 3100 648 3157 grana
677 3103 691 3138 :
720 3084 813 3139 sed
840 3098 957 3138 cum
980 3080 1314 3137 ascenderint
1340 3081 1390 3133 in
1419 3078 1799 3134 sublimitatem
1825 3078 1971 3133 illam

386 3180 706 3252 splendoris,
738 3194 856 3234 cum
880 3177 1038 3232 fuerit
1065 3191 1187 3231 area
1216 3176 1468 3230 ventilata
1496 3173 1707 3249 (Matth.
1740 3189 1816 3241 ιιι,
1840 3171 1931 3246 12)
1950 3216 1965 3240 ,

387 3282 511 3327 tunc
535 3272 639 3325 erit
664 3270 1000 3323 testimonium
1026 3266 1188 3321 Israel
1210 3284 1229 3331 ;
1261 3276 1386 3321 tunc
1410 3266 1591 3321 dicent
1612 3281 1800 3320 omnes
1821 3264 1968 3330 mali,

388 3363 524 3419 Vere
554 3361 676 3431 quia
717 3368 865 3415 erant
896 3358 964 3415 ibi
1005 3358 1135 3427 justi
1166 3358 1301 3411 inter
1339 3356 1526 3421 malos,
1577 3356 1788 3427 quando
1817 3356 1971 3412 nobis

387 3468 573 3510 omnes
602 3452 725 3507 mali
755 3451 1087 3514 videbantur,
1117 3458 1170 3503 et
1211 3448 1397 3518 quales
1427 3464 1524 3503 nos
1553 3462 1787 3513 eramus,
1836 3448 1970 3505 tales

387 3562 573 3604 omnes
623 3545 956 3616 putabamus.
1001 3541 1364 3597 Testimonium
1406 3539 1589 3595 Israel.
1635 3540 1750 3607 Quo
1794 3554 1974 3596 ascen-

387 3643 518 3698 dunt
535 3641 561 3692 ‘t
587 3654 752 3711 quare
780 3635 1115 3691 ascendunt?
1140 3634 1222 3687 Ad
1260 3634 1598 3703 conﬁtendum
1623 3633 1814 3686 nomini
1859 3642 1968 3702 tuo,

388 3735 621 3791 Domine.
644 3728 1063 3801 Magniliccntius
1081 3727 1181 3780 dici
1206 3741 1310 3780 non
1335 3732 1526 3794 potest.
1555 3724 1703 3779 Sicut
1722 3724 1968 3793 superbia

388 3824 682 3897 praesumit,
698 3822 776 3876 sic
797 3818 1065 3874 humilitas
1088 3815 1389 3871 confitetur.
1414 3814 1692 3883 Quomodo
1717 3830 1974 3884 praesum-

389 3926 507 3988 ptor
536 3923 620 3970 est
650 3911 739 3983 qui
768 3910 881 3965 vult
910 3908 1080 3964 videri
1109 3906 1248 3977 quod
1279 3921 1383 3960 non
1428 3913 1539 3970 est;
1572 3906 1650 3960 sic
1693 3905 1973 3959 confessor

388 4017 469 4063 est
496 4006 583 4078 qui
612 4019 720 4059 non
749 4002 862 4056 vult
887 4000 1051 4054 videri
1078 3996 1217 4070 quod
1244 4005 1324 4052 est
1355 3997 1469 4067 ipse
1492 3994 1534 4061 ⁸,
1564 4004 1619 4052 ει
1661 4007 1800 4049 amat
1830 3995 1972 4065 quod

390 4108 470 4153 est
494 4098 603 4153 ille.
646 4094 729 4150 Ad
778 4094 879 4148 hoc
908 4107 1034 4162 ergo
1063 4089 1358 4145 ascendunt
1384 4087 1657 4154 Israelitre,
1703 4087 1754 4141 in
1782 4087 1972 4157 quibus

389 4189 547 4243 dolus
578 4201 684 4242 non
728 4193 827 4249 est,
858 4184 977 4253 quia
1005 4188 1127 4235 sunt
1153 4195 1279 4235 vere
1308 4178 1579 4243 lsraelitm,
1609 4178 1731 4247 quia
1760 4177 1812 4231 in
1843 4178 1972 4246 ipsis

391 4290 471 4336 εει
496 4276 859 4335 testimonium
904 4273 1098 4335 Israel;
1131 4271 1196 4325 ad
1227 4271 1330 4325 hoc
1357 4269 1671 4337 ascendunt,
1703 4269 1770 4322 ad
1809 4270 1971 4338 con/i-

390 4370 595 4423 tendum
624 4366 814 4421 nomini
844 4374 948 4430 tuo,
980 4362 1210 4415 Domine.

459 4461 513 4516 9.
545 4458 695 4534 [vers.
727 4456 805 4528 5.]
837 4455 1087 4523 Quoniam
1115 4453 1182 4506 ibi
1206 4452 1436 4506 sederunt
1466 4450 1605 4505 sedes
1634 4451 1684 4505 in
1697 4451 1970 4522 judicium.

390 4554 576 4609 Mirum
626 4550 881 4620 aenigma,
928 4546 1058 4600 mira
1089 4543 1342 4614 quaestio,
1388 4542 1429 4596 si
1478 4557 1582 4596 non
1635 4543 1971 4612 intelligatur.

390 4645 559 4701 Sedes
586 4642 750 4708 dicit,
795 4654 927 4710 quos
956 4638 1126 4693 Graeci
1167 4637 1387 4691 thronos
1416 4634 1699 4703 appellant.
1730 4634 1975 4690 Thronos

391 4736 561 4793 Graeci
608 4733 766 4790 sellas
821 4731 1033 4796 dicunt,
1085 4737 1331 4798 tanquam
1388 4725 1743 4780 honorabiles.
1793 4726 1970 4796 Ergo,

391 4829 581 4884 fratres
631 4828 769 4892 mei,
812 4839 919 4879 non
967 4830 1049 4877 est
1078 4822 1268 4875 mirum
1304 4820 1347 4874 si
1378 4819 1598 4873 sedeant
1641 4818 1882 4874 homines
1924 4820 1976 4874 in

390 4920 629 4983 sedibus,
660 4919 713 4971 in
743 4916 891 4971 sellis
920 4932 933 4967 :
964 4923 1019 4968 ιιι
1042 4920 1217 4967 autem
1247 4913 1372 4980 ipsa:
1401 4909 1557 4965 sedes
1582 4909 1820 4975 sedeant,
1841 4926 1975 4979 quo-

391 5010 552 5066 modo
571 5022 859 5079 possumus
882 5004 1211 5073 intelligere?
1237 5002 1508 5071 Tanquam
1529 5001 1574 5056 si
1595 5000 1737 5055 dicat
1757 5001 1974 5071 aliquis:

392 5102 625 5158 Sedeant
650 5099 738 5154 hic
766 5097 1051 5163 cathedras,
1081 5103 1171 5150 aut
1201 5094 1418 5150 sedeant
1445 5093 1529 5148 hic
1558 5094 1723 5148 sellae.
1755 5092 1812 5147 In
1842 5095 1976 5149 sella

394 5195 634 5259 sedetur,
681 5193 733 5246 in
784 5190 998 5246 sedibus
1042 5188 1276 5250 sedetur,
1323 5188 1376 5240 in
1419 5186 1684 5241 cathedris
1726 5186 1974 5253 sedetur;

395 5300 501 5339 non
532 5285 663 5355 ipsae
691 5281 847 5339 sedes
870 5281 1073 5336 sedent.
1112 5278 1245 5346 Quid
1274 5284 1358 5332 est
1385 5292 1513 5346 ergo
1554 5277 1653 5332 hoc
1674 5319 1688 5343 ,
1726 5277 1979 5344 Quoniam

395 5378 461 5431 ibi
499 5377 735 5431 sederunt
762 5374 903 5430 sedes
929 5375 981 5428 in
1000 5372 1293 5445 judicium?
1334 5370 1488 5425 certe
1529 5370 1712 5425 soletis
1758 5369 1972 5437 audire,

397 5469 507 5526 Deo
526 5469 757 5536 dicente,
781 5467 972 5524 Ctelum
996 5465 1118 5519 mihi
1146 5464 1356 5518 thronus
1381 5472 1483 5528 est;
1514 5473 1645 5517 terra
1672 5471 1838 5518 autem
1860 5479 1977 5518 sca-

460 5631 476 5656 ι
506 5631 579 5674 Er.
603 5631 751 5687 Lugd.
776 5631 948 5672 Venet.
968 5631 1094 5681 l.ov.,
1119 5635 1163 5670 si
1193 5631 1435 5669 arceretur
1452 5632 1514 5669 et.
1612 5631 1670 5666 tu.

457 5687 478 5716 '
504 5685 654 5735 Editio
695 5692 883 5735 tantum
923 5690 1061 5742 Lov.,
1100 5694 1192 5732 non
1226 5681 1428 5745 pertinet
1460 5679 1524 5730 ad
1570 5679 1719 5731 Israel
1761 5680 1845 5745 qui
1887 5693 1980 5731 non

398 5752 695 5873 ’διξέῗέελιιι
721 5814 794 5856 Er.
822 5814 875 5856 et
893 5814 1000 5873 _Mss.
1031 5812 1084 5853 Al.
1104 5811 1232 5873 Izov.,
1257 5805 1339 5869 qui
1360 5811 1511 5855 erant.

458 5870 480 5902 ι
506 5883 592 5921 sex
622 5878 746 5934 Mss,
775 5868 902 5933 quod
920 5881 1011 5919 non
1031 5873 1100 5917 est
1118 5868 1235 5929 ipse.

603 5624 751 5687 Lugd.
776 5630 948 5672 Venet.
968 5629 1094 5681 l.ov.,
1119 5620 1163 5670 si
1193 5618 1435 5687 diceretur
1452 5617 1524 5687 ei.
1611 5625 1670 5666 Μ.

1490 406 1881 460 ιςΝΑιιιιετιο
1909 408 1972 461 ΙΝ
2013 410 2331 468 PSALMUM
2362 414 2546 470 CXXI.

3486 429 3623 485 1626

2042 525 2222 581 bellum
2251 529 2434 598 pedum
2468 546 2689 584 meorum
2730 531 2881 603 (Isai.
2918 550 3058 602 um,
3104 534 3180 609 1.)
3222 536 3408 592 Latine
3448 550 3624 595 autem

2045 627 2212 673 totum
2241 621 2316 675 sic
2338 620 2547 688 dicitur,
2581 622 2768 677 (Italum
2796 626 2920 679 mihi
2943 628 3084 681 sedes
3110 639 3199 683 est.
3233 628 3331 697 Qui
3359 642 3480 685 sunt
3506 633 3625 703 isti,

2044 712 2143 765 nisi
2167 711 2331 781 justi?
2367 714 2454 783 qui
2482 723 2605 768 sunt
2633 716 2782 781 cceli,
2819 718 2914 772 nisi
2939 718 3103 786 justi?
3138 721 3235 786 Qui
3264 722 3455 777 etclam
3480 767 3493 789 ,
3525 725 3626 794 ipsi

2045 801 2167 857 caeli
2200 819 2214 857 :
2242 804 2360 873 quia
2404 820 2522 874 qua:
2568 804 2839 873 Ecclesia,
2880 807 3009 879 ipsa:
3053 810 3331 877 Ecclesiae;
3381 814 3458 868 sic
3504 823 3632 870 sunt

2049 894 2263 960 multae,
2310 903 2367 950 ut
2396 910 2499 949 una
2529 897 2632 951 sit:
2659 898 2737 952 sic
2779 913 2907 969 ergo
2945 908 2998 954 et
3030 901 3192 970 justi;
3239 904 3307 957 ita
3342 914 3467 960 sunt
3500 906 3633 977 justi

2050 986 2265 1053 caelum,
2301 996 2355 1041 ut
2384 988 2505 1041 cmli
2536 989 2659 1043 siut.
2684 990 2740 1044 In
2771 991 2897 1059 ipsis
2923 1000 3094 1045 autem
3122 993 3270 1048 sedet
3298 995 3455 1061 Deus,
3488 1007 3541 1051 et
3563 998 3631 1053 de

2051 1076 2178 1146 ipsis
2203 1076 2407 1146 judicat
2429 1078 2587 1134 Deus.
2614 1080 2674 1133 Et
2694 1096 2797 1133 non
2830 1081 2944 1135 sine
2973 1096 3129 1136 causa
3159 1083 3354 1139 dictum
3386 1094 3484 1152 est,
3513 1085 3635 1141 Caeli

2053 1180 2287 1223 enarrant
2312 1170 2527 1241 gloriam
2548 1171 2657 1224 Dei.
2679 1173 2919 1241 Apostoli
2941 1174 3084 1228 enim
3111 1174 3233 1230 facti
3263 1187 3384 1231 sunt
3414 1179 3629 1235 etclam.

2054 1257 2205 1314 Unde
2248 1258 2367 1313 facti
2409 1268 2533 1313 sunt
2573 1260 2805 1316 corium?
2848 1263 2979 1330 Quia
3023 1264 3313 1334 justificati.
3362 1268 3639 1334 Quomodo

2056 1359 2301 1419 peccator
2330 1350 2497 1405 factus
2526 1361 2606 1405 est
2639 1362 2798 1418 terra,
2830 1356 2913 1408 cui
2946 1355 3143 1410 dictum
3176 1367 3275 1420 est,
3308 1357 3467 1414 Terra
3496 1378 3566 1429 es,
3596 1372 3642 1417 et

2057 1441 2107 1495 in
2152 1450 2335 1495 terram
2364 1440 2456 1495 ibis
2488 1440 2636 1513 (Gen.
2670 1460 2761 1507 ιιι,
2800 1445 2919 1514 l9);
2965 1446 3041 1500 sic
3064 1446 3337 1514 justificati
3370 1449 3489 1505 lacti
3520 1462 3644 1508 sunt

2058 1532 2271 1587 coelum.
2307 1533 2659 1588 Portaverunt
2685 1535 2871 1601 Deum,
2901 1543 2955 1591 et
2983 1536 3049 1591 de
3075 1538 3202 1606 ipsis
3224 1538 3364 1594 Deus
3394 1556 3645 1597 corusca-

2058 1626 2149 1681 bat
2178 1627 2449 1693 miracula,
2475 1628 2687 1683 tonabat
2714 1637 2959 1695 terrores,
2987 1630 3204 1700 pluebat
3224 1612 3641 1691 consolationes.

2064 1716 2228 1773 Erant
2256 1734 2382 1788 ergo
2402 1761 2416 1786 ,
2445 1730 2597 1773 erant
2624 1720 2695 1773 illi
2723 1720 2917 1774 etclam
2943 1762 2955 1785 ,
2999 1730 3052 1775 et
3080 1723 3397 1778 enarrabunt
3420 1724 3642 1795 gloriam

2062 1810 2177 1866 Dei.
2214 1811 2343 1865 Nam
2373 1819 2431 1866 at
2461 1812 2713 1867 noveritis
2742 1813 2887 1882 ipsos
2912 1812 3081 1868 dictos
3110 1817 3302 1870 caelum
3324 1859 3338 1883 ,
3380 1818 3449 1873 ibi
3491 1820 3564 1874 ait
3593 1821 3645 1874 in

2065 1904 2180 1973 ipso
2210 1904 2414 1973 psalmo
2440 1922 2453 1956 :
2478 1902 2545 1957 In
2571 1921 2765 1958 omnem
2794 1913 2977 1958 (errant
3008 1906 3155 1960 exivit
3184 1924 3336 1962 sonus
3367 1925 3534 1963 eorum
3556 1952 3569 1977 ,
3601 1921 3648 1964 et

2064 1997 2117 2051 in
2155 1997 2280 2066 fines
2322 1998 2455 2051 orbis
2485 2007 2630 2051 terra:
2658 1998 2804 2051 verba
2831 2016 3002 2053 eorum
3052 1997 3222 2069 (Psal.
3264 2016 3427 2067 xvm,
3471 2001 3526 2069 2,
3570 2003 3649 2073 5).

2066 2088 2290 2154 Quaeris,
2323 2106 2580 2159 quorum;
2613 2102 2668 2144 et
2697 2091 2955 2154 invenies,
2989 2091 3265 2145 edalorum.
3300 2092 3352 2147 Si
3384 2110 3509 2161 ergo
3536 2112 3649 2150 cae-
3702 2080 3711 2086 ’

2068 2177 2176 2233 lum
2204 2178 2357 2233 sedes
2396 2179 2524 2245 Dei,
2559 2180 2797 2249 Apostoli
2826 2188 3002 2234 autem
3040 2182 3270 2247 etclam;
3312 2191 3364 2237 ct
3396 2184 3494 2253 ipsi
3526 2184 3650 2240 facti

2069 2278 2193 2323 sunt
2225 2270 2379 2325 sedes
2407 2271 2520 2337 Dei,
2556 2271 2652 2340 ipsi
2678 2280 2803 2325 sunt
2825 2271 3045 2326 thronus
3072 2272 3185 2327 Dei.
3216 2273 3419 2327 Dictum
3443 2284 3524 2329 est
3547 2277 3652 2332 alio

2071 2359 2190 2414 loco
2215 2378 2226 2412 :
2251 2360 2433 2413 Anima
2452 2362 2603 2431 justi,
2638 2362 2847 2416 thronus
2884 2362 3162 2433 sapientite.
3195 2363 3379 2433 Magna
3405 2382 3512 2432 res,
3544 2384 3653 2423 ma-

2071 2467 2169 2523 gna
2203 2467 2288 2506 res
2315 2452 2453 2506 dicta
2485 2462 2597 2507 est:
2622 2452 2853 2508 Thromts
2882 2455 3143 2523 sapientia:
3180 2457 3349 2508 anima
3382 2459 3553 2528 justi;
3602 2460 3653 2517 id

2072 2550 2183 2609 est,
2214 2542 2264 2595 in
2296 2541 2471 2595 anima
2493 2542 2625 2613 justi
2659 2543 2811 2598 sedet
2851 2544 3107 2614 sapientia
3137 2555 3383 2616 tanquam
3435 2549 3488 2603 in
3524 2551 3654 2611 sella

2073 2648 2188 2698 sua,
2224 2643 2469 2704 tanquam
2497 2634 2548 2689 in
2576 2639 2768 2690 throno
2798 2650 2914 2701 suo,
2948 2646 3000 2690 et
3026 2637 3149 2692 inde
3170 2638 3372 2708 judicat
3398 2641 3653 2712 quidquid

2069 2724 2288 2794 judicat.
2319 2726 2461 2796 Ergo
2505 2736 2656 2781 erant
2701 2727 2874 2782 throni
2926 2729 3235 2797 sapienti-.0,
3280 2739 3334 2784 et
3380 2732 3495 2787 ideo
3526 2733 3655 2793 dixit

2076 2816 2177 2871 illis
2205 2816 2460 2872 Dominus
2485 2835 2496 2869 :
2524 2816 2772 2872 Sedebitis
2798 2836 2947 2889 super
2967 2819 3229 2873 duodecim
3260 2820 3485 2889 thronos,
3512 2824 3657 2892 judi.

2076 2915 2243 2960 cantes
2268 2906 2531 2960 duodecim
2562 2906 2720 2961 tribus
2747 2906 2907 2961 Israel
2944 2907 3153 2978 (Matth.
3188 2926 3297 2975 XIX,
3341 2910 3455 2981 c.28).
3488 2911 3575 2967 Sic
3605 2924 3657 2971 ει

2076 2997 2175 3067 ipsi
2223 2997 2484 3052 sedebant
2526 3014 2686 3068 super
2730 2998 3010 3053 duadecim
3054 3000 3241 3063 sedes,
3295 3011 3347 3055 et
3392 3002 3489 3073 ipsi
3534 3013 3659 3060 sunt

2075 3088 2229 3143 sedes
2260 3089 2354 3142 Dei
2381 3108 2393 3143 :
2417 3088 2484 3144 de
2525 3089 2625 3144 illis
2663 3089 2857 3159 quippe
2885 3090 3082 3145 dictum
3114 3100 3215 3158 est,
3247 3090 3329 3145 lbi
3358 3095 3486 3146 enim
3513 3094 3658 3149 sede-

2076 3188 2192 3232 runt
2217 3179 2377 3233 sedes.
2406 3178 2655 3245 Quoniam
2682 3178 2748 3233 ibi
2769 3182 3036 3235 sederunt‘
3060 3182 3220 3236 sedes.
3244 3184 3341 3250 Qui
3370 3185 3658 3239 sederunt?

2078 3269 2256 3324 Sedes.
2283 3271 2347 3324 Et
2374 3272 2460 3340 qui
2480 3282 2603 3325 sunt
2623 3273 2813 3326 sedes?
2836 3273 2910 3327 De
2928 3273 3117 3343 quibus
3138 3274 3333 3328 dictum
3352 3285 3453 3341 est,
3477 3276 3659 3330 Anima

2067 3361 2219 3431 justi,
2246 3362 2386 3416 sedes
2413 3364 2689 3431 sapientite.
2729 3361 2827 3430 Qui
2858 3374 2981 3417 sunt
3008 3365 3198 3419 sedes?
3226 3365 3377 3420 Coeli.
3409 3365 3507 3432 Qui
3536 3376 3660 3423 sunt

2076 3454 2233 3509 coeli?
2276 3453 2500 3510 Caelum.
2533 3453 2684 3521 Quod
2717 3463 2797 3510 est
2824 3455 3054 3510 etelum?
3081 3456 3157 3510 De
3187 3471 3292 3526 quo
3320 3456 3449 3512 dicit
3477 3457 3659 3513 Domi-

2078 3562 2207 3611 nus,
2251 3546 2440 3602 Caelum
2481 3548 2605 3600 mihi
2646 3547 2787 3601 sedes
2816 3557 2905 3601 est.
2939 3548 3000 3602 Et
3032 3549 3128 3619 ipsi
3157 3549 3284 3619 justi
3313 3558 3436 3605 sunt
3472 3552 3658 3619 sedes,

2042 3704 2043 3707 η
2076 3646 2129 3693 ει
2159 3638 2356 3693 habent
2382 3638 2569 3705 sedes;
2603 3647 2656 3693 et
2684 3638 2733 3692 in
2764 3639 2847 3691 illa
2874 3639 3168 3694 Jerusalem
3197 3640 3459 3695 sedebant
3482 3642 3658 3696 sedes.

2077 3728 2155 3781 Ad
2187 3744 2345 3799 quam
2389 3729 2541 3784 rem?
2568 3727 2635 3782 In
2667 3729 2940 3800 judicium.
2980 3728 3249 3795 Sedebitis,
3284 3732 3483 3799 inquit,
3513 3745 3658 3802 super

2077 3820 2338 3873 duodecim
2374 3821 2542 3885 sedes,
2574 3834 2607 3874 0
2633 3835 2727 3874 vos
2755 3820 2928 3884 sedes,
2948 3820 3239 3889 judicantes
3269 3821 3533 3873 duodecim
3558 3822 3654 3874 tri-

2077 3911 2167 3964 bus
2196 3910 2379 3963 Israel.
2408 3910 2551 3976 Quos
2577 3909 2909 3977 judicantcs?
2955 3907 3091 3962 Infra
3124 3910 3211 3978 qui
3243 3917 3366 3962 sunt
3405 3909 3455 3963 in
3496 3920 3656 3965 terra.

2077 4003 2176 4071 Qui
2204 4002 2513 4072 judicabant
2535 4002 2557 4054 ?
2583 4002 2683 4067 Qui
2715 4001 2831 4054 facti
2861 4008 2984 4054 sunt
3013 4001 3228 4056 caelum.
3259 4001 3542 4056 llli‘aulem
3567 4002 3656 4071 qui

2074 4094 2468 4165 judicabantur,
2498 4093 2547 4146 in
2566 4092 2698 4147 duas
2716 4101 2894 4163 partes
2911 4092 3246 4157 dividentur;
3270 4108 3372 4146 una
3390 4092 3455 4146 ad
3478 4092 3656 4147 dexte.

2078 4202 2211 4249 ram,
2244 4186 2408 4239 altera
2435 4183 2501 4239 ad
2524 4184 2792 4239 sinistram
2820 4184 2940 4239 erit.
2967 4184 3282 4240 iudicabunt
3306 4200 3425 4239 cum
3448 4184 3661 4241 Christo

2077 4278 2267 4332 sancti.
2305 4276 2475 4330 Veniet
2497 4277 2635 4332 enim
2666 4276 2718 4329 in
2736 4277 2989 4345 judicium
3019 4294 3131 4330 cum
3157 4277 3433 4331 senioribus
3462 4279 3659 4349 populi,

2078 4370 2151 4423 ait
2180 4369 2340 4424 Isaias
2370 4367 2519 4442 (Isai.
2559 4383 2615 4424 ιιι
2643 4411 2657 4437 ,
2692 4367 2802 4440 Ii).
2832 4370 2935 4423 Alii
2973 4378 3097 4424 sunt
3140 4386 3266 4441 ergo
3294 4371 3381 4441 qui
3418 4388 3537 4426 cum
3570 4372 3662 4427 illo

2074 4463 2417 4535 judicabant;
2462 4463 2548 4517 alii
2577 4463 2664 4534 qui
2695 4463 2760 4517 ab
2802 4463 2888 4517 illo
2928 4463 3338 4533 judicabantur,
3372 4474 3425 4520 et
3463 4465 3529 4519 ab
3558 4465 3663 4519 illis

2080 4556 2170 4626 qui
2212 4573 2331 4612 cum
2363 4571 2427 4611 eo
2464 4555 2798 4627 judicabant.
2838 4556 3146 4612 Dividentur
3170 4573 3297 4629 ergo
3338 4560 3421 4612 isti
3455 4560 3505 4612 in
3534 4559 3663 4614 duas

2082 4656 2260 4715 partes
2288 4664 2299 4699 :
2325 4662 2427 4699 una
2462 4655 2687 4714 ponetur
2717 4645 2781 4700 ad
2820 4645 3129 4712 dexteram,
3160 4647 3241 4702 cui
3268 4648 3664 4701 enumerabun-

2082 4746 2166 4792 tur
2209 4739 2563 4809 cleemosynae
2606 4754 2738 4808 quas
2784 4738 3056 4804 fecerunt;
3105 4740 3204 4792 alia
3240 4748 3462 4807 ponetur
3490 4738 3555 4791 ad
3583 4739 3664 4793 si-

2083 4832 2299 4885 nistram
2326 4872 2340 4896 ,
2386 4831 2469 4885 cui
2510 4830 2907 4886 enumerabitur
2948 4830 3265 4893 crudelitas,
3310 4838 3364 4883 et
3406 4829 3664 4883 sterilitas

2085 4923 2484 4979 misericordiae.
2504 4925 2568 4979 Et
2592 4924 2693 4978 illis
2714 4924 2780 4979 ad
2811 4923 3083 4979 dexteram
3108 4921 3408 4976 constitutis
3435 4922 3660 4989 dicetur,

2092 5016 2295 5083 Venite,
2345 5016 2586 5072 benedicti
2635 5017 2805 5069 Patris
2848 5018 2977 5079 mei,
3020 5016 3258 5084 percipite
3296 5031 3504 5083 regnum
3532 5015 3664 5084 quod

2082 5108 2217 5163 vobis
2246 5118 2476 5177 paratum
2512 5119 2582 5162 est
2626 5109 2687 5161 ab
2729 5108 2920 5177 origine
2950 5106 3143 5159 mundi.
3183 5105 3393 5172 Quare?
3425 5103 3663 5175 Esurivi,

2084 5198 2273 5268 inquit,
2302 5208 2347 5253 et
2378 5199 2583 5253 dedistis
2616 5198 2738 5250 mihi
2774 5197 3099 5250 manducare.
3138 5196 3203 5250 Et
3235 5195 3306 5249 illi
3338 5215 3349 5249 :
3377 5196 3591 5261 Quando
3621 5207 3667 5253 te

2086 5290 2298 5344 vidimus
2325 5288 2658 5343 esurientem?
2695 5288 2762 5341 Et
2793 5287 2879 5340 ille
2904 5306 2915 5341 :
2941 5284 3066 5341 Cum
3091 5288 3179 5340 uni
3208 5304 3269 5341 ex
3298 5289 3515 5341 minimis
3546 5290 3667 5342 meis

2085 5383 2298 5454 fecistis,
2323 5383 2441 5435 ntihi
2481 5381 2667 5452 fecistis
2698 5377 2909 5451 (Matth.
2938 5396 3042 5434 xxv
3063 5422 3078 5447 ,
3111 5381 3199 5446 51,
3230 5379 3344 5451 45).
3376 5380 3513 5450 Ergo
3543 5379 3667 5449 quid

2086 5486 2185 5542 est,
2219 5475 2447 5529 fratres?
2485 5472 2565 5527 Illi
2604 5472 2919 5542 judicabant
2954 5472 3020 5527 de
3050 5473 3239 5541 quibus
3271 5473 3468 5528 dictum
3505 5480 3669 5528 estut

2088 5569 2217 5623 fiant
2240 5567 2395 5622 amici
2426 5565 2490 5621 de
2519 5581 2819 5620 mammona
2850 5566 3176 5636 iniquitatis;
3203 5575 3255 5619 ut
3277 5566 3451 5636 etipsi,
3475 5564 3666 5633 inquit,

2085 5657 2329 5728 recipiant
2372 5672 2456 5709 vos
2504 5657 2557 5709 in
2602 5666 2788 5710 tetcrna
2838 5657 3159 5710 tabernacula
3207 5655 3356 5724 (Luc.
3407 5670 3533 5721 χιιι,
3587 5652 3667 5726 9).

2085 5750 2263 5808 Sancti
2295 5749 2554 5805 sedebant
2588 5765 2705 5804 cum
2752 5749 2979 5805 Domino
3013 5748 3285 5804 attendere
3312 5747 3400 5818 qui
3430 5746 3668 5805 fecerunt

2156 5865 2169 5895 ¹
2198 5871 2291 5912 Hoc
2308 5861 2414 5913 loco
2437 5870 2561 5924 Mss,
2594 5859 2837 5911 sedebant.
