4160 6460
640 388 770 445 1627

631 502 1084 569 misericordiam,
1114 508 1168 555 et
1195 508 1465 555 assument
1495 499 1614 554 illos
1642 507 1917 568 separatos
1948 498 2000 550 in
2030 495 2215 550 dexte-

631 609 743 649 ram
776 595 828 647 in
868 608 1086 664 regnum
1114 591 1369 646 caelorum
1396 607 1409 643 :
1435 598 1487 645 et
1514 591 1625 659 ipsa
1656 597 1737 644 est
1766 604 1865 658 pax
1893 587 2209 642 Jerusalem.

629 686 757 754 Quae
783 694 865 741 est
895 701 994 754 pax
1035 683 1364 738 Jerusalem?
1394 682 1465 739 Ut
1493 697 1656 752 opera
1684 679 2065 736 misericordia:
2089 694 2211 734 cor-

627 775 827 845 poralia
864 774 1152 844 jungantur
1198 772 1450 842 operibus
1491 771 1880 842 praedicationis
1918 768 2210 839 spirituali-

626 864 725 919 bus
747 905 762 929 ,
805 872 859 918 et
885 864 976 917 liat
1002 879 1101 933 pax
1131 863 1305 918 dando
1331 872 1383 918 et
1408 862 1736 932 accipiendo.
1779 863 1867 916 Ait
1894 862 2034 916 enim
2064 862 2208 931 Apo-

624 954 831 1018 stolus,
865 954 953 1022 qui
996 954 1255 1009 rationem
1283 954 1390 1009 dati
1438 962 1491 1007 et
1536 952 1738 1020 accepti
1770 952 1903 1005 dixit
1932 966 2051 1006 esse
2080 951 2209 1004 istas

623 1044 994 1115 eleemosynas
1027 1042 1284 1115 (Philipp.
1317 1060 1388 1111 ιν,
1422 1043 1547 1115 15);
1580 1044 1654 1098 ait
1680 1058 1829 1113 ergo,
1860 1042 1923 1096 Si
1952 1058 2043 1096 nos
2073 1041 2207 1094 vobis

621 1135 907 1201 spiritualia
931 1135 1305 1200 seminavimus,
1335 1150 1575 1204 magnum
1603 1142 1673 1187 est
1711 1134 1755 1187 si
1784 1142 1948 1187 vestra
1977 1132 2207 1185 carnalia

621 1234 867 1276 metamus
897 1222 937 1289 (l
972 1222 1089 1277 Cor.
1118 1240 1194 1289 ix,
1229 1223 1359 1294 ll)?
1389 1224 1455 1277 Et
1483 1223 1549 1278 de
1594 1224 1702 1292 ipsa
1733 1238 1792 1277 re
1819 1222 1891 1277 ait
1919 1223 2024 1276 alio
2062 1223 2200 1285 loco,

626 1312 727 1379 Qui
752 1314 963 1365 multum
986 1355 998 1376 ,
1032 1330 1132 1366 non
1158 1314 1461 1376 abundavit;
1486 1323 1531 1366 et
1560 1315 1646 1383 qui
1674 1311 1945 1375 modicum,
1979 1329 2079 1365 non
2111 1311 2203 1364 de-

624 1404 719 1473 fuit
768 1403 862 1455 illi.
907 1403 1098 1470 Quare.
1147 1403 1245 1468 Qui
1286 1404 1516 1469 multant,
1567 1420 1667 1456 non
1710 1404 2021 1456 abundavit?
2070 1402 2203 1470 Quia

619 1493 757 1563 quod
786 1495 902 1562 plus
931 1494 1151 1548 habebat
1178 1535 1194 1559 ,
1236 1494 1381 1549 dedit
1412 1494 1687 1563 indigenti.
1720 1495 1785 1548 Et
1811 1494 1935 1563 quid
1963 1505 2064 1560 est,
2102 1494 2202 1561 Qui

619 1584 894 1648 modicum,
938 1602 1037 1638 non
1084 1585 1246 1656 defuit
1294 1585 1419 1638 illi?
1461 1586 1592 1652 Quia
1634 1585 1838 1654 accepit
1879 1585 1947 1640 ab
1992 1585 2082 1639 illo
2110 1584 2199 1654 qui

616 1676 922 1742 abundavit,
957 1685 1009 1730 ut
1047 1678 1157 1746 ﬁat,
1188 1678 1377 1748 inquit,
1408 1678 1669 1748 cequalilas
1698 1677 1777 1749 (11
1799 1677 1915 1732 Cor.
1942 1694 2061 1741 vm,
2097 1678 2195 1743 l5,

619 1766 731 1838 14).
759 1767 871 1837 Ipsa
895 1777 974 1821 est
992 1784 1091 1836 pax
1113 1768 1179 1822 de
1200 1784 1302 1837 qua
1324 1769 1536 1831 dicitur,
1566 1768 1686 1822 Fiat
1701 1786 1803 1838 pax
1822 1768 1872 1822 in
1892 1770 2069 1822 virtute
2089 1778 2193 1822 tua.

689 1858 777 1912 10.
810 1858 955 1929 (vers.
988 1857 1065 1931 6.]
1106 1859 1341 1930 Namque
1385 1876 1503 1914 cum
1551 1860 1803 1926 dixisset,
1849 1862 2102 1925 Quoniam
2128 1861 2196 1913 ibi

612 1947 848 2001 sederunt
873 1950 1012 2003 sedes
1040 1950 1093 2003 in
1108 1950 1391 2020 judicium,
1423 1950 1564 2005 sedes
1589 1967 1740 2022 super
1764 1951 1968 2005 domum
2006 1951 2191 2015 David,

614 2038 667 2111 id
693 2048 805 2103 est,
846 2056 1006 2110 super
1037 2041 1286 2096 familiam
1314 2042 1508 2097 Christi
1530 2086 1544 2109 ,
1576 2044 1659 2099 cui
1690 2044 1949 2099 dederunt
1977 2044 2028 2099 in
2059 2054 2194 2100 tem-

612 2145 743 2199 pore
769 2132 997 2198 cibaria;
1042 2134 1217 2188 statim
1260 2142 1508 2205 tanquam
1551 2136 1679 2206 ipsis
1722 2136 1937 2192 sedibus
1965 2138 2068 2202 ait,
2095 2136 2192 2192 1n-

611 2229 859 2292 terrogate
883 2239 994 2293 qua:
1019 2224 1088 2277 ad
1116 2241 1288 2295 pacem
1313 2233 1430 2280 sunt
1466 2226 1768 2281 Jerusalem.
1798 2226 1843 2282 Ο
1871 2243 1965 2283 vos
1991 2227 2147 2283 sedes
2170 2269 2185 2293 ,

609 2312 700 2382 qui
723 2313 829 2383 jam
858 2315 1053 2370 sedetis
1096 2325 1153 2371 ut
1177 2317 1455 2385 judicetis,
1500 2328 1553 2373 et
1578 2319 1702 2374 facti
1732 2319 1863 2374 estis
1893 2320 2047 2374 sedes
2078 2320 2186 2374 Do-

610 2404 739 2458 mini
767 2404 1051 2473 judicantis
1080 2408 1349 2479 (quoniam
1389 2411 1476 2480 qui
1513 2410 1754 2480 jndicant
1775 2451 1789 2476 ,
1821 2411 2185 2482 interrogant;

612 2494 700 2565 qui
735 2494 1067 2565 judicantur,
1100 2498 1546 2571 interrogantur),
1589 2499 1934 2573 lnterrogate,
1980 2502 2183 2571 inquit,

606 2602 720 2657 qua:
764 2596 880 2642 sunt
922 2587 990 2643 ad
1032 2607 1205 2661 pacem
1268 2590 1575 2645 Jerusalem.
1626 2590 2007 2662 Interrogando
2060 2591 2184 2662 quid

606 2678 921 2734 invenient?
964 2680 1112 2734 Alios
1162 2680 1351 2738 fecisse
1403 2683 1844 2749 misericordiam,
1895 2683 2028 2738 alios
2076 2698 2182 2737 non

604 2767 815 2824 fecisse.
842 2768 987 2836 Quos
1023 2771 1293 2827 invenient
1334 2773 1521 2829 fecisse
1560 2774 2003 2839 misericordiam,
2038 2775 2184 2844 ipsos

603 2858 869 2913 vocabunt
903 2859 969 2914 ad
998 2860 1326 2928 Jerusalem;
1360 2865 1479 2933 quia
1510 2863 1619 2935 ipsa
1648 2874 1764 2919 sunt
1794 2865 1861 2919 ad
1890 2882 2064 2936 pacem
2090 2865 2183 2919 Je-

603 2947 845 3002 rusalem.
895 2948 1116 3005 Dilectio
1161 2952 1313 3008 fortis
1352 2969 1461 3021 res,
1511 2955 1734 3022 fratres;
1787 2957 2000 3011 dilectio
2030 2957 2182 3013 fortis

603 3052 712 3093 res.
747 3038 917 3096 Vultis
944 3041 1124 3098 videre
1164 3059 1321 3115 quam
1364 3046 1433 3100 sit
1476 3044 1630 3100 fortis
1655 3045 1909 3101 dilectio?
1934 3047 2183 3119 Quisquis

602 3146 699 3201 per
727 3132 956 3203 aliquam
985 3136 1354 3191 necessitatem
1386 3154 1490 3192 non
1531 3140 1763 3209 potuerit
1792 3142 2012 3210 implere
2039 3142 2181 3212 quod

596 3223 747 3294 jubet
780 3226 939 3293 Dens,
970 3239 1111 3284 amet
1139 3229 1286 3284 illum
1317 3232 1405 3301 qui
1439 3233 1656 3301 implet,
1688 3243 1743 3289 et
1770 3234 1820 3288 in
1852 3236 1944 3289 illo
1975 3236 2178 3305 implet.

600 3313 843 3371 lnteudat
870 3319 1113 3375 Charitas
1134 3330 1331 3376 vestra.
1355 3324 1512 3379 Verbi
1535 3326 1725 3395 gratia,
1749 3343 1968 3383 uxorem
1999 3328 2177 3397 habet,

600 3421 759 3474 quam
803 3409 1070 3466 dimittere
1106 3428 1210 3467 non
1249 3425 1454 3483 potest;
1501 3426 1713 3486 oportet
1755 3428 1811 3473 ut
1849 3419 2181 3490 obtemperet

598 3502 855 3568 Apostolo
884 3502 1107 3565 dicenti,
1153 3504 1313 3559 Uxori
1338 3508 1412 3560 vir
1436 3509 1655 3563 debitum
1697 3511 1911 3579 reddat;
1938 3523 2011 3579 et,
2053 3515 2182 3568 Alli-

597 3600 747 3661 gatus
804 3609 854 3646 cs
903 3596 1092 3648 uxori?
1135 3613 1197 3650 ne
1237 3598 1491 3667 quaesieris
1542 3602 1858 3657 solutionem.
1916 3604 2075 3659 Venit
2128 3607 2178 3660 in

601 3694 832 3738 tuentem
875 3686 993 3754 quia
1044 3687 1231 3741 melior
1272 3700 1353 3744 est
1394 3690 1481 3744 illa
1522 3692 1627 3745 vita
1656 3692 1723 3746 de
1753 3709 1852 3764 qua
1885 3695 2011 3750 dicit
2040 3698 2179 3753 idem

599 3776 895 3843 apostolus,
928 3775 1115 3831 Vellem
1141 3795 1307 3833 omnes
1338 3798 1441 3835 esse
1458 3783 1583 3837 sicut
1606 3785 1850 3853 meipsum
1872 3785 1918 3853 (Ι
1936 3786 2052 3841 Cor.
2078 3804 2173 3856 vn,

597 3867 650 3930 '5,
679 3866 767 3929 27,
794 3867 865 3937 7).
892 3870 1127 3924 Attendit
1156 3886 1248 3925 eos
1272 3873 1360 3942 qui
1392 3873 1493 3928 hoc
1522 3873 1787 3939 fecerunt;
1819 3887 1961 3932 amat
1983 3894 2094 3944 eos,
2127 3890 2180 3935 et

597 3955 650 4010 in
698 3959 823 4027 ipsis
855 3959 1036 4027 implet
1063 3961 1200 4030 quod
1234 3962 1285 4016 in
1310 3978 1368 4016 se
1397 3978 1501 4019 non
1531 3975 1721 4034 potest.
1768 3967 1941 4024 Fortis
1986 3985 2071 4025 res
2099 3979 2178 4025 est

595 4046 827 4102 dilectio.
873 4048 986 4119 lpsa
1032 4060 1113 4105 cst
1148 4052 1313 4108 virtus
1343 4063 1554 4119 nostra;
1595 4056 1715 4126 quia
1763 4058 1805 4111 si
1851 4058 1901 4112 in
1942 4060 2029 4113 illa
2072 4078 2175 4116 non

596 4138 870 4205 fuerimus,
920 4141 1052 4195 nihil
1096 4142 1312 4211 prodest
1337 4146 1589 4215 quidquid
1628 4148 1767 4202 aliud
1811 4148 2171 4207 habuerimus.

596 4229 657 4284 Si
685 4230 870 4301 linguis
897 4232 1153 4286 hominum
1175 4236 1373 4305 loquar,
1398 4237 1526 4292 dicit
1551 4239 1856 4309 Apostolus,
1890 4243 2177 4315 eLAngelo-

593 4336 727 4385 rum,
760 4323 1051 4376 charitatem
1090 4335 1255 4379 autem
1296 4344 1395 4382 non
1425 4329 1666 4394 habeant,
1702 4335 1862 4402 [actus
1892 4352 2001 4388 sum
2031 4338 2177 4405 quasi

594 4423 919 4465 wrameutum
949 4431 1154 4480 sonans,
1200 4428 1283 4470 aut
1326 4419 1609 4488 cymbalum
1648 4423 1880 4479 tinniens.
1923 4426 2175 4497 Adjuugit

594 4502 735 4554 aliud
760 4518 1002 4572 magnum
1031 4524 1042 4559 :
1073 4506 1220 4573 Quod
1241 4510 1284 4561 si
1309 4510 1602 4564 distribuero
1628 4528 1820 4567 onmem
1845 4516 2172 4572 substantiam

596 4611 778 4661 nteant,
810 4607 855 4648 et
880 4597 923 4648 si
947 4598 1199 4653 tradidero
1230 4616 1411 4669 corpus
1435 4620 1596 4657 meum
1623 4615 1675 4658 ut
1701 4607 1925 4675 ardeam,
1952 4611 2173 4664 charita-

593 4692 690 4740 tem
724 4696 887 4740 autem
921 4704 1017 4742 non
1048 4690 1271 4757 habeam,
1306 4694 1433 4746 nihil
1462 4696 1585 4748 mihi
1607 4698 1809 4765 prodest
1839 4698 1945 4769 (Id.
1974 4718 2085 4769 xm,
2117 4703 2168 4768 1,

590 4776 667 4845 3).
701 4777 753 4832 Si
780 4787 955 4831 autem
982 4781 1049 4833 sit
1077 4782 1185 4835 sola
1212 4782 1461 4851 charitas,
1496 4802 1611 4856 quae
1640 4804 1743 4843 non
1772 4791 2002 4845 inveniat
2032 4793 2171 4862 quod

588 4869 869 4925 distribuat
904 4875 1255 4942 pauperibus,
1304 4876 1714 4948 diligatzsolnm
1756 4883 1975 4939 calicem
2019 4901 2170 4956 aqua:

586 4958 795 5031 frigidm
825 4963 911 5017 det
941 4964 1146 5035 (Matth.
1179 4983 1205 5019 χ
1228 5009 1240 5032 ,
1276 4969 1399 5039 42);
1434 4979 1633 5026 tantum
1681 4974 1754 5027 illi
1788 4975 2165 5047 imputabitur,

587 5064 840 5120 quantum
883 5054 1137 5111 Zacclireo
1178 5060 1264 5127 qui
1309 5060 1583 5115 dimidium
1628 5066 1922 5131 patrimonii
1955 5069 2168 5125 donavit

586 5144 907 5210 pauperibus
934 5145 1081 5213 (Luc.
1118 5165 1229 5213 xix,
1263 5151 1338 5219 8).
1369 5152 1543 5217 Quare
1574 5152 1711 5208 hoc?
1740 5155 1829 5210 llle
1858 5166 1961 5212 tam
1994 5162 2166 5216 modi-

586 5245 707 5284 cum
737 5232 897 5297 dedit,
935 5237 1019 5291 ille
1049 5247 1151 5291 tam
1184 5242 1405 5295 multum
1435 5242 1612 5311 dedit,
1644 5253 1698 5300 et
1726 5256 1926 5303 tantum
1960 5251 2032 5304 illi
2064 5253 2167 5307 im-

588 5323 901 5392 putabitur?
940 5327 1166 5384 Tantum
1206 5332 1377 5402 plane.
1425 5334 1599 5404 Impar
1621 5338 1760 5393 enim
1788 5339 2041 5405 facultas.
2071 5344 2164 5400 sed

584 5428 693 5469 non
723 5414 893 5483 impar
916 5416 1164 5473 charitas.

661 5506 746 5561 il.
790 5507 865 5561 Illi
893 5524 1020 5580 ergo
1066 5512 1419 5585 interrogant;
1465 5532 1560 5573 vos
1588 5520 1816 5591 cogitate
1855 5522 1981 5593 quid
2010 5526 2161 5581 estis.

583 5597 701 5654 Jam
732 5614 857 5656 ecce
882 5600 1080 5657 dictum
1103 5616 1183 5659 est
1206 5608 1378 5673 nobis,
1411 5605 1477 5661 1η
1502 5609 1704 5665 domum
1730 5610 1935 5668 Domini
1960 5615 2159 5673 ibimus.

584 5688 864 5747 Jucundati
903 5708 1086 5749 sumus
1125 5706 1269 5753 certe
1313 5698 1364 5752 in
1398 5698 1479 5754 his
1501 5702 1589 5770 qui
1614 5702 1863 5760 dixerunt
1892 5706 2066 5775 nobis,
2098 5708 2161 5764 In

586 5781 790 5836 domum
820 5783 1024 5839 Domini
1049 5786 1246 5842 ibimus.
1278 5788 1458 5847 Videte
1485 5806 1612 5864 ergo
1632 5795 1674 5849 si
1704 5796 1859 5852 imus.
1885 5797 1999 5854 Non
2018 5801 2156 5857 enim

1835 382 1872 439 S
1936 376 2298 437 AUGUSTINI
2339 378 2638 438 EPISCOPI

3729 420 3837 482 l638

2325 495 2547 565 pedibus
2583 500 2754 569 imus,
2795 504 2889 559 sed
2918 505 3211 566 affectibus.
3248 511 3431 573 Videte
3456 520 3498 575 si
3524 522 3679 595 imus;
3703 530 3836 593 inter-

2321 598 2472 658 roget
2500 606 2560 647 se
2586 596 2946 667 unusquisque
2976 611 3208 658 vestrum
3232 608 3403 677 qualis
3429 621 3509 668 est
3529 631 3642 688 erga
3674 638 3834 699 paupe-

2318 694 2431 734 rem
2476 693 2743 751 sanctum,
2787 703 2912 760 erga
2961 693 3285 765 indigentem
3331 700 3574 775 fratrem,
3602 693 3839 781 qualisve“

2316 785 2441 843 erga
2470 772 2790 847 indigentem
2821 784 3123 841 mendicum
3145 805 3160 844 :
3184 772 3738 873 videatsiviscera-ejus
3754 772 3839 868 min

2315 872 2439 970 sunt
2466 878 2707 937 angusta.
2752 872 2885 941 Quia
2914 875 3245 951 interrogare
3272 892 3324 939 te
3353 884 3544 943 habent
3584 872 3720 951 sedes
3742 915 3839 970 qua

2313 954 2572 1013 sedcbunt
2597 960 2647 1014 in
2670 961 2949 1035 judicium,
2974 978 3027 1023 et
3051 970 3245 1028 debent
3272 974 3507 1036 invenire
3525 997 3636 1051 qua:
3660 954 3771 1043 sunf

2313 1061 2497 1116 pacem
2520 1050 2835 1112 Jerusalem.
2865 1059 2931 1113 Et
2956 1065 3225 1131 quomodo
3242 1050 3595 1141 interrogant?
3610 1076 3838 1150 Tanquam

2312 1140 2467 1241 sedes
2498 1144 2610 1241 Dei.
2642 1146 2781 1203 Deus
2808 1150 3114 1225 interrogat.
3145 1156 3199 1213 Si
3232 1160 3400 1216 Deum
3429 1140 3553 1221 latet
3583 1140 3771 1241 aliquid,
3794 1187 3838 1232 et

2310 1229 2426 1284 illas
2456 1233 2612 1291 sedes
2637 1237 2834 1309 aliquid
2861 1243 3246 1315 interrogantes
3274 1251 3455 1324 fugere
3485 1229 3675 1326 potest:
3696 1229 3835 1319 Inlcr;

2308 1333 2481 1394 rogate
2504 1344 2617 1421 qua:
2637 1342 2755 1385 sunt
2782 1336 2852 1387 ad
2876 1353 3048 1406 pacem
3066 1340 3374 1400 Jerusalem.
3404 1348 3506 1405 Sed
3535 1370 3643 1421 qua:
3663 1362 3835 1415 suntad

2307 1429 2490 1520 paceni
2520 1419 2847 1480 Jerusalem?
2884 1426 2954 1483 Et
2973 1432 3303 1503 abundantia,
3348 1440 3534 1512 inquit,
3554 1419 3644 1501 his
3669 1452 3744 1520 qui
3774 1453 3837 1506 di-

2307 1504 2470 1597 ligunt
2521 1519 2587 1565 te.
2637 1514 2719 1567 Ad
2782 1517 2949 1587 ipsam
3007 1522 3303 1582 Jerusalem
3358 1504 3614 1590 convertit
3657 1504 3830 1597 vocem.

2304 1596 2639 1656 Abundantia
2680 1616 2761 1660 est
2811 1609 2914 1664 illis
2958 1614 3046 1682 qui
3096 1615 3324 1688 diligunt
3361 1637 3497 1679 eam.
3540 1596 3833 1690 Abundantia

2302 1702 2367 1743 ex
2411 1690 2733 1761 inopia:hic
2790 1699 2994 1771 inopes,
3047 1705 3115 1761 ibi
3155 1709 3517 1783 abundantes;
3546 1718 3625 1775 hic
3651 1721 3830 1792 infirmi,

2302 1779 2370 1872 ibi
2389 1779 2557 1850 firmi;
2600 1785 2683 1839 hic
2721 1793 2895 1860 egeni,
2938 1794 3007 1849 ibi
3045 1796 3256 1857 divites.
3305 1804 3455 1863 Unde
3495 1779 3609 1864 facti
3646 1779 3834 1872 divitesi‘l

2300 1871 2431 1939 Quia
2474 1874 2731 1935 dederunt
2762 1881 2849 1937 hic
2877 1887 3018 1955 quod
3060 1904 3383 1961 acceperunt
3410 1912 3441 1952 a
3486 1900 3590 1957 Deo
3630 1904 3688 1958 ad
3716 1871 3828 1962 teni-

2299 1979 2418 2034 pus,
2457 1977 2511 2023 et
2543 1985 2865 2043 acceperunt
2919 1979 2991 2035 ibi
3032 1984 3173 2052 quod
3204 1996 3391 2054 postea
3439 1990 3573 2047 Dens
3617 1997 3833 2055 retribuet

2296 2055 2350 2111 in
2394 2067 2673 2117 aeternum.
2728 2066 2855 2133 Hic,
2918 2069 3112 2129 fratres
3161 2078 3304 2145 mei,
3358 2089 3412 2136 et
3448 2083 3630 2142 divites
3666 2104 3829 2161 paupe-

2295 2164 2382 2204 res
2407 2160 2549 2207 sunt.
2588 2155 2792 2212 Bonum
2814 2168 2895 2216 est
2920 2161 3066 2219 diviti
3103 2176 3156 2220 ut
3193 2182 3447 2240 agnoscat
3483 2191 3541 2231 se
3564 2155 3827 2250 pauperem:

2294 2241 2337 2295 si
2368 2243 2508 2298 enim
2538 2246 2750 2313 plenum
2780 2264 2838 2305 se
2865 2262 3033 2322 putat,
3064 2265 3241 2315 tumor
3268 2274 3353 2320 est
3383 2266 3472 2324 ille
3491 2269 3528 2335 ⁸,
3558 2241 3675 2326 ἧσθ’
3693 2276 3829 2343 pleni-

2295 2336 2438 2435 tudo.
2458 2339 2733 2435 Agnoscat
2755 2360 2815 2401 se
2841 2347 3074 2420 inanem,
3093 2362 3148 2408 ut
3168 2359 3343 2425 possit
3369 2360 3587 2433 impleri.
3612 2336 3730 2435 Quid
3748 2371 3828 2428 ha-

2293 2427 2416 2522 bet?
2441 2431 2662 2489 Aurum.
2701 2436 2836 2505 Quid
2874 2444 3107 2500 nondum
3145 2448 3346 2507 habet?
3384 2427 3553 2513 Vitam
3592 2427 3823 2522 aciemin.

2290 2519 2545 2577 Attendat
2568 2527 2692 2595 quid
2715 2529 2925 2598 habeat,
2954 2544 3009 2590 et
3029 2537 3204 2595 videat
3223 2545 3355 2613 quid
3380 2562 3483 2603 non
3506 2549 3697 2609 habeat.

2290 2615 2419 2711 tres,
2448 2627 2513 2667 ex
2536 2630 2600 2670 eo
2627 2619 2768 2687 quod
2795 2620 2972 2692 habet,
3002 2626 3113 2696 det,
3147 2639 3204 2685 ut
3224 2636 3455 2706 accipiat
3482 2642 3615 2711 quod
3638 2659 3731 2700 non
3749 2646 3823 2702 ha-

2289 2701 2586 2802 bet;emat
2611 2726 2675 2765 ex
2721 2728 2787 2769 eo
2815 2718 2954 2786 quod
3000 2718 3179 2791 habet,
3213 2701 3515 2802 illud-quod
3543 2750 3640 2792 non
3674 2737 3820 2795 habet.

2288 2794 2357 2850 Et
2381 2798 2692 2858 abundantia
2720 2806 2799 2861 his
2818 2811 2906 2880 qui
2925 2812 3145 2885 diligunt
3163 2826 3231 2872 te.

2364 2889 2451 2944 12.
2492 2888 2641 2961 [vers.
2668 2895 2744 2969 7.]
2790 2897 2908 2955 Fiat
2925 2920 3029 2973 pax
3053 2907 3105 2961 in
3134 2909 3323 2968 virtute
3350 2923 3455 2971 tua.
3477 2916 3820 2978 OJerusaleml

2287 2992 2320 3033 ο
2347 2980 2532 3084 civitas
2556 3002 2674 3055 qua:
2714 2989 2996 3051 aedificaris
3026 3005 3083 3052 ut
3124 3000 3333 3071 civitas,
3366 3010 3515 3078 cujus
3539 3012 3823 3084 participatio

2288 3076 2375 3173 tua
2396 3072 2452 3173 in
2484 3075 2732 3147 idipsum,
2765 3083 2857 3150 ﬁat
2886 3102 2990 3155 pcta:
3015 3089 3067 3143 in
3096 3092 3280 3149 virtute
3310 3107 3415 3165 tua,
3430 3072 3551 3156 'ﬁat'
3577 3119 3668 3173 pax
3691 3072 3734 3159 in
3757 3105 3824 3160 di-

2286 3163 2515 3237 lectione
2538 3177 2651 3236 tua;
2681 3173 2801 3242 quia
2832 3176 2999 3234 virtus
3043 3189 3153 3249 tua,
3180 3163 3408 3243 dilectio
3432 3200 3534 3246 tua.
3564 3163 3685 3250 Audi
3711 3196 3824 3251 Can-

2287 3259 2387 3314 tica
2414 3263 2778 3323 canticorum:
2812 3268 2995 3325 Valide
3014 3285 3086 3329 est
3118 3279 3246 3333 sicut
3285 3298 3425 3339 mors
3460 3287 3645 3345 dilectio
3680 3290 3818 3363 (Cant.

2285 3364 2394 3413 vui,
2428 3352 2509 3423 6).
2539 3353 2779 3425 Magnum
2833 3363 3075 3432 verbum,
3126 3368 3343 3442 fratres,
3403 3375 3578 3433 Valide
3617 3352 3696 3434 est
3722 3382 3823 3435 sicut

2284 3458 2420 3539 nio-rs
2446 3443 2666 3501 dilectio.
2689 3449 3106 3521 Magnificentius
3126 3462 3359 3535 exprimi
3384 3482 3487 3522 non
3522 3472 3674 3539 potuit
3695 3471 3821 3527 forti-

2285 3532 2413 3588 tudo
2439 3537 2731 3606 cliaritatis,
2778 3558 2935 3613 quam
2982 3556 3039 3602 ut
3085 3532 3379 3623 diceretur,
3418 3532 3593 3615 Veli-da
3618 3572 3683 3616 est
3718 3563 3821 3617 sicut

2284 3639 2419 3679 mors
2440 3627 2657 3683 dilectio.
2688 3631 2817 3698 Quis
2838 3637 2979 3690 enim
3004 3641 3203 3697 resistit
3229 3648 3416 3714 morti,
3448 3649 3664 3707 fratres?
3685 3652 3820 3709 Inten-

2282 3716 2371 3772 dat
2406 3717 2651 3777 Charitas
2677 3733 2873 3780 vestra.
2907 3728 3195 3789 Resistilur
3222 3737 3454 3807 ignibus,
3482 3743 3646 3811 undis,
3672 3744 3816 3810 ferro;

2283 3810 2551 3866 resistitur
2574 3818 2944 3882 potestatibus.
2994 3825 3258 3881 resistitur
3299 3833 3512 3903 regibus
3545 3852 3558 3888 :
3586 3837 3714 3891 venit
3736 3852 3815 3891 una

2284 3914 2447 3966 mors,
2480 3904 2599 3973 quis
2629 3906 2677 3961 ei
2703 3909 2936 3965 resistit?
2952 3911 3094 3969 Nihil
3126 3917 3216 3973 illa
3243 3918 3458 3980 fortius.
3478 3926 3737 3997 Propterea
3753 3929 3816 3983 vi-

2282 3991 2430 4046 ribus
2459 3995 2574 4063 ejus
2598 3996 2832 4054 charitas
2859 4015 3164 4073 comparata
3191 4020 3293 4078 est,
3325 4023 3380 4068 et
3400 3991 3595 4071 dictum
3615 4027 3705 4083 est,
3737 4016 3817 4071 Va-

2282 4082 2388 4136 lida
2410 4095 2482 4139 est
2502 4088 2630 4142 sicut
2657 4107 2790 4146 mors
2818 4094 3038 4150 dilectio.
3073 4098 3139 4153 Et
3166 4104 3287 4171 quia
3317 4107 3429 4176 ipsa
3454 4109 3670 4165 charitas
3696 4082 3813 4166 oeci-

2282 4173 2357 4229 dit
2382 4177 2521 4245 quod
2550 4178 2764 4249 fuimus,
2796 4194 2855 4237 ut
2878 4186 3043 4242 simus
3068 4192 3209 4260 quod
3236 4173 3351 4251 non
3384 4213 3613 4267 eramus;
3642 4201 3749 4256 facit
3772 4201 3812 4253 in

2280 4268 2434 4323 nobis
2464 4273 2744 4339 quamdam
2773 4287 2998 4334 mortem
3029 4282 3260 4339 dilectio.
3290 4288 3407 4358 lpsa
3430 4302 3593 4348 morte
3613 4303 3813 4348 mortuus

2281 4369 2394 4413 erat
2422 4363 2509 4428 qui
2540 4363 2769 4433 dicebat,
2800 4368 3028 4427 Mundus
3057 4377 3182 4429 mihi
3219 4382 3496 4450 cruciﬁxus
3536 4395 3619 4451 est,
3663 4395 3705 4438 et
3741 4401 3811 4454 ego

2280 4454 2465 4507 mundo
2490 4455 2682 4526 (Galat.
2707 4475 2777 4524 vi,
2804 4462 2893 4532 14)
2920 4464 3061 4532 :ipsa
3085 4478 3255 4525 morte
3279 4476 3474 4529 mortui
3498 4485 3636 4530 erant
3655 4474 3810 4545 quibus

2279 4543 2505 4609 dicebat,
2539 4548 2733 4604 Mortui
2759 4556 2890 4608 enim
2917 4558 3051 4623 estis,
3077 4570 3125 4612 et
3156 4561 3255 4615 vita
3279 4576 3443 4619 vestra
3467 4543 3731 4621 abscondita
3752 4575 3809 4620 est

2278 4652 2393 4690 eum
2415 4639 2614 4693 Christo
2634 4643 2685 4696 iu
2710 4642 2815 4697 Deo
2840 4646 3053 4715 (Coloss.
3076 4665 3154 4717 ιιι,
3179 4652 3255 4721 5).
3291 4654 3474 4711 Valide
3490 4668 3557 4712 est
3574 4660 3689 4713 sicut
3701 4674 3808 4711 more

2276 4729 2497 4786 dilectio.
2531 4733 2587 4788 Si
2615 4751 2746 4806 ergo
2792 4739 2961 4793 valida
2994 4751 3096 4805 est,
3127 4743 3276 4799 fortis
3306 4757 3391 4803 est
3418 4761 3471 4805 et
3498 4766 3684 4820 magna:
3718 4751 3808 4803 vir—

2279 4826 2425 4892 tutis,
2453 4834 2508 4881 et
2538 4828 2647 4897 ipsa
2669 4838 2750 4883 est
2776 4831 2960 4899 virtus,
2987 4842 3038 4888 et
3066 4850 3160 4905 per
3188 4838 3356 4908 ipsam
3379 4852 3621 4911 reguntur
3645 4841 3807 4895 infirmi

2276 4931 2307 4970 a
2341 4916 2529 4986 firmis,
2570 4928 2707 4974 terra
2732 4936 2761 4975 a
2789 4924 2942 4989 ccelo,
2977 4928 3157 4996 populi
3195 4944 3223 4982 a
3268 4932 3513 4999 sedibus;
3542 4933 3669 4999 ideo,
3707 4930 3808 4985 Fiat

2276 5023 2379 5077 pax
2397 5009 2449 5062 in
2482 5010 2659 5064 virtute
2685 5012 2790 5077 tua,
2824 5014 2913 5068 fiat
2957 5030 3059 5084 pax
3107 5019 3158 5072 in
3210 5020 3493 5079 dilectione
3522 5033 3621 5078 tua.
3648 5024 3708 5077 Et
3734 5036 3809 5091 per

2274 5099 2427 5154 istam
2461 5102 2731 5168 virtutem,
2767 5120 2862 5173 per
2892 5107 3044 5161 istam
3073 5108 3432 5178 dilectionem,
3463 5130 3553 5183 per
3574 5113 3711 5168 istam
3736 5126 3805 5180 pa-

2273 5205 2413 5259 cem,
2440 5192 2529 5246 fiat
2556 5194 2867 5249 abundantia
2890 5198 2943 5252 in
2970 5200 3189 5254 turribus
3214 5205 3313 5256 tuis
3332 5218 3353 5258 :
3380 5205 3432 5258 id
3455 5213 3553 5271 est,
3583 5207 3628 5259 in
3654 5200 3803 5259 excel-

2272 5283 2347 5339 sis
2370 5284 2493 5339 tuis.
2526 5285 2686 5341 Pauci
2706 5287 2847 5341 enim
2865 5289 3126 5346 scdcbunt
3150 5293 3202 5347 in
3229 5294 3455 5363 judicio;
3483 5295 3572 5351 sed
3596 5293 3729 5349 multi
3749 5289 3800 5344 ad

2272 5374 2546 5431 dexteram
2573 5378 2729 5447 positi
2756 5377 2951 5435 facient
2976 5382 3227 5451 pupulum
3252 5385 3474 5440 civitatis
3503 5385 3649 5439 illius.
3678 5378 3798 5437 Nulli

2271 5467 2412 5522 enim
2438 5468 2782 5537 pertinebunt
2799 5469 2867 5524 ad
2892 5470 3129 5541 singulos
3148 5488 3384 5545 quosque
3402 5475 3645 5539 excelsos,
3667 5486 3692 5525 a
3712 5466 3786 5541 qui
3820 5456 3831 5522 .'

2273 5559 2372 5615 bus
2402 5562 2727 5631 recipiantur
2752 5563 2806 5617 in
2838 5563 3176 5621 tabernacula
3202 5577 3427 5634 aeterna;
3454 5577 3507 5624 et
3532 5566 3625 5621 erit
3656 5563 3774 5617 abun

2267 5654 2446 5711 dantia
2483 5655 2535 5711 in
2563 5655 2797 5712 turribus
2835 5656 2972 5727 ejus.
3019 5658 3301 5718 Plenitudo
3327 5668 3497 5717 autem
3524 5655 3787 5731 deliciarum

2335 5813 2350 5844 ί
2377 5813 2449 5863 Sic
2464 5818 2569 5864 uss.
2590 5812 2703 5863 rod.
2731 5825 2875 5876 vero,
2902 5813 2992 5865 itu.
