4160 6434
388 429 526 487 {69.9

387 554 440 601 et
459 541 783 599 sufﬁcientia
810 540 1110 596 divitiarum
1136 539 1250 608 ipse
1274 539 1435 606 Deus,
1455 538 1569 608 ipse
1595 536 1845 606 idipsum,
1865 535 1980 604 ipse

392 636 541 706 cujus
568 633 905 704 participatio
944 640 1024 687 est
1055 631 1284 686 civitatis
1320 631 1372 685 in
1404 629 1668 699 idipsum:
1702 627 1815 698 ipsa
1836 628 1851 658 ¹
1881 625 1982 681 erit

393 736 448 784 et
467 725 794 782 abundantia
817 733 1016 778 nostra.
1047 722 1153 778 Sed
1181 722 1355 777 unde?
1381 721 1484 776 Per
1509 719 1845 784 cbaritatem,
1879 717 1981 773 hoc

391 828 490 883 est,
526 832 623 887 per
650 816 924 871 virtutem.
957 813 1012 869 In
1044 828 1146 884 quo
1170 820 1346 867 autem
1376 820 1457 866 est
1482 810 1737 875 charitas,
1764 807 1981 862 fratres?

392 909 490 978 Qui
518 924 626 963 non
653 922 748 962 sua
774 906 963 976 quaerit
994 906 1044 959 in
1091 907 1189 959 hac
1232 904 1340 958 vita
1376 902 1634 973 (Philipp.
1678 917 1736 965 ιι,
1778 901 1832 967 4,
1862 899 1977 970 21).

393 1000 529 1058 Audi
582 999 896 1070 Apostolnm
946 998 1228 1053 habentem
1273 993 1739 1061 charitatem:ait,
1774 991 1982 1045 Placete

391 1093 624 1149 omnibus
657 1109 747 1163 per
773 1093 963 1157 omnia,
990 1091 1118 1145 sicut
1139 1101 1183 1144 et
1210 1106 1300 1160 ego
1322 1086 1551 1142 omnibus
1578 1103 1668 1159 per
1688 1085 1857 1139 omnia
1879 1085 1982 1154 pla-

392 1201 502 1239 ceo.
532 1185 629 1240 Ubi
675 1193 758 1239 est
806 1198 934 1252 ergo
960 1182 1101 1253 quod
1132 1182 1331 1247 dixisti,
1382 1179 1443 1235 Si
1483 1180 1649 1232 adhuc
1699 1176 1981 1230 hominibus

394 1279 667 1349 placerem,
699 1276 886 1331 Christi
925 1290 1095 1329 servus
1136 1290 1238 1327 non
1276 1289 1433 1327 essem
1472 1270 1667 1341 (Galat.
1700 1284 1737 1333 ι,
1781 1268 1903 1339 10)?
1928 1277 1982 1323 et

393 1368 557 1424 modo
584 1368 717 1422 dicis
747 1375 798 1422 te
829 1366 1059 1436 placere,
1092 1364 1251 1419 modo
1297 1363 1528 1418 hortaris
1572 1370 1629 1417 ut
1659 1369 1713 1416 et
1745 1361 1820 1415 illi
1864 1359 1979 1428 pla-

395 1459 586 1515 ceant?
616 1458 721 1513 Sed
750 1472 855 1511 non
896 1456 967 1510 ibi
994 1456 1171 1527 posuit
1199 1455 1379 1521 linem,
1418 1462 1475 1508 ut
1516 1453 1634 1523 quis
1660 1459 1877 1523 pr0pter
1899 1467 1978 1518 se,

398 1565 501 1605 non
544 1557 763 1619 propter
789 1546 1103 1602 charitatem
1151 1547 1373 1615 placeat.
1422 1543 1522 1611 Qui
1566 1543 1787 1614 gloriam
1831 1557 1980 1596 suam

395 1640 610 1711 quzerit,
638 1653 744 1693 non
764 1637 993 1707 qurerit’
1015 1637 1239 1692 salutem
1267 1637 1510 1690 aliorum.
1542 1635 1781 1688 Aitenim
1805 1651 1817 1687 :
1838 1634 1982 1688 Sicut

398 1740 442 1785 et
467 1747 559 1801 ego
609 1729 839 1782 omnibus
882 1744 972 1797 per
1014 1727 1183 1781 omnia
1225 1728 1420 1795 placeo,
1469 1742 1568 1778 non
1595 1739 1820 1794 quaerens
1848 1724 1981 1793 quod

398 1821 523 1873 mihi
554 1819 777 1887 prodest,
809 1817 897 1873 sed
934 1817 1068 1888 quod
1111 1816 1300 1884 multis,
1344 1825 1399 1871 ut
1439 1818 1566 1871 salvi
1606 1817 1734 1884 [iant
1782 1814 1835 1887 (1
1862 1814 1977 1870 Cor.

396 1926 451 1977 ι,
485 1910 576 1971 se,
612 1909 725 1981 ss).

470 2003 558 2057 15.
604 1999 750 2073 [vers.
780 1999 856 2073 8.]
897 2000 1022 2055 Ideo
1041 2008 1094 2054 et
1120 1999 1207 2055 hic
1234 2014 1353 2055 cum
1377 1998 1443 2055 de
1470 1998 1726 2053 charitate
1746 1997 1981 2052 diceret:

399 2091 624 2161 Propter
650 2091 831 2160 fratres
861 2108 1016 2159 meos,
1049 2091 1237 2161 inquit,
1280 2100 1327 2146 et
1370 2092 1676 2161 prapinquos
1714 2106 1869 2154 meos,
1904 2088 1983 2143 lo-

398 2184 589 2254 quebar
611 2193 779 2238 autem
800 2182 820 2214 ³
847 2200 1019 2253 pacem
1046 2184 1109 2236 de
1134 2194 1198 2237 te.
1229 2182 1273 2237 Ο
1297 2181 1601 2248 Jerusalem,
1646 2182 1817 2235 civitas
1841 2183 1984 2251 cuius

400 2274 724 2345 participatio
751 2274 803 2327 in
826 2274 1069 2341 idipsum,
1102 2288 1201 2343 ego
1230 2275 1283 2328 in
1322 2273 1423 2328 hac
1450 2275 1554 2327 vita
1581 2281 1634 2328 et
1663 2274 1713 2327 in
1746 2272 1843 2328 hac
1874 2281 1984 2328 ter-

400 2381 481 2432 ra,
512 2381 616 2436 ego
642 2380 866 2436 pauper,
900 2367 1212 2436 peregrinus
1236 2373 1292 2420 et
1316 2379 1557 2435 gemens,
1586 2364 1820 2419 nondum
1860 2380 1983 2435 per-

402 2455 587 2511 fruens
616 2472 749 2526 pace
778 2466 886 2522 tua,
920 2466 973 2511 et
1000 2456 1297 2527 praedicans
1325 2470 1507 2525 pacem
1539 2464 1713 2521 tuam;
1735 2470 1840 2510 non
1858 2469 1984 2526 pro-

402 2556 521 2619 pter
549 2562 638 2603 me
658 2547 804 2601 illam
834 2547 1088 2619 prmdico,
1116 2550 1253 2602 sicut
1284 2547 1539 2611 haeretici,
1569 2547 1658 2618 qui
1686 2555 1987 2617 quaerentes

400 2638 629 2709 gloriam
658 2653 808 2695 suam
849 2638 1051 2704 dicunt,
1096 2637 1207 2693 Pax
1252 2638 1561 2692 vobiscum:
1586 2647 1639 2692 et
1669 2653 1853 2708 pacem
1878 2653 1986 2692 non

402 2729 605 2787 habent
641 2746 799 2804 quam
846 2731 1053 2802 populis
1098 2730 1416 2802 praedicant.
1457 2730 1511 2786 Si
1538 2730 1679 2786 enim
1730 2730 1989 2786 haberent

405 2839 614 2894 pacem,
643 2838 749 2878 non
776 2824 1186 2879 conscinderent
1214 2824 1495 2878 unitatem.
1531 2823 1661 2893 Ego,
1687 2822 1877 2893 inquit,
1908 2822 1987 2875 lo-

404 2917 592 2985 quebar
616 2930 792 2986 pacem
834 2915 898 2969 de
926 2925 990 2969 te.
1023 2913 1129 2970 Sed
1157 2914 1359 2985 quare?
1395 2912 1617 2983 Propter
1641 2915 1824 2984 fratres
1853 2928 1988 2967 meos

405 3018 451 3062 et
476 3009 788 3080 propinquos
814 3023 950 3062 meos
973 3022 993 3061 :
1019 3021 1124 3061 non
1151 3015 1371 3076 propter
1384 3005 1641 3061 honorem
1662 3019 1861 3069 meum,
1880 3019 1986 3058 non

407 3107 625 3172 propter
648 3098 926 3170 pecuniam
960 3113 1156 3167 meam,
1194 3113 1299 3153 non
1324 3105 1544 3168 propter
1570 3097 1732 3151 vitam
1777 3111 1986 3162 meam;

408 3206 551 3257 nam,
588 3188 718 3244 Mihi
740 3190 903 3244 vivere
920 3188 1150 3245 Christus
1177 3199 1268 3255 est,
1297 3199 1343 3242 et
1373 3188 1501 3242 mori
1530 3187 1742 3241 lucrum.
1775 3187 1880 3242 Sed
1916 3188 1993 3241 lo-

406 3281 595 3352 quebar
621 3297 798 3351 pacem
821 3281 884 3335 de
903 3289 967 3348 te,
993 3290 1199 3351 propter
1224 3281 1407 3349 fratres
1446 3296 1582 3335 meos
1609 3288 1655 3333 et
1684 3280 1990 3349 propinquos

406 3389 563 3428 meos.
589 3372 723 3427 Nam
751 3373 995 3442 cupiebat
1024 3373 1137 3442 ipse
1161 3370 1386 3435 dissolvi,
1428 3380 1474 3424 et
1498 3387 1602 3425 esse
1623 3386 1737 3424 cum
1759 3369 1954 3424 Christo
1971 3388 1990 3424 :

409 3472 463 3519 et
487 3464 581 3534 qui
607 3467 705 3518 ista
737 3464 1051 3533 praedicaret
1078 3464 1388 3533 propinquis
1425 3471 1479 3518 et
1507 3462 1774 3524 fratribus.
1808 3461 1988 3515 Illanc-

406 3573 480 3624 re,
513 3557 702 3625 inquit,
734 3556 785 3610 in
814 3554 983 3621 carne,
1014 3556 1348 3610 necessarium
1392 3565 1594 3625 prapter
1619 3571 1704 3609 vos
1733 3552 1987 3627 (Philipp.

408 3662 446 3713 ι,
466 3647 559 3713 2|,
587 3646 679 3713 23,
701 3646 810 3719 24).
843 3646 1060 3717 Propter
1080 3650 1261 3719 fratres
1284 3663 1419 3701 meos
1440 3656 1485 3700 et
1504 3646 1813 3717 prapinquos
1835 3663 1986 3713 meos,

411 3737 649 3808 loquebar
673 3747 838 3790 autem
861 3754 1031 3806 pacem
1058 3738 1120 3791 de
1147 3746 1213 3791 te.

480 3831 570 3885 M.
604 3828 744 3900 [vers
773 3826 862 3900 9.]
896 3827 1109 3898 Propter
1136 3828 1340 3883 domum
1361 3827 1569 3881 Domini
1589 3825 1682 3880 Dei
1711 3827 1826 3892 mei,
1849 3842 1991 3896 quas-

410 3923 502 3976 sivi
527 3921 660 3975 bona
680 3921 787 3973 tibi.
810 3919 924 3974 Non
957 3928 1169 3989 propter
1194 3934 1281 3973 me
1305 3918 1522 3988 (ιιιωείνί
1545 3918 1680 3971 bona
1704 3936 1715 3969 :
1741 3933 1861 3970 nam
1885 3932 1990 3971 non

411 4015 503 4070 tibi
537 4029 858 4085 qumrerem,
887 4012 981 4067 sed
1012 4012 1173 4078 mihi;
1196 4011 1318 4066 ideo
1342 4025 1438 4064 nec
1459 4025 1556 4079 ego
1578 4008 1850 4074 haberem,
1871 4010 1991 4077 quia

413 4120 517 4159 non
552 4104 645 4158 tibi
674 4118 1002 4174 qumrerem:
1034 4102 1149 4169 sed,
1182 4102 1401 4171 PrOpter
1433 4100 1637 4153 domum
1662 4098 1871 4152 Domini
1896 4097 1994 4151 Dei

411 4198 530 4263 mei,
564 4206 784 4266 propter
809 4194 1123 4258 Ecclesium,
1146 4202 1360 4263 promer
1387 4202 1620 4255 sanctos,
1643 4199 1857 4260 propter
1874 4206 1994 4259 per-

411 4290 651 4360 egrinos,
678 4296 895 4357 propter
921 4288 1125 4356 inopes,
1167 4295 1226 4338 ut
1255 4284 1571 4345 ascendant;
1617 4282 1737 4352 quia
1769 4282 1994 4337 dicimus

411 4381 511 4447 eis,
548 4378 615 4433 In
655 4378 861 4432 domum
889 4376 1080 4431 domini
1120 4376 1333 4429 ibimus:
1364 4385 1565 4444 propter
1592 4373 1757 4442 ipsam
1790 4364 1995 4425 domum

414 4471 623 4525 Domini
653 4470 746 4524 Dei
777 4469 891 4532 mei,
921 4468 1125 4537 quaesivi
1149 4470 1280 4521 bona
1305 4466 1409 4518 tibi.
1453 4465 1595 4531 Haec,
1630 4462 1841 4528 fratres,
1867 4476 1992 4531 pro-

413 4563 601 4617 lixiora
618 4570 671 4616 et
687 4559 984 4616 necessaria
1005 4558 1224 4627 carpite,
1244 4556 1577 4620 manducate,
1601 4554 1792 4619 bibite;
1812 4567 1997 4608 conva-

415 4653 621 4717 lescite,
650 4653 867 4719 currite,
891 4648 1291 4720 appreliendite.

1751 4797 1987 4811 -—-——o

816 4883 897 4943 ΙΝ
941 4878 1319 4941 PSALMUM
1362 4875 1598 4936 CXXII

1012 4998 1429 5056 ENARRATIO.

958 5109 1129 5151 SERMO
1159 5110 1225 5147 ΑΙ)
1256 5107 1476 5146 Ριειιειι.

492 5222 543 5275 l.
587 5213 937 5272 Ascendentis
957 5211 1159 5266 cantica
1178 5224 1245 5262 ex
1263 5206 1447 5260 ordine
1468 5219 1586 5259 cum
1608 5202 1895 5258 Sanctitate
1920 5214 2002 5254 ve-

417 5320 526 5365 stra
559 5303 944 5364 consideranda
971 5299 1213 5369 suscepi;
1245 5294 1578 5350 ascendentis
1601 5303 1652 5348 et
1677 5291 1921 5358 amantis,
1949 5298 2004 5346 et

419 5402 541 5459 ideo
562 5397 895 5456 ascendentis
916 5396 1035 5465 quia
1055 5391 1300 5447 amantis.
1318 5388 1501 5444 Omnis
1535 5402 1686 5441 amor
1701 5394 1789 5441 aut
1813 5399 2000 5440 ascen-

418 5495 520 5561 dit,
544 5500 637 5548 aut
674 5487 969 5551 descendit.
1014 5483 1291 5541 Desiderio
1327 5480 1469 5537 enim
1498 5477 1639 5533 bono
1674 5478 1911 5533 levamur
1937 5473 2003 5529 ad

485 5628 503 5660 ι
536 5626 720 5687 Aliquot
743 5630 870 5679 MSZL,
890 5616 1009 5683 ipse.

489 5691 511 5721 ²
535 5696 661 5744 Mss,
687 5695 780 5747 non
799 5688 947 5747 potest
967 5691 1200 5747 (tumrege.

490 5750 512 5783 ³
534 5730 780 5807 Fabiis,
800 5730 1115 5807 ξιὶιζὲῇιίαυιε
1136 5738 1296 5789 fuerat
1318 5749 1416 5807 per
1438 5742 1545 5784 Lov.
1574 5742 1835 5807 expuneta,
1848 5730 2004 5807 restl:

425 5796 681 5862 ιυίιιιιῖέί
693 5796 833 5859 editis
847 5804 955 5856 aliis
968 5796 1036 5853 'ct'
1051 5809 1155 5852 Mss.
1200 5796 1468 5863 praesertim
1507 5796 1617 5858 quia
1639 5796 1689 5845 in
1710 5799 1871 5842 Grzeoo
1894 5796 2001 5839 Lxx

425 5878 606 5925 exstat.

1457 420 1855 479 ENARRATIO
1896 419 1957 476 lN
1997 419 2316 476 PSALMUM
2354 418 2563 476 CXXII.

3498 446 3499 449 η
3530 424 3667 497 1659

2090 533 2339 598 Deum,et
2352 533 2618 589 desiderio
2636 536 2775 591 malo
2786 536 2851 591 ad
2872 538 2973 592 ima
2992 542 3404 611 przccipitamur.
3423 546 3529 603 Sed
3544 554 3667 621 quia

2084 624 2193 695 jam
2218 627 2360 681 malo
2375 626 2640 682 desiderio
2660 628 2791 699 lapsi
2811 630 3128 699 cecidimus;
3155 646 3401 706 superest
3428 641 3601 709 nobis,
3625 644 3670 698 si

2086 718 2425 787 agnoscimus
2452 721 2569 789 quis
2595 719 2660 773 ad
2690 736 2787 776 nos
2816 737 2920 776 non
2948 725 3223 792 ceciderit,
3247 728 3340 783 sed
3370 730 3671 793 descende.

2086 810 2176 874 rit,
2208 808 2463 864 haerendo
2496 810 2569 864 illi
2601 812 2923 881 ascendere;
2951 816 3070 884 quia
3102 818 3299 873 viribus
3335 824 3533 877 nostris
3562 839 3671 879 non

2086 914 2391 970 possumus.
2418 899 2536 969 ipse
2564 900 2695 955 dixit
2735 903 2989 958 Dominus
3016 917 3197 962 noster
3220 909 3374 965 Jesus
3400 911 3667 981 Christus,

2089 986 2253 1043 Nemo
2280 990 2505 1043 ascendit
2526 991 2577 1044 in
2606 993 2805 1056 cazlum,
2833 993 2931 1047 nisi
2950 996 3034 1064 qui
3055 998 3117 1049 de
3136 1000 3258 1052 caelo
3280 1000 3552 1067 descendit,
3578 1003 3675 1058 Fi-

2087 1078 2185 1133 lius
2223 1080 2439 1134 hominis
2469 1082 2554 1150 qui
2575 1093 2647 1135 est
2675 1083 2727 1136 in
2756 1084 2878 1138 cwlo
2924 1084 3100 1151 (Joan.
3142 1106 3221 1155 ιιι,
3252 1091 3365 1161 15).
3395 1092 3669 1163 Tanquam

2086 1169 2153 1225 de
2178 1186 2236 1225 se
2266 1171 2380 1225 solo
2403 1173 2615 1227 videtur
2640 1175 2859 1231 dixisse.
2889 1178 3031 1249 Ergo
3070 1184 3249 1237 creteri
3276 1199 3669 1258 remanserunt,

2087 1264 2207 1333 quia
2234 1264 2376 1318 solus
2397 1265 2658 1333 ascendit,
2684 1268 2771 1337 qui
2800 1270 2946 1324 solus
2974 1270 3286 1328 descendit?
3311 1275 3448 1341 Quid
3477 1277 3675 1335 debent

2085 1354 2264 1412 facere
2290 1360 2504 1412 caeteri?
2542 1360 2689 1415 Uniri
2717 1365 2929 1431 corpori
2957 1365 3141 1434 ipsius,
3172 1378 3227 1421 ut
3250 1370 3318 1423 sit
3346 1386 3481 1425 unus
3522 1371 3676 1428 Chri-

2085 1455 2219 1513 stus,
2239 1448 2326 1518 qui
2345 1448 2619 1505 descendit
2634 1460 2687 1505 et
2708 1454 2964 1507 ascendit.
2989 1456 3271 1512 Descendit
3287 1470 3466 1529 caput,
3486 1477 3674 1517 ascen-

2085 1541 2163 1595 dit
2186 1557 2305 1596 cum
2332 1558 2586 1613 corpore;
2611 1548 2836 1600 vestitus
2865 1547 3158 1603 Ecelesiam
3184 1565 3357 1619 suam,
3388 1570 3544 1622 quam
3573 1555 3673 1610 sibi

2087 1636 2328 1690 exhibuit
2357 1637 2471 1692 sine
2502 1639 2703 1693 macula
2734 1649 2788 1694 et
2834 1657 2962 1709 ruga
3009 1641 3223 1713 (Ep/tes.
3268 1662 3321 1709 v,
3365 1646 3479 1716 27).
3513 1646 3674 1702 Solus

2088 1742 2215 1797 ergo
2236 1728 2496 1783 ascendit.
2528 1729 2630 1784 Sed
2656 1740 2709 1785 et
2736 1746 2832 1785 nos
2861 1732 3071 1800 (prande
3097 1750 3214 1788 eum
3249 1735 3339 1789 illo
3361 1737 3437 1791 sic
3462 1752 3669 1803 sumus,

2086 1828 2146 1875 ut
2175 1822 2226 1875 in
2255 1821 2344 1875 illo
2371 1823 2607 1877 membra
2636 1824 2749 1891 ejus
2772 1824 2969 1889 simus;
2998 1834 3050 1879 et
3074 1825 3349 1880 nobiscum
3391 1828 3535 1882 solus
3561 1841 3663 1895 est,

2088 1920 2142 1968 et
2170 1912 2289 1967 ideo
2316 1928 2471 1977 unus,
2497 1923 2550 1967 et
2574 1928 2789 1982 semper
2817 1930 2972 1969 unus.
2997 1915 3182 1970 Unitas
3211 1932 3306 1972 nos
3338 1920 3672 1987 compaginat

2085 2003 2179 2057 uni
2206 2021 2219 2058 :
2242 2013 2294 2057 et
2320 2003 2396 2057 illi
2424 2005 2521 2058 soli
2553 2020 2671 2058 cum
2706 2005 2797 2059 illo
2835 2021 2941 2060 non
2972 2007 3286 2072 ascendunt,
3321 2009 3554 2077 quicum
3584 2010 3671 2063 illo

2086 2110 2223 2149 unus
2252 2109 2370 2150 esse
2411 2096 2732 2150 noluerint‘.
2762 2096 2878 2151 Jam
2920 2113 3049 2153 vero
3075 2101 3323 2167 quoniam
3351 2102 3462 2169 ipse
3498 2102 3589 2171 qui
3619 2099 3670 2155 lli

2087 2188 2226 2243 caelo
2258 2188 2462 2256 positus
2494 2196 2595 2255 est,
2624 2197 2676 2242 et
2702 2203 2861 2243 carne
2888 2190 3177 2243 suscitata’
3201 2191 3534 2256 immortalis,
3573 2207 3670 2262 per

2087 2295 2243 2352 quam
2277 2280 2371 2334 fuit
2398 2280 2463 2334 ad
2497 2291 2703 2351 tempus
2730 2283 2987 2344 mortalis.
3018 2292 3071 2337 et
3097 2283 3226 2337 nihil
3249 2285 3299 2337 in
3322 2285 3459 2341 cmlo
3492 2302 3671 2355 perse-

2088 2373 2360 2426 cutionum
2391 2372 2619 2441 patiens,
2642 2372 2774 2428 nihil
2804 2374 3123 2428 malitiarum
3153 2383 3207 2429 et
3230 2376 3662 2445 opprobriorum,

2088 2463 2224 2518 sicut
2251 2463 2306 2516 in
2327 2461 2428 2518 hac
2457 2473 2596 2518 terra
2621 2464 2834 2534 quando
2860 2479 2957 2533 pro
2985 2464 3141 2519 nobis
3184 2465 3361 2519 omnia
3406 2466 3672 2523 sustinere

2088 2553 2334 2623 dignatus
2357 2565 2470 2618 est;
2505 2569 2818 2624 compassus
2863 2565 3040 2609 tamen
3079 2557 3290 2625 corpori
3322 2571 3418 2611 suo
3446 2557 3498 2611 in
3533 2566 3669 2612 terra

2089 2646 2371 2713 laboranti,
2398 2646 2548 2711 dixit,
2573 2646 2749 2709 Saule,
2776 2646 2952 2714 Saule,
2972 2647 3095 2718 quid
3114 2666 3192 2703 me
3207 2652 3513 2720 persequeris
3531 2650 3669 2724 (Act.

2089 2753 2163 2804 ιιι,
2191 2736 2281 2809 4)?
2305 2738 2414 2807 jam
2442 2739 2613 2807 ipsum
2643 2753 2800 2793 nemo
2832 2739 3098 2809 tangebat,
3124 2748 3178 2794 et
3209 2755 3264 2794 se
3293 2741 3398 2811 pati
3424 2756 3674 2810 persecu«

2090 2829 2287 2883 tionem
2316 2828 2384 2883 de
2412 2828 2550 2884 ccelo
2579 2830 2870 2884 clamabat:
2897 2845 3002 2883 non
3028 2842 3223 2900 prteter
3251 2847 3401 2901 spem
3437 2848 3557 2889 esse
3575 2833 3673 2889 de-

2090 2919 2301 2987 bemus,
2334 2919 2441 2973 imo
2467 2935 2586 2973 cum
2614 2935 2802 2990 magna
2846 2919 3035 2975 ﬁducia
3067 2936 3416 2991 praesumere,
3462 2925 3583 2994 quia
3629 2925 3674 2980 si

2092 3025 2185 3080 per
2205 3009 2517 3065 cbaritatem
2540 3010 2656 3081 ipse
2681 3010 2957 3065 nobiseum
2995 3012 3047 3065 in
3087 3022 3224 3066 terra
3253 3022 3351 3078 est,
3384 3028 3478 3082 per
3525 3029 3673 3068 eam-

2091 3103 2213 3159 dem
2245 3102 2560 3159 charitatem
2591 3112 2644 3158 et
2673 3120 2770 3158 nos
2811 3119 2930 3158 cum
2973 3119 3037 3159 eo
3068 3104 3118 3158 in
3151 3105 3289 3159 emlo
3333 3120 3535 3160 sumus.
3568 3106 3674 3162 Sed

2091 3194 2326 3250 diximus
2352 3195 2799 3265 quemadmodum
2833 3194 3109 3249 nobiseum
3138 3196 3251 3264 ipse
3297 3197 3349 3250 in
3383 3204 3520 3251 terra
3570 3200 3672 3264 sit;

2090 3300 2277 3339 vocem
2306 3284 2422 3354 eius
2449 3285 2679 3339 diximus
2706 3285 2770 3339 de
2795 3286 2932 3340 etelo
2969 3286 3231 3350 sonantis,
3276 3286 3451 3347 Saule,
3493 3286 3672 3357 Saule,

2090 3375 2213 3446 quid
2250 3393 2330 3429 me
2366 3376 2709 3447 persequeris?
2736 3392 2855 3430 cum
2905 3392 3025 3431 eum
3065 3376 3257 3432 Saulus
3308 3380 3527 3434 omnino
3568 3395 3677 3435 non

2092 3474 2351 3534 tangeret,
2384 3466 2477 3521 sed
2506 3482 2602 3520 nec
2633 3466 2864 3521 videret:
2890 3467 3154 3535 quomodo
3176 3476 3351 3521 autem
3380 3469 3677 3524 ostenditur

2092 3558 2211 3628 quia
2241 3568 2295 3613 et
2315 3573 2411 3613 nos
2431 3574 2548 3612 cum
2577 3558 2667 3613 illo
2696 3559 2746 3613 in
2769 3559 2905 3613 caelo
2922 3559 3139 3613 sumus?
3162 3560 3358 3614 Eodem
3377 3560 3491 3626 ipso
3514 3562 3678 3617 Paulo

2093 3651 2334 3721 apostolo
2361 3649 2570 3705 dicente
2604 3669 2617 3705 :
2651 3650 2711 3705 Si
2735 3652 3121 3705 consurrexistis
3162 3668 3275 3704 cum
3316 3650 3533 3715 Christo,
3565 3668 3679 3720 qua:

2092 3761 2291 3799 sursum
2316 3754 2431 3799 sunt
2452 3746 2677 3814 quwrile,
2709 3745 2793 3797 ubi
2816 3744 3045 3800 Christus
3073 3754 3143 3797 est
3171 3746 3219 3797 in
3252 3744 3455 3796 dextera
3480 3742 3574 3796 Dei
3598 3760 3677 3797 se-

2094 3834 2247 3899 dens;
2277 3850 2392 3903 qua:
2420 3852 2621 3889 sursum
2660 3845 2776 3889 sunt
2815 3836 2994 3903 sapite,
3026 3850 3125 3887 non
3155 3850 3266 3902 qua:
3290 3850 3441 3902 super
3467 3842 3673 3886 terram.

2096 3925 2291 3978 Μοτῑηὶ
2315 3927 2445 3979 enim
2470 3926 2606 3991 estis,
2626 3935 2671 3978 el
2696 3927 2797 3978 vita
2818 3935 2977 3978 vestra
2998 3924 3292 3977 abscondita
3315 3934 3385 3977 est
3408 3940 3519 3976 cum
3539 3924 3678 3977 Chri-

2095 4025 2170 4071 sto
2195 4017 2248 4071 in
2278 4017 2381 4071 Deo
2412 4016 2624 4087 (Coloss.
2668 4034 2741 4081 ιιι,
2775 4018 2915 4082 1-5).
2943 4016 3084 4085 Ergo
3108 4024 3162 4071 et
3192 4016 3277 4070 ille
3303 4017 3475 4070 adhuc
3514 4016 3676 4072 deor-

2095 4123 2210 4162 Sum
2241 4117 2339 4172 est,
2369 4117 2423 4163 et
2451 4125 2546 4164 nos
2569 4109 2678 4178 jam
2711 4124 2919 4163 sursum
2960 4124 3173 4163 sumus:
3202 4109 3288 4163 ille
3320 4110 3566 4164 deorsum
3596 4119 3678 4165 est

2096 4204 2464 4269 compassione
2505 4201 2797 4266 charitatis,
2828 4216 2924 4255 nos
2950 4216 3157 4257 sursum
3185 4214 3367 4254 sumus
3393 4217 3486 4269 spe
3507 4202 3679 4255 chari-

2098 4293 2237 4347 tatis.
2270 4292 2376 4361 Spe
2401 4294 2532 4347 enim
2556 4294 2681 4347 salvi
2718 4294 2841 4361 facti
2877 4309 3048 4347 sumus
3093 4291 3266 4361 (Rom.
3295 4309 3405 4357 Vill,
3431 4293 3543 4363 2i).
3574 4291 3681 4347 Sed

2097 4384 2218 4452 quia
2257 4397 2379 4450 Spes
2412 4391 2591 4436 nostra
2620 4390 2762 4437 certa
2793 4391 2902 4445 est;
2935 4382 3174 4450 quamvis
3202 4381 3434 4437 futurum
3472 4383 3560 4448 sit,
3603 4384 3681 4436 sic

2098 4477 2164 4533 de
2194 4479 2344 4533 nobis
2367 4479 2576 4541 dicitur,
2605 4476 2751 4545 quasi
2777 4477 2886 4543 jam
2915 4474 3108 4529 factum
3131 4475 3218 4528 sit.

2166 4568 2221 4623 2.
2254 4568 2400 4641 [vers
2434 4565 2511 4640 1.]
2556 4566 2822 4620 Ascendet
2851 4581 2976 4635 ergo
3023 4566 3123 4619 iste
3156 4573 3431 4629 cantator;
3475 4563 3567 4618 sed
3616 4564 3685 4618 de

2103 4674 2417 4730 unoquoque
2445 4657 2603 4713 corde
2626 4666 2860 4712 vestrum
2883 4655 2903 4687 ³
2933 4664 3109 4710 cantet
3136 4653 3221 4708 hic
3241 4654 3421 4716 homo,
3445 4662 3497 4705 et
3524 4668 3686 4706 unus-

2101 4753 2323 4824 quisque
2350 4752 2417 4805 sit
2442 4751 2539 4805 iste
2566 4749 2749 4802 homo.
2783 4748 2915 4801 Cum
2944 4747 3083 4800 enim
3114 4744 3285 4797 dicitis
3316 4741 3443 4794 illud
3472 4742 3681 4807 singuli,

2101 4842 2220 4912 quia
2258 4855 2443 4895 omnes
2473 4856 2634 4893 unum
2664 4838 2793 4893 estis
2830 4838 2881 4890 in
2911 4835 3123 4889 Christo
3147 4874 3160 4896 ,
3207 4846 3339 4884 llllllS
3370 4831 3529 4883 homo
3559 4829 3683 4883 illud

2103 4932 2229 4987 dicit
2253 4949 2265 4984 :
2299 4941 2353 4987 et
2382 4946 2485 4985 non
2508 4973 2522 4995 ,
2552 4929 2630 4983 Ad
2658 4938 2731 4993 te,
2763 4927 2984 4979 Domine
3006 4967 3019 4987 ,
3050 4922 3343 4976 levavimus
3371 4920 3556 4973 oculos
3587 4934 3685 4971 no-

2103 5034 2277 5087 stros;
2310 5022 2424 5085 sed,
2456 5020 2536 5074 Ad
2561 5031 2627 5085 te,
2652 5019 2882 5079 Domine,
2915 5014 3070 5068 levavi
3099 5012 3268 5066 oculos
3291 5028 3441 5063 meos.
3474 5010 3687 5063 Debetis

2104 5114 2318 5184 quidem
2374 5121 2560 5181 putare
2607 5120 3037 5174 unumquemque
3082 5111 3317 5157 vestrum
3365 5099 3543 5169 loqui;
3593 5098 3687 5152 sed

2105 5222 2242 5261 unus
2272 5205 2357 5259 ille
2383 5203 2611 5258 maxime
2642 5200 2892 5268 loquitur,
2921 5196 3008 5265 qui
3031 5196 3187 5249 etiam
3215 5192 3437 5246 dilfusus
3464 5199 3549 5247 est
3576 5199 3689 5243 toto

2107 5298 2235 5354 orbe
2264 5306 2550 5351 terrarum.
2593 5290 2740 5347 Unus
2769 5288 2857 5341 ille
2892 5286 3143 5356 loquitur,
3173 5285 3260 5355 qui
3296 5283 3419 5336 alibi
3450 5282 3607 5343 dicit,
3644 5280 3688 5332 A

2108 5389 2292 5459 finibus
2333 5396 2478 5440 terra:
2514 5382 2581 5436 ad
2610 5391 2656 5435 te
2694 5379 2939 5442 clamavi,
2972 5394 3086 5430 cum
3115 5385 3382 5447 angeretur
3411 5391 3497 5428 cor
3526 5388 3688 5426 meum

2111 5478 2280 5553 (Psal.
2312 5492 2377 5531 ιιι
2403 5517 2417 5539 ,
2450 5476 2527 5543 5).
2557 5472 2686 5539 Quis
2727 5479 2809 5524 est
2837 5468 2929 5539 qui
2966 5468 3161 5523 clamat
3194 5482 3223 5521 a
3265 5466 3457 5520 ﬁnibus
3500 5462 3690 5553 temet

2108 5551 2225 5641 quis
2268 5580 2405 5622 unus
2435 5564 2595 5618 homo
2642 5560 2866 5616 diffusus
2894 5566 2977 5615 est
3015 5572 3184 5628 usque
3224 5557 3291 5611 ad
3332 5556 3464 5609 lines
3492 5551 3688 5619 terrm?

2175 5721 2192 5752 ι
2218 5717 2352 5777 edd.,
2382 5715 2651 5767 noluerunt.
2674 5720 2728 5764 At
2748 5719 2881 5773 Mss,
2904 5708 3162 5762 noluerint.
3368 5767 3379 5777 ,
3423 5765 3434 5775 ,
3464 5764 3495 5777 _.

2176 5785 2195 5814 ³
2218 5767 2291 5830 sic
2314 5767 2413 5828 A'm.
2439 5785 2510 5827 Er.
2535 5785 2586 5827 et
2603 5778 2755 5825 nostri
2774 5767 2879 5825 tussi
2911 5781 2965 5823 At
2986 5780 3117 5829 Lov.,
3138 5780 3283 5818 carne
3306 5767 3530 5817 subsistit.

2181 5846 2199 5876 ³
2219 5845 2289 5891 sic
2312 5850 2411 5893 Mss.
2442 5847 2490 5891 Αι
2517 5846 2647 5899 lov.,
2686 5837 2770 5889 sed
2794 5836 2842 5887 in
2867 5844 3138 5897 unoquoque
3162 5835 3371 5881 nostrum
3395 5833 3566 5891 cantet,
3592 5834 3671 5879 etc
