4160 6462
585 407 714 463 1651

585 518 958 590 Unusquisque
1002 517 1162 569 homo
1206 514 1257 566 in
1289 511 1505 579 regione
1548 523 1641 565 sua
1685 514 1861 576 potest
1900 505 2163 568 clamare;

583 610 838 681 numquid
868 625 896 662 a
939 607 1129 661 finibus
1160 605 1353 659 terras?
1379 602 1482 657 Sed
1512 599 1791 655 hmreditas
1833 598 2067 662 Christi,
2101 596 2167 651 de

581 719 683 771 qua
715 703 910 756 dictum
937 708 1040 764 cst,
1076 696 1217 750 Dabo
1245 696 1332 749 tibi
1359 703 1529 765 gentes
1560 692 1901 747 Itwreditatem
1931 698 2089 755 luant,
2121 694 2169 741 et

582 792 942 862 possessionem
991 797 1129 841 tuam
1158 787 1395 841 terminos
1442 795 1588 839 terra:
1616 782 1787 851 (Psal.
1828 796 1894 847 ιι,
1942 780 2019 850 8),
2052 779 2167 848 ipsa

580 885 773 938 clamat
796 891 850 936 et
872 880 1023 947 dicit,
1053 880 1095 933 A
1122 878 1304 948 ﬁnibus
1333 888 1478 933 terra:
1503 877 1570 930 ad
1595 886 1643 930 te
1670 877 1903 940 clamavi,
1934 890 2049 929 cum
2074 889 2168 927 an-

579 984 775 1046 geretur
795 990 881 1027 cor
905 988 1090 1026 meum.
1122 972 1360 1041 Angatur
1378 985 1471 1025 cor
1492 977 1753 1036 nostrum,
1779 977 1833 1024 et
1852 968 2162 1023 clamemus.

583 1065 732 1121 Unde
760 1074 986 1135 angatur
1013 1080 1108 1118 cor
1138 1063 1417 1117 nostrum?
1444 1061 1558 1116 Non
1594 1061 1662 1115 de
1703 1061 1784 1115 his
1815 1076 1932 1130 qua:
1964 1060 2049 1114 hic
2074 1074 2167 1128 pa-

581 1157 785 1211 tiuntur
803 1166 855 1210 ct
878 1156 1025 1218 mali,
1054 1154 1201 1209 verbi
1224 1155 1410 1224 gratia,
1436 1154 1557 1223 quia
1585 1151 1834 1206 damnum
1859 1150 2126 1220 patiuntur
2149 1166 2162 1203 :

583 1262 705 1301 nam
734 1245 779 1299 si
808 1246 930 1300 inde
965 1245 1176 1315 angitur
1205 1260 1317 1307 cor,
1347 1245 1481 1298 cinis
1508 1252 1607 1298 est.
1637 1243 1770 1309 Quia
1802 1241 1982 1296 nescio
2008 1255 2165 1309 quem

583 1344 794 1389 tuorum
823 1351 886 1389 ex
916 1335 1189 1388 voluntate
1215 1334 1310 1388 Dei
1337 1334 1581 1396 amisisti,
1605 1333 1647 1387 si
1672 1332 1794 1386 inde
1815 1332 2026 1400 angitur
2051 1345 2163 1399 cor,

583 1426 709 1493 quid
749 1427 1037 1496 magnum?
1080 1426 1214 1480 Hinc
1261 1434 1523 1495 anguntur
1550 1432 1606 1479 et
1632 1424 1793 1479 corda
1839 1423 2164 1491 infidelium;

584 1518 683 1572 ista
715 1518 984 1587 patiuntur
1024 1524 1079 1570 et
1122 1516 1211 1585 qui
1252 1515 1484 1569 nondum
1516 1515 1569 1568 in
1612 1514 1878 1569 Christum
1920 1513 2165 1569 credide-

583 1617 724 1663 runt.
750 1607 902 1663 Unde
921 1608 1132 1677 angitur
1158 1622 1253 1662 cor
1280 1607 1592 1661 christiani?
1618 1606 1749 1674 Quia
1780 1606 2015 1661 nondum
2045 1621 2166 1661 cum

583 1700 796 1755 Christo
826 1702 972 1755 vivit.
999 1700 1151 1756 Unde
1179 1701 1387 1770 angitur
1408 1716 1500 1755 cor
1520 1701 1832 1755 christiani?
1860 1701 1991 1767 Quia
2018 1714 2169 1770 pere-

584 1791 823 1861 grinatur
864 1799 917 1845 et
958 1790 1225 1845 desiderat
1271 1792 1516 1861 patriam.
1562 1790 1617 1847 Si
1661 1792 1784 1847 inde
1827 1792 2037 1861 angitur
2076 1806 2170 1847 cor

584 1889 757 1947 tuum,
781 1882 988 1936 etiamsi
1016 1881 1140 1935 felix
1162 1883 1454 1937 secundum
1476 1884 1728 1937 smculum
1756 1882 1940 1949 fueris,
1965 1884 2165 1953 gemis;

586 1982 642 2028 ct
665 1973 710 2027 si
747 1973 924 2027 omnia
954 1988 1208 2044 prospera
1248 1975 1546 2040 conﬂuant,
1592 1985 1645 2029 et
1672 1975 1902 2045 undique
1947 1976 2039 2030 tibi
2068 1977 2169 2032 iste

586 2064 815 2127 nutndus
844 2064 1093 2131 arrideat,
1128 2075 1184 2120 tu
1212 2075 1389 2121 tamen
1414 2068 1603 2136 gemis,
1632 2069 1753 2137 quia
1783 2069 1833 2121 in
1865 2068 2170 2138 peregrina-

587 2156 731 2210 tione
762 2166 812 2211 te
841 2158 1185 2211 constitutum
1225 2158 1406 2223 vides;
1452 2167 1505 2214 et
1534 2161 1699 2213 sentis
1724 2160 1833 2229 jam
1875 2161 2087 2230 quidem
2118 2170 2169 2217 te

588 2248 787 2303 habere
833 2248 1137 2304 felicitatem
1171 2250 1459 2304 secundum
1506 2252 1687 2305 oculos
1729 2252 2042 2318 stultorum,
2074 2252 2169 2307 sed

589 2341 823 2397 nondum
852 2342 1142 2397 secundum
1168 2343 1572 2411 promissionem
1591 2343 1787 2398 Christi
1812 2362 1825 2397 :
1856 2345 1999 2399 illam
2021 2360 2167 2414 qua:-

588 2448 711 2487 rcns
738 2432 926 2502 gemis,
956 2433 1098 2486 illam
1128 2448 1371 2502 qurerens
1402 2432 1703 2500 desideras,
1735 2444 1788 2489 et
1816 2435 2169 2491 desiderando

588 2524 833 2578 ascendis
859 2531 914 2577 et
937 2523 1273 2579 ascendendo
1298 2532 1481 2579 cantas
1506 2524 1769 2579 Canticum
1796 2526 2075 2596 graduum,
2117 2537 2170 2582 et

588 2613 852 2669 cantando
876 2613 1138 2669 Canticum
1161 2614 1432 2685 graduum,
1464 2614 1618 2682 dicis,
1647 2616 1727 2669 Ad
1755 2624 1799 2670 te
1821 2615 1978 2671 levavi
2001 2617 2170 2672 oculos

589 2722 744 2769 meos,
775 2706 860 2774 qui
886 2705 1081 2759 habitas
1111 2706 1163 2759 in
1186 2706 1329 2760 caelo.

659 2798 711 2850 5.
748 2796 1075 2861 Ascendens,
1111 2812 1215 2866 quo
1245 2798 1512 2853 levaturus
1541 2809 1655 2853 erat
1682 2800 1885 2864 oculos,
1916 2800 2015 2854 nisi
2047 2799 2171 2855 illuc

592 2903 698 2957 quo
741 2887 1019 2953 tendebat,
1070 2897 1124 2942 et
1162 2890 1450 2945 ascendere
1494 2890 1866 2947 desiderabat?
1913 2892 1988 2946 De
2034 2901 2171 2947 terra

593 2980 734 3034 enim
766 2979 832 3033 ad
863 2980 1056 3035 cmlum
1084 2982 1343 3036 ascendit.
1373 2983 1511 3037 Ecce
1540 2992 1677 3037 terra
1706 2984 1977 3050 deorsum,
2013 3000 2170 3053 quam

592 3072 858 3125 calcamus
885 3071 1105 3140 pedibus
1132 3073 1323 3126 nostris
1345 3090 1359 3137 ;
1392 3088 1518 3127 ecce
1538 3073 1694 3127 etiam
1718 3074 1909 3129 cmlum
1935 3089 2166 3141 sursum,

558 3210 561 3211 ν
594 3163 733 3232 quod
762 3164 1003 3218 videmus
1042 3165 1208 3219 oculis
1250 3165 1475 3229 nostris;
1525 3174 1578 3219 et
1613 3166 1950 3220 ascendendo
1988 3176 2171 3220 canta-

595 3270 731 3322 mus,
765 3256 844 3308 Ad
874 3265 919 3310 te
943 3256 1100 3309 levavi
1125 3257 1294 3311 oculos
1316 3273 1469 3323 meos,
1502 3258 1586 3326 qui
1614 3257 1809 3312 habitas
1829 3259 1881 3311 in
1902 3260 2044 3313 caelo.
2069 3258 2172 3315 Ubi

594 3353 719 3399 sunt
743 3361 868 3416 ergo
897 3347 1097 3401 scalae?
1127 3348 1295 3402 Tanta
1322 3348 1464 3402 enim
1498 3348 1773 3402 intervalla
1815 3350 2173 3418 conspicimus

596 3439 732 3490 inter
757 3434 949 3492 emlum
982 3447 1035 3491 et
1065 3446 1259 3491 terram
1282 3480 1295 3499 ,
1329 3447 1470 3492 tanta
1500 3440 1764 3507 separatio
1802 3448 1914 3503 est,
1945 3448 1999 3494 et
2030 3448 2173 3493 tanta

596 3528 767 3595 spatia
797 3528 1033 3581 locorum
1057 3545 1071 3578 :
1104 3528 1229 3582 illuc
1257 3529 1500 3582 volumus
1528 3530 1838 3597 ascendere,
1870 3532 2040 3586 scalas
2066 3547 2173 3587 non

596 3617 841 3671 videmus
866 3634 878 3670 :
909 3618 1162 3687 numquid
1191 3617 1326 3673 forte
1357 3618 1588 3673 fallimus
1614 3634 1729 3685 nos,
1763 3622 1884 3690 quia
1907 3620 2174 3675 Canticum

599 3710 875 3783 graduum,
925 3711 978 3765 id
1022 3719 1131 3775 est,
1178 3712 1439 3765 canticum
1488 3712 1816 3766 ascensionis
1860 3715 2175 3768 cantamus?

598 3802 947 3857 Ascendimus
969 3802 1033 3855 ad
1056 3802 1269 3867 cmlum,
1293 3803 1336 3856 si
1358 3802 1650 3871 cogitamus
1669 3803 1859 3870 Deum,
1880 3819 1966 3873 qut
1990 3819 2176 3859 ascen-

599 3910 691 3949 sus
719 3895 772 3949 in
796 3894 955 3951 corde
979 3895 1124 3951 fecit.
1157 3896 1291 3963 Quid
1318 3905 1400 3952 est
1424 3897 1711 3951 ascendere
1739 3897 1790 3950 in
1821 3897 2019 3952 corde?
2043 3898 2177 3953 Pro-

600 3987 764 4043 ficere
808 3989 857 4042 in
908 3988 1094 4043 Deum.
1139 3988 1419 4055 Quomodo
1463 3988 1636 4045 omnis
1684 3989 1772 4058 qui
1818 3988 2023 4054 deficit,
2070 4005 2180 4045 non

601 4080 891 4146 descendit,
922 4081 1013 4136 sed
1038 4080 1215 4135 cadit:
1248 4082 1324 4134 sic
1347 4081 1521 4135 omnis
1540 4081 1629 4149 qui
1653 4080 1879 4149 proficit,
1902 4081 2175 4135 ascendit:

602 4172 697 4227 sed
724 4173 767 4225 si
794 4173 871 4227 sic
898 4172 1160 4243 proficiat,
1189 4182 1245 4227 ut
1271 4189 1376 4227 non
1404 4173 1703 4242 superbiat;
1737 4173 1782 4227 si
1808 4173 1887 4229 sic
1905 4173 2178 4241 ascendat,

603 4271 661 4316 ut
688 4277 792 4316 non
818 4262 1007 4317 cadat:
1038 4264 1084 4317 si
1112 4273 1284 4319 autem
1312 4263 1637 4332 proficiendo
1663 4264 1962 4331 superbiat,
1991 4279 2181 4319 ascen-

604 4353 780 4407 dendo
806 4355 996 4408 iterum
1022 4354 1180 4407 cadit.
1209 4354 1313 4409 Sed
1338 4363 1397 4408 ut
1418 4368 1521 4407 non
1550 4355 1843 4423 superbiat,
1873 4355 1998 4423 qttid
2025 4354 2185 4409 debet

608 4445 820 4499 facere?
850 4445 1015 4499 Levet
1043 4445 1224 4500 oculos
1272 4459 1397 4499 suos
1439 4444 1505 4499 ad
1552 4445 1701 4498 illum
1745 4446 1832 4514 qui
1878 4445 2081 4500 habitat
2131 4446 2185 4499 itt

607 4538 763 4599 coelo.
811 4552 919 4592 non
945 4552 1003 4591 se
1028 4536 1283 4589 attendat.
1315 4534 1501 4589 Omnis
1544 4536 1685 4589 enim
1727 4536 1987 4604 superbus
2013 4550 2072 4590 se
2101 4544 2186 4589 at-

608 4630 805 4696 tendit,
851 4639 905 4684 et
944 4644 1167 4699 magnus
1210 4627 1309 4682 sibi
1347 4627 1555 4682 videtur
1598 4628 1685 4698 qui
1730 4628 1829 4681 sibi
1861 4628 2051 4697 placet.
2083 4627 2186 4683 Sed

607 4724 697 4793 qui
728 4724 824 4776 sibi
855 4722 1059 4791 placet,
1097 4720 1256 4774 stulto
1299 4719 1501 4773 homini
1546 4719 1749 4788 placet;
1780 4722 1898 4789 quia
1945 4719 2032 4774 ille
2076 4720 2188 4789 ipse

608 4815 805 4871 stultus
831 4822 931 4877 est,
962 4827 1081 4867 cum
1114 4813 1211 4867 sibi
1239 4813 1431 4883 placet.
1462 4811 1620 4867 Solus
1650 4827 1867 4867 securus
1897 4814 2072 4882 placet
2098 4813 2187 4883 qui

612 4910 722 4963 Deo
749 4908 938 4977 placet.
968 4907 1033 4961 Et
1063 4907 1181 4976 quis
1210 4914 1292 4961 cst
1318 4906 1405 4975 qui
1437 4906 1609 4976 placet
1636 4904 1785 4959 Deo?
1809 4904 1904 4959 Cui
1935 4906 2192 4974 placuerit

612 5002 773 5056 Deus.
806 5000 1097 5070 Displicere
1117 4999 1218 5053 sibi
1244 5000 1380 5053 Deus
1408 5015 1512 5053 non
1539 5006 1740 5068 potest;
1774 4998 1979 5067 placeat
1999 5008 2052 5053 et
2073 4998 2188 5065 tibi,

612 5102 672 5148 ut
696 5094 909 5165 placeas
940 5092 1036 5146 illi.
1065 5091 1171 5146 Sed
1201 5091 1292 5145 tibi
1330 5091 1418 5145 ille
1450 5091 1656 5159 placere
1691 5104 1795 5143 non
1823 5090 2048 5159 poterit,
2091 5090 2191 5143 nisi

615 5195 671 5238 tu
713 5185 803 5238 tibi
830 5183 1185 5252 displicueris.
1216 5182 1271 5236 Si
1302 5191 1479 5236 autem
1505 5182 1751 5249 displices
1777 5180 1901 5246 tibi,
1937 5180 2064 5235 tolle
2089 5197 2117 5233 a
2144 5188 2194 5234 te

616 5274 847 5328 oculum.
878 5272 1073 5342 thttid
1102 5282 1151 5327 te
1180 5274 1321 5327 enim
1348 5270 1617 5326 attendis?
1645 5270 1701 5325 Si
1729 5270 1868 5324 enim
1892 5284 2016 5324 vere
2042 5277 2091 5323 te
2116 5278 2195 5322 at-

616 5366 828 5431 tendis,
872 5364 1080 5419 invenis
1118 5366 1170 5418 in
1215 5374 1266 5419 te
1310 5364 1447 5434 quod
1479 5362 1571 5416 tibi
1613 5361 1925 5430 displiceat;
1967 5368 2020 5413 et
2062 5359 2195 5414 dicis

620 5457 752 5521 Deo,
780 5453 1052 5509 Peccatum
1075 5470 1239 5507 meum
1260 5463 1375 5507 ante
1400 5469 1476 5507 me
1503 5462 1573 5507 est
1601 5468 1795 5521 semper
1819 5449 1990 5522 (Psal.
2022 5465 2083 5517 L,
2114 5450 2193 5520 5).

618 5548 903 5607 Peccatum
933 5556 1077 5602 tuum
1103 5546 1171 5600 sit
1200 5554 1321 5601 ante
1347 5556 1415 5611 te,
1446 5554 1504 5599 ut
1530 5560 1636 5599 non
1666 5545 1735 5598 sit
1765 5553 1885 5599 ante
1913 5544 2113 5610 Deum;
2145 5558 2198 5616 et

618 5650 676 5695 tu
721 5641 829 5696 noli
859 5655 979 5696 esse
1022 5647 1145 5693 ante
1184 5646 1269 5703 te,
1307 5646 1367 5692 ut
1409 5638 1482 5691 sis
1522 5643 1644 5690 ante
1688 5635 1874 5689 Deum.
1919 5634 2197 5700 Quomodo

619 5731 762 5784 enim
794 5731 1042 5786 volumus
1082 5738 1139 5785 ut
1177 5744 1282 5789 non
1325 5742 1355 5781 a
1399 5726 1551 5781 nobis
1581 5734 1783 5779 avertat
1810 5724 1995 5779 faciem
2025 5724 2193 5792 Deus,

620 5823 699 5879 sic
720 5822 962 5880 volumus
988 5831 1044 5878 ut
1063 5830 1265 5879 avertat
1291 5798 1526 5876 facicm‘a
1552 5817 1780 5889 peccatis
1806 5815 2002 5873 nostris
2027 5834 2039 5870 :
2074 5832 2192 5872 nam

1820 390 1876 446 S.
1922 385 2284 444 AUGUSTINI
2326 388 2622 444 El’lSCOPl

3701 407 3720 461 l
3730 408 3813 465 632

2278 512 2560 574 utrumque
2590 504 2662 558 illi
2691 513 2937 561 cantatur
2975 507 3026 561 in
3054 507 3298 565 Psalmis.
3343 510 3426 566 Ne
3451 526 3636 572 avertas
3664 523 3813 593 {aciem

2275 606 2412 652 tuam
2449 615 2480 651 a
2508 615 2586 653 me
2612 597 2783 670 (Psal.
2816 616 2967 668 xxvi,
2997 600 3084 672 9);
3112 618 3212 657 vox
3261 613 3343 658 est
3380 607 3597 674 psalmi,
3635 628 3728 669 vox
3749 629 3816 674 est

2275 702 2403 758 ergo
2429 697 2606 744 nostra
2633 707 2646 742 :
2675 698 2728 745 et
2756 691 2843 746 ille
2872 692 2962 761 qui
2989 691 3150 758 dicit,
3180 692 3265 748 Ne
3292 706 3484 751 avertas
3514 703 3679 771 facient
3703 715 3817 764 tuam

2272 793 2305 830 a
2336 794 2448 844 me;
2478 779 2599 833 vide
2624 780 2748 849 quid
2775 780 2917 836 dicat
2940 782 3044 837 alio
3068 783 3186 838 loco
3211 802 3225 838 :
3258 786 3437 842 Averte
3455 789 3626 857 faciem
3654 804 3771 851 tuam
3792 817 3817 853 α

2272 870 2489 939 peccatis
2529 870 2649 924 meis
2677 869 2847 941 (Psal.
2890 889 2942 940 ι,
2985 874 3096 945 fi).
3128 874 3184 931 Si
3217 877 3294 931 vis
3334 886 3391 932 ιιι
3427 891 3624 936 avertat
3661 884 3817 947 faciem

2272 974 2421 1015 suam
2449 978 2480 1015 a
2507 964 2735 1031 peccatis
2763 965 2888 1031 tuis,
2915 974 2966 1021 tu
2996 967 3109 1037 ipse
3134 983 3161 1023 a
3192 977 3240 1024 te
3267 979 3454 1027 averte
3479 973 3655 1031 faciem
3677 987 3817 1049 tuam,

2272 1060 2327 1106 et
2354 1068 2386 1107 a
2416 1055 2649 1124 peccatis
2678 1055 2780 1109 tuis
2809 1057 2918 1112 noli
2957 1068 3221 1114 avertere.
3255 1059 3311 1115 Si
3344 1062 3485 1116 enim
3526 1080 3624 1119 non
3663 1068 3721 1125 ab
3756 1071 3820 1126 eis

2273 1145 2528 1199 averteris
2554 1144 2741 1200 faciem
2775 1155 2941 1214 tuam,
2972 1156 3027 1202 tu
3055 1148 3166 1217 ipse
3191 1148 3443 1207 irasceris
3465 1158 3682 1221 peccatis
3701 1160 3817 1215 tuis:

2272 1240 2315 1294 si
2347 1252 2526 1294 autem
2553 1249 2606 1294 tu
2637 1256 2741 1295 non
2773 1242 2971 1296 avertis
2999 1241 3184 1297 faciem
3227 1251 3371 1298 tuam
3399 1260 3430 1299 a
3465 1250 3686 1315 peccatis
3707 1253 3817 1317 tuis,

2275 1340 2328 1387 tu
2355 1333 2619 1403 agnoscis,
2647 1341 2701 1389 et
2725 1334 2815 1389 ille
2846 1335 3091 1405 ignoscit.

2343 1426 2397 1478 4.
2429 1426 2497 1479 At
2524 1440 2652 1479 vero
2677 1441 2706 1479 a
2736 1434 2785 1482 te
2810 1426 2925 1481 leva
2953 1427 3138 1482 oculos
3163 1427 3228 1481 ad
3259 1428 3408 1482 illum
3430 1471 3447 1496 ,
3478 1439 3532 1485 et
3556 1431 3662 1499 dic,
3695 1435 3762 1487 Ad
3784 1446 3822 1491 te

2275 1514 2430 1568 levavi
2451 1517 2622 1571 oculos
2648 1534 2803 1583 meos,
2834 1519 2921 1589 qui
2945 1518 3140 1573 habitas
3166 1519 3217 1573 in
3239 1520 3390 1574 caelo.
3416 1520 3638 1590 Ccelum,
3662 1522 3821 1582 fratres

2274 1606 2401 1673 mci,
2427 1607 2472 1660 si
2493 1609 2843 1677 corporaliter
2871 1610 3291 1666 intellexerimus
3321 1610 3426 1665 hoc
3452 1613 3589 1681 quod
3619 1614 3822 1671 videmus

2274 1697 2443 1751 oculis
2469 1701 2760 1768 corporeis,
2788 1716 2914 1756 vere
2940 1705 3017 1756 sic
3044 1702 3368 1767 errabimus,
3403 1712 3460 1758 ut
3484 1720 3583 1758 non
3610 1716 3820 1775 putemus

2273 1804 2372 1843 nos
2401 1790 2527 1844 illuc
2554 1791 2845 1848 ascendere
2864 1832 2878 1858 ,
2911 1793 3011 1847 nisi
3040 1792 3199 1847 scalis
3233 1793 3454 1861 positis,
3482 1804 3569 1848 aut
3597 1796 3822 1865 aliquibus

2275 1883 2754 1939 machinamentis:
2786 1884 2831 1937 si
2870 1892 3047 1939 autem
3094 1885 3446 1954 spiritualiter
3487 1886 3818 1953 ascendimus,

2274 1979 2617 2047 spiritualiter
2637 1978 2830 2032 cmlum
2856 1977 3156 2048 intelligere
3176 1977 3467 2043 debemus;
3494 1979 3539 2032 si
3562 1994 3787 2034 ascensus
3805 1982 3819 2011 ⁸

2275 2068 2327 2121 in
2358 2067 2548 2122 affectu
2571 2108 2585 2132 ,
2618 2068 2812 2125 coelum
2852 2069 2905 2123 in
2939 2070 3163 2139 justitia.
3190 2069 3348 2138 Quod
3379 2079 3462 2124 est
3501 2085 3623 2139 ergo
3657 2070 3819 2126 coelum

2274 2158 2403 2212 Dei?
2430 2159 2626 2213 Omnes
2650 2169 2847 2215 sanctae
2871 2160 3083 2228 animae,
3107 2177 3298 2216 omnes
3315 2161 3472 2231 justas
3492 2163 3686 2218 animze.
3710 2162 3820 2219 Nam

2275 2258 2329 2304 ct
2358 2251 2597 2319 Apostoli
2641 2253 2881 2320 quamvis
2923 2251 2973 2306 in
3025 2262 3163 2307 terra
3195 2261 3381 2308 essent
3424 2268 3611 2319 carne,
3656 2256 3819 2311 ctelum

2275 2350 2460 2405 erant;
2493 2341 2616 2410 quia
2645 2342 2697 2395 in
2729 2342 2831 2397 illis
2856 2343 3114 2398 Dominus
3143 2343 3362 2411 sedens,
3389 2358 3484 2413 per
3512 2354 3668 2399 totum
3695 2361 3820 2399 mun-

2274 2431 2398 2486 dum
2443 2431 2765 2486 ambulabat.
2815 2432 2957 2502 Ergo
3004 2432 3206 2488 habitat
3246 2434 3305 2489 in
3344 2436 3501 2490 ccelo.
3545 2436 3819 2503 Quomodo?

2275 2522 2553 2589 Quomodo
2576 2524 2706 2578 dicit
2731 2525 2782 2578 in
2806 2523 2911 2576 alio
2938 2525 3161 2593 psalmo,
3187 2525 3264 2578 Tu
3298 2536 3465 2579 autem
3488 2526 3539 2579 in
3564 2536 3720 2581 sancto
3739 2526 3816 2580 Ita-

2276 2616 2426 2682 bitas,
2461 2616 2572 2670 laus
2598 2615 2764 2670 Israel
2794 2615 2963 2687 (Psal.
2993 2633 3102 2683 χχι,
3134 2616 3212 2688 4).
3238 2617 3345 2684 Qui
3372 2618 3571 2673 habitat
3601 2619 3649 2674 in
3676 2618 3813 2683 cutio,

2277 2706 2479 2761 habitat
2502 2707 2553 2760 in
2581 2715 2765 2761 sancto
2790 2724 2803 2760 :
2834 2716 3008 2762 sancto
3032 2706 3178 2777 quid,
3204 2707 3312 2761 nisi
3336 2709 3531 2777 templo
3554 2708 3675 2762 suo?
3695 2707 3818 2761 Tem-

2278 2800 2420 2870 plum
2449 2800 2579 2853 enim
2608 2798 2707 2853 Dei
2733 2808 2959 2853 sanctum
3002 2808 3106 2864 est,
3137 2800 3275 2870 quod
3298 2801 3418 2855 estis
3441 2816 3526 2855 vos
3554 2800 3593 2872 (l
3614 2799 3718 2855 Cor.
3741 2816 3812 2866 ttt,

2279 2891 2384 2960 17).
2422 2891 2525 2946 Sed
2568 2907 2754 2946 omnes
2800 2892 2974 2947 adhuc
3020 2890 3214 2946 infirmi
3262 2901 3323 2947 et
3364 2891 3644 2947 secundum
3684 2890 3814 2944 fidem

2279 2983 2612 3038 ambulantes
2643 2982 2706 3056 (ll
2734 2982 2852 3038 Cor.
2880 2999 2937 3048 v,
2968 2984 3043 3051 7),
3072 2984 3368 3039 secundum
3395 2982 3548 3038 fidem
3572 2990 3685 3038 sunt
3707 2989 3814 3036 tem-

2280 3075 2425 3144 plum
2455 3075 2566 3140 Dei,
2598 3084 2754 3128 erunt
2773 3074 3054 3143 aliquando
3075 3085 3129 3129 et
3151 3074 3449 3130 secundum
3470 3074 3682 3143 speciem
3709 3080 3816 3126 tem-

2280 3165 2421 3234 plum
2457 3165 2570 3220 Dei.
2605 3164 2865 3231 Quamdiu
2891 3174 3015 3219 sunt
3046 3166 3302 3235 templum
3347 3164 3625 3221 secundum
3653 3160 3814 3216 fidem?

2280 3256 2540 3323 Quamdiu
2572 3257 2625 3309 in
2657 3255 2784 3325 ipsis
2828 3255 3068 3310 Christus
3114 3270 3210 3325 per
3236 3255 3400 3310 ﬁdem
3445 3255 3664 3316 habitat;
3702 3252 3815 3305 sicut

2280 3348 2409 3401 dicit
2446 3346 2733 3417 Apostolus
2764 3364 2776 3400 :
2814 3346 3057 3401 Habitare
3080 3345 3340 3402 Christum
3368 3364 3457 3418 per
3479 3346 3621 3415 [idem
3655 3345 3699 3396 in
3723 3357 3814 3395 cor-

2282 3441 2424 3495 dibus
2450 3442 2623 3495 vestris
2651 3440 2867 3510 (Ephes.
2895 3456 2978 3507 ιιι,
3010 3440 3124 3510 17).
3152 3442 3290 3494 Sunt
3321 3448 3495 3494 autem
3518 3438 3619 3507 jam
3644 3434 3747 3490 caeli
3773 3432 3814 3485 in

2283 3534 2473 3605 quibus
2499 3548 2593 3603 per
2621 3534 2853 3603 speciem
2877 3532 2988 3602 jam
3018 3532 3222 3586 habitat
3250 3532 3395 3586 Deus
3417 3572 3430 3595 ,
3473 3529 3692 3583 videntes
3715 3537 3814 3580 eum

2283 3628 2415 3682 facie
2444 3626 2509 3681 ad
2541 3626 2764 3691 faciem;
2797 3640 2985 3681 omnes
3012 3625 3180 3680 sancti
3207 3624 3420 3695 Angeli,
3449 3636 3625 3677 omnes
3651 3624 3815 3673 sancta:

2281 3719 2547 3783 Virtutes,
2578 3719 2911 3781 Potestates,
2943 3716 3143 3782 Sedes,
3176 3716 3599 3777 Domiuationes,
3632 3710 3815 3766 Jerusa-

2284 3809 2385 3865 lem
2415 3809 2501 3864 illa
2526 3808 2759 3864 coelestis
2784 3808 2924 3864 unde
2951 3806 3345 3878 peregrinando
3365 3804 3748 3878 ingemiscimus,
3772 3805 3815 3852 et

2285 3920 2442 3974 quam
2485 3902 2840 3959 desiderando
2883 3916 3133 3957 oramus:
3164 3900 3233 3955 ibi
3281 3901 3483 3956 habitat
3526 3899 3672 3953 Deus.
3713 3891 3815 3946 illuc

2286 3995 2485 4049 levavit
2504 3995 2602 4048 iste
2626 3992 2805 4056 fidem,
2830 3992 2953 4047 illuc
2973 3990 3215 4047 ascendit
3233 3989 3450 4055 affectu,
3470 3981 3810 4042 desiderando:

2287 4095 2340 4141 et
2367 4086 2536 4156 ipsum
2562 4083 2885 4141 desiderium
2913 4086 2935 4116 ³
2968 4083 3092 4138 facit
3118 4082 3351 4137 animam
3394 4078 3641 4136 desudare
3665 4069 3815 4129 sordes

2287 4188 2648 4246 peccatorum,
2678 4183 2733 4229 et
2762 4173 3006 4228 mundari
3036 4171 3104 4226 ab
3129 4172 3273 4226 omni
3306 4170 3446 4236 labe,
3474 4177 3531 4224 ut
3554 4166 3636 4221 ﬁat
3662 4172 3708 4219 et
3726 4162 3814 4229 ipsa

2287 4267 2480 4322 caelum
2499 4282 2514 4332 ;
2537 4266 2656 4335 quia
2672 4266 2866 4320 levavit
2882 4264 3063 4318 oculos
3080 4262 3145 4317 ad
3168 4277 3287 4317 eum
3306 4262 3396 4332 qui
3417 4259 3607 4314 habitat
3621 4256 3669 4310 in
3686 4250 3810 4307 coelo.

2288 4356 2418 4413 Nam
2451 4359 2494 4412 si
2524 4357 2715 4412 caelum
2743 4356 2881 4412 istud
2909 4370 3223 4426 corporeum
3246 4353 3389 4424 quod
3410 4352 3571 4408 oculis
3592 4346 3810 4403 videmus.

2290 4448 2714 4504 intellexerimus
2742 4461 2860 4501 esse
2886 4445 3271 4500 habitationem
3298 4445 3428 4509 Dei;
3473 4440 3727 4496 transitura
3749 4437 3812 4485 est

2292 4538 2549 4592 habitatio
2580 4538 2671 4592 Dei
2692 4578 2706 4602 ,
2737 4536 2857 4603 quia
2885 4536 3077 4592 etelum
3104 4543 3158 4590 et
3187 4545 3327 4589 terra
3370 4532 3614 4589 transient
3637 4520 3810 4595 (Matth-

2293 4647 2438 4697 xxrv,
2468 4631 2580 4699 55).
2614 4629 2813 4684 Deinde
2839 4636 3119 4697 antequam
3164 4628 3363 4682 faceret
3402 4627 3535 4681 Deus
3569 4618 3735 4675 emittm
3772 4616 3812 4664 ei

2295 4730 2511 4786 terram,
2539 4721 2624 4774 ubi
2646 4718 2950 4774 habitabat?
2976 4718 3081 4773 Sed
3104 4718 3229 4771 dicit
3250 4718 3468 4786 aliquis:
3501 4713 3560 4766 Et
3577 4714 3811 4773 antequam

2294 4813 2495 4868 faceret
2521 4812 2659 4866 Deus
2689 4819 2931 4874 Sanctos,
2964 4809 3051 4862 ubi
3090 4806 3394 4861 habitabat?
3424 4804 3479 4859 In
3515 4817 3568 4855 se
3592 4792 3813 4851 habitabat

2297 4904 2467 4968 Deus,
2513 4902 2652 4972 apud
2695 4916 2753 4955 se
2784 4900 3080 4965 habitabat,
3126 4906 3180 4953 et
3215 4896 3351 4966 apud
3383 4911 3441 4951 se
3481 4901 3556 4948 est
3598 4890 3735 4942 Deus.
3762 4878 3812 4932 Et

2297 4997 2507 5067 quando
2536 4995 2780 5065 dignatur
2822 4992 3059 5047 habitare
3107 4991 3159 5044 in
3205 4990 3431 5054 sanctis,
3476 4999 3573 5040 non
3614 4979 3681 5033 sic
3715 4978 3812 5070 sunt

2298 5060 2465 5143 sancti
2505 5060 2694 5141 domus
2722 5086 2846 5149 Dei,
2880 5092 2937 5137 ut
2962 5084 3073 5152 ipsa
3104 5082 3365 5136 subtracta
3389 5077 3535 5133 cadat
3559 5073 3697 5127 Deus.
3721 5060 3811 5116 Ali-

2301 5190 2381 5233 ter
2405 5179 2546 5233 enim
2576 5193 2671 5232 nos
2704 5175 2999 5230 habitamus
3028 5174 3080 5227 in
3110 5172 3290 5237 domo,
3319 5170 3469 5224 aliter
3495 5167 3619 5220 Deus
3643 5159 3687 5213 in
3712 5165 3813 5252 Si!"

2300 5273 2397 5326 ctis
2426 5288 2439 5324 :
2482 5279 2537 5325 tu
2564 5270 2770 5324 habitas
2798 5269 2848 5321 in
2889 5267 3081 5331 domo;
3112 5266 3155 5320 si
3185 5265 3448 5319 subtracta
3477 5254 3637 5317 fuerit,
3667 5242 3809 5303 cadis;

2302 5365 2442 5419 Dens
2463 5372 2636 5417 autem
2664 5362 2740 5415 sic
2770 5359 2969 5413 habitat
2998 5359 3050 5411 in
3074 5356 3291 5422 sanctis,
3318 5362 3375 5407 ut
3400 5351 3441 5407 si
3469 5349 3573 5417 ipse
3597 5340 3811 5430 discusses

2303 5458 2395 5524 rit,
2423 5457 2634 5511 cadant.
2668 5453 2996 5522 Quicumque
3024 5465 3150 5520 ergo
3189 5448 3265 5503 sic
3297 5452 3462 5517 portat
3488 5442 3635 5526 Deutn
3654 5472 3667 5497 ,
3692 5433 3738 5483 ut
3757 5426 3810 5526 sil

2305 5516 2557 5617 templum
2602 5516 2727 5610 Dei';
2760 5560 2865 5599 non
2896 5516 3045 5613 putet
3071 5516 3148 5595 sic
3188 5554 3219 5594 a
3244 5516 3311 5595 se,
3344 5530 3528 5608 portari
3569 5516 3741 5582 Deum.
3766 5516 3808 5565 ω

2367 5699 2384 5732 ι
2412 5704 2476 5749 na
2492 5704 2591 5746 Mn.
2619 5700 2672 5746 et
2691 5699 2799 5743 uss.
2826 5699 2879 5741 At.
2899 5696 2973 5740 Er.
3001 5696 3053 5740 et
3073 5695 3211 5752 Lov.,
3234 5686 3296 5752 sit
3315 5691 3587 5752 αρειηεᾳοξτμ
3631 5728 3785 5752 Mm,

2366 5726 2597 5871 uasa
2619 5726 2879 5819 ξῑεεῗῗῒρὲδ
2897 5726 3401 5804 aestuarem».
3417 5739 3605 5805 qudam.
3628 5726 3805 5779 αεεενειτ

2366 5836 2383 5869 Γ
2421 5835 2485 5871 εδ.

2306 5835 2485 5874 δοναεδ.
