  <div class='ocr_page' id='page_1' title='image "/cluster/home/n/w/nwhite01/storage/ocr_20150623/37/uva.x000827106/314.png"; bbox 0 0 4160 6434; ppageno 0'>
   <div class='ocr_carea' id='block_1_1' title="bbox 381 393 518 449">
    <p class='ocr_par' dir='ltr' id='par_1_1' title="bbox 381 393 518 449">
     <span class='ocr_line' id='line_1_1' title="bbox 381 393 518 449; baseline 0 0"><span class='ocrx_word' id='word_1_1' title='bbox 381 393 518 449; x_wconf 73' lang='grc'><strong>1655</strong></span> 
     </span>
    </p>
   </div>
   <div class='ocr_carea' id='block_1_2' title="bbox 383 503 1968 576">
    <p class='ocr_par' dir='ltr' id='par_1_2' title="bbox 383 503 1968 576">
     <span class='ocr_line' id='line_1_2' title="bbox 383 503 1968 576; baseline -0.008 -7"><span class='ocrx_word' id='word_1_2' title='bbox 383 522 577 569; x_wconf 87' lang='lat' dir='ltr'><strong>terreat</strong></span> <span class='ocrx_word' id='word_1_3' title='bbox 605 510 797 576; x_wconf 89' lang='lat' dir='ltr'><strong>Deum,</strong></span> <span class='ocrx_word' id='word_1_4' title='bbox 828 508 873 565; x_wconf 88' lang='lat' dir='ltr'><strong>si</strong></span> <span class='ocrx_word' id='word_1_5' title='bbox 898 522 957 564; x_wconf 91' lang='lat' dir='ltr'><strong>se</strong></span> <span class='ocrx_word' id='word_1_6' title='bbox 980 506 1260 564; x_wconf 74' lang='lat' dir='ltr'><strong>subducat.</strong></span> <span class='ocrx_word' id='word_1_7' title='bbox 1279 505 1369 561; x_wconf 62' lang='lat' dir='ltr'><strong>Vae</strong></span> <span class='ocrx_word' id='word_1_8' title='bbox 1395 503 1468 560; x_wconf 88' lang='lat' dir='ltr'><strong>illi</strong></span> <span class='ocrx_word' id='word_1_9' title='bbox 1494 506 1537 560; x_wconf 92' lang='lat' dir='ltr'><strong>si</strong></span> <span class='ocrx_word' id='word_1_10' title='bbox 1560 519 1619 561; x_wconf 89' lang='lat' dir='ltr'><strong>se</strong></span> <span class='ocrx_word' id='word_1_11' title='bbox 1643 503 1968 559; x_wconf 73' lang='lat' dir='ltr'><strong>subtraxerit</strong></span> 
     </span>
    </p>
   </div>
   <div class='ocr_carea' id='block_1_3' title="bbox 380 596 1964 671">
    <p class='ocr_par' dir='ltr' id='par_1_3' title="bbox 380 596 1964 671">
     <span class='ocr_line' id='line_1_3' title="bbox 380 596 1964 671; baseline -0.007 -12"><span class='ocrx_word' id='word_1_12' title='bbox 380 605 557 670; x_wconf 83' lang='lat' dir='ltr'><strong>Deus;</strong></span> <span class='ocrx_word' id='word_1_13' title='bbox 588 602 716 671; x_wconf 83' lang='lat' dir='ltr'><strong>quia</strong></span> <span class='ocrx_word' id='word_1_14' title='bbox 747 600 859 671; x_wconf 87' lang='lat' dir='ltr'><strong>ipse</strong></span> <span class='ocrx_word' id='word_1_15' title='bbox 886 598 1063 654; x_wconf 88' lang='lat' dir='ltr'><strong>cadit:</strong></span> <span class='ocrx_word' id='word_1_16' title='bbox 1091 612 1215 652; x_wconf 89' lang='lat' dir='ltr'><strong>nam</strong></span> <span class='ocrx_word' id='word_1_17' title='bbox 1258 597 1399 651; x_wconf 90' lang='lat' dir='ltr'><strong>Deus</strong></span> <span class='ocrx_word' id='word_1_18' title='bbox 1424 596 1476 649; x_wconf 92' lang='lat' dir='ltr'><strong>in</strong></span> <span class='ocrx_word' id='word_1_19' title='bbox 1507 609 1567 650; x_wconf 89' lang='lat' dir='ltr'><strong>se</strong></span> <span class='ocrx_word' id='word_1_20' title='bbox 1608 609 1821 664; x_wconf 83' lang='lat' dir='ltr'><strong>semper</strong></span> <span class='ocrx_word' id='word_1_21' title='bbox 1848 609 1964 649; x_wconf 61' lang='lat' dir='ltr'><strong>ma.</strong></span> 
     </span>
    </p>
   </div>
   <div class='ocr_carea' id='block_1_4' title="bbox 382 674 1964 762">
    <p class='ocr_par' dir='ltr' id='par_1_4' title="bbox 382 674 1964 762">
     <span class='ocr_line' id='line_1_4' title="bbox 382 674 1964 762; baseline -0.006 -11"><span class='ocrx_word' id='word_1_22' title='bbox 382 705 492 751; x_wconf 94' lang='lat' dir='ltr'><strong>net.</strong></span> <span class='ocrx_word' id='word_1_23' title='bbox 525 693 584 747; x_wconf 90' lang='lat' dir='ltr'><strong>ln</strong></span> <span class='ocrx_word' id='word_1_24' title='bbox 609 674 801 762; x_wconf 88' lang='lat' dir='ltr'><strong>quibus</strong></span> <span class='ocrx_word' id='word_1_25' title='bbox 830 705 927 745; x_wconf 91' lang='lat' dir='ltr'><strong>nos</strong></span> <span class='ocrx_word' id='word_1_26' title='bbox 955 690 1250 745; x_wconf 82' lang='lat' dir='ltr'><strong>habitamus</strong></span> <span class='ocrx_word' id='word_1_27' title='bbox 1270 730 1285 755; x_wconf 89' lang='lat'><strong>,</strong></span> <span class='ocrx_word' id='word_1_28' title='bbox 1315 689 1427 759; x_wconf 90' lang='lat' dir='ltr'><strong>ipsa</strong></span> <span class='ocrx_word' id='word_1_29' title='bbox 1451 703 1549 743; x_wconf 92' lang='lat' dir='ltr'><strong>nos</strong></span> <span class='ocrx_word' id='word_1_30' title='bbox 1577 687 1881 751; x_wconf 84' lang='lat' dir='ltr'><strong>continent;</strong></span> <span class='ocrx_word' id='word_1_31' title='bbox 1912 686 1964 741; x_wconf 91' lang='lat' dir='ltr'><strong>in</strong></span> 
     </span>
    </p>
   </div>
   <div class='ocr_carea' id='block_1_5' title="bbox 383 776 1967 857">
    <p class='ocr_par' dir='ltr' id='par_1_5' title="bbox 383 776 1967 857">
     <span class='ocr_line' id='line_1_5' title="bbox 383 776 1967 857; baseline -0.004 -18"><span class='ocrx_word' id='word_1_32' title='bbox 383 786 575 857; x_wconf 85' lang='lat' dir='ltr'><strong>quibus</strong></span> <span class='ocrx_word' id='word_1_33' title='bbox 600 783 745 837; x_wconf 87' lang='lat' dir='ltr'><strong>Deus</strong></span> <span class='ocrx_word' id='word_1_34' title='bbox 784 781 1015 843; x_wconf 81' lang='lat' dir='ltr'><strong>habitat,</strong></span> <span class='ocrx_word' id='word_1_35' title='bbox 1062 780 1174 849; x_wconf 92' lang='lat' dir='ltr'><strong>ipse</strong></span> <span class='ocrx_word' id='word_1_36' title='bbox 1215 779 1333 834; x_wconf 92' lang='lat' dir='ltr'><strong>illos</strong></span> <span class='ocrx_word' id='word_1_37' title='bbox 1360 778 1617 832; x_wconf 84' lang='lat' dir='ltr'><strong>continet.</strong></span> <span class='ocrx_word' id='word_1_38' title='bbox 1648 776 1765 833; x_wconf 84' lang='lat' dir='ltr'><strong>Jam</strong></span> <span class='ocrx_word' id='word_1_39' title='bbox 1793 777 1967 832; x_wconf 82' lang='lat' dir='ltr'><strong>videte</strong></span> 
     </span>
    </p>
   </div>
   <div class='ocr_carea' id='block_1_6' title="bbox 382 868 1963 947">
    <p class='ocr_par' dir='ltr' id='par_1_6' title="bbox 382 868 1963 947">
     <span class='ocr_line' id='line_1_6' title="bbox 382 868 1963 947; baseline -0.004 -17"><span class='ocrx_word' id='word_1_40' title='bbox 382 883 639 947; x_wconf 83' lang='lat' dir='ltr'><strong>quantum</strong></span> <span class='ocrx_word' id='word_1_41' title='bbox 664 874 882 927; x_wconf 86' lang='lat' dir='ltr'><strong>interest</strong></span> <span class='ocrx_word' id='word_1_42' title='bbox 903 871 1041 925; x_wconf 88' lang='lat' dir='ltr'><strong>inter</strong></span> <span class='ocrx_word' id='word_1_43' title='bbox 1065 877 1297 925; x_wconf 89' lang='lat' dir='ltr'><strong>nostram</strong></span> <span class='ocrx_word' id='word_1_44' title='bbox 1328 868 1727 936; x_wconf 79' lang='lat' dir='ltr'><strong>habitationem,</strong></span> <span class='ocrx_word' id='word_1_45' title='bbox 1752 877 1807 924; x_wconf 89' lang='lat' dir='ltr'><strong>et</strong></span> <span class='ocrx_word' id='word_1_46' title='bbox 1832 869 1925 924; x_wconf 91' lang='lat' dir='ltr'><strong>Dei</strong></span> <span class='ocrx_word' id='word_1_47' title='bbox 1949 886 1963 923; x_wconf 88' lang='lat'><strong>:</strong></span> 
     </span>
    </p>
   </div>
   <div class='ocr_carea' id='block_1_7' title="bbox 383 959 1965 1029">
    <p class='ocr_par' dir='ltr' id='par_1_7' title="bbox 383 959 1965 1029">
     <span class='ocr_line' id='line_1_7' title="bbox 383 959 1965 1029; baseline -0.006 -8"><span class='ocrx_word' id='word_1_48' title='bbox 383 975 436 1021; x_wconf 88' lang='lat' dir='ltr'><strong>et</strong></span> <span class='ocrx_word' id='word_1_49' title='bbox 463 966 539 1020; x_wconf 91' lang='lat' dir='ltr'><strong>sic</strong></span> <span class='ocrx_word' id='word_1_50' title='bbox 569 962 708 1019; x_wconf 88' lang='lat' dir='ltr'><strong>dicat</strong></span> <span class='ocrx_word' id='word_1_51' title='bbox 732 962 907 1017; x_wconf 89' lang='lat' dir='ltr'><strong>anima</strong></span> <span class='ocrx_word' id='word_1_52' title='bbox 930 1003 944 1025; x_wconf 91' lang='lat'><strong>,</strong></span> <span class='ocrx_word' id='word_1_53' title='bbox 967 961 1047 1015; x_wconf 86' lang='lat' dir='ltr'><strong>Ad</strong></span> <span class='ocrx_word' id='word_1_54' title='bbox 1068 969 1114 1015; x_wconf 91' lang='lat' dir='ltr'><strong>te</strong></span> <span class='ocrx_word' id='word_1_55' title='bbox 1141 961 1296 1015; x_wconf 78' lang='lat' dir='ltr'><strong>levavi</strong></span> <span class='ocrx_word' id='word_1_56' title='bbox 1319 960 1492 1015; x_wconf 83' lang='lat' dir='ltr'><strong>oculos</strong></span> <span class='ocrx_word' id='word_1_57' title='bbox 1522 976 1675 1026; x_wconf 87' lang='lat' dir='ltr'><strong>meos,</strong></span> <span class='ocrx_word' id='word_1_58' title='bbox 1703 962 1790 1029; x_wconf 90' lang='lat' dir='ltr'><strong>qui</strong></span> <span class='ocrx_word' id='word_1_59' title='bbox 1819 959 1965 1013; x_wconf 82' lang='lat' dir='ltr'><strong>habi-</strong></span> 
     </span>
    </p>
   </div>
   <div class='ocr_carea' id='block_1_8' title="bbox 383 1050 1963 1123">
    <p class='ocr_par' dir='ltr' id='par_1_8' title="bbox 383 1050 1963 1123">
     <span class='ocr_line' id='line_1_8' title="bbox 383 1050 1963 1123; baseline -0.005 -12"><span class='ocrx_word' id='word_1_60' title='bbox 383 1067 459 1111; x_wconf 76' lang='lat' dir='ltr'><strong>tas</strong></span> <span class='ocrx_word' id='word_1_61' title='bbox 489 1057 542 1110; x_wconf 90' lang='lat' dir='ltr'><strong>in</strong></span> <span class='ocrx_word' id='word_1_62' title='bbox 564 1057 724 1119; x_wconf 68' lang='lat' dir='ltr'><strong>calo;</strong></span> <span class='ocrx_word' id='word_1_63' title='bbox 755 1064 811 1108; x_wconf 93' lang='lat' dir='ltr'><strong>ut</strong></span> <span class='ocrx_word' id='word_1_64' title='bbox 840 1053 1094 1123; x_wconf 83' lang='lat' dir='ltr'><strong>intelligat</strong></span> <span class='ocrx_word' id='word_1_65' title='bbox 1118 1053 1237 1123; x_wconf 87' lang='lat' dir='ltr'><strong>quia</strong></span> <span class='ocrx_word' id='word_1_66' title='bbox 1268 1053 1408 1107; x_wconf 85' lang='lat' dir='ltr'><strong>Deus</strong></span> <span class='ocrx_word' id='word_1_67' title='bbox 1444 1067 1542 1106; x_wconf 92' lang='lat' dir='ltr'><strong>nec</strong></span> <span class='ocrx_word' id='word_1_68' title='bbox 1565 1051 1703 1107; x_wconf 67' lang='lat' dir='ltr'><strong>caelo</strong></span> <span class='ocrx_word' id='word_1_69' title='bbox 1734 1050 1963 1121; x_wconf 89' lang='lat' dir='ltr'><strong>indiget,</strong></span> 
     </span>
    </p>
   </div>
   <div class='ocr_carea' id='block_1_9' title="bbox 383 1142 1964 1215">
    <p class='ocr_par' dir='ltr' id='par_1_9' title="bbox 383 1142 1964 1215">
     <span class='ocr_line' id='line_1_9' title="bbox 383 1142 1964 1215; baseline -0.002 -14"><span class='ocrx_word' id='word_1_70' title='bbox 383 1148 468 1202; x_wconf 89' lang='lat' dir='ltr'><strong>ubi</strong></span> <span class='ocrx_word' id='word_1_71' title='bbox 498 1147 732 1212; x_wconf 86' lang='lat' dir='ltr'><strong>habitet;</strong></span> <span class='ocrx_word' id='word_1_72' title='bbox 764 1144 857 1201; x_wconf 92' lang='lat' dir='ltr'><strong>sed</strong></span> <span class='ocrx_word' id='word_1_73' title='bbox 885 1144 1081 1200; x_wconf 74' lang='lat' dir='ltr'><strong>cmlum</strong></span> <span class='ocrx_word' id='word_1_74' title='bbox 1109 1145 1221 1214; x_wconf 88' lang='lat' dir='ltr'><strong>ipso</strong></span> <span class='ocrx_word' id='word_1_75' title='bbox 1251 1144 1469 1215; x_wconf 81' lang='lat' dir='ltr'><strong>indiget,</strong></span> <span class='ocrx_word' id='word_1_76' title='bbox 1502 1153 1559 1198; x_wconf 91' lang='lat' dir='ltr'><strong>ut</strong></span> <span class='ocrx_word' id='word_1_77' title='bbox 1580 1145 1647 1199; x_wconf 88' lang='lat' dir='ltr'><strong>ab</strong></span> <span class='ocrx_word' id='word_1_78' title='bbox 1672 1144 1786 1213; x_wconf 87' lang='lat' dir='ltr'><strong>ipso</strong></span> <span class='ocrx_word' id='word_1_79' title='bbox 1812 1142 1964 1198; x_wconf 87' lang='lat' dir='ltr'><strong>inha-</strong></span> 
     </span>
    </p>
   </div>
   <div class='ocr_carea' id='block_1_10' title="bbox 383 1240 596 1297">
    <p class='ocr_par' dir='ltr' id='par_1_10' title="bbox 383 1240 596 1297">
     <span class='ocr_line' id='line_1_10' title="bbox 383 1240 596 1297; baseline -0.019 0"><span class='ocrx_word' id='word_1_80' title='bbox 383 1240 596 1297; x_wconf 63' lang='lat' dir='ltr'><strong>Mmmn</strong></span> 
     </span>
    </p>
   </div>
   <div class='ocr_carea' id='block_1_11' title="bbox 454 1326 1966 1403">
    <p class='ocr_par' dir='ltr' id='par_1_11' title="bbox 454 1326 1966 1403">
     <span class='ocr_line' id='line_1_11' title="bbox 454 1326 1966 1403; baseline -0.005 -16"><span class='ocrx_word' id='word_1_81' title='bbox 454 1332 507 1387; x_wconf 87' lang='lat'><strong>5.</strong></span> <span class='ocrx_word' id='word_1_82' title='bbox 540 1329 691 1403; x_wconf 85' lang='lat' dir='ltr'><strong>[vers.</strong></span> <span class='ocrx_word' id='word_1_83' title='bbox 720 1327 860 1401; x_wconf 72' lang='lat'><strong>2-4.]</strong></span> <span class='ocrx_word' id='word_1_84' title='bbox 886 1327 1021 1396; x_wconf 89' lang='lat' dir='ltr'><strong>Quid</strong></span> <span class='ocrx_word' id='word_1_85' title='bbox 1052 1343 1180 1399; x_wconf 88' lang='lat' dir='ltr'><strong>ergo</strong></span> <span class='ocrx_word' id='word_1_86' title='bbox 1204 1328 1461 1397; x_wconf 89' lang='lat' dir='ltr'><strong>sequitur,</strong></span> <span class='ocrx_word' id='word_1_87' title='bbox 1489 1326 1607 1397; x_wconf 85' lang='lat' dir='ltr'><strong>quia</strong></span> <span class='ocrx_word' id='word_1_88' title='bbox 1635 1326 1784 1390; x_wconf 84' lang='lat' dir='ltr'><strong>dixit,</strong></span> <span class='ocrx_word' id='word_1_89' title='bbox 1816 1326 1895 1380; x_wconf 82' lang='lat' dir='ltr'><strong>Ad</strong></span> <span class='ocrx_word' id='word_1_90' title='bbox 1918 1335 1966 1380; x_wconf 89' lang='lat' dir='ltr'><strong>te</strong></span> 
     </span>
    </p>
   </div>
   <div class='ocr_carea' id='block_1_12' title="bbox 385 1416 1966 1487">
    <p class='ocr_par' dir='ltr' id='par_1_12' title="bbox 385 1416 1966 1487">
     <span class='ocr_line' id='line_1_12' title="bbox 385 1416 1966 1487; baseline -0.004 -10"><span class='ocrx_word' id='word_1_91' title='bbox 385 1422 541 1477; x_wconf 74' lang='lat' dir='ltr'><strong>leraui</strong></span> <span class='ocrx_word' id='word_1_92' title='bbox 571 1419 744 1475; x_wconf 87' lang='lat' dir='ltr'><strong>oculos</strong></span> <span class='ocrx_word' id='word_1_93' title='bbox 774 1436 929 1486; x_wconf 82' lang='lat' dir='ltr'><strong>meos,</strong></span> <span class='ocrx_word' id='word_1_94' title='bbox 960 1420 1046 1487; x_wconf 90' lang='lat' dir='ltr'><strong>qui</strong></span> <span class='ocrx_word' id='word_1_95' title='bbox 1070 1417 1264 1472; x_wconf 85' lang='lat' dir='ltr'><strong>habitas</strong></span> <span class='ocrx_word' id='word_1_96' title='bbox 1303 1420 1358 1472; x_wconf 90' lang='lat' dir='ltr'><strong>in</strong></span> <span class='ocrx_word' id='word_1_97' title='bbox 1394 1417 1559 1471; x_wconf 62' lang='lat' dir='ltr'><strong>caelo?</strong></span> <span class='ocrx_word' id='word_1_98' title='bbox 1583 1416 1859 1485; x_wconf 87' lang='lat' dir='ltr'><strong>Quomodo</strong></span> <span class='ocrx_word' id='word_1_99' title='bbox 1889 1417 1966 1471; x_wconf 89' lang='lat' dir='ltr'><strong>le-</strong></span> 
     </span>
    </p>
   </div>
   <div class='ocr_carea' id='block_1_13' title="bbox 385 1510 1968 1571">
    <p class='ocr_par' dir='ltr' id='par_1_13' title="bbox 385 1510 1968 1571">
     <span class='ocr_line' id='line_1_13' title="bbox 385 1510 1968 1571; baseline -0.003 -3"><span class='ocrx_word' id='word_1_100' title='bbox 385 1516 518 1571; x_wconf 82' lang='lat' dir='ltr'><strong>vasti</strong></span> <span class='ocrx_word' id='word_1_101' title='bbox 543 1514 730 1570; x_wconf 90' lang='lat' dir='ltr'><strong>oculos</strong></span> <span class='ocrx_word' id='word_1_102' title='bbox 758 1512 914 1568; x_wconf 84' lang='lat' dir='ltr'><strong>tuos?</strong></span> <span class='ocrx_word' id='word_1_103' title='bbox 946 1511 1074 1568; x_wconf 84' lang='lat' dir='ltr'><strong>Ecce</strong></span> <span class='ocrx_word' id='word_1_104' title='bbox 1097 1512 1225 1567; x_wconf 85' lang='lat' dir='ltr'><strong>sicut</strong></span> <span class='ocrx_word' id='word_1_105' title='bbox 1262 1510 1394 1565; x_wconf 84' lang='lat' dir='ltr'><strong>oculi</strong></span> <span class='ocrx_word' id='word_1_106' title='bbox 1421 1526 1675 1564; x_wconf 84' lang='lat' dir='ltr'><strong>servorum</strong></span> <span class='ocrx_word' id='word_1_107' title='bbox 1711 1511 1765 1563; x_wconf 90' lang='lat' dir='ltr'><strong>in</strong></span> <span class='ocrx_word' id='word_1_108' title='bbox 1790 1526 1968 1565; x_wconf 79' lang='lat' dir='ltr'><strong>manus</strong></span> 
     </span>
    </p>
   </div>
   <div class='ocr_carea' id='block_1_14' title="bbox 387 1604 1968 1669">
    <p class='ocr_par' dir='ltr' id='par_1_14' title="bbox 387 1604 1968 1669">
     <span class='ocr_line' id='line_1_14' title="bbox 387 1604 1968 1669; baseline -0.003 -6"><span class='ocrx_word' id='word_1_109' title='bbox 387 1609 706 1663; x_wconf 84' lang='lat' dir='ltr'><strong>dominorum</strong></span> <span class='ocrx_word' id='word_1_110' title='bbox 732 1622 956 1669; x_wconf 85' lang='lat' dir='ltr'><strong>suorum,</strong></span> <span class='ocrx_word' id='word_1_111' title='bbox 988 1616 1034 1660; x_wconf 89' lang='lat' dir='ltr'><strong>et</strong></span> <span class='ocrx_word' id='word_1_112' title='bbox 1061 1607 1189 1660; x_wconf 87' lang='lat' dir='ltr'><strong>sicut</strong></span> <span class='ocrx_word' id='word_1_113' title='bbox 1215 1605 1346 1659; x_wconf 86' lang='lat' dir='ltr'><strong>oculi</strong></span> <span class='ocrx_word' id='word_1_114' title='bbox 1371 1604 1569 1660; x_wconf 73' lang='lat' dir='ltr'><strong>ancilla:</strong></span> <span class='ocrx_word' id='word_1_115' title='bbox 1598 1605 1650 1658; x_wconf 88' lang='lat' dir='ltr'><strong>in</strong></span> <span class='ocrx_word' id='word_1_116' title='bbox 1671 1621 1849 1660; x_wconf 86' lang='lat' dir='ltr'><strong>manus</strong></span> <span class='ocrx_word' id='word_1_117' title='bbox 1875 1604 1968 1659; x_wconf 83' lang='lat' dir='ltr'><strong>do—</strong></span> 
     </span>
    </p>
   </div>
   <div class='ocr_carea' id='block_1_15' title="bbox 386 1695 1962 1765">
    <p class='ocr_par' dir='ltr' id='par_1_15' title="bbox 386 1695 1962 1765">
     <span class='ocr_line' id='line_1_15' title="bbox 386 1695 1962 1765; baseline -0.004 -11"><span class='ocrx_word' id='word_1_118' title='bbox 386 1701 537 1755; x_wconf 68' lang='lat' dir='ltr'><strong>minre</strong></span> <span class='ocrx_word' id='word_1_119' title='bbox 560 1715 703 1765; x_wconf 66' lang='lat' dir='ltr'><strong>sum;</strong></span> <span class='ocrx_word' id='word_1_120' title='bbox 725 1700 798 1752; x_wconf 88' lang='lat' dir='ltr'><strong>sic</strong></span> <span class='ocrx_word' id='word_1_121' title='bbox 819 1699 949 1753; x_wconf 87' lang='lat' dir='ltr'><strong>oculi</strong></span> <span class='ocrx_word' id='word_1_122' title='bbox 971 1699 1125 1752; x_wconf 80' lang='lat' dir='ltr'><strong>nostri</strong></span> <span class='ocrx_word' id='word_1_123' title='bbox 1146 1698 1213 1750; x_wconf 86' lang='lat' dir='ltr'><strong>ad</strong></span> <span class='ocrx_word' id='word_1_124' title='bbox 1234 1696 1510 1751; x_wconf 88' lang='lat' dir='ltr'><strong>Dominum</strong></span> <span class='ocrx_word' id='word_1_125' title='bbox 1528 1695 1694 1751; x_wconf 85' lang='lat' dir='ltr'><strong>Deum</strong></span> <span class='ocrx_word' id='word_1_126' title='bbox 1719 1705 1962 1763; x_wconf 85' lang='lat' dir='ltr'><strong>nostrum,</strong></span> 
     </span>
    </p>
   </div>
   <div class='ocr_carea' id='block_1_16' title="bbox 386 1792 1966 1865">
    <p class='ocr_par' dir='ltr' id='par_1_16' title="bbox 386 1792 1966 1865">
     <span class='ocr_line' id='line_1_16' title="bbox 386 1792 1966 1865; baseline -0.003 -17"><span class='ocrx_word' id='word_1_127' title='bbox 386 1794 711 1865; x_wconf 72' lang='lat' dir='ltr'><strong>quoadusque</strong></span> <span class='ocrx_word' id='word_1_128' title='bbox 737 1794 1032 1847; x_wconf 78' lang='lat' dir='ltr'><strong>misereatur</strong></span> <span class='ocrx_word' id='word_1_129' title='bbox 1057 1793 1231 1845; x_wconf 80' lang='lat' dir='ltr'><strong>nostri.</strong></span> <span class='ocrx_word' id='word_1_130' title='bbox 1260 1792 1326 1845; x_wconf 91' lang='lat' dir='ltr'><strong>Et</strong></span> <span class='ocrx_word' id='word_1_131' title='bbox 1350 1792 1488 1847; x_wconf 80' lang='lat' dir='ltr'><strong>servi</strong></span> <span class='ocrx_word' id='word_1_132' title='bbox 1528 1804 1711 1845; x_wconf 88' lang='lat' dir='ltr'><strong>sumus</strong></span> <span class='ocrx_word' id='word_1_133' title='bbox 1729 1832 1744 1857; x_wconf 93' lang='lat'><strong>,</strong></span> <span class='ocrx_word' id='word_1_134' title='bbox 1786 1798 1841 1845; x_wconf 88' lang='lat' dir='ltr'><strong>et</strong></span> <span class='ocrx_word' id='word_1_135' title='bbox 1867 1805 1966 1844; x_wconf 83' lang='lat' dir='ltr'><strong>an-</strong></span> 
     </span>
    </p>
   </div>
   <div class='ocr_carea' id='block_1_17' title="bbox 387 1880 1965 1942">
    <p class='ocr_par' dir='ltr' id='par_1_17' title="bbox 387 1880 1965 1942">
     <span class='ocr_line' id='line_1_17' title="bbox 387 1880 1965 1942; baseline -0.004 -2"><span class='ocrx_word' id='word_1_136' title='bbox 387 1885 506 1941; x_wconf 88' lang='lat' dir='ltr'><strong>cilla</strong></span> <span class='ocrx_word' id='word_1_137' title='bbox 533 1900 719 1940; x_wconf 83' lang='lat' dir='ltr'><strong>sumus</strong></span> <span class='ocrx_word' id='word_1_138' title='bbox 743 1901 756 1938; x_wconf 89' lang='lat'><strong>:</strong></span> <span class='ocrx_word' id='word_1_139' title='bbox 790 1884 877 1939; x_wconf 88' lang='lat' dir='ltr'><strong>ille</strong></span> <span class='ocrx_word' id='word_1_140' title='bbox 904 1892 959 1939; x_wconf 93' lang='lat' dir='ltr'><strong>et</strong></span> <span class='ocrx_word' id='word_1_141' title='bbox 987 1883 1234 1937; x_wconf 89' lang='lat' dir='ltr'><strong>dominus</strong></span> <span class='ocrx_word' id='word_1_142' title='bbox 1254 1890 1354 1942; x_wconf 88' lang='lat' dir='ltr'><strong>est,</strong></span> <span class='ocrx_word' id='word_1_143' title='bbox 1379 1889 1433 1936; x_wconf 89' lang='lat' dir='ltr'><strong>et</strong></span> <span class='ocrx_word' id='word_1_144' title='bbox 1458 1881 1671 1935; x_wconf 89' lang='lat' dir='ltr'><strong>domina</strong></span> <span class='ocrx_word' id='word_1_145' title='bbox 1695 1889 1795 1935; x_wconf 91' lang='lat' dir='ltr'><strong>est.</strong></span> <span class='ocrx_word' id='word_1_146' title='bbox 1821 1883 1924 1935; x_wconf 82' lang='lat' dir='ltr'><strong>Aut</strong></span> <span class='ocrx_word' id='word_1_147' title='bbox 1947 1880 1965 1912; x_wconf 80' lang='grc'>¹</span> 
     </span>
    </p>
   </div>
   <div class='ocr_carea' id='block_1_18' title="bbox 387 1970 1968 2044">
    <p class='ocr_par' dir='ltr' id='par_1_18' title="bbox 387 1970 1968 2044">
     <span class='ocr_line' id='line_1_18' title="bbox 387 1970 1968 2044; baseline -0.003 -15"><span class='ocrx_word' id='word_1_148' title='bbox 387 1972 513 2044; x_wconf 81' lang='lat' dir='ltr'><strong>quid</strong></span> <span class='ocrx_word' id='word_1_149' title='bbox 550 1973 651 2029; x_wconf 88' lang='lat' dir='ltr'><strong>sibi</strong></span> <span class='ocrx_word' id='word_1_150' title='bbox 677 1974 861 2028; x_wconf 91' lang='lat' dir='ltr'><strong>volunt</strong></span> <span class='ocrx_word' id='word_1_151' title='bbox 895 1974 994 2028; x_wconf 89' lang='lat' dir='ltr'><strong>ista</strong></span> <span class='ocrx_word' id='word_1_152' title='bbox 1034 1971 1235 2028; x_wconf 88' lang='lat' dir='ltr'><strong>verba?</strong></span> <span class='ocrx_word' id='word_1_153' title='bbox 1270 1979 1323 2025; x_wconf 87' lang='lat' dir='ltr'><strong>et</strong></span> <span class='ocrx_word' id='word_1_154' title='bbox 1362 1970 1487 2041; x_wconf 90' lang='lat' dir='ltr'><strong>quid</strong></span> <span class='ocrx_word' id='word_1_155' title='bbox 1514 1970 1615 2025; x_wconf 87' lang='lat' dir='ltr'><strong>sibi</strong></span> <span class='ocrx_word' id='word_1_156' title='bbox 1643 1972 1818 2024; x_wconf 91' lang='lat' dir='ltr'><strong>volunt</strong></span> <span class='ocrx_word' id='word_1_157' title='bbox 1852 1970 1968 2025; x_wconf 66' lang='lat' dir='ltr'><strong>istre</strong></span> 
     </span>
    </p>
   </div>
   <div class='ocr_carea' id='block_1_19' title="bbox 388 2060 1968 2132">
    <p class='ocr_par' dir='ltr' id='par_1_19' title="bbox 388 2060 1968 2132">
     <span class='ocr_line' id='line_1_19' title="bbox 388 2060 1968 2132; baseline -0.003 -12"><span class='ocrx_word' id='word_1_158' title='bbox 388 2063 757 2120; x_wconf 79' lang='lat' dir='ltr'><strong>similitudines</strong></span> <span class='ocrx_word' id='word_1_159' title='bbox 799 2063 1020 2120; x_wconf 81' lang='lat' dir='ltr'><strong>rerum?</strong></span> <span class='ocrx_word' id='word_1_160' title='bbox 1066 2062 1319 2119; x_wconf 90' lang='lat' dir='ltr'><strong>Attendat</strong></span> <span class='ocrx_word' id='word_1_161' title='bbox 1357 2062 1680 2132; x_wconf 88' lang='lat' dir='ltr'><strong>aliquantum</strong></span> <span class='ocrx_word' id='word_1_162' title='bbox 1726 2060 1968 2117; x_wconf 81' lang='lat' dir='ltr'><strong>Charitas</strong></span> 
     </span>
    </p>
   </div>
   <div class='ocr_carea' id='block_1_20' title="bbox 388 2153 1969 2222">
    <p class='ocr_par' dir='ltr' id='par_1_20' title="bbox 388 2153 1969 2222">
     <span class='ocr_line' id='line_1_20' title="bbox 388 2153 1969 2222; baseline -0.003 -11"><span class='ocrx_word' id='word_1_163' title='bbox 388 2168 590 2214; x_wconf 78' lang='lat' dir='ltr'><strong>veStra.</strong></span> <span class='ocrx_word' id='word_1_164' title='bbox 620 2157 734 2212; x_wconf 83' lang='lat' dir='ltr'><strong>Non</strong></span> <span class='ocrx_word' id='word_1_165' title='bbox 764 2157 955 2212; x_wconf 90' lang='lat' dir='ltr'><strong>mirum</strong></span> <span class='ocrx_word' id='word_1_166' title='bbox 985 2157 1030 2211; x_wconf 89' lang='lat' dir='ltr'><strong>si</strong></span> <span class='ocrx_word' id='word_1_167' title='bbox 1068 2156 1207 2211; x_wconf 89' lang='lat' dir='ltr'><strong>servi</strong></span> <span class='ocrx_word' id='word_1_168' title='bbox 1249 2171 1430 2210; x_wconf 89' lang='lat' dir='ltr'><strong>sumus</strong></span> <span class='ocrx_word' id='word_1_169' title='bbox 1450 2196 1466 2222; x_wconf 93' lang='lat'><strong>,</strong></span> <span class='ocrx_word' id='word_1_170' title='bbox 1498 2162 1552 2210; x_wconf 89' lang='lat' dir='ltr'><strong>et</strong></span> <span class='ocrx_word' id='word_1_171' title='bbox 1592 2155 1681 2209; x_wconf 86' lang='lat' dir='ltr'><strong>ille</strong></span> <span class='ocrx_word' id='word_1_172' title='bbox 1723 2153 1969 2208; x_wconf 91' lang='lat' dir='ltr'><strong>dominus</strong></span> 
     </span>
    </p>
   </div>
   <div class='ocr_carea' id='block_1_21' title="bbox 387 2245 1965 2316">
    <p class='ocr_par' dir='ltr' id='par_1_21' title="bbox 387 2245 1965 2316">
     <span class='ocr_line' id='line_1_21' title="bbox 387 2245 1965 2316; baseline -0.004 -12"><span class='ocrx_word' id='word_1_173' title='bbox 387 2258 502 2316; x_wconf 88' lang='lat' dir='ltr'><strong>est;</strong></span> <span class='ocrx_word' id='word_1_174' title='bbox 535 2248 631 2305; x_wconf 88' lang='lat' dir='ltr'><strong>sed</strong></span> <span class='ocrx_word' id='word_1_175' title='bbox 659 2250 850 2304; x_wconf 91' lang='lat' dir='ltr'><strong>mirum</strong></span> <span class='ocrx_word' id='word_1_176' title='bbox 877 2248 920 2303; x_wconf 92' lang='lat' dir='ltr'><strong>si</strong></span> <span class='ocrx_word' id='word_1_177' title='bbox 950 2248 1141 2304; x_wconf 91' lang='lat' dir='ltr'><strong>ancilla</strong></span> <span class='ocrx_word' id='word_1_178' title='bbox 1181 2262 1362 2302; x_wconf 92' lang='lat' dir='ltr'><strong>sumus</strong></span> <span class='ocrx_word' id='word_1_179' title='bbox 1383 2288 1398 2314; x_wconf 92' lang='lat'><strong>,</strong></span> <span class='ocrx_word' id='word_1_180' title='bbox 1432 2255 1486 2302; x_wconf 89' lang='lat' dir='ltr'><strong>et</strong></span> <span class='ocrx_word' id='word_1_181' title='bbox 1514 2247 1601 2302; x_wconf 91' lang='lat' dir='ltr'><strong>ille</strong></span> <span class='ocrx_word' id='word_1_182' title='bbox 1626 2245 1837 2301; x_wconf 90' lang='lat' dir='ltr'><strong>domina</strong></span> <span class='ocrx_word' id='word_1_183' title='bbox 1865 2252 1965 2301; x_wconf 90' lang='lat' dir='ltr'><strong>est.</strong></span> 
     </span>
    </p>
   </div>
   <div class='ocr_carea' id='block_1_22' title="bbox 388 2340 1967 2413">
    <p class='ocr_par' dir='ltr' id='par_1_22' title="bbox 388 2340 1967 2413">
     <span class='ocr_line' id='line_1_22' title="bbox 388 2340 1967 2413; baseline -0.002 -15"><span class='ocrx_word' id='word_1_184' title='bbox 388 2340 492 2398; x_wconf 88' lang='lat' dir='ltr'><strong>Sed</strong></span> <span class='ocrx_word' id='word_1_185' title='bbox 518 2357 691 2413; x_wconf 85' lang='lat' dir='ltr'><strong>neque</strong></span> <span class='ocrx_word' id='word_1_186' title='bbox 720 2341 821 2397; x_wconf 93' lang='lat' dir='ltr'><strong>hoc</strong></span> <span class='ocrx_word' id='word_1_187' title='bbox 847 2342 1040 2396; x_wconf 91' lang='lat' dir='ltr'><strong>mirum</strong></span> <span class='ocrx_word' id='word_1_188' title='bbox 1082 2342 1202 2411; x_wconf 90' lang='lat' dir='ltr'><strong>quia</strong></span> <span class='ocrx_word' id='word_1_189' title='bbox 1239 2342 1426 2396; x_wconf 90' lang='lat' dir='ltr'><strong>ancilla</strong></span> <span class='ocrx_word' id='word_1_190' title='bbox 1466 2356 1684 2405; x_wconf 89' lang='lat' dir='ltr'><strong>sumus;</strong></span> <span class='ocrx_word' id='word_1_191' title='bbox 1728 2341 1967 2396; x_wconf 87' lang='lat' dir='ltr'><strong>Ecclesia</strong></span> 
     </span>
    </p>
   </div>
   <div class='ocr_carea' id='block_1_23' title="bbox 391 2430 1967 2501">
    <p class='ocr_par' dir='ltr' id='par_1_23' title="bbox 391 2430 1967 2501">
     <span class='ocr_line' id='line_1_23' title="bbox 391 2430 1967 2501; baseline -0.003 -12"><span class='ocrx_word' id='word_1_192' title='bbox 391 2433 529 2489; x_wconf 89' lang='lat' dir='ltr'><strong>enim</strong></span> <span class='ocrx_word' id='word_1_193' title='bbox 563 2447 785 2487; x_wconf 88' lang='lat' dir='ltr'><strong>sumus:</strong></span> <span class='ocrx_word' id='word_1_194' title='bbox 816 2447 916 2488; x_wconf 88' lang='lat' dir='ltr'><strong>nec</strong></span> <span class='ocrx_word' id='word_1_195' title='bbox 953 2431 1080 2486; x_wconf 89' lang='lat' dir='ltr'><strong>illud</strong></span> <span class='ocrx_word' id='word_1_196' title='bbox 1110 2432 1298 2485; x_wconf 92' lang='lat' dir='ltr'><strong>mirum</strong></span> <span class='ocrx_word' id='word_1_197' title='bbox 1321 2472 1337 2498; x_wconf 88' lang='lat'><strong>,</strong></span> <span class='ocrx_word' id='word_1_198' title='bbox 1382 2431 1502 2501; x_wconf 90' lang='lat' dir='ltr'><strong>quia</strong></span> <span class='ocrx_word' id='word_1_199' title='bbox 1527 2440 1581 2485; x_wconf 92' lang='lat' dir='ltr'><strong>et</strong></span> <span class='ocrx_word' id='word_1_200' title='bbox 1618 2431 1731 2501; x_wconf 91' lang='lat' dir='ltr'><strong>ipse</strong></span> <span class='ocrx_word' id='word_1_201' title='bbox 1755 2430 1967 2485; x_wconf 90' lang='lat' dir='ltr'><strong>domina</strong></span> 
     </span>
    </p>
   </div>
   <div class='ocr_carea' id='block_1_24' title="bbox 388 2521 1968 2591">
    <p class='ocr_par' dir='ltr' id='par_1_24' title="bbox 388 2521 1968 2591">
     <span class='ocr_line' id='line_1_24' title="bbox 388 2521 1968 2591; baseline -0.003 -11"><span class='ocrx_word' id='word_1_202' title='bbox 388 2533 501 2588; x_wconf 84' lang='lat' dir='ltr'><strong>est;</strong></span> <span class='ocrx_word' id='word_1_203' title='bbox 528 2523 698 2578; x_wconf 86' lang='lat' dir='ltr'><strong>virtus</strong></span> <span class='ocrx_word' id='word_1_204' title='bbox 723 2523 863 2579; x_wconf 91' lang='lat' dir='ltr'><strong>enim</strong></span> <span class='ocrx_word' id='word_1_205' title='bbox 896 2531 977 2577; x_wconf 85' lang='lat' dir='ltr'><strong>est</strong></span> <span class='ocrx_word' id='word_1_206' title='bbox 999 2531 1053 2577; x_wconf 86' lang='lat' dir='ltr'><strong>et</strong></span> <span class='ocrx_word' id='word_1_207' title='bbox 1076 2522 1332 2591; x_wconf 87' lang='lat' dir='ltr'><strong>sapientia</strong></span> <span class='ocrx_word' id='word_1_208' title='bbox 1361 2522 1475 2576; x_wconf 88' lang='lat' dir='ltr'><strong>Dei.</strong></span> <span class='ocrx_word' id='word_1_209' title='bbox 1502 2521 1635 2575; x_wconf 82' lang='lat' dir='ltr'><strong>Audi</strong></span> <span class='ocrx_word' id='word_1_210' title='bbox 1667 2536 1794 2591; x_wconf 87' lang='lat' dir='ltr'><strong>ergo</strong></span> <span class='ocrx_word' id='word_1_211' title='bbox 1824 2523 1968 2590; x_wconf 83' lang='lat' dir='ltr'><strong>Apo-</strong></span> 
     </span>
    </p>
   </div>
   <div class='ocr_carea' id='block_1_25' title="bbox 388 2610 1968 2683">
    <p class='ocr_par' dir='ltr' id='par_1_25' title="bbox 388 2610 1968 2683">
     <span class='ocr_line' id='line_1_25' title="bbox 388 2610 1968 2683; baseline -0.002 -13"><span class='ocrx_word' id='word_1_212' title='bbox 388 2616 584 2670; x_wconf 86' lang='lat' dir='ltr'><strong>stolum</strong></span> <span class='ocrx_word' id='word_1_213' title='bbox 614 2613 878 2670; x_wconf 86' lang='lat' dir='ltr'><strong>dicentem</strong></span> <span class='ocrx_word' id='word_1_214' title='bbox 903 2631 915 2667; x_wconf 92' lang='lat'>:</span> <span class='ocrx_word' id='word_1_215' title='bbox 953 2631 972 2665; x_wconf 78' lang='lat' dir='ltr'><strong>t</strong></span> <span class='ocrx_word' id='word_1_216' title='bbox 998 2613 1106 2668; x_wconf 87' lang='lat' dir='ltr'><strong>Nos</strong></span> <span class='ocrx_word' id='word_1_217' title='bbox 1127 2622 1302 2667; x_wconf 91' lang='lat' dir='ltr'><strong>autem</strong></span> <span class='ocrx_word' id='word_1_218' title='bbox 1328 2612 1676 2683; x_wconf 69' lang='lat' dir='ltr'><strong>prmdicamus</strong></span> <span class='ocrx_word' id='word_1_219' title='bbox 1701 2610 1968 2667; x_wconf 86' lang='lat' dir='ltr'><strong>Christum</strong></span> 
     </span>
    </p>
   </div>
   <div class='ocr_carea' id='block_1_26' title="bbox 389 2701 1971 2772">
    <p class='ocr_par' dir='ltr' id='par_1_26' title="bbox 389 2701 1971 2772">
     <span class='ocr_line' id='line_1_26' title="bbox 389 2701 1971 2772; baseline -0.004 -11"><span class='ocrx_word' id='word_1_220' title='bbox 389 2704 736 2769; x_wconf 79' lang='lat' dir='ltr'><strong>cruciﬁxum;</strong></span> <span class='ocrx_word' id='word_1_221' title='bbox 766 2703 963 2758; x_wconf 70' lang='lat' dir='ltr'><strong>Judaeis</strong></span> <span class='ocrx_word' id='word_1_222' title='bbox 992 2702 1202 2772; x_wconf 91' lang='lat' dir='ltr'><strong>quidem</strong></span> <span class='ocrx_word' id='word_1_223' title='bbox 1231 2702 1567 2767; x_wconf 89' lang='lat' dir='ltr'><strong>scandalum,</strong></span> <span class='ocrx_word' id='word_1_224' title='bbox 1596 2701 1853 2756; x_wconf 88' lang='lat' dir='ltr'><strong>Gentibus</strong></span> <span class='ocrx_word' id='word_1_225' title='bbox 1878 2716 1971 2755; x_wconf 86' lang='lat' dir='ltr'><strong>au-</strong></span> 
     </span>
    </p>
   </div>
   <div class='ocr_carea' id='block_1_27' title="bbox 392 2793 1966 2865">
    <p class='ocr_par' dir='ltr' id='par_1_27' title="bbox 392 2793 1966 2865">
     <span class='ocr_line' id='line_1_27' title="bbox 392 2793 1966 2865; baseline -0.003 -12"><span class='ocrx_word' id='word_1_226' title='bbox 392 2806 496 2853; x_wconf 87' lang='lat' dir='ltr'><strong>tem</strong></span> <span class='ocrx_word' id='word_1_227' title='bbox 538 2796 851 2862; x_wconf 87' lang='lat' dir='ltr'><strong>stultitiam;</strong></span> <span class='ocrx_word' id='word_1_228' title='bbox 880 2796 1008 2865; x_wconf 91' lang='lat' dir='ltr'><strong>ipsis</strong></span> <span class='ocrx_word' id='word_1_229' title='bbox 1035 2811 1160 2851; x_wconf 87' lang='lat' dir='ltr'><strong>vero</strong></span> <span class='ocrx_word' id='word_1_230' title='bbox 1185 2795 1384 2849; x_wconf 88' lang='lat' dir='ltr'><strong>vocatis</strong></span> <span class='ocrx_word' id='word_1_231' title='bbox 1414 2793 1612 2849; x_wconf 70' lang='lat' dir='ltr'><strong>Iudaeis</strong></span> <span class='ocrx_word' id='word_1_232' title='bbox 1655 2802 1708 2847; x_wconf 89' lang='lat' dir='ltr'><strong>et</strong></span> <span class='ocrx_word' id='word_1_233' title='bbox 1732 2793 1966 2856; x_wconf 77' lang='lat' dir='ltr'><strong>Graecis,</strong></span> 
     </span>
    </p>
   </div>
   <div class='ocr_carea' id='block_1_28' title="bbox 390 2882 1965 2956">
    <p class='ocr_par' dir='ltr' id='par_1_28' title="bbox 390 2882 1965 2956">
     <span class='ocr_line' id='line_1_28' title="bbox 390 2882 1965 2956; baseline -0.002 -15"><span class='ocrx_word' id='word_1_234' title='bbox 390 2887 660 2942; x_wconf 87' lang='lat' dir='ltr'><strong>Christum</strong></span> <span class='ocrx_word' id='word_1_235' title='bbox 689 2886 784 2942; x_wconf 89' lang='lat' dir='ltr'><strong>Dei</strong></span> <span class='ocrx_word' id='word_1_236' title='bbox 807 2887 1052 2941; x_wconf 88' lang='lat' dir='ltr'><strong>virtutem</strong></span> <span class='ocrx_word' id='word_1_237' title='bbox 1073 2927 1086 2951; x_wconf 93' lang='lat'><strong>,</strong></span> <span class='ocrx_word' id='word_1_238' title='bbox 1118 2895 1170 2941; x_wconf 92' lang='lat' dir='ltr'><strong>et</strong></span> <span class='ocrx_word' id='word_1_239' title='bbox 1199 2885 1290 2941; x_wconf 90' lang='lat' dir='ltr'><strong>Dei</strong></span> <span class='ocrx_word' id='word_1_240' title='bbox 1316 2885 1626 2954; x_wconf 85' lang='lat' dir='ltr'><strong>sapientiam</strong></span> <span class='ocrx_word' id='word_1_241' title='bbox 1650 2902 1669 2936; x_wconf 73' lang='grc' dir='ltr'><strong>ι</strong></span> <span class='ocrx_word' id='word_1_242' title='bbox 1707 2884 1750 2956; x_wconf 86' lang='grc'>(1</span> <span class='ocrx_word' id='word_1_243' title='bbox 1779 2882 1893 2938; x_wconf 88' lang='lat' dir='ltr'><strong>Cor.</strong></span> <span class='ocrx_word' id='word_1_244' title='bbox 1929 2899 1965 2947; x_wconf 85' lang='grc' dir='ltr'>ι,</span> 
     </span>
    </p>
   </div>
   <div class='ocr_carea' id='block_1_29' title="bbox 391 2976 1971 3049">
    <p class='ocr_par' dir='ltr' id='par_1_29' title="bbox 391 2976 1971 3049">
     <span class='ocr_line' id='line_1_29' title="bbox 391 2976 1971 3049; baseline -0.001 -16"><span class='ocrx_word' id='word_1_245' title='bbox 391 2979 458 3033; x_wconf 75' lang='lat'><strong>23</strong></span> <span class='ocrx_word' id='word_1_246' title='bbox 486 2989 533 3033; x_wconf 87' lang='lat' dir='ltr'><strong>et</strong></span> <span class='ocrx_word' id='word_1_247' title='bbox 566 2977 683 3049; x_wconf 67' lang='lat'><strong>24).</strong></span> <span class='ocrx_word' id='word_1_248' title='bbox 722 2977 793 3032; x_wconf 90' lang='lat' dir='ltr'><strong>Ut</strong></span> <span class='ocrx_word' id='word_1_249' title='bbox 817 2978 924 3047; x_wconf 91' lang='lat' dir='ltr'><strong>jam</strong></span> <span class='ocrx_word' id='word_1_250' title='bbox 963 2977 1031 3033; x_wconf 90' lang='lat' dir='ltr'><strong>sit</strong></span> <span class='ocrx_word' id='word_1_251' title='bbox 1066 2993 1253 3033; x_wconf 85' lang='lat' dir='ltr'><strong>servus</strong></span> <span class='ocrx_word' id='word_1_252' title='bbox 1295 2977 1552 3047; x_wconf 88' lang='lat' dir='ltr'><strong>populus,</strong></span> <span class='ocrx_word' id='word_1_253' title='bbox 1593 2985 1648 3031; x_wconf 89' lang='lat' dir='ltr'><strong>et</strong></span> <span class='ocrx_word' id='word_1_254' title='bbox 1670 2978 1739 3032; x_wconf 91' lang='lat' dir='ltr'><strong>sit</strong></span> <span class='ocrx_word' id='word_1_255' title='bbox 1781 2976 1971 3031; x_wconf 90' lang='lat' dir='ltr'><strong>ancilla</strong></span> 
     </span>
    </p>
   </div>
   <div class='ocr_carea' id='block_1_30' title="bbox 393 3067 1971 3137">
    <p class='ocr_par' dir='ltr' id='par_1_30' title="bbox 393 3067 1971 3137">
     <span class='ocr_line' id='line_1_30' title="bbox 393 3067 1971 3137; baseline -0.003 -12"><span class='ocrx_word' id='word_1_256' title='bbox 393 3068 668 3135; x_wconf 80' lang='lat' dir='ltr'><strong>Ecclesia;</strong></span> <span class='ocrx_word' id='word_1_257' title='bbox 702 3068 956 3124; x_wconf 83' lang='lat' dir='ltr'><strong>Christum</strong></span> <span class='ocrx_word' id='word_1_258' title='bbox 983 3067 1080 3122; x_wconf 88' lang='lat' dir='ltr'><strong>Dei</strong></span> <span class='ocrx_word' id='word_1_259' title='bbox 1121 3069 1351 3122; x_wconf 85' lang='lat' dir='ltr'><strong>virtutem</strong></span> <span class='ocrx_word' id='word_1_260' title='bbox 1375 3109 1390 3134; x_wconf 93' lang='lat'><strong>,</strong></span> <span class='ocrx_word' id='word_1_261' title='bbox 1429 3077 1474 3122; x_wconf 90' lang='lat' dir='ltr'><strong>et</strong></span> <span class='ocrx_word' id='word_1_262' title='bbox 1499 3067 1596 3122; x_wconf 83' lang='lat' dir='ltr'><strong>Dei</strong></span> <span class='ocrx_word' id='word_1_263' title='bbox 1632 3068 1971 3137; x_wconf 85' lang='lat' dir='ltr'><strong>sapientiam:</strong></span> 
     </span>
    </p>
   </div>
   <div class='ocr_carea' id='block_1_31' title="bbox 395 3156 1970 3230">
    <p class='ocr_par' dir='ltr' id='par_1_31' title="bbox 395 3156 1970 3230">
     <span class='ocr_line' id='line_1_31' title="bbox 395 3156 1970 3230; baseline -0.001 -17"><span class='ocrx_word' id='word_1_264' title='bbox 395 3171 676 3230; x_wconf 87' lang='lat' dir='ltr'><strong>utrumque</strong></span> <span class='ocrx_word' id='word_1_265' title='bbox 699 3158 925 3226; x_wconf 89' lang='lat' dir='ltr'><strong>audisti,</strong></span> <span class='ocrx_word' id='word_1_266' title='bbox 957 3156 1212 3213; x_wconf 81' lang='lat' dir='ltr'><strong>Christum</strong></span> <span class='ocrx_word' id='word_1_267' title='bbox 1240 3157 1339 3213; x_wconf 89' lang='lat' dir='ltr'><strong>Dei</strong></span> <span class='ocrx_word' id='word_1_268' title='bbox 1376 3160 1641 3225; x_wconf 82' lang='lat' dir='ltr'><strong>uirtutem,</strong></span> <span class='ocrx_word' id='word_1_269' title='bbox 1670 3167 1715 3213; x_wconf 89' lang='lat' dir='ltr'><strong>et</strong></span> <span class='ocrx_word' id='word_1_270' title='bbox 1751 3157 1850 3212; x_wconf 87' lang='lat' dir='ltr'><strong>Dei</strong></span> <span class='ocrx_word' id='word_1_271' title='bbox 1884 3175 1970 3213; x_wconf 85' lang='lat' dir='ltr'><strong>sa-</strong></span> 
     </span>
    </p>
   </div>
   <div class='ocr_carea' id='block_1_32' title="bbox 396 3250 1972 3322">
    <p class='ocr_par' dir='ltr' id='par_1_32' title="bbox 396 3250 1972 3322">
     <span class='ocr_line' id='line_1_32' title="bbox 396 3250 1972 3322; baseline 0.001 -16"><span class='ocrx_word' id='word_1_272' title='bbox 396 3252 655 3322; x_wconf 82' lang='lat' dir='ltr'><strong>pientiam.</strong></span> <span class='ocrx_word' id='word_1_273' title='bbox 683 3250 816 3307; x_wconf 90' lang='lat' dir='ltr'><strong>Cum</strong></span> <span class='ocrx_word' id='word_1_274' title='bbox 848 3267 973 3322; x_wconf 87' lang='lat' dir='ltr'><strong>ergo</strong></span> <span class='ocrx_word' id='word_1_275' title='bbox 992 3251 1143 3307; x_wconf 90' lang='lat' dir='ltr'><strong>audis</strong></span> <span class='ocrx_word' id='word_1_276' title='bbox 1167 3251 1431 3307; x_wconf 91' lang='lat' dir='ltr'><strong>Christum</strong></span> <span class='ocrx_word' id='word_1_277' title='bbox 1450 3293 1463 3315; x_wconf 93' lang='lat'><strong>,</strong></span> <span class='ocrx_word' id='word_1_278' title='bbox 1492 3252 1607 3307; x_wconf 86' lang='lat' dir='ltr'><strong>leva</strong></span> <span class='ocrx_word' id='word_1_279' title='bbox 1632 3253 1816 3307; x_wconf 91' lang='lat' dir='ltr'><strong>oculos</strong></span> <span class='ocrx_word' id='word_1_280' title='bbox 1853 3260 1972 3307; x_wconf 85' lang='lat' dir='ltr'><strong>tuos</strong></span> 
     </span>
    </p>
   </div>
   <div class='ocr_carea' id='block_1_33' title="bbox 396 3338 1974 3408">
    <p class='ocr_par' dir='ltr' id='par_1_33' title="bbox 396 3338 1974 3408">
     <span class='ocr_line' id='line_1_33' title="bbox 396 3338 1974 3408; baseline -0.001 -9"><span class='ocrx_word' id='word_1_281' title='bbox 396 3344 446 3399; x_wconf 89' lang='lat' dir='ltr'><strong>in</strong></span> <span class='ocrx_word' id='word_1_282' title='bbox 476 3358 667 3397; x_wconf 89' lang='lat' dir='ltr'><strong>manus</strong></span> <span class='ocrx_word' id='word_1_283' title='bbox 694 3343 901 3398; x_wconf 91' lang='lat' dir='ltr'><strong>Domini</strong></span> <span class='ocrx_word' id='word_1_284' title='bbox 931 3344 1041 3408; x_wconf 91' lang='lat' dir='ltr'><strong>tui;</strong></span> <span class='ocrx_word' id='word_1_285' title='bbox 1077 3343 1196 3398; x_wconf 73' lang='lat' dir='ltr'><strong>cuin</strong></span> <span class='ocrx_word' id='word_1_286' title='bbox 1224 3342 1375 3397; x_wconf 85' lang='lat' dir='ltr'><strong>audis</strong></span> <span class='ocrx_word' id='word_1_287' title='bbox 1405 3338 1496 3398; x_wconf 91' lang='lat' dir='ltr'><strong>Dei</strong></span> <span class='ocrx_word' id='word_1_288' title='bbox 1525 3344 1774 3399; x_wconf 89' lang='lat' dir='ltr'><strong>virtutem</strong></span> <span class='ocrx_word' id='word_1_289' title='bbox 1802 3352 1854 3399; x_wconf 92' lang='lat' dir='ltr'><strong>et</strong></span> <span class='ocrx_word' id='word_1_290' title='bbox 1883 3342 1974 3397; x_wconf 78' lang='lat' dir='ltr'><strong>Dei</strong></span> 
     </span>
    </p>
   </div>
   <div class='ocr_carea' id='block_1_34' title="bbox 396 3434 1969 3505">
    <p class='ocr_par' dir='ltr' id='par_1_34' title="bbox 396 3434 1969 3505">
     <span class='ocr_line' id='line_1_34' title="bbox 396 3434 1969 3505; baseline 0 -16"><span class='ocrx_word' id='word_1_291' title='bbox 396 3434 738 3505; x_wconf 89' lang='lat' dir='ltr'><strong>sapientiam,</strong></span> <span class='ocrx_word' id='word_1_292' title='bbox 766 3435 879 3489; x_wconf 90' lang='lat' dir='ltr'><strong>leva</strong></span> <span class='ocrx_word' id='word_1_293' title='bbox 906 3434 1088 3489; x_wconf 89' lang='lat' dir='ltr'><strong>oculos</strong></span> <span class='ocrx_word' id='word_1_294' title='bbox 1114 3443 1230 3490; x_wconf 92' lang='lat' dir='ltr'><strong>tuos</strong></span> <span class='ocrx_word' id='word_1_295' title='bbox 1271 3434 1323 3488; x_wconf 91' lang='lat' dir='ltr'><strong>in</strong></span> <span class='ocrx_word' id='word_1_296' title='bbox 1366 3449 1553 3489; x_wconf 89' lang='lat' dir='ltr'><strong>manus</strong></span> <span class='ocrx_word' id='word_1_297' title='bbox 1578 3434 1805 3489; x_wconf 72' lang='lat' dir='ltr'><strong>domina:</strong></span> <span class='ocrx_word' id='word_1_298' title='bbox 1832 3442 1969 3489; x_wconf 71' lang='lat' dir='ltr'><strong>tute:</strong></span> 
     </span>
    </p>
   </div>
   <div class='ocr_carea' id='block_1_35' title="bbox 398 3528 1970 3598">
    <p class='ocr_par' dir='ltr' id='par_1_35' title="bbox 398 3528 1970 3598">
     <span class='ocr_line' id='line_1_35' title="bbox 398 3528 1970 3598; baseline 0.001 -17"><span class='ocrx_word' id='word_1_299' title='bbox 398 3529 519 3598; x_wconf 89' lang='lat' dir='ltr'><strong>quia</strong></span> <span class='ocrx_word' id='word_1_300' title='bbox 550 3538 604 3583; x_wconf 90' lang='lat' dir='ltr'><strong>et</strong></span> <span class='ocrx_word' id='word_1_301' title='bbox 631 3542 816 3583; x_wconf 88' lang='lat' dir='ltr'><strong>servus</strong></span> <span class='ocrx_word' id='word_1_302' title='bbox 842 3536 896 3583; x_wconf 91' lang='lat' dir='ltr'><strong>et</strong></span> <span class='ocrx_word' id='word_1_303' title='bbox 922 3528 1112 3582; x_wconf 91' lang='lat' dir='ltr'><strong>ancilla</strong></span> <span class='ocrx_word' id='word_1_304' title='bbox 1134 3542 1223 3595; x_wconf 87' lang='lat' dir='ltr'><strong>es;</strong></span> <span class='ocrx_word' id='word_1_305' title='bbox 1254 3542 1460 3594; x_wconf 89' lang='lat' dir='ltr'><strong>servus,</strong></span> <span class='ocrx_word' id='word_1_306' title='bbox 1484 3528 1604 3598; x_wconf 89' lang='lat' dir='ltr'><strong>quia</strong></span> <span class='ocrx_word' id='word_1_307' title='bbox 1632 3528 1854 3597; x_wconf 90' lang='lat' dir='ltr'><strong>populus</strong></span> <span class='ocrx_word' id='word_1_308' title='bbox 1880 3544 1970 3596; x_wconf 92' lang='lat' dir='ltr'><strong>es;</strong></span> 
     </span>
    </p>
   </div>
   <div class='ocr_carea' id='block_1_36' title="bbox 398 3620 1977 3691">
    <p class='ocr_par' dir='ltr' id='par_1_36' title="bbox 398 3620 1977 3691">
     <span class='ocr_line' id='line_1_36' title="bbox 398 3620 1977 3691; baseline -0.001 -14"><span class='ocrx_word' id='word_1_309' title='bbox 398 3622 622 3685; x_wconf 84' lang='lat' dir='ltr'><strong>ancilla,</strong></span> <span class='ocrx_word' id='word_1_310' title='bbox 669 3621 789 3691; x_wconf 89' lang='lat' dir='ltr'><strong>quia</strong></span> <span class='ocrx_word' id='word_1_311' title='bbox 829 3621 1066 3677; x_wconf 88' lang='lat' dir='ltr'><strong>Ecclesia</strong></span> <span class='ocrx_word' id='word_1_312' title='bbox 1110 3635 1187 3675; x_wconf 91' lang='lat' dir='ltr'><strong>es.</strong></span> <span class='ocrx_word' id='word_1_313' title='bbox 1235 3620 1351 3690; x_wconf 87' lang='lat' dir='ltr'><strong>Ipsa</strong></span> <span class='ocrx_word' id='word_1_314' title='bbox 1395 3629 1573 3676; x_wconf 89' lang='lat' dir='ltr'><strong>autem</strong></span> <span class='ocrx_word' id='word_1_315' title='bbox 1624 3621 1811 3675; x_wconf 88' lang='lat' dir='ltr'><strong>ancilla</strong></span> <span class='ocrx_word' id='word_1_316' title='bbox 1866 3637 1977 3675; x_wconf 87' lang='lat' dir='ltr'><strong>ma-</strong></span> 
     </span>
    </p>
   </div>
   <div class='ocr_carea' id='block_1_37' title="bbox 398 3710 1973 3782">
    <p class='ocr_par' dir='ltr' id='par_1_37' title="bbox 398 3710 1973 3782">
     <span class='ocr_line' id='line_1_37' title="bbox 398 3710 1973 3782; baseline -0.001 -16"><span class='ocrx_word' id='word_1_317' title='bbox 398 3728 551 3781; x_wconf 79' lang='lat' dir='ltr'><strong>gnam</strong></span> <span class='ocrx_word' id='word_1_318' title='bbox 581 3712 887 3782; x_wconf 76' lang='lat' dir='ltr'><strong>dignitatem</strong></span> <span class='ocrx_word' id='word_1_319' title='bbox 919 3710 1118 3765; x_wconf 90' lang='lat' dir='ltr'><strong>invenit</strong></span> <span class='ocrx_word' id='word_1_320' title='bbox 1154 3711 1292 3780; x_wconf 91' lang='lat' dir='ltr'><strong>apud</strong></span> <span class='ocrx_word' id='word_1_321' title='bbox 1321 3710 1519 3766; x_wconf 90' lang='lat' dir='ltr'><strong>Deum:</strong></span> <span class='ocrx_word' id='word_1_322' title='bbox 1548 3727 1684 3766; x_wconf 86' lang='lat' dir='ltr'><strong>uxor</strong></span> <span class='ocrx_word' id='word_1_323' title='bbox 1710 3710 1848 3765; x_wconf 88' lang='lat' dir='ltr'><strong>facta</strong></span> <span class='ocrx_word' id='word_1_324' title='bbox 1872 3720 1973 3766; x_wconf 91' lang='lat' dir='ltr'><strong>est.</strong></span> 
     </span>
    </p>
   </div>
   <div class='ocr_carea' id='block_1_38' title="bbox 398 3800 1973 3871">
    <p class='ocr_par' dir='ltr' id='par_1_38' title="bbox 398 3800 1973 3871">
     <span class='ocr_line' id='line_1_38' title="bbox 398 3800 1973 3871; baseline -0.003 -13"><span class='ocrx_word' id='word_1_325' title='bbox 398 3801 501 3858; x_wconf 88' lang='lat' dir='ltr'><strong>Sed</strong></span> <span class='ocrx_word' id='word_1_326' title='bbox 531 3802 705 3857; x_wconf 85' lang='lat' dir='ltr'><strong>donec</strong></span> <span class='ocrx_word' id='word_1_327' title='bbox 738 3802 914 3855; x_wconf 88' lang='lat' dir='ltr'><strong>veniat</strong></span> <span class='ocrx_word' id='word_1_328' title='bbox 952 3800 1019 3856; x_wconf 86' lang='lat' dir='ltr'><strong>ad</strong></span> <span class='ocrx_word' id='word_1_329' title='bbox 1059 3801 1334 3870; x_wconf 79' lang='lat' dir='ltr'><strong>amplexus</strong></span> <span class='ocrx_word' id='word_1_330' title='bbox 1360 3802 1478 3856; x_wconf 92' lang='lat' dir='ltr'><strong>illos</strong></span> <span class='ocrx_word' id='word_1_331' title='bbox 1521 3802 1855 3871; x_wconf 85' lang='lat' dir='ltr'><strong>spiritualcs,</strong></span> <span class='ocrx_word' id='word_1_332' title='bbox 1888 3801 1973 3854; x_wconf 88' lang='lat' dir='ltr'><strong>ubi</strong></span> 
     </span>
    </p>
   </div>
   <div class='ocr_carea' id='block_1_39' title="bbox 399 3893 1979 3965">
    <p class='ocr_par' dir='ltr' id='par_1_39' title="bbox 399 3893 1979 3965">
     <span class='ocr_line' id='line_1_39' title="bbox 399 3893 1979 3965; baseline -0.002 -15"><span class='ocrx_word' id='word_1_333' title='bbox 399 3910 586 3950; x_wconf 82' lang='lat' dir='ltr'><strong>secure</strong></span> <span class='ocrx_word' id='word_1_334' title='bbox 622 3893 927 3965; x_wconf 82' lang='lat' dir='ltr'><strong>perfruatur</strong></span> <span class='ocrx_word' id='word_1_335' title='bbox 956 3908 1021 3949; x_wconf 91' lang='lat' dir='ltr'><strong>eo</strong></span> <span class='ocrx_word' id='word_1_336' title='bbox 1050 3907 1206 3964; x_wconf 84' lang='lat' dir='ltr'><strong>quem</strong></span> <span class='ocrx_word' id='word_1_337' title='bbox 1238 3893 1455 3956; x_wconf 77' lang='lat' dir='ltr'><strong>dilexit,</strong></span> <span class='ocrx_word' id='word_1_338' title='bbox 1491 3902 1543 3948; x_wconf 92' lang='lat' dir='ltr'><strong>et</strong></span> <span class='ocrx_word' id='word_1_339' title='bbox 1571 3894 1654 3947; x_wconf 92' lang='lat' dir='ltr'><strong>cui</strong></span> <span class='ocrx_word' id='word_1_340' title='bbox 1695 3894 1979 3961; x_wconf 80' lang='lat' dir='ltr'><strong>suspiravit</strong></span> 
     </span>
    </p>
   </div>
   <div class='ocr_carea' id='block_1_40' title="bbox 401 3985 1981 4055">
    <p class='ocr_par' dir='ltr' id='par_1_40' title="bbox 401 3985 1981 4055">
     <span class='ocr_line' id='line_1_40' title="bbox 401 3985 1981 4055; baseline -0.003 -13"><span class='ocrx_word' id='word_1_341' title='bbox 401 3986 452 4042; x_wconf 88' lang='lat' dir='ltr'><strong>in</strong></span> <span class='ocrx_word' id='word_1_342' title='bbox 480 3987 582 4042; x_wconf 89' lang='lat' dir='ltr'><strong>ista</strong></span> <span class='ocrx_word' id='word_1_343' title='bbox 608 3985 853 4040; x_wconf 89' lang='lat' dir='ltr'><strong>diuturna</strong></span> <span class='ocrx_word' id='word_1_344' title='bbox 882 3985 1323 4055; x_wconf 89' lang='lat' dir='ltr'><strong>peregrinatione,</strong></span> <span class='ocrx_word' id='word_1_345' title='bbox 1345 4000 1536 4054; x_wconf 88' lang='lat' dir='ltr'><strong>sponsa</strong></span> <span class='ocrx_word' id='word_1_346' title='bbox 1558 3994 1641 4040; x_wconf 90' lang='lat' dir='ltr'><strong>est</strong></span> <span class='ocrx_word' id='word_1_347' title='bbox 1665 4002 1678 4037; x_wconf 91' lang='lat'>:</span> <span class='ocrx_word' id='word_1_348' title='bbox 1703 3993 1756 4039; x_wconf 86' lang='lat' dir='ltr'><strong>et</strong></span> <span class='ocrx_word' id='word_1_349' title='bbox 1775 3986 1981 4054; x_wconf 81' lang='lat' dir='ltr'><strong>accepit</strong></span> 
     </span>
    </p>
   </div>
   <div class='ocr_carea' id='block_1_41' title="bbox 401 4074 1980 4146">
    <p class='ocr_par' dir='ltr' id='par_1_41' title="bbox 401 4074 1980 4146">
     <span class='ocr_line' id='line_1_41' title="bbox 401 4074 1980 4146; baseline -0.003 -13"><span class='ocrx_word' id='word_1_350' title='bbox 401 4077 613 4133; x_wconf 83' lang='lat' dir='ltr'><strong>arrham</strong></span> <span class='ocrx_word' id='word_1_351' title='bbox 649 4091 912 4146; x_wconf 88' lang='lat' dir='ltr'><strong>magnam,</strong></span> <span class='ocrx_word' id='word_1_352' title='bbox 946 4076 1253 4146; x_wconf 85' lang='lat' dir='ltr'><strong>sanguinem</strong></span> <span class='ocrx_word' id='word_1_353' title='bbox 1284 4076 1499 4145; x_wconf 86' lang='lat' dir='ltr'><strong>sponsi,</strong></span> <span class='ocrx_word' id='word_1_354' title='bbox 1538 4074 1623 4129; x_wconf 92' lang='lat' dir='ltr'><strong>cui</strong></span> <span class='ocrx_word' id='word_1_355' title='bbox 1659 4089 1845 4130; x_wconf 88' lang='lat' dir='ltr'><strong>secura</strong></span> <span class='ocrx_word' id='word_1_356' title='bbox 1890 4090 1980 4130; x_wconf 90' lang='lat' dir='ltr'><strong>su-</strong></span> 
     </span>
    </p>
   </div>
   <div class='ocr_carea' id='block_1_42' title="bbox 401 4158 1981 4238">
    <p class='ocr_par' dir='ltr' id='par_1_42' title="bbox 401 4158 1981 4238">
     <span class='ocr_line' id='line_1_42' title="bbox 401 4158 1981 4238; baseline -0.001 -15"><span class='ocrx_word' id='word_1_357' title='bbox 401 4169 588 4238; x_wconf 73' lang='lat' dir='ltr'><strong>Spirat.</strong></span> <span class='ocrx_word' id='word_1_358' title='bbox 613 4166 723 4222; x_wconf 89' lang='lat' dir='ltr'><strong>Nec</strong></span> <span class='ocrx_word' id='word_1_359' title='bbox 753 4158 828 4222; x_wconf 85' lang='lat' dir='ltr'><strong>illi</strong></span> <span class='ocrx_word' id='word_1_360' title='bbox 855 4166 1080 4234; x_wconf 85' lang='lat' dir='ltr'><strong>dicitur,</strong></span> <span class='ocrx_word' id='word_1_361' title='bbox 1120 4166 1233 4221; x_wconf 88' lang='lat' dir='ltr'><strong>Noli</strong></span> <span class='ocrx_word' id='word_1_362' title='bbox 1263 4181 1471 4223; x_wconf 90' lang='lat' dir='ltr'><strong>amare:</strong></span> <span class='ocrx_word' id='word_1_363' title='bbox 1503 4166 1769 4237; x_wconf 88' lang='lat' dir='ltr'><strong>quomodo</strong></span> <span class='ocrx_word' id='word_1_364' title='bbox 1791 4166 1981 4221; x_wconf 86' lang='lat' dir='ltr'><strong>dicitur</strong></span> 
     </span>
    </p>
   </div>
   <div class='ocr_carea' id='block_1_43' title="bbox 401 4258 1978 4330">
    <p class='ocr_par' dir='ltr' id='par_1_43' title="bbox 401 4258 1978 4330">
     <span class='ocr_line' id='line_1_43' title="bbox 401 4258 1978 4330; baseline -0.001 -15"><span class='ocrx_word' id='word_1_365' title='bbox 401 4259 687 4330; x_wconf 85' lang='lat' dir='ltr'><strong>aliquando</strong></span> <span class='ocrx_word' id='word_1_366' title='bbox 712 4258 896 4329; x_wconf 77' lang='lat' dir='ltr'><strong>virgini</strong></span> <span class='ocrx_word' id='word_1_367' title='bbox 914 4260 1023 4327; x_wconf 91' lang='lat' dir='ltr'><strong>jam</strong></span> <span class='ocrx_word' id='word_1_368' title='bbox 1050 4258 1405 4328; x_wconf 61' lang='lat' dir='ltr'><strong>desponsatas,</strong></span> <span class='ocrx_word' id='word_1_369' title='bbox 1429 4268 1483 4313; x_wconf 91' lang='lat' dir='ltr'><strong>et</strong></span> <span class='ocrx_word' id='word_1_370' title='bbox 1507 4259 1740 4313; x_wconf 87' lang='lat' dir='ltr'><strong>nondum</strong></span> <span class='ocrx_word' id='word_1_371' title='bbox 1766 4267 1978 4328; x_wconf 71' lang='lat' dir='ltr'><strong>nuptm:</strong></span> 
     </span>
    </p>
   </div>
   <div class='ocr_carea' id='block_1_44' title="bbox 402 4348 1979 4421">
    <p class='ocr_par' dir='ltr' id='par_1_44' title="bbox 402 4348 1979 4421">
     <span class='ocr_line' id='line_1_44' title="bbox 402 4348 1979 4421; baseline -0.001 -15"><span class='ocrx_word' id='word_1_372' title='bbox 402 4359 455 4406; x_wconf 88' lang='lat' dir='ltr'><strong>et</strong></span> <span class='ocrx_word' id='word_1_373' title='bbox 489 4350 637 4421; x_wconf 89' lang='lat' dir='ltr'><strong>juste</strong></span> <span class='ocrx_word' id='word_1_374' title='bbox 662 4348 874 4416; x_wconf 89' lang='lat' dir='ltr'><strong>dicitur,</strong></span> <span class='ocrx_word' id='word_1_375' title='bbox 904 4349 1019 4403; x_wconf 88' lang='lat' dir='ltr'><strong>Noli</strong></span> <span class='ocrx_word' id='word_1_376' title='bbox 1046 4364 1254 4416; x_wconf 89' lang='lat' dir='ltr'><strong>amare;</strong></span> <span class='ocrx_word' id='word_1_377' title='bbox 1296 4365 1416 4405; x_wconf 93' lang='lat' dir='ltr'><strong>cum</strong></span> <span class='ocrx_word' id='word_1_378' title='bbox 1454 4349 1585 4405; x_wconf 89' lang='lat' dir='ltr'><strong>facta</strong></span> <span class='ocrx_word' id='word_1_379' title='bbox 1631 4351 1793 4406; x_wconf 90' lang='lat' dir='ltr'><strong>fueris</strong></span> <span class='ocrx_word' id='word_1_380' title='bbox 1826 4364 1979 4416; x_wconf 84' lang='lat' dir='ltr'><strong>uxor,</strong></span> 
     </span>
    </p>
   </div>
   <div class='ocr_carea' id='block_1_45' title="bbox 401 4440 1984 4512">
    <p class='ocr_par' dir='ltr' id='par_1_45' title="bbox 401 4440 1984 4512">
     <span class='ocr_line' id='line_1_45' title="bbox 401 4440 1984 4512; baseline -0.001 -15"><span class='ocrx_word' id='word_1_381' title='bbox 401 4450 527 4497; x_wconf 87' lang='lat' dir='ltr'><strong>tunc</strong></span> <span class='ocrx_word' id='word_1_382' title='bbox 546 4456 666 4495; x_wconf 83' lang='lat' dir='ltr'><strong>ama</strong></span> <span class='ocrx_word' id='word_1_383' title='bbox 692 4458 707 4496; x_wconf 85' lang='lat'><strong>:</strong></span> <span class='ocrx_word' id='word_1_384' title='bbox 731 4450 873 4496; x_wconf 90' lang='lat' dir='ltr'><strong>recte</strong></span> <span class='ocrx_word' id='word_1_385' title='bbox 893 4440 1104 4506; x_wconf 90' lang='lat' dir='ltr'><strong>dicitur,</strong></span> <span class='ocrx_word' id='word_1_386' title='bbox 1129 4440 1250 4511; x_wconf 87' lang='lat' dir='ltr'><strong>quia</strong></span> <span class='ocrx_word' id='word_1_387' title='bbox 1281 4456 1669 4512; x_wconf 67' lang='lat' dir='ltr'><strong>prmpropernm</strong></span> <span class='ocrx_word' id='word_1_388' title='bbox 1700 4450 1754 4497; x_wconf 90' lang='lat' dir='ltr'><strong>et</strong></span> <span class='ocrx_word' id='word_1_389' title='bbox 1780 4457 1984 4512; x_wconf 62' lang='lat' dir='ltr'><strong>purpo-</strong></span> 
     </span>
    </p>
   </div>
   <div class='ocr_carea' id='block_1_46' title="bbox 402 4532 1981 4599">
    <p class='ocr_par' dir='ltr' id='par_1_46' title="bbox 402 4532 1981 4599">
     <span class='ocr_line' id='line_1_46' title="bbox 402 4532 1981 4599; baseline -0.001 -10"><span class='ocrx_word' id='word_1_390' title='bbox 402 4543 607 4590; x_wconf 87' lang='lat' dir='ltr'><strong>sterum</strong></span> <span class='ocrx_word' id='word_1_391' title='bbox 649 4532 969 4588; x_wconf 87' lang='lat' dir='ltr'><strong>desiderium</strong></span> <span class='ocrx_word' id='word_1_392' title='bbox 1013 4541 1114 4599; x_wconf 87' lang='lat' dir='ltr'><strong>est,</strong></span> <span class='ocrx_word' id='word_1_393' title='bbox 1140 4540 1194 4586; x_wconf 90' lang='lat' dir='ltr'><strong>et</strong></span> <span class='ocrx_word' id='word_1_394' title='bbox 1236 4548 1339 4586; x_wconf 92' lang='lat' dir='ltr'><strong>non</strong></span> <span class='ocrx_word' id='word_1_395' title='bbox 1380 4542 1603 4597; x_wconf 88' lang='lat' dir='ltr'><strong>castum,</strong></span> <span class='ocrx_word' id='word_1_396' title='bbox 1645 4549 1826 4587; x_wconf 89' lang='lat' dir='ltr'><strong>amare</strong></span> <span class='ocrx_word' id='word_1_397' title='bbox 1859 4548 1981 4589; x_wconf 89' lang='lat' dir='ltr'><strong>eum</strong></span> 
     </span>
    </p>
   </div>
   <div class='ocr_carea' id='block_1_47' title="bbox 403 4623 1978 4695">
    <p class='ocr_par' dir='ltr' id='par_1_47' title="bbox 403 4623 1978 4695">
     <span class='ocr_line' id='line_1_47' title="bbox 403 4623 1978 4695; baseline -0.002 -14"><span class='ocrx_word' id='word_1_398' title='bbox 403 4625 485 4681; x_wconf 89' lang='lat' dir='ltr'><strong>cui</strong></span> <span class='ocrx_word' id='word_1_399' title='bbox 509 4624 682 4680; x_wconf 91' lang='lat' dir='ltr'><strong>nescit</strong></span> <span class='ocrx_word' id='word_1_400' title='bbox 704 4639 770 4678; x_wconf 90' lang='lat' dir='ltr'><strong>an</strong></span> <span class='ocrx_word' id='word_1_401' title='bbox 799 4623 978 4677; x_wconf 89' lang='lat' dir='ltr'><strong>nubat.</strong></span> <span class='ocrx_word' id='word_1_402' title='bbox 1006 4623 1190 4679; x_wconf 85' lang='lat' dir='ltr'><strong>Potest</strong></span> <span class='ocrx_word' id='word_1_403' title='bbox 1208 4623 1349 4677; x_wconf 90' lang='lat' dir='ltr'><strong>enim</strong></span> <span class='ocrx_word' id='word_1_404' title='bbox 1373 4624 1484 4679; x_wconf 89' lang='lat' dir='ltr'><strong>ﬁeri</strong></span> <span class='ocrx_word' id='word_1_405' title='bbox 1508 4633 1565 4677; x_wconf 91' lang='lat' dir='ltr'><strong>ut</strong></span> <span class='ocrx_word' id='word_1_406' title='bbox 1588 4624 1722 4679; x_wconf 89' lang='lat' dir='ltr'><strong>alius</strong></span> <span class='ocrx_word' id='word_1_407' title='bbox 1741 4635 1978 4695; x_wconf 90' lang='lat' dir='ltr'><strong>sponset,</strong></span> 
     </span>
    </p>
   </div>
   <div class='ocr_carea' id='block_1_48' title="bbox 403 4714 1982 4785">
    <p class='ocr_par' dir='ltr' id='par_1_48' title="bbox 403 4714 1982 4785">
     <span class='ocr_line' id='line_1_48' title="bbox 403 4714 1982 4785; baseline -0.001 -14"><span class='ocrx_word' id='word_1_408' title='bbox 403 4724 459 4772; x_wconf 87' lang='lat' dir='ltr'><strong>et</strong></span> <span class='ocrx_word' id='word_1_409' title='bbox 480 4716 621 4770; x_wconf 90' lang='lat' dir='ltr'><strong>alius</strong></span> <span class='ocrx_word' id='word_1_410' title='bbox 647 4714 806 4769; x_wconf 89' lang='lat' dir='ltr'><strong>ducat</strong></span> <span class='ocrx_word' id='word_1_411' title='bbox 828 4728 1067 4769; x_wconf 81' lang='lat' dir='ltr'><strong>uxorem.</strong></span> <span class='ocrx_word' id='word_1_412' title='bbox 1108 4714 1239 4782; x_wconf 87' lang='lat' dir='ltr'><strong>Quia</strong></span> <span class='ocrx_word' id='word_1_413' title='bbox 1267 4730 1393 4769; x_wconf 87' lang='lat' dir='ltr'><strong>vero</strong></span> <span class='ocrx_word' id='word_1_414' title='bbox 1423 4715 1601 4769; x_wconf 87' lang='lat' dir='ltr'><strong>nullus</strong></span> <span class='ocrx_word' id='word_1_415' title='bbox 1626 4715 1761 4770; x_wconf 90' lang='lat' dir='ltr'><strong>alius</strong></span> <span class='ocrx_word' id='word_1_416' title='bbox 1789 4724 1871 4770; x_wconf 90' lang='lat' dir='ltr'><strong>est</strong></span> <span class='ocrx_word' id='word_1_417' title='bbox 1893 4716 1982 4785; x_wconf 90' lang='lat' dir='ltr'><strong>qui</strong></span> 
     </span>
    </p>
   </div>
   <div class='ocr_carea' id='block_1_49' title="bbox 403 4801 1984 4876">
    <p class='ocr_par' dir='ltr' id='par_1_49' title="bbox 403 4801 1984 4876">
     <span class='ocr_line' id='line_1_49' title="bbox 403 4801 1984 4876; baseline 0.001 -17"><span class='ocrx_word' id='word_1_418' title='bbox 403 4801 619 4859; x_wconf 88' lang='lat' dir='ltr'><strong>Christo</strong></span> <span class='ocrx_word' id='word_1_419' title='bbox 658 4812 1016 4873; x_wconf 85' lang='lat' dir='ltr'><strong>praeponatur,</strong></span> <span class='ocrx_word' id='word_1_420' title='bbox 1048 4818 1232 4859; x_wconf 90' lang='lat' dir='ltr'><strong>secura</strong></span> <span class='ocrx_word' id='word_1_421' title='bbox 1271 4813 1415 4859; x_wconf 90' lang='lat' dir='ltr'><strong>amet</strong></span> <span class='ocrx_word' id='word_1_422' title='bbox 1452 4804 1589 4859; x_wconf 89' lang='lat' dir='ltr'><strong>ista:</strong></span> <span class='ocrx_word' id='word_1_423' title='bbox 1621 4813 1677 4860; x_wconf 91' lang='lat' dir='ltr'><strong>et</strong></span> <span class='ocrx_word' id='word_1_424' title='bbox 1704 4813 1984 4876; x_wconf 89' lang='lat' dir='ltr'><strong>antequam</strong></span> 
     </span>
    </p>
   </div>
   <div class='ocr_carea' id='block_1_50' title="bbox 404 4893 1986 4967">
    <p class='ocr_par' dir='ltr' id='par_1_50' title="bbox 404 4893 1986 4967">
     <span class='ocr_line' id='line_1_50' title="bbox 404 4893 1986 4967; baseline 0.003 -19"><span class='ocrx_word' id='word_1_425' title='bbox 404 4894 474 4950; x_wconf 93' lang='lat' dir='ltr'><strong>illi</strong></span> <span class='ocrx_word' id='word_1_426' title='bbox 504 4894 793 4965; x_wconf 83' lang='lat' dir='ltr'><strong>jungatur,</strong></span> <span class='ocrx_word' id='word_1_427' title='bbox 837 4893 1000 4961; x_wconf 82' lang='lat' dir='ltr'><strong>amet,</strong></span> <span class='ocrx_word' id='word_1_428' title='bbox 1040 4902 1095 4949; x_wconf 92' lang='lat' dir='ltr'><strong>et</strong></span> <span class='ocrx_word' id='word_1_429' title='bbox 1128 4894 1194 4951; x_wconf 88' lang='lat' dir='ltr'><strong>de</strong></span> <span class='ocrx_word' id='word_1_430' title='bbox 1232 4896 1517 4966; x_wconf 89' lang='lat' dir='ltr'><strong>longinquo</strong></span> <span class='ocrx_word' id='word_1_431' title='bbox 1551 4897 1784 4967; x_wconf 88' lang='lat' dir='ltr'><strong>suspiret</strong></span> <span class='ocrx_word' id='word_1_432' title='bbox 1824 4906 1878 4953; x_wconf 92' lang='lat' dir='ltr'><strong>et</strong></span> <span class='ocrx_word' id='word_1_433' title='bbox 1918 4897 1986 4953; x_wconf 91' lang='lat' dir='ltr'><strong>de</strong></span> 
     </span>
    </p>
   </div>
   <div class='ocr_carea' id='block_1_51' title="bbox 404 4985 1987 5057">
    <p class='ocr_par' dir='ltr' id='par_1_51' title="bbox 404 4985 1987 5057">
     <span class='ocr_line' id='line_1_51' title="bbox 404 4985 1987 5057; baseline 0.002 -18"><span class='ocrx_word' id='word_1_434' title='bbox 404 4985 692 5055; x_wconf 84' lang='lat' dir='ltr'><strong>longinqua</strong></span> <span class='ocrx_word' id='word_1_435' title='bbox 721 4985 1166 5055; x_wconf 86' lang='lat' dir='ltr'><strong>peregrinatione.</strong></span> <span class='ocrx_word' id='word_1_436' title='bbox 1203 4985 1361 5041; x_wconf 90' lang='lat' dir='ltr'><strong>Solus</strong></span> <span class='ocrx_word' id='word_1_437' title='bbox 1388 4986 1568 5053; x_wconf 90' lang='lat' dir='ltr'><strong>ducet,</strong></span> <span class='ocrx_word' id='word_1_438' title='bbox 1596 4988 1717 5057; x_wconf 91' lang='lat' dir='ltr'><strong>quia</strong></span> <span class='ocrx_word' id='word_1_439' title='bbox 1738 4988 1883 5043; x_wconf 91' lang='lat' dir='ltr'><strong>solus</strong></span> <span class='ocrx_word' id='word_1_440' title='bbox 1910 4997 1987 5042; x_wconf 88' lang='lat' dir='ltr'><strong>ta-</strong></span> 
     </span>
    </p>
   </div>
   <div class='ocr_carea' id='block_1_52' title="bbox 405 5075 1988 5147">
    <p class='ocr_par' dir='ltr' id='par_1_52' title="bbox 405 5075 1988 5147">
     <span class='ocr_line' id='line_1_52' title="bbox 405 5075 1988 5147; baseline 0.001 -16"><span class='ocrx_word' id='word_1_441' title='bbox 405 5075 510 5131; x_wconf 89' lang='lat' dir='ltr'><strong>lem</strong></span> <span class='ocrx_word' id='word_1_442' title='bbox 544 5076 759 5130; x_wconf 89' lang='lat' dir='ltr'><strong>arrham</strong></span> <span class='ocrx_word' id='word_1_443' title='bbox 800 5076 966 5131; x_wconf 90' lang='lat' dir='ltr'><strong>dedit.</strong></span> <span class='ocrx_word' id='word_1_444' title='bbox 1014 5075 1143 5144; x_wconf 91' lang='lat' dir='ltr'><strong>Quis</strong></span> <span class='ocrx_word' id='word_1_445' title='bbox 1177 5077 1319 5131; x_wconf 87' lang='lat' dir='ltr'><strong>enim</strong></span> <span class='ocrx_word' id='word_1_446' title='bbox 1361 5086 1534 5147; x_wconf 89' lang='lat' dir='ltr'><strong>potest</strong></span> <span class='ocrx_word' id='word_1_447' title='bbox 1571 5076 1649 5132; x_wconf 90' lang='lat' dir='ltr'><strong>sic</strong></span> <span class='ocrx_word' id='word_1_448' title='bbox 1684 5078 1899 5141; x_wconf 89' lang='lat' dir='ltr'><strong>ducere,</strong></span> <span class='ocrx_word' id='word_1_449' title='bbox 1931 5086 1988 5133; x_wconf 92' lang='lat' dir='ltr'><strong>ut</strong></span> 
     </span>
    </p>
   </div>
   <div class='ocr_carea' id='block_1_53' title="bbox 406 5166 1988 5242">
    <p class='ocr_par' dir='ltr' id='par_1_53' title="bbox 406 5166 1988 5242">
     <span class='ocr_line' id='line_1_53' title="bbox 406 5166 1988 5242; baseline 0.001 -21"><span class='ocrx_word' id='word_1_450' title='bbox 406 5166 669 5221; x_wconf 87' lang='lat' dir='ltr'><strong>moriatur</strong></span> <span class='ocrx_word' id='word_1_451' title='bbox 696 5181 791 5235; x_wconf 90' lang='lat' dir='ltr'><strong>pro</strong></span> <span class='ocrx_word' id='word_1_452' title='bbox 810 5182 871 5221; x_wconf 90' lang='lat' dir='ltr'><strong>ea</strong></span> <span class='ocrx_word' id='word_1_453' title='bbox 901 5182 1058 5237; x_wconf 91' lang='lat' dir='ltr'><strong>quam</strong></span> <span class='ocrx_word' id='word_1_454' title='bbox 1089 5166 1202 5222; x_wconf 90' lang='lat' dir='ltr'><strong>vult</strong></span> <span class='ocrx_word' id='word_1_455' title='bbox 1224 5167 1449 5223; x_wconf 90' lang='lat' dir='ltr'><strong>ducere?</strong></span> <span class='ocrx_word' id='word_1_456' title='bbox 1474 5168 1528 5242; x_wconf 85' lang='lat' dir='ltr'><strong>Si</strong></span> <span class='ocrx_word' id='word_1_457' title='bbox 1557 5168 1698 5223; x_wconf 88' lang='lat' dir='ltr'><strong>enim</strong></span> <span class='ocrx_word' id='word_1_458' title='bbox 1726 5170 1859 5222; x_wconf 90' lang='lat' dir='ltr'><strong>mori</strong></span> <span class='ocrx_word' id='word_1_459' title='bbox 1893 5182 1988 5236; x_wconf 87' lang='lat' dir='ltr'><strong>pro</strong></span> 
     </span>
    </p>
   </div>
   <div class='ocr_carea' id='block_1_54' title="bbox 407 5256 1988 5328">
    <p class='ocr_par' dir='ltr' id='par_1_54' title="bbox 407 5256 1988 5328">
     <span class='ocr_line' id='line_1_54' title="bbox 407 5256 1988 5328; baseline 0.003 -18"><span class='ocrx_word' id='word_1_460' title='bbox 407 5270 468 5310; x_wconf 87' lang='lat' dir='ltr'><strong>ea</strong></span> <span class='ocrx_word' id='word_1_461' title='bbox 486 5256 734 5321; x_wconf 88' lang='lat' dir='ltr'><strong>voluerit,</strong></span> <span class='ocrx_word' id='word_1_462' title='bbox 757 5271 862 5311; x_wconf 88' lang='lat' dir='ltr'><strong>non</strong></span> <span class='ocrx_word' id='word_1_463' title='bbox 890 5258 992 5311; x_wconf 89' lang='lat' dir='ltr'><strong>erit</strong></span> <span class='ocrx_word' id='word_1_464' title='bbox 1020 5258 1107 5328; x_wconf 86' lang='lat' dir='ltr'><strong>qui</strong></span> <span class='ocrx_word' id='word_1_465' title='bbox 1124 5257 1299 5312; x_wconf 88' lang='lat' dir='ltr'><strong>ducat.</strong></span> <span class='ocrx_word' id='word_1_466' title='bbox 1323 5258 1553 5313; x_wconf 89' lang='lat' dir='ltr'><strong>Securus</strong></span> <span class='ocrx_word' id='word_1_467' title='bbox 1573 5266 1751 5313; x_wconf 89' lang='lat' dir='ltr'><strong>autem</strong></span> <span class='ocrx_word' id='word_1_468' title='bbox 1778 5260 1866 5314; x_wconf 88' lang='lat' dir='ltr'><strong>ille</strong></span> <span class='ocrx_word' id='word_1_469' title='bbox 1894 5274 1988 5328; x_wconf 89' lang='lat' dir='ltr'><strong>pro</strong></span> 
     </span>
    </p>
   </div>
   <div class='ocr_carea' id='block_1_55' title="bbox 408 5336 1985 5421">
    <p class='ocr_par' dir='ltr' id='par_1_55' title="bbox 408 5336 1985 5421">
     <span class='ocr_line' id='line_1_55' title="bbox 408 5336 1985 5421; baseline 0.001 -18"><span class='ocrx_word' id='word_1_470' title='bbox 408 5362 604 5416; x_wconf 85' lang='lat' dir='ltr'><strong>sponsa</strong></span> <span class='ocrx_word' id='word_1_471' title='bbox 635 5357 875 5403; x_wconf 89' lang='lat' dir='ltr'><strong>mortuus</strong></span> <span class='ocrx_word' id='word_1_472' title='bbox 907 5357 985 5404; x_wconf 87' lang='lat' dir='ltr'><strong>est</strong></span> <span class='ocrx_word' id='word_1_473' title='bbox 1006 5390 1020 5412; x_wconf 88' lang='lat'><strong>,</strong></span> <span class='ocrx_word' id='word_1_474' title='bbox 1052 5365 1210 5421; x_wconf 90' lang='lat' dir='ltr'><strong>quam</strong></span> <span class='ocrx_word' id='word_1_475' title='bbox 1241 5336 1524 5420; x_wconf 83' lang='lat' dir='ltr'><strong>resurgens</strong></span> <span class='ocrx_word' id='word_1_476' title='bbox 1557 5360 1675 5407; x_wconf 88' lang='lat' dir='ltr'><strong>erat</strong></span> <span class='ocrx_word' id='word_1_477' title='bbox 1710 5351 1985 5407; x_wconf 87' lang='lat' dir='ltr'><strong>ducturus.</strong></span> 
     </span>
    </p>
   </div>
   <div class='ocr_carea' id='block_1_56' title="bbox 410 5438 1989 5511">
    <p class='ocr_par' dir='ltr' id='par_1_56' title="bbox 410 5438 1989 5511">
     <span class='ocr_line' id='line_1_56' title="bbox 410 5438 1989 5511; baseline 0.004 -18"><span class='ocrx_word' id='word_1_478' title='bbox 410 5438 822 5507; x_wconf 79' lang='lat' dir='ltr'><strong>Verumtamen,</strong></span> <span class='ocrx_word' id='word_1_479' title='bbox 860 5439 1074 5508; x_wconf 80' lang='lat' dir='ltr'><strong>fratres,</strong></span> <span class='ocrx_word' id='word_1_480' title='bbox 1116 5442 1327 5496; x_wconf 91' lang='lat' dir='ltr'><strong>interim</strong></span> <span class='ocrx_word' id='word_1_481' title='bbox 1359 5442 1525 5497; x_wconf 89' lang='lat' dir='ltr'><strong>simus</strong></span> <span class='ocrx_word' id='word_1_482' title='bbox 1558 5443 1823 5511; x_wconf 89' lang='lat' dir='ltr'><strong>quomodo</strong></span> <span class='ocrx_word' id='word_1_483' title='bbox 1850 5444 1989 5499; x_wconf 87' lang='lat' dir='ltr'><strong>servi</strong></span> 
     </span>
    </p>
   </div>
   <div class='ocr_carea' id='block_1_57' title="bbox 415 5531 1985 5603">
    <p class='ocr_par' dir='ltr' id='par_1_57' title="bbox 415 5531 1985 5603">
     <span class='ocr_line' id='line_1_57' title="bbox 415 5531 1985 5603; baseline 0.004 -20"><span class='ocrx_word' id='word_1_484' title='bbox 415 5538 466 5584; x_wconf 82' lang='lat' dir='ltr'><strong>et</strong></span> <span class='ocrx_word' id='word_1_485' title='bbox 493 5531 701 5584; x_wconf 87' lang='lat' dir='ltr'><strong>ancilla.</strong></span> <span class='ocrx_word' id='word_1_486' title='bbox 736 5531 943 5586; x_wconf 85' lang='lat' dir='ltr'><strong>Dictum</strong></span> <span class='ocrx_word' id='word_1_487' title='bbox 976 5540 1059 5587; x_wconf 87' lang='lat' dir='ltr'><strong>est</strong></span> <span class='ocrx_word' id='word_1_488' title='bbox 1083 5533 1294 5603; x_wconf 87' lang='lat' dir='ltr'><strong>quidem</strong></span> <span class='ocrx_word' id='word_1_489' title='bbox 1338 5532 1457 5587; x_wconf 88' lang='lat' dir='ltr'><strong>Non</strong></span> <span class='ocrx_word' id='word_1_490' title='bbox 1487 5550 1570 5589; x_wconf 84' lang='lat' dir='ltr'><strong>vos</strong></span> <span class='ocrx_word' id='word_1_491' title='bbox 1600 5536 1764 5587; x_wconf 86' lang='lat' dir='ltr'><strong>dicam</strong></span> <span class='ocrx_word' id='word_1_492' title='bbox 1802 5552 1985 5599; x_wconf 84' lang='lat' dir='ltr'><strong>servos,</strong></span> 
     </span>
    </p>
   </div>
   <div class='ocr_carea' id='block_1_58' title="bbox 413 5619 1991 5695">
    <p class='ocr_par' dir='ltr' id='par_1_58' title="bbox 413 5619 1991 5695">
     <span class='ocr_line' id='line_1_58' title="bbox 413 5619 1991 5695; baseline 0.004 -22"><span class='ocrx_word' id='word_1_493' title='bbox 413 5619 503 5673; x_wconf 80' lang='lat' dir='ltr'><strong>sed</strong></span> <span class='ocrx_word' id='word_1_494' title='bbox 526 5621 742 5687; x_wconf 83' lang='lat' dir='ltr'><strong>amicos,</strong></span> <span class='ocrx_word' id='word_1_495' title='bbox 774 5621 965 5693; x_wconf 80' lang='lat' dir='ltr'><strong>(Joan.</strong></span> <span class='ocrx_word' id='word_1_496' title='bbox 993 5638 1083 5690; x_wconf 76' lang='lat' dir='ltr'><strong>XV,</strong></span> <span class='ocrx_word' id='word_1_497' title='bbox 1113 5624 1214 5695; x_wconf 77' lang='grc'><strong>15)</strong></span> <span class='ocrx_word' id='word_1_498' title='bbox 1246 5641 1258 5677; x_wconf 93' lang='lat'><strong>:</strong></span> <span class='ocrx_word' id='word_1_499' title='bbox 1286 5624 1380 5679; x_wconf 88' lang='lat' dir='ltr'><strong>sed</strong></span> <span class='ocrx_word' id='word_1_500' title='bbox 1410 5624 1544 5679; x_wconf 90' lang='lat' dir='ltr'><strong>forte</strong></span> <span class='ocrx_word' id='word_1_501' title='bbox 1569 5625 1697 5679; x_wconf 89' lang='lat' dir='ltr'><strong>solis</strong></span> <span class='ocrx_word' id='word_1_502' title='bbox 1722 5625 1991 5694; x_wconf 84' lang='lat' dir='ltr'><strong>discipulis</strong></span> 
     </span>
    </p>
   </div>
   <div class='ocr_carea' id='block_1_59' title="bbox 414 5709 1989 5784">
    <p class='ocr_par' dir='ltr' id='par_1_59' title="bbox 414 5709 1989 5784">
     <span class='ocr_line' id='line_1_59' title="bbox 414 5709 1989 5784; baseline 0.003 -20"><span class='ocrx_word' id='word_1_503' title='bbox 414 5709 546 5764; x_wconf 79' lang='lat' dir='ltr'><strong>dixit</strong></span> <span class='ocrx_word' id='word_1_504' title='bbox 578 5712 865 5767; x_wconf 81' lang='lat' dir='ltr'><strong>Dominus?</strong></span> <span class='ocrx_word' id='word_1_505' title='bbox 890 5714 1086 5769; x_wconf 81' lang='lat' dir='ltr'><strong>Audite</strong></span> <span class='ocrx_word' id='word_1_506' title='bbox 1107 5716 1402 5784; x_wconf 88' lang='lat' dir='ltr'><strong>apostolum</strong></span> <span class='ocrx_word' id='word_1_507' title='bbox 1430 5714 1649 5770; x_wconf 84' lang='lat' dir='ltr'><strong>Paulum</strong></span> <span class='ocrx_word' id='word_1_508' title='bbox 1677 5715 1943 5771; x_wconf 88' lang='lat' dir='ltr'><strong>dicentem</strong></span> <span class='ocrx_word' id='word_1_509' title='bbox 1976 5733 1989 5769; x_wconf 88' lang='lat'><strong>:</strong></span> 
     </span>
    </p>
   </div>
   <div class='ocr_carea' id='block_1_60' title="bbox 482 5827 899 5886">
    <p class='ocr_par' dir='ltr' id='par_1_60' title="bbox 482 5827 899 5886">
     <span class='ocr_line' id='line_1_60' title="bbox 482 5827 899 5886; baseline 0 -12"><span class='ocrx_word' id='word_1_510' title='bbox 482 5827 498 5855; x_wconf 77' lang='lat'>&#39;</span> <span class='ocrx_word' id='word_1_511' title='bbox 526 5829 657 5886; x_wconf 79' lang='lat' dir='ltr'><strong>Lov.,</strong></span> <span class='ocrx_word' id='word_1_512' title='bbox 677 5833 744 5876; x_wconf 89' lang='lat' dir='ltr'><strong>at.</strong></span> <span class='ocrx_word' id='word_1_513' title='bbox 842 5834 899 5876; x_wconf 75' lang='grc' dir='ltr'><strong>Μ.</strong></span> 
     </span>
    </p>
   </div>
   <div class='ocr_carea' id='block_1_61' title="bbox 1467 386 2562 445">
    <p class='ocr_par' dir='ltr' id='par_1_61' title="bbox 1467 386 2562 445">
     <span class='ocr_line' id='line_1_61' title="bbox 1467 386 2562 445; baseline -0.003 0"><span class='ocrx_word' id='word_1_514' title='bbox 1467 388 1866 445; x_wconf 75' lang='lat' dir='ltr'><strong>ENARRATIO</strong></span> <span class='ocrx_word' id='word_1_515' title='bbox 1894 388 1958 443; x_wconf 90' lang='lat' dir='ltr'><strong>lN</strong></span> <span class='ocrx_word' id='word_1_516' title='bbox 2005 386 2326 444; x_wconf 74' lang='lat' dir='ltr'><strong>PSALMUM</strong></span> <span class='ocrx_word' id='word_1_517' title='bbox 2355 386 2562 443; x_wconf 77' lang='lat' dir='ltr'><strong>CXXII.</strong></span> 
     </span>
    </p>
   </div>
   <div class='ocr_carea' id='block_1_62' title="bbox 3524 389 3658 447">
    <p class='ocr_par' dir='ltr' id='par_1_62' title="bbox 3524 389 3658 447">
     <span class='ocr_line' id='line_1_62' title="bbox 3524 389 3658 447; baseline 0.007 -1"><span class='ocrx_word' id='word_1_518' title='bbox 3524 389 3658 447; x_wconf 64' lang='lat'><strong>163‘</strong></span> 
     </span>
    </p>
   </div>
   <div class='ocr_carea' id='block_1_63' title="bbox 2076 500 3658 573">
    <p class='ocr_par' dir='ltr' id='par_1_63' title="bbox 2076 500 3658 573">
     <span class='ocr_line' id='line_1_63' title="bbox 2076 500 3658 573; baseline 0.004 -19"><span class='ocrx_word' id='word_1_519' title='bbox 2076 500 2259 572; x_wconf 82' lang='lat' dir='ltr'><strong>Itaque</strong></span> <span class='ocrx_word' id='word_1_520' title='bbox 2285 504 2410 570; x_wconf 80' lang='lat' dir='ltr'><strong>iam,</strong></span> <span class='ocrx_word' id='word_1_521' title='bbox 2439 502 2627 572; x_wconf 90' lang='lat' dir='ltr'><strong>inquit,</strong></span> <span class='ocrx_word' id='word_1_522' title='bbox 2661 517 2761 556; x_wconf 89' lang='lat' dir='ltr'><strong>non</strong></span> <span class='ocrx_word' id='word_1_523' title='bbox 2792 509 2862 557; x_wconf 83' lang='lat' dir='ltr'><strong>est</strong></span> <span class='ocrx_word' id='word_1_524' title='bbox 2886 518 3081 570; x_wconf 85' lang='lat' dir='ltr'><strong>servus,</strong></span> <span class='ocrx_word' id='word_1_525' title='bbox 3115 503 3205 558; x_wconf 83' lang='lat' dir='ltr'><strong>sed</strong></span> <span class='ocrx_word' id='word_1_526' title='bbox 3225 504 3400 573; x_wconf 74' lang='lat' dir='ltr'><strong>ﬁlius;</strong></span> <span class='ocrx_word' id='word_1_527' title='bbox 3422 505 3465 559; x_wconf 85' lang='lat' dir='ltr'><strong>si</strong></span> <span class='ocrx_word' id='word_1_528' title='bbox 3490 515 3658 560; x_wconf 84' lang='lat' dir='ltr'><strong>autem</strong></span> 
     </span>
    </p>
   </div>
   <div class='ocr_carea' id='block_1_64' title="bbox 2073 593 3657 666">
    <p class='ocr_par' dir='ltr' id='par_1_64' title="bbox 2073 593 3657 666">
     <span class='ocr_line' id='line_1_64' title="bbox 2073 593 3657 666; baseline 0.005 -21"><span class='ocrx_word' id='word_1_529' title='bbox 2073 593 2230 661; x_wconf 79' lang='lat' dir='ltr'><strong>ﬁlius,</strong></span> <span class='ocrx_word' id='word_1_530' title='bbox 2261 602 2311 647; x_wconf 92' lang='lat' dir='ltr'><strong>et</strong></span> <span class='ocrx_word' id='word_1_531' title='bbox 2340 594 2497 647; x_wconf 76' lang='lat' dir='ltr'><strong>[iteres</strong></span> <span class='ocrx_word' id='word_1_532' title='bbox 2523 610 2612 662; x_wconf 84' lang='lat' dir='ltr'><strong>per</strong></span> <span class='ocrx_word' id='word_1_533' title='bbox 2639 593 2801 647; x_wconf 88' lang='lat' dir='ltr'><strong>Deum</strong></span> <span class='ocrx_word' id='word_1_534' title='bbox 2828 593 3037 664; x_wconf 82' lang='lat' dir='ltr'><strong>(Galat.</strong></span> <span class='ocrx_word' id='word_1_535' title='bbox 3070 610 3143 659; x_wconf 82' lang='lat' dir='ltr'><strong>tv,</strong></span> <span class='ocrx_word' id='word_1_536' title='bbox 3176 594 3253 666; x_wconf 90' lang='lat'><strong>7).</strong></span> <span class='ocrx_word' id='word_1_537' title='bbox 3288 596 3490 665; x_wconf 88' lang='lat' dir='ltr'><strong>Populo</strong></span> <span class='ocrx_word' id='word_1_538' title='bbox 3514 598 3657 654; x_wconf 79' lang='lat' dir='ltr'><strong>dice-</strong></span> 
     </span>
    </p>
   </div>
   <div class='ocr_carea' id='block_1_65' title="bbox 2073 683 3658 755">
    <p class='ocr_par' dir='ltr' id='par_1_65' title="bbox 2073 683 3658 755">
     <span class='ocr_line' id='line_1_65' title="bbox 2073 683 3658 755; baseline 0.006 -18"><span class='ocrx_word' id='word_1_539' title='bbox 2073 683 2183 749; x_wconf 87' lang='lat' dir='ltr'><strong>bat,</strong></span> <span class='ocrx_word' id='word_1_540' title='bbox 2217 683 2458 739; x_wconf 90' lang='lat' dir='ltr'><strong>ﬁdelibus</strong></span> <span class='ocrx_word' id='word_1_541' title='bbox 2486 685 2716 740; x_wconf 91' lang='lat' dir='ltr'><strong>dicebat.</strong></span> <span class='ocrx_word' id='word_1_542' title='bbox 2739 685 2856 741; x_wconf 82' lang='lat' dir='ltr'><strong>Jam</strong></span> <span class='ocrx_word' id='word_1_543' title='bbox 2878 701 3004 755; x_wconf 90' lang='lat' dir='ltr'><strong>ergo</strong></span> <span class='ocrx_word' id='word_1_544' title='bbox 3029 686 3080 740; x_wconf 93' lang='lat' dir='ltr'><strong>in</strong></span> <span class='ocrx_word' id='word_1_545' title='bbox 3103 688 3316 742; x_wconf 89' lang='lat' dir='ltr'><strong>nomine</strong></span> <span class='ocrx_word' id='word_1_546' title='bbox 3338 690 3545 744; x_wconf 91' lang='lat' dir='ltr'><strong>Domini</strong></span> <span class='ocrx_word' id='word_1_547' title='bbox 3572 706 3658 746; x_wconf 85' lang='lat' dir='ltr'><strong>re-</strong></span> 
     </span>
    </p>
   </div>
   <div class='ocr_carea' id='block_1_66' title="bbox 2073 772 3654 848">
    <p class='ocr_par' dir='ltr' id='par_1_66' title="bbox 2073 772 3654 848">
     <span class='ocr_line' id='line_1_66' title="bbox 2073 772 3654 848; baseline 0.006 -21"><span class='ocrx_word' id='word_1_548' title='bbox 2073 772 2273 843; x_wconf 83' lang='lat' dir='ltr'><strong>dempti</strong></span> <span class='ocrx_word' id='word_1_549' title='bbox 2293 776 2551 845; x_wconf 84' lang='lat' dir='ltr'><strong>sanguine</strong></span> <span class='ocrx_word' id='word_1_550' title='bbox 2574 777 2758 845; x_wconf 88' lang='lat' dir='ltr'><strong>ipsius,</strong></span> <span class='ocrx_word' id='word_1_551' title='bbox 2782 776 2877 831; x_wconf 90' lang='lat' dir='ltr'><strong>loti</strong></span> <span class='ocrx_word' id='word_1_552' title='bbox 2894 778 3103 832; x_wconf 89' lang='lat' dir='ltr'><strong>lavacro</strong></span> <span class='ocrx_word' id='word_1_553' title='bbox 3125 778 3310 848; x_wconf 90' lang='lat' dir='ltr'><strong>ipsius,</strong></span> <span class='ocrx_word' id='word_1_554' title='bbox 3331 778 3423 833; x_wconf 88' lang='lat' dir='ltr'><strong>ﬁlii</strong></span> <span class='ocrx_word' id='word_1_555' title='bbox 3449 796 3654 845; x_wconf 88' lang='lat' dir='ltr'><strong>sumus,</strong></span> 
     </span>
    </p>
   </div>
   <div class='ocr_carea' id='block_1_67' title="bbox 2073 864 3659 938">
    <p class='ocr_par' dir='ltr' id='par_1_67' title="bbox 2073 864 3659 938">
     <span class='ocr_line' id='line_1_67' title="bbox 2073 864 3659 938; baseline 0.006 -19"><span class='ocrx_word' id='word_1_556' title='bbox 2073 864 2213 921; x_wconf 86' lang='lat' dir='ltr'><strong>ﬁlius</strong></span> <span class='ocrx_word' id='word_1_557' title='bbox 2256 881 2471 933; x_wconf 92' lang='lat' dir='ltr'><strong>sumus;</strong></span> <span class='ocrx_word' id='word_1_558' title='bbox 2520 870 2640 938; x_wconf 91' lang='lat' dir='ltr'><strong>quia</strong></span> <span class='ocrx_word' id='word_1_559' title='bbox 2679 869 2755 923; x_wconf 90' lang='lat' dir='ltr'><strong>sic</strong></span> <span class='ocrx_word' id='word_1_560' title='bbox 2791 870 2939 923; x_wconf 92' lang='lat' dir='ltr'><strong>multi</strong></span> <span class='ocrx_word' id='word_1_561' title='bbox 2971 885 3187 935; x_wconf 80' lang='lat' dir='ltr'><strong>sumus,</strong></span> <span class='ocrx_word' id='word_1_562' title='bbox 3222 880 3280 925; x_wconf 94' lang='lat' dir='ltr'><strong>ut</strong></span> <span class='ocrx_word' id='word_1_563' title='bbox 3313 871 3365 925; x_wconf 92' lang='lat' dir='ltr'><strong>in</strong></span> <span class='ocrx_word' id='word_1_564' title='bbox 3400 872 3489 926; x_wconf 81' lang='lat' dir='ltr'><strong>illo</strong></span> <span class='ocrx_word' id='word_1_565' title='bbox 3519 889 3659 930; x_wconf 89' lang='lat' dir='ltr'><strong>unus</strong></span> 
     </span>
    </p>
   </div>
   <div class='ocr_carea' id='block_1_68' title="bbox 2073 960 3656 1035">
    <p class='ocr_par' dir='ltr' id='par_1_68' title="bbox 2073 960 3656 1035">
     <span class='ocr_line' id='line_1_68' title="bbox 2073 960 3656 1035; baseline 0.004 -19"><span class='ocrx_word' id='word_1_566' title='bbox 2073 961 2260 1016; x_wconf 83' lang='lat' dir='ltr'><strong>simus.</strong></span> <span class='ocrx_word' id='word_1_567' title='bbox 2285 960 2421 1029; x_wconf 90' lang='lat' dir='ltr'><strong>Quid</strong></span> <span class='ocrx_word' id='word_1_568' title='bbox 2446 977 2574 1031; x_wconf 87' lang='lat' dir='ltr'><strong>ergo</strong></span> <span class='ocrx_word' id='word_1_569' title='bbox 2590 962 2689 1016; x_wconf 91' lang='lat' dir='ltr'><strong>sibi</strong></span> <span class='ocrx_word' id='word_1_570' title='bbox 2711 963 2842 1029; x_wconf 87' lang='lat' dir='ltr'><strong>vult,</strong></span> <span class='ocrx_word' id='word_1_571' title='bbox 2864 963 3004 1032; x_wconf 91' lang='lat' dir='ltr'><strong>quod</strong></span> <span class='ocrx_word' id='word_1_572' title='bbox 3034 964 3207 1019; x_wconf 88' lang='lat' dir='ltr'><strong>adhuc</strong></span> <span class='ocrx_word' id='word_1_573' title='bbox 3237 974 3484 1035; x_wconf 88' lang='lat' dir='ltr'><strong>tanquam</strong></span> <span class='ocrx_word' id='word_1_574' title='bbox 3513 967 3656 1022; x_wconf 85' lang='lat' dir='ltr'><strong>servi</strong></span> 
     </span>
    </p>
   </div>
   <div class='ocr_carea' id='block_1_69' title="bbox 2074 1050 3656 1126">
    <p class='ocr_par' dir='ltr' id='par_1_69' title="bbox 2074 1050 3656 1126">
     <span class='ocr_line' id='line_1_69' title="bbox 2074 1050 3656 1126; baseline 0.004 -21"><span class='ocrx_word' id='word_1_575' title='bbox 2074 1050 2373 1122; x_wconf 87' lang='lat' dir='ltr'><strong>loquimur?</strong></span> <span class='ocrx_word' id='word_1_576' title='bbox 2402 1052 2664 1122; x_wconf 89' lang='lat' dir='ltr'><strong>Numquid</strong></span> <span class='ocrx_word' id='word_1_577' title='bbox 2707 1061 2908 1108; x_wconf 88' lang='lat' dir='ltr'><strong>tantum</strong></span> <span class='ocrx_word' id='word_1_578' title='bbox 2953 1055 3199 1109; x_wconf 88' lang='lat' dir='ltr'><strong>meritum</strong></span> <span class='ocrx_word' id='word_1_579' title='bbox 3241 1054 3441 1111; x_wconf 89' lang='lat' dir='ltr'><strong>habere</strong></span> <span class='ocrx_word' id='word_1_580' title='bbox 3468 1072 3656 1126; x_wconf 86' lang='lat' dir='ltr'><strong>possu-</strong></span> 
     </span>
    </p>
   </div>
   <div class='ocr_carea' id='block_1_70' title="bbox 2071 1142 3654 1216">
    <p class='ocr_par' dir='ltr' id='par_1_70' title="bbox 2071 1142 3654 1216">
     <span class='ocr_line' id='line_1_70' title="bbox 2071 1142 3654 1216; baseline 0.005 -20"><span class='ocrx_word' id='word_1_581' title='bbox 2071 1157 2191 1197; x_wconf 91' lang='lat' dir='ltr'><strong>mus</strong></span> <span class='ocrx_word' id='word_1_582' title='bbox 2229 1142 2284 1196; x_wconf 89' lang='lat' dir='ltr'><strong>in</strong></span> <span class='ocrx_word' id='word_1_583' title='bbox 2329 1143 2591 1210; x_wconf 84' lang='lat' dir='ltr'><strong>Ecclesia,</strong></span> <span class='ocrx_word' id='word_1_584' title='bbox 2638 1146 2880 1213; x_wconf 90' lang='lat' dir='ltr'><strong>quamvis</strong></span> <span class='ocrx_word' id='word_1_585' title='bbox 2911 1144 3023 1214; x_wconf 89' lang='lat' dir='ltr'><strong>jam</strong></span> <span class='ocrx_word' id='word_1_586' title='bbox 3068 1146 3159 1199; x_wconf 91' lang='lat' dir='ltr'><strong>ﬁlii</strong></span> <span class='ocrx_word' id='word_1_587' title='bbox 3199 1146 3320 1202; x_wconf 90' lang='lat' dir='ltr'><strong>facti</strong></span> <span class='ocrx_word' id='word_1_588' title='bbox 3355 1163 3420 1202; x_wconf 78' lang='lat' dir='ltr'><strong>ex</strong></span> <span class='ocrx_word' id='word_1_589' title='bbox 3464 1151 3654 1216; x_wconf 88' lang='lat' dir='ltr'><strong>servis,</strong></span> 
     </span>
    </p>
   </div>
   <div class='ocr_carea' id='block_1_71' title="bbox 2071 1236 3656 1313">
    <p class='ocr_par' dir='ltr' id='par_1_71' title="bbox 2071 1236 3656 1313">
     <span class='ocr_line' id='line_1_71' title="bbox 2071 1236 3656 1313; baseline 0.006 -24"><span class='ocrx_word' id='word_1_590' title='bbox 2071 1243 2324 1307; x_wconf 88' lang='lat' dir='ltr'><strong>quantum</strong></span> <span class='ocrx_word' id='word_1_591' title='bbox 2356 1236 2536 1291; x_wconf 87' lang='lat' dir='ltr'><strong>habuit</strong></span> <span class='ocrx_word' id='word_1_592' title='bbox 2558 1238 2669 1306; x_wconf 90' lang='lat' dir='ltr'><strong>ipse</strong></span> <span class='ocrx_word' id='word_1_593' title='bbox 2690 1238 2962 1307; x_wconf 89' lang='lat' dir='ltr'><strong>apostolus</strong></span> <span class='ocrx_word' id='word_1_594' title='bbox 2983 1238 3217 1294; x_wconf 85' lang='lat' dir='ltr'><strong>Paulus?</strong></span> <span class='ocrx_word' id='word_1_595' title='bbox 3248 1241 3313 1294; x_wconf 86' lang='lat' dir='ltr'><strong>Et</strong></span> <span class='ocrx_word' id='word_1_596' title='bbox 3334 1249 3508 1296; x_wconf 91' lang='lat' dir='ltr'><strong>tamen</strong></span> <span class='ocrx_word' id='word_1_597' title='bbox 3529 1242 3656 1313; x_wconf 89' lang='lat' dir='ltr'><strong>quid</strong></span> 
     </span>
    </p>
   </div>
   <div class='ocr_carea' id='block_1_72' title="bbox 2071 1324 3654 1401">
    <p class='ocr_par' dir='ltr' id='par_1_72' title="bbox 2071 1324 3654 1401">
     <span class='ocr_line' id='line_1_72' title="bbox 2071 1324 3654 1401; baseline 0.004 -20"><span class='ocrx_word' id='word_1_598' title='bbox 2071 1324 2198 1381; x_wconf 89' lang='lat' dir='ltr'><strong>dicit</strong></span> <span class='ocrx_word' id='word_1_599' title='bbox 2223 1327 2274 1381; x_wconf 91' lang='lat' dir='ltr'><strong>in</strong></span> <span class='ocrx_word' id='word_1_600' title='bbox 2302 1326 2566 1396; x_wconf 85' lang='lat' dir='ltr'><strong>Epistola?</strong></span> <span class='ocrx_word' id='word_1_601' title='bbox 2599 1327 2797 1380; x_wconf 85' lang='lat' dir='ltr'><strong>Paulus</strong></span> <span class='ocrx_word' id='word_1_602' title='bbox 2822 1344 2991 1382; x_wconf 82' lang='lat' dir='ltr'><strong>seruus</strong></span> <span class='ocrx_word' id='word_1_603' title='bbox 3015 1329 3203 1383; x_wconf 81' lang='lat' dir='ltr'><strong>Christi</strong></span> <span class='ocrx_word' id='word_1_604' title='bbox 3226 1328 3350 1384; x_wconf 74' lang='lat' dir='ltr'><strong>Iesu</strong></span> <span class='ocrx_word' id='word_1_605' title='bbox 3381 1331 3568 1401; x_wconf 84' lang='lat' dir='ltr'><strong>(Rom.</strong></span> <span class='ocrx_word' id='word_1_606' title='bbox 3601 1349 3654 1397; x_wconf 88' lang='lat' dir='ltr'><strong>t,</strong></span> 
     </span>
    </p>
   </div>
   <div class='ocr_carea' id='block_1_73' title="bbox 2072 1416 3659 1490">
    <p class='ocr_par' dir='ltr' id='par_1_73' title="bbox 2072 1416 3659 1490">
     <span class='ocr_line' id='line_1_73' title="bbox 2072 1416 3659 1490; baseline 0.003 -17"><span class='ocrx_word' id='word_1_607' title='bbox 2072 1418 2148 1488; x_wconf 78' lang='lat' dir='ltr'><strong>i).</strong></span> <span class='ocrx_word' id='word_1_608' title='bbox 2192 1416 2248 1472; x_wconf 92' lang='lat' dir='ltr'><strong>Si</strong></span> <span class='ocrx_word' id='word_1_609' title='bbox 2279 1418 2366 1472; x_wconf 91' lang='lat' dir='ltr'><strong>ille</strong></span> <span class='ocrx_word' id='word_1_610' title='bbox 2402 1433 2460 1472; x_wconf 92' lang='lat' dir='ltr'><strong>se</strong></span> <span class='ocrx_word' id='word_1_611' title='bbox 2507 1418 2684 1472; x_wconf 91' lang='lat' dir='ltr'><strong>adhuc</strong></span> <span class='ocrx_word' id='word_1_612' title='bbox 2725 1418 2851 1473; x_wconf 90' lang='lat' dir='ltr'><strong>dicit</strong></span> <span class='ocrx_word' id='word_1_613' title='bbox 2894 1434 3125 1487; x_wconf 90' lang='lat' dir='ltr'><strong>servum,</strong></span> <span class='ocrx_word' id='word_1_614' title='bbox 3171 1435 3266 1489; x_wconf 90' lang='lat' dir='ltr'><strong>per</strong></span> <span class='ocrx_word' id='word_1_615' title='bbox 3301 1436 3458 1490; x_wconf 88' lang='lat' dir='ltr'><strong>quem</strong></span> <span class='ocrx_word' id='word_1_616' title='bbox 3504 1423 3659 1477; x_wconf 88' lang='lat' dir='ltr'><strong>nobis</strong></span> 
     </span>
    </p>
   </div>
   <div class='ocr_carea' id='block_1_74' title="bbox 2072 1510 3657 1583">
    <p class='ocr_par' dir='ltr' id='par_1_74' title="bbox 2072 1510 3657 1583">
     <span class='ocr_line' id='line_1_74' title="bbox 2072 1510 3657 1583; baseline 0.005 -20"><span class='ocrx_word' id='word_1_617' title='bbox 2072 1510 2412 1579; x_wconf 88' lang='lat' dir='ltr'><strong>Evangelium</strong></span> <span class='ocrx_word' id='word_1_618' title='bbox 2441 1510 2783 1579; x_wconf 66' lang='lat' dir='ltr'><strong>praedicatum</strong></span> <span class='ocrx_word' id='word_1_619' title='bbox 2810 1518 2919 1576; x_wconf 89' lang='lat' dir='ltr'><strong>est;</strong></span> <span class='ocrx_word' id='word_1_620' title='bbox 2947 1521 3145 1581; x_wconf 91' lang='lat' dir='ltr'><strong>quanto</strong></span> <span class='ocrx_word' id='word_1_621' title='bbox 3174 1514 3342 1583; x_wconf 87' lang='lat' dir='ltr'><strong>magis</strong></span> <span class='ocrx_word' id='word_1_622' title='bbox 3368 1530 3466 1570; x_wconf 90' lang='lat' dir='ltr'><strong>nos</strong></span> <span class='ocrx_word' id='word_1_623' title='bbox 3494 1514 3657 1572; x_wconf 91' lang='lat' dir='ltr'><strong>debe-</strong></span> 
     </span>
    </p>
   </div>
   <div class='ocr_carea' id='block_1_75' title="bbox 2072 1603 3655 1675">
    <p class='ocr_par' dir='ltr' id='par_1_75' title="bbox 2072 1603 3655 1675">
     <span class='ocr_line' id='line_1_75' title="bbox 2072 1603 3655 1675; baseline 0.005 -20"><span class='ocrx_word' id='word_1_624' title='bbox 2072 1617 2191 1656; x_wconf 92' lang='lat' dir='ltr'><strong>mus</strong></span> <span class='ocrx_word' id='word_1_625' title='bbox 2210 1617 2501 1673; x_wconf 81' lang='lat' dir='ltr'><strong>agnoscere</strong></span> <span class='ocrx_word' id='word_1_626' title='bbox 2529 1603 2889 1658; x_wconf 90' lang='lat' dir='ltr'><strong>conditionem</strong></span> <span class='ocrx_word' id='word_1_627' title='bbox 2930 1612 3195 1669; x_wconf 91' lang='lat' dir='ltr'><strong>nostram,</strong></span> <span class='ocrx_word' id='word_1_628' title='bbox 3227 1614 3283 1659; x_wconf 93' lang='lat' dir='ltr'><strong>ut</strong></span> <span class='ocrx_word' id='word_1_629' title='bbox 3313 1607 3483 1675; x_wconf 86' lang='lat' dir='ltr'><strong>major</strong></span> <span class='ocrx_word' id='word_1_630' title='bbox 3501 1610 3571 1663; x_wconf 93' lang='lat' dir='ltr'><strong>sit</strong></span> <span class='ocrx_word' id='word_1_631' title='bbox 3602 1609 3655 1663; x_wconf 93' lang='lat' dir='ltr'><strong>in</strong></span> 
     </span>
    </p>
   </div>
   <div class='ocr_carea' id='block_1_76' title="bbox 2071 1694 3656 1771">
    <p class='ocr_par' dir='ltr' id='par_1_76' title="bbox 2071 1694 3656 1771">
     <span class='ocr_line' id='line_1_76' title="bbox 2071 1694 3656 1771; baseline 0.006 -24"><span class='ocrx_word' id='word_1_632' title='bbox 2071 1694 2225 1748; x_wconf 93' lang='lat' dir='ltr'><strong>nobis</strong></span> <span class='ocrx_word' id='word_1_633' title='bbox 2250 1696 2419 1765; x_wconf 82' lang='lat' dir='ltr'><strong>gratia</strong></span> <span class='ocrx_word' id='word_1_634' title='bbox 2442 1695 2647 1765; x_wconf 87' lang='lat' dir='ltr'><strong>ipsius?</strong></span> <span class='ocrx_word' id='word_1_635' title='bbox 2676 1695 2855 1749; x_wconf 88' lang='lat' dir='ltr'><strong>Primo</strong></span> <span class='ocrx_word' id='word_1_636' title='bbox 2876 1697 3016 1751; x_wconf 91' lang='lat' dir='ltr'><strong>enim</strong></span> <span class='ocrx_word' id='word_1_637' title='bbox 3040 1711 3223 1752; x_wconf 88' lang='lat' dir='ltr'><strong>servos</strong></span> <span class='ocrx_word' id='word_1_638' title='bbox 3247 1698 3392 1765; x_wconf 89' lang='lat' dir='ltr'><strong>fecit,</strong></span> <span class='ocrx_word' id='word_1_639' title='bbox 3418 1715 3552 1771; x_wconf 85' lang='lat' dir='ltr'><strong>quos</strong></span> <span class='ocrx_word' id='word_1_640' title='bbox 3579 1717 3656 1757; x_wconf 85' lang='lat' dir='ltr'><strong>re-</strong></span> 
     </span>
    </p>
   </div>
   <div class='ocr_carea' id='block_1_77' title="bbox 2071 1785 3657 1862">
    <p class='ocr_par' dir='ltr' id='par_1_77' title="bbox 2071 1785 3657 1862">
     <span class='ocr_line' id='line_1_77' title="bbox 2071 1785 3657 1862; baseline 0.004 -21"><span class='ocrx_word' id='word_1_641' title='bbox 2071 1785 2255 1841; x_wconf 91' lang='lat' dir='ltr'><strong>demit.</strong></span> <span class='ocrx_word' id='word_1_642' title='bbox 2288 1786 2512 1856; x_wconf 86' lang='lat' dir='ltr'><strong>Sanguis</strong></span> <span class='ocrx_word' id='word_1_643' title='bbox 2538 1788 2679 1842; x_wconf 89' lang='lat' dir='ltr'><strong>enim</strong></span> <span class='ocrx_word' id='word_1_644' title='bbox 2712 1787 2804 1842; x_wconf 89' lang='lat' dir='ltr'><strong>ille</strong></span> <span class='ocrx_word' id='word_1_645' title='bbox 2837 1804 2933 1857; x_wconf 92' lang='lat' dir='ltr'><strong>pro</strong></span> <span class='ocrx_word' id='word_1_646' title='bbox 2962 1792 3130 1844; x_wconf 89' lang='lat' dir='ltr'><strong>servis</strong></span> <span class='ocrx_word' id='word_1_647' title='bbox 3158 1792 3382 1859; x_wconf 89' lang='lat' dir='ltr'><strong>pretium</strong></span> <span class='ocrx_word' id='word_1_648' title='bbox 3410 1801 3490 1846; x_wconf 91' lang='lat' dir='ltr'><strong>est</strong></span> <span class='ocrx_word' id='word_1_649' title='bbox 3509 1834 3525 1859; x_wconf 89' lang='lat'><strong>,</strong></span> <span class='ocrx_word' id='word_1_650' title='bbox 3558 1808 3657 1862; x_wconf 86' lang='lat' dir='ltr'><strong>pro</strong></span> 
     </span>
    </p>
   </div>
   <div class='ocr_carea' id='block_1_78' title="bbox 2072 1877 3655 1950">
    <p class='ocr_par' dir='ltr' id='par_1_78' title="bbox 2072 1877 3655 1950">
     <span class='ocr_line' id='line_1_78' title="bbox 2072 1877 3655 1950; baseline 0.004 -19"><span class='ocrx_word' id='word_1_651' title='bbox 2072 1890 2266 1946; x_wconf 89' lang='lat' dir='ltr'><strong>sponsa</strong></span> <span class='ocrx_word' id='word_1_652' title='bbox 2307 1877 2494 1947; x_wconf 84' lang='lat' dir='ltr'><strong>pignus</strong></span> <span class='ocrx_word' id='word_1_653' title='bbox 2528 1886 2630 1933; x_wconf 89' lang='lat' dir='ltr'><strong>est.</strong></span> <span class='ocrx_word' id='word_1_654' title='bbox 2670 1879 3033 1948; x_wconf 83' lang='lat' dir='ltr'><strong>Agnoscentes</strong></span> <span class='ocrx_word' id='word_1_655' title='bbox 3075 1880 3253 1950; x_wconf 91' lang='lat' dir='ltr'><strong>itaque</strong></span> <span class='ocrx_word' id='word_1_656' title='bbox 3295 1880 3655 1937; x_wconf 81' lang='lat' dir='ltr'><strong>conditionem</strong></span> 
     </span>
    </p>
   </div>
   <div class='ocr_carea' id='block_1_79' title="bbox 2074 1969 3659 2043">
    <p class='ocr_par' dir='ltr' id='par_1_79' title="bbox 2074 1969 3659 2043">
     <span class='ocr_line' id='line_1_79' title="bbox 2074 1969 3659 2043; baseline 0.003 -21"><span class='ocrx_word' id='word_1_657' title='bbox 2074 1977 2330 2034; x_wconf 90' lang='lat' dir='ltr'><strong>nostram,</strong></span> <span class='ocrx_word' id='word_1_658' title='bbox 2359 1969 2460 2024; x_wconf 89' lang='lat' dir='ltr'><strong>etsi</strong></span> <span class='ocrx_word' id='word_1_659' title='bbox 2482 1971 2590 2038; x_wconf 87' lang='lat' dir='ltr'><strong>jam</strong></span> <span class='ocrx_word' id='word_1_660' title='bbox 2615 1969 2704 2023; x_wconf 87' lang='lat' dir='ltr'><strong>ﬁlii</strong></span> <span class='ocrx_word' id='word_1_661' title='bbox 2729 1985 2826 2040; x_wconf 90' lang='lat' dir='ltr'><strong>per</strong></span> <span class='ocrx_word' id='word_1_662' title='bbox 2852 1971 3074 2040; x_wconf 87' lang='lat' dir='ltr'><strong>gratiam</strong></span> <span class='ocrx_word' id='word_1_663' title='bbox 3097 2013 3111 2037; x_wconf 92' lang='lat'><strong>,</strong></span> <span class='ocrx_word' id='word_1_664' title='bbox 3148 1972 3287 2026; x_wconf 89' lang='lat' dir='ltr'><strong>servi</strong></span> <span class='ocrx_word' id='word_1_665' title='bbox 3323 1980 3497 2029; x_wconf 87' lang='lat' dir='ltr'><strong>tamen</strong></span> <span class='ocrx_word' id='word_1_666' title='bbox 3534 1987 3659 2043; x_wconf 89' lang='lat' dir='ltr'><strong>pro-</strong></span> 
     </span>
    </p>
   </div>
   <div class='ocr_carea' id='block_1_80' title="bbox 2072 2062 3656 2133">
    <p class='ocr_par' dir='ltr' id='par_1_80' title="bbox 2072 2062 3656 2133">
     <span class='ocr_line' id='line_1_80' title="bbox 2072 2062 3656 2133; baseline 0.004 -20"><span class='ocrx_word' id='word_1_667' title='bbox 2072 2068 2191 2129; x_wconf 87' lang='lat' dir='ltr'><strong>pter</strong></span> <span class='ocrx_word' id='word_1_668' title='bbox 2229 2068 2547 2123; x_wconf 89' lang='lat' dir='ltr'><strong>creaturam,</strong></span> <span class='ocrx_word' id='word_1_669' title='bbox 2592 2062 2716 2131; x_wconf 89' lang='lat' dir='ltr'><strong>quia</strong></span> <span class='ocrx_word' id='word_1_670' title='bbox 2758 2062 3005 2117; x_wconf 87' lang='lat' dir='ltr'><strong>universa</strong></span> <span class='ocrx_word' id='word_1_671' title='bbox 3050 2072 3294 2118; x_wconf 88' lang='lat' dir='ltr'><strong>creatura</strong></span> <span class='ocrx_word' id='word_1_672' title='bbox 3338 2064 3447 2119; x_wconf 92' lang='lat' dir='ltr'><strong>Deo</strong></span> <span class='ocrx_word' id='word_1_673' title='bbox 3470 2067 3656 2133; x_wconf 82' lang='lat' dir='ltr'><strong>servit,</strong></span> 
     </span>
    </p>
   </div>
   <div class='ocr_carea' id='block_1_81' title="bbox 2072 2151 3656 2212">
    <p class='ocr_par' dir='ltr' id='par_1_81' title="bbox 2072 2151 3656 2212">
     <span class='ocr_line' id='line_1_81' title="bbox 2072 2151 3656 2212; baseline 0.004 -6"><span class='ocrx_word' id='word_1_674' title='bbox 2072 2151 2337 2209; x_wconf 89' lang='lat' dir='ltr'><strong>dicamus:</strong></span> <span class='ocrx_word' id='word_1_675' title='bbox 2360 2171 2379 2205; x_wconf 84' lang='grc'><strong>‹</strong></span> <span class='ocrx_word' id='word_1_676' title='bbox 2404 2154 2554 2208; x_wconf 89' lang='lat' dir='ltr'><strong>Sicut</strong></span> <span class='ocrx_word' id='word_1_677' title='bbox 2574 2155 2715 2209; x_wconf 91' lang='lat' dir='ltr'><strong>oculi</strong></span> <span class='ocrx_word' id='word_1_678' title='bbox 2738 2170 3013 2210; x_wconf 77' lang='lat' dir='ltr'><strong>servorum</strong></span> <span class='ocrx_word' id='word_1_679' title='bbox 3037 2157 3087 2209; x_wconf 91' lang='lat' dir='ltr'><strong>in</strong></span> <span class='ocrx_word' id='word_1_680' title='bbox 3111 2171 3296 2210; x_wconf 91' lang='lat' dir='ltr'><strong>manus</strong></span> <span class='ocrx_word' id='word_1_681' title='bbox 3319 2156 3656 2212; x_wconf 84' lang='lat' dir='ltr'><strong>dominorum</strong></span> 
     </span>
    </p>
   </div>
   <div class='ocr_carea' id='block_1_82' title="bbox 2072 2246 3655 2312">
    <p class='ocr_par' dir='ltr' id='par_1_82' title="bbox 2072 2246 3655 2312">
     <span class='ocr_line' id='line_1_82' title="bbox 2072 2246 3655 2312; baseline 0.003 -15"><span class='ocrx_word' id='word_1_682' title='bbox 2072 2258 2309 2312; x_wconf 89' lang='lat' dir='ltr'><strong>suorum,</strong></span> <span class='ocrx_word' id='word_1_683' title='bbox 2338 2252 2392 2299; x_wconf 87' lang='lat' dir='ltr'><strong>et</strong></span> <span class='ocrx_word' id='word_1_684' title='bbox 2416 2246 2554 2300; x_wconf 90' lang='lat' dir='ltr'><strong>sicut</strong></span> <span class='ocrx_word' id='word_1_685' title='bbox 2579 2246 2717 2300; x_wconf 92' lang='lat' dir='ltr'><strong>oculi</strong></span> <span class='ocrx_word' id='word_1_686' title='bbox 2744 2247 2948 2301; x_wconf 73' lang='lat' dir='ltr'><strong>ancilla:</strong></span> <span class='ocrx_word' id='word_1_687' title='bbox 2971 2250 3024 2301; x_wconf 91' lang='lat' dir='ltr'><strong>in</strong></span> <span class='ocrx_word' id='word_1_688' title='bbox 3048 2263 3235 2302; x_wconf 86' lang='lat' dir='ltr'><strong>manus</strong></span> <span class='ocrx_word' id='word_1_689' title='bbox 3254 2247 3483 2302; x_wconf 71' lang='lat' dir='ltr'><strong>domina:</strong></span> <span class='ocrx_word' id='word_1_690' title='bbox 3507 2265 3655 2303; x_wconf 71' lang='lat' dir='ltr'><strong>sum:</strong></span> 
     </span>
    </p>
   </div>
   <div class='ocr_carea' id='block_1_83' title="bbox 2074 2333 3658 2409">
    <p class='ocr_par' dir='ltr' id='par_1_83' title="bbox 2074 2333 3658 2409">
     <span class='ocr_line' id='line_1_83' title="bbox 2074 2333 3658 2409; baseline 0.004 -21"><span class='ocrx_word' id='word_1_691' title='bbox 2074 2333 2151 2389; x_wconf 91' lang='lat' dir='ltr'><strong>sic</strong></span> <span class='ocrx_word' id='word_1_692' title='bbox 2176 2335 2315 2389; x_wconf 92' lang='lat' dir='ltr'><strong>oculi</strong></span> <span class='ocrx_word' id='word_1_693' title='bbox 2344 2335 2513 2390; x_wconf 91' lang='lat' dir='ltr'><strong>nostri</strong></span> <span class='ocrx_word' id='word_1_694' title='bbox 2550 2335 2619 2391; x_wconf 89' lang='lat' dir='ltr'><strong>ad</strong></span> <span class='ocrx_word' id='word_1_695' title='bbox 2654 2337 2934 2392; x_wconf 89' lang='lat' dir='ltr'><strong>Dominum</strong></span> <span class='ocrx_word' id='word_1_696' title='bbox 2959 2338 3123 2393; x_wconf 91' lang='lat' dir='ltr'><strong>Deum</strong></span> <span class='ocrx_word' id='word_1_697' title='bbox 3156 2347 3416 2405; x_wconf 89' lang='lat' dir='ltr'><strong>nostrum,</strong></span> <span class='ocrx_word' id='word_1_698' title='bbox 3455 2338 3658 2409; x_wconf 86' lang='lat' dir='ltr'><strong>quoad-</strong></span> 
     </span>
    </p>
   </div>
   <div class='ocr_carea' id='block_1_84' title="bbox 2072 2428 2845 2498">
    <p class='ocr_par' dir='ltr' id='par_1_84' title="bbox 2072 2428 2845 2498">
     <span class='ocr_line' id='line_1_84' title="bbox 2072 2428 2845 2498; baseline -0.001 -16"><span class='ocrx_word' id='word_1_699' title='bbox 2072 2442 2241 2498; x_wconf 91' lang='lat' dir='ltr'><strong>usque</strong></span> <span class='ocrx_word' id='word_1_700' title='bbox 2261 2429 2583 2484; x_wconf 89' lang='lat' dir='ltr'><strong>misereatur</strong></span> <span class='ocrx_word' id='word_1_701' title='bbox 2607 2428 2796 2483; x_wconf 89' lang='lat' dir='ltr'><strong>nostri.</strong></span> <span class='ocrx_word' id='word_1_702' title='bbox 2825 2447 2845 2481; x_wconf 73' lang='grc' dir='ltr'><strong>ι</strong></span> 
     </span>
    </p>
   </div>
   <div class='ocr_carea' id='block_1_85' title="bbox 2148 2521 3659 2590">
    <p class='ocr_par' dir='ltr' id='par_1_85' title="bbox 2148 2521 3659 2590">
     <span class='ocr_line' id='line_1_85' title="bbox 2148 2521 3659 2590; baseline 0.002 -16"><span class='ocrx_word' id='word_1_703' title='bbox 2148 2521 2200 2574; x_wconf 88' lang='grc'><strong>6.</strong></span> <span class='ocrx_word' id='word_1_704' title='bbox 2231 2521 2371 2575; x_wconf 83' lang='lat' dir='ltr'><strong>Dixit</strong></span> <span class='ocrx_word' id='word_1_705' title='bbox 2386 2531 2439 2576; x_wconf 91' lang='lat' dir='ltr'><strong>et</strong></span> <span class='ocrx_word' id='word_1_706' title='bbox 2459 2536 2644 2590; x_wconf 90' lang='lat' dir='ltr'><strong>quare,</strong></span> <span class='ocrx_word' id='word_1_707' title='bbox 2665 2521 2801 2575; x_wconf 88' lang='lat' dir='ltr'><strong>sicut</strong></span> <span class='ocrx_word' id='word_1_708' title='bbox 2820 2521 2956 2576; x_wconf 87' lang='lat' dir='ltr'><strong>servi</strong></span> <span class='ocrx_word' id='word_1_709' title='bbox 2975 2521 3160 2577; x_wconf 91' lang='lat' dir='ltr'><strong>oculos</strong></span> <span class='ocrx_word' id='word_1_710' title='bbox 3176 2521 3371 2577; x_wconf 89' lang='lat' dir='ltr'><strong>habent</strong></span> <span class='ocrx_word' id='word_1_711' title='bbox 3388 2521 3442 2577; x_wconf 88' lang='lat' dir='ltr'><strong>in</strong></span> <span class='ocrx_word' id='word_1_712' title='bbox 3469 2538 3659 2578; x_wconf 90' lang='lat' dir='ltr'><strong>manus</strong></span> 
     </span>
    </p>
   </div>
   <div class='ocr_carea' id='block_1_86' title="bbox 2074 2608 3656 2678">
    <p class='ocr_par' dir='ltr' id='par_1_86' title="bbox 2074 2608 3656 2678">
     <span class='ocr_line' id='line_1_86' title="bbox 2074 2608 3656 2678; baseline 0.002 -14"><span class='ocrx_word' id='word_1_713' title='bbox 2074 2608 2273 2664; x_wconf 88' lang='lat' dir='ltr'><strong>domini</strong></span> <span class='ocrx_word' id='word_1_714' title='bbox 2291 2611 2393 2678; x_wconf 91' lang='lat' dir='ltr'><strong>sui,</strong></span> <span class='ocrx_word' id='word_1_715' title='bbox 2418 2620 2472 2666; x_wconf 89' lang='lat' dir='ltr'><strong>et</strong></span> <span class='ocrx_word' id='word_1_716' title='bbox 2488 2613 2623 2667; x_wconf 90' lang='lat' dir='ltr'><strong>sicut</strong></span> <span class='ocrx_word' id='word_1_717' title='bbox 2643 2611 2847 2665; x_wconf 69' lang='lat' dir='ltr'><strong>ancilla:</strong></span> <span class='ocrx_word' id='word_1_718' title='bbox 2867 2612 3048 2666; x_wconf 87' lang='lat' dir='ltr'><strong>oculos</strong></span> <span class='ocrx_word' id='word_1_719' title='bbox 3065 2612 3258 2665; x_wconf 90' lang='lat' dir='ltr'><strong>habent</strong></span> <span class='ocrx_word' id='word_1_720' title='bbox 3275 2613 3327 2665; x_wconf 90' lang='lat' dir='ltr'><strong>in</strong></span> <span class='ocrx_word' id='word_1_721' title='bbox 3349 2627 3534 2666; x_wconf 91' lang='lat' dir='ltr'><strong>manus</strong></span> <span class='ocrx_word' id='word_1_722' title='bbox 3556 2613 3656 2667; x_wconf 86' lang='lat' dir='ltr'><strong>do-</strong></span> 
     </span>
    </p>
   </div>
   <div class='ocr_carea' id='block_1_87' title="bbox 2074 2690 3661 2773">
    <p class='ocr_par' dir='ltr' id='par_1_87' title="bbox 2074 2690 3661 2773">
     <span class='ocr_line' id='line_1_87' title="bbox 2074 2690 3661 2773; baseline 0.002 -17"><span class='ocrx_word' id='word_1_723' title='bbox 2074 2702 2230 2756; x_wconf 65' lang='lat' dir='ltr'><strong>mina:</strong></span> <span class='ocrx_word' id='word_1_724' title='bbox 2251 2717 2360 2756; x_wconf 66' lang='lat' dir='ltr'><strong>suae</strong></span> <span class='ocrx_word' id='word_1_725' title='bbox 2386 2719 2401 2766; x_wconf 95' lang='lat'><strong>;</strong></span> <span class='ocrx_word' id='word_1_726' title='bbox 2430 2702 2522 2769; x_wconf 86' lang='lat' dir='ltr'><strong>sic,</strong></span> <span class='ocrx_word' id='word_1_727' title='bbox 2544 2702 2731 2773; x_wconf 89' lang='lat' dir='ltr'><strong>inquit,</strong></span> <span class='ocrx_word' id='word_1_728' title='bbox 2760 2705 2893 2757; x_wconf 84' lang='lat' dir='ltr'><strong>oculi</strong></span> <span class='ocrx_word' id='word_1_729' title='bbox 2916 2705 3073 2758; x_wconf 85' lang='lat' dir='ltr'><strong>nostri</strong></span> <span class='ocrx_word' id='word_1_730' title='bbox 3102 2690 3175 2756; x_wconf 79' lang='lat' dir='ltr'><strong>ad</strong></span> <span class='ocrx_word' id='word_1_731' title='bbox 3189 2702 3462 2757; x_wconf 87' lang='lat' dir='ltr'><strong>Dominum</strong></span> <span class='ocrx_word' id='word_1_732' title='bbox 3493 2704 3661 2759; x_wconf 80' lang='lat' dir='ltr'><strong>Deum</strong></span> 
     </span>
    </p>
   </div>
   <div class='ocr_carea' id='block_1_88' title="bbox 2074 2794 3661 2865">
    <p class='ocr_par' dir='ltr' id='par_1_88' title="bbox 2074 2794 3661 2865">
     <span class='ocr_line' id='line_1_88' title="bbox 2074 2794 3661 2865; baseline 0.004 -20"><span class='ocrx_word' id='word_1_733' title='bbox 2074 2801 2317 2846; x_wconf 86' lang='lat' dir='ltr'><strong>nostrum.</strong></span> <span class='ocrx_word' id='word_1_734' title='bbox 2354 2794 2420 2848; x_wconf 87' lang='lat' dir='ltr'><strong>Et</strong></span> <span class='ocrx_word' id='word_1_735' title='bbox 2438 2794 2588 2864; x_wconf 89' lang='lat' dir='ltr'><strong>quasi</strong></span> <span class='ocrx_word' id='word_1_736' title='bbox 2609 2810 2899 2863; x_wconf 71' lang='lat' dir='ltr'><strong>quaereres,</strong></span> <span class='ocrx_word' id='word_1_737' title='bbox 2932 2795 3162 2864; x_wconf 84' lang='lat' dir='ltr'><strong>thuid?</strong></span> <span class='ocrx_word' id='word_1_738' title='bbox 3192 2795 3548 2865; x_wconf 84' lang='lat' dir='ltr'><strong>Quoadusque,</strong></span> <span class='ocrx_word' id='word_1_739' title='bbox 3582 2798 3661 2850; x_wconf 82' lang='lat' dir='ltr'><strong>in-</strong></span> 
     </span>
    </p>
   </div>
   <div class='ocr_carea' id='block_1_89' title="bbox 2074 2884 3657 2954">
    <p class='ocr_par' dir='ltr' id='par_1_89' title="bbox 2074 2884 3657 2954">
     <span class='ocr_line' id='line_1_89' title="bbox 2074 2884 3657 2954; baseline 0.004 -18"><span class='ocrx_word' id='word_1_740' title='bbox 2074 2884 2207 2953; x_wconf 89' lang='lat' dir='ltr'><strong>quit,</strong></span> <span class='ocrx_word' id='word_1_741' title='bbox 2225 2885 2515 2939; x_wconf 86' lang='lat' dir='ltr'><strong>misereatur</strong></span> <span class='ocrx_word' id='word_1_742' title='bbox 2529 2886 2705 2939; x_wconf 85' lang='lat' dir='ltr'><strong>nostri.</strong></span> <span class='ocrx_word' id='word_1_743' title='bbox 2721 2885 2913 2953; x_wconf 88' lang='lat' dir='ltr'><strong>Quales</strong></span> <span class='ocrx_word' id='word_1_744' title='bbox 2933 2901 3059 2954; x_wconf 87' lang='lat' dir='ltr'><strong>ergo</strong></span> <span class='ocrx_word' id='word_1_745' title='bbox 3081 2887 3241 2940; x_wconf 92' lang='lat' dir='ltr'><strong>voluit</strong></span> <span class='ocrx_word' id='word_1_746' title='bbox 3259 2902 3444 2941; x_wconf 87' lang='lat' dir='ltr'><strong>servos</strong></span> <span class='ocrx_word' id='word_1_747' title='bbox 3462 2887 3657 2942; x_wconf 88' lang='lat' dir='ltr'><strong>intelli-</strong></span> 
     </span>
    </p>
   </div>
   <div class='ocr_carea' id='block_1_90' title="bbox 2074 2973 3660 3045">
    <p class='ocr_par' dir='ltr' id='par_1_90' title="bbox 2074 2973 3660 3045">
     <span class='ocr_line' id='line_1_90' title="bbox 2074 2973 3660 3045; baseline 0.004 -19"><span class='ocrx_word' id='word_1_748' title='bbox 2074 2975 2146 3045; x_wconf 89' lang='lat' dir='ltr'><strong>gi,</strong></span> <span class='ocrx_word' id='word_1_749' title='bbox 2166 2973 2379 3038; x_wconf 87' lang='lat' dir='ltr'><strong>fratres,</strong></span> <span class='ocrx_word' id='word_1_750' title='bbox 2396 2976 2485 3045; x_wconf 90' lang='lat' dir='ltr'><strong>qui</strong></span> <span class='ocrx_word' id='word_1_751' title='bbox 2502 2976 2684 3030; x_wconf 88' lang='lat' dir='ltr'><strong>oculos</strong></span> <span class='ocrx_word' id='word_1_752' title='bbox 2703 2977 2897 3032; x_wconf 89' lang='lat' dir='ltr'><strong>habent</strong></span> <span class='ocrx_word' id='word_1_753' title='bbox 2915 2976 2967 3030; x_wconf 93' lang='lat' dir='ltr'><strong>in</strong></span> <span class='ocrx_word' id='word_1_754' title='bbox 2986 2992 3172 3030; x_wconf 81' lang='lat' dir='ltr'><strong>atauus</strong></span> <span class='ocrx_word' id='word_1_755' title='bbox 3184 2977 3517 3032; x_wconf 83' lang='lat' dir='ltr'><strong>dominorum</strong></span> <span class='ocrx_word' id='word_1_756' title='bbox 3532 2994 3660 3033; x_wconf 87' lang='lat' dir='ltr'><strong>suo-</strong></span> 
     </span>
    </p>
   </div>
   <div class='ocr_carea' id='block_1_91' title="bbox 2074 3067 3663 3137">
    <p class='ocr_par' dir='ltr' id='par_1_91' title="bbox 2074 3067 3663 3137">
     <span class='ocr_line' id='line_1_91' title="bbox 2074 3067 3663 3137; baseline 0.003 -18"><span class='ocrx_word' id='word_1_757' title='bbox 2074 3080 2229 3131; x_wconf 88' lang='lat' dir='ltr'><strong>rum;</strong></span> <span class='ocrx_word' id='word_1_758' title='bbox 2262 3076 2315 3121; x_wconf 89' lang='lat' dir='ltr'><strong>et</strong></span> <span class='ocrx_word' id='word_1_759' title='bbox 2340 3067 2526 3137; x_wconf 85' lang='lat' dir='ltr'><strong>quales</strong></span> <span class='ocrx_word' id='word_1_760' title='bbox 2549 3068 2785 3132; x_wconf 90' lang='lat' dir='ltr'><strong>ancillas,</strong></span> <span class='ocrx_word' id='word_1_761' title='bbox 2823 3082 2941 3137; x_wconf 83' lang='lat' dir='ltr'><strong>quae</strong></span> <span class='ocrx_word' id='word_1_762' title='bbox 2962 3069 3143 3122; x_wconf 92' lang='lat' dir='ltr'><strong>oculos</strong></span> <span class='ocrx_word' id='word_1_763' title='bbox 3169 3067 3364 3123; x_wconf 90' lang='lat' dir='ltr'><strong>habent</strong></span> <span class='ocrx_word' id='word_1_764' title='bbox 3392 3069 3444 3123; x_wconf 91' lang='lat' dir='ltr'><strong>in</strong></span> <span class='ocrx_word' id='word_1_765' title='bbox 3475 3085 3663 3124; x_wconf 91' lang='lat' dir='ltr'><strong>manus</strong></span> 
     </span>
    </p>
   </div>
   <div class='ocr_carea' id='block_1_92' title="bbox 2077 3158 3719 3230">
    <p class='ocr_par' dir='ltr' id='par_1_92' title="bbox 2077 3158 3719 3230">
     <span class='ocr_line' id='line_1_92' title="bbox 2077 3158 3719 3230; baseline 0 -17"><span class='ocrx_word' id='word_1_766' title='bbox 2077 3158 2306 3213; x_wconf 70' lang='lat' dir='ltr'><strong>domina:</strong></span> <span class='ocrx_word' id='word_1_767' title='bbox 2331 3174 2462 3226; x_wconf 64' lang='lat' dir='ltr'><strong>suae,</strong></span> <span class='ocrx_word' id='word_1_768' title='bbox 2486 3160 2831 3230; x_wconf 85' lang='lat' dir='ltr'><strong>quoadusque</strong></span> <span class='ocrx_word' id='word_1_769' title='bbox 2860 3162 3173 3216; x_wconf 87' lang='lat' dir='ltr'><strong>misereatur</strong></span> <span class='ocrx_word' id='word_1_770' title='bbox 3198 3160 3410 3216; x_wconf 83' lang='lat' dir='ltr'><strong>domina</strong></span> <span class='ocrx_word' id='word_1_771' title='bbox 3439 3160 3662 3216; x_wconf 88' lang='lat' dir='ltr'><strong>earum?</strong></span> <span class='ocrx_word' id='word_1_772' title='bbox 3714 3200 3719 3207; x_wconf 90' lang='lat'><strong>.</strong></span> 
     </span>
    </p>
   </div>
   <div class='ocr_carea' id='block_1_93' title="bbox 2077 3248 3663 3321">
    <p class='ocr_par' dir='ltr' id='par_1_93' title="bbox 2077 3248 3663 3321">
     <span class='ocr_line' id='line_1_93' title="bbox 2077 3248 3663 3321; baseline 0.003 -17"><span class='ocrx_word' id='word_1_773' title='bbox 2077 3248 2178 3318; x_wconf 92' lang='lat' dir='ltr'><strong>Qui</strong></span> <span class='ocrx_word' id='word_1_774' title='bbox 2208 3260 2333 3305; x_wconf 90' lang='lat' dir='ltr'><strong>sunt</strong></span> <span class='ocrx_word' id='word_1_775' title='bbox 2361 3252 2445 3305; x_wconf 88' lang='lat' dir='ltr'><strong>isti</strong></span> <span class='ocrx_word' id='word_1_776' title='bbox 2475 3251 2613 3305; x_wconf 86' lang='lat' dir='ltr'><strong>servi</strong></span> <span class='ocrx_word' id='word_1_777' title='bbox 2635 3260 2689 3305; x_wconf 90' lang='lat' dir='ltr'><strong>et</strong></span> <span class='ocrx_word' id='word_1_778' title='bbox 2711 3252 2937 3317; x_wconf 70' lang='lat' dir='ltr'><strong>ancillae,</strong></span> <span class='ocrx_word' id='word_1_779' title='bbox 2968 3252 3055 3321; x_wconf 88' lang='lat' dir='ltr'><strong>qui</strong></span> <span class='ocrx_word' id='word_1_780' title='bbox 3084 3252 3161 3307; x_wconf 88' lang='lat' dir='ltr'><strong>sic</strong></span> <span class='ocrx_word' id='word_1_781' title='bbox 3186 3252 3378 3308; x_wconf 87' lang='lat' dir='ltr'><strong>habent</strong></span> <span class='ocrx_word' id='word_1_782' title='bbox 3403 3252 3585 3307; x_wconf 86' lang='lat' dir='ltr'><strong>oculos</strong></span> <span class='ocrx_word' id='word_1_783' title='bbox 3610 3253 3663 3309; x_wconf 86' lang='lat' dir='ltr'><strong>in</strong></span> 
     </span>
    </p>
   </div>
   <div class='ocr_carea' id='block_1_94' title="bbox 2078 3342 3663 3413">
    <p class='ocr_par' dir='ltr' id='par_1_94' title="bbox 2078 3342 3663 3413">
     <span class='ocr_line' id='line_1_94' title="bbox 2078 3342 3663 3413; baseline 0.002 -18"><span class='ocrx_word' id='word_1_784' title='bbox 2078 3357 2267 3397; x_wconf 89' lang='lat' dir='ltr'><strong>manus</strong></span> <span class='ocrx_word' id='word_1_785' title='bbox 2304 3342 2640 3397; x_wconf 88' lang='lat' dir='ltr'><strong>dominorum</strong></span> <span class='ocrx_word' id='word_1_786' title='bbox 2688 3357 2925 3409; x_wconf 89' lang='lat' dir='ltr'><strong>suorum,</strong></span> <span class='ocrx_word' id='word_1_787' title='bbox 2969 3342 3070 3398; x_wconf 85' lang='lat' dir='ltr'><strong>nisi</strong></span> <span class='ocrx_word' id='word_1_788' title='bbox 3097 3344 3186 3413; x_wconf 93' lang='lat' dir='ltr'><strong>qui</strong></span> <span class='ocrx_word' id='word_1_789' title='bbox 3216 3344 3465 3412; x_wconf 90' lang='lat' dir='ltr'><strong>jubentur</strong></span> <span class='ocrx_word' id='word_1_790' title='bbox 3492 3344 3663 3398; x_wconf 78' lang='lat' dir='ltr'><strong>caedi?</strong></span> 
     </span>
    </p>
   </div>
   <div class='ocr_carea' id='block_1_95' title="bbox 2082 3432 3665 3505">
    <p class='ocr_par' dir='ltr' id='par_1_95' title="bbox 2082 3432 3665 3505">
     <span class='ocr_line' id='line_1_95' title="bbox 2082 3432 3665 3505; baseline 0.001 -18"><span class='ocrx_word' id='word_1_791' title='bbox 2082 3432 2232 3487; x_wconf 83' lang='lat' dir='ltr'><strong>Oculi</strong></span> <span class='ocrx_word' id='word_1_792' title='bbox 2261 3434 2418 3488; x_wconf 84' lang='lat' dir='ltr'><strong>nostri</strong></span> <span class='ocrx_word' id='word_1_793' title='bbox 2458 3434 2525 3487; x_wconf 87' lang='lat' dir='ltr'><strong>ad</strong></span> <span class='ocrx_word' id='word_1_794' title='bbox 2550 3432 2825 3487; x_wconf 88' lang='lat' dir='ltr'><strong>Dominum</strong></span> <span class='ocrx_word' id='word_1_795' title='bbox 2849 3433 3013 3488; x_wconf 89' lang='lat' dir='ltr'><strong>Deum</strong></span> <span class='ocrx_word' id='word_1_796' title='bbox 3059 3444 3305 3500; x_wconf 88' lang='lat' dir='ltr'><strong>nostrum,</strong></span> <span class='ocrx_word' id='word_1_797' title='bbox 3343 3435 3665 3505; x_wconf 74' lang='lat' dir='ltr'><strong>quoadusque</strong></span> 
     </span>
    </p>
   </div>
   <div class='ocr_carea' id='block_1_96' title="bbox 2079 3523 3665 3591">
    <p class='ocr_par' dir='ltr' id='par_1_96' title="bbox 2079 3523 3665 3591">
     <span class='ocr_line' id='line_1_96' title="bbox 2079 3523 3665 3591; baseline 0.001 -15"><span class='ocrx_word' id='word_1_798' title='bbox 2079 3525 2370 3578; x_wconf 74' lang='lat' dir='ltr'><strong>miserwtur</strong></span> <span class='ocrx_word' id='word_1_799' title='bbox 2417 3526 2595 3579; x_wconf 85' lang='lat' dir='ltr'><strong>nostri.</strong></span> <span class='ocrx_word' id='word_1_800' title='bbox 2633 3523 2945 3591; x_wconf 85' lang='lat' dir='ltr'><strong>Quomodo?</strong></span> <span class='ocrx_word' id='word_1_801' title='bbox 2997 3524 3141 3578; x_wconf 85' lang='lat' dir='ltr'><strong>Sicut</strong></span> <span class='ocrx_word' id='word_1_802' title='bbox 3176 3523 3309 3579; x_wconf 84' lang='lat' dir='ltr'><strong>oculi</strong></span> <span class='ocrx_word' id='word_1_803' title='bbox 3333 3541 3583 3579; x_wconf 84' lang='lat' dir='ltr'><strong>servorum</strong></span> <span class='ocrx_word' id='word_1_804' title='bbox 3611 3526 3665 3578; x_wconf 87' lang='lat' dir='ltr'><strong>in</strong></span> 
     </span>
    </p>
   </div>
   <div class='ocr_carea' id='block_1_97' title="bbox 2080 3616 3665 3683">
    <p class='ocr_par' dir='ltr' id='par_1_97' title="bbox 2080 3616 3665 3683">
     <span class='ocr_line' id='line_1_97' title="bbox 2080 3616 3665 3683; baseline 0.002 -15"><span class='ocrx_word' id='word_1_805' title='bbox 2080 3632 2259 3670; x_wconf 86' lang='lat' dir='ltr'><strong>manus</strong></span> <span class='ocrx_word' id='word_1_806' title='bbox 2282 3616 2597 3669; x_wconf 85' lang='lat' dir='ltr'><strong>dominorum</strong></span> <span class='ocrx_word' id='word_1_807' title='bbox 2615 3633 2841 3683; x_wconf 87' lang='lat' dir='ltr'><strong>suorum,</strong></span> <span class='ocrx_word' id='word_1_808' title='bbox 2875 3627 2920 3670; x_wconf 88' lang='lat' dir='ltr'><strong>et</strong></span> <span class='ocrx_word' id='word_1_809' title='bbox 2946 3617 3072 3671; x_wconf 83' lang='lat' dir='ltr'><strong>sicut</strong></span> <span class='ocrx_word' id='word_1_810' title='bbox 3101 3618 3237 3671; x_wconf 83' lang='lat' dir='ltr'><strong>oculi</strong></span> <span class='ocrx_word' id='word_1_811' title='bbox 3259 3618 3458 3672; x_wconf 79' lang='lat' dir='ltr'><strong>ancillte</strong></span> <span class='ocrx_word' id='word_1_812' title='bbox 3481 3619 3532 3671; x_wconf 86' lang='lat' dir='ltr'><strong>in</strong></span> <span class='ocrx_word' id='word_1_813' title='bbox 3555 3635 3665 3671; x_wconf 72' lang='lat' dir='ltr'><strong>ma-</strong></span> 
     </span>
    </p>
   </div>
   <div class='ocr_carea' id='block_1_98' title="bbox 2081 3706 3663 3777">
    <p class='ocr_par' dir='ltr' id='par_1_98' title="bbox 2081 3706 3663 3777">
     <span class='ocr_line' id='line_1_98' title="bbox 2081 3706 3663 3777; baseline 0.001 -18"><span class='ocrx_word' id='word_1_814' title='bbox 2081 3722 2176 3760; x_wconf 89' lang='lat' dir='ltr'><strong>nus</strong></span> <span class='ocrx_word' id='word_1_815' title='bbox 2204 3706 2420 3759; x_wconf 77' lang='lat' dir='ltr'><strong>domina:</strong></span> <span class='ocrx_word' id='word_1_816' title='bbox 2444 3721 2568 3759; x_wconf 69' lang='lat' dir='ltr'><strong>suae.</strong></span> <span class='ocrx_word' id='word_1_817' title='bbox 2616 3706 2753 3777; x_wconf 87' lang='lat' dir='ltr'><strong>Ergo</strong></span> <span class='ocrx_word' id='word_1_818' title='bbox 2786 3716 2840 3760; x_wconf 88' lang='lat' dir='ltr'><strong>et</strong></span> <span class='ocrx_word' id='word_1_819' title='bbox 2868 3706 2940 3759; x_wconf 91' lang='lat' dir='ltr'><strong>illi</strong></span> <span class='ocrx_word' id='word_1_820' title='bbox 2971 3715 3026 3760; x_wconf 88' lang='lat' dir='ltr'><strong>et</strong></span> <span class='ocrx_word' id='word_1_821' title='bbox 3047 3707 3169 3771; x_wconf 85' lang='lat' dir='ltr'><strong>illae,</strong></span> <span class='ocrx_word' id='word_1_822' title='bbox 3194 3707 3533 3777; x_wconf 88' lang='lat' dir='ltr'><strong>quoadusque</strong></span> <span class='ocrx_word' id='word_1_823' title='bbox 3560 3707 3663 3761; x_wconf 88' lang='lat' dir='ltr'><strong>mi-</strong></span> 
     </span>
    </p>
   </div>
   <div class='ocr_carea' id='block_1_99' title="bbox 2082 3795 3662 3865">
    <p class='ocr_par' dir='ltr' id='par_1_99' title="bbox 2082 3795 3662 3865">
     <span class='ocr_line' id='line_1_99' title="bbox 2082 3795 3662 3865; baseline 0.001 -16"><span class='ocrx_word' id='word_1_824' title='bbox 2082 3806 2319 3850; x_wconf 85' lang='lat' dir='ltr'><strong>sereatur</strong></span> <span class='ocrx_word' id='word_1_825' title='bbox 2356 3798 2436 3851; x_wconf 87' lang='lat' dir='ltr'><strong>vel</strong></span> <span class='ocrx_word' id='word_1_826' title='bbox 2468 3795 2716 3850; x_wconf 91' lang='lat' dir='ltr'><strong>dominus</strong></span> <span class='ocrx_word' id='word_1_827' title='bbox 2758 3796 2841 3850; x_wconf 91' lang='lat' dir='ltr'><strong>vel</strong></span> <span class='ocrx_word' id='word_1_828' title='bbox 2870 3795 3104 3850; x_wconf 85' lang='lat' dir='ltr'><strong>domina.</strong></span> <span class='ocrx_word' id='word_1_829' title='bbox 3138 3797 3241 3850; x_wconf 89' lang='lat' dir='ltr'><strong>Fac</strong></span> <span class='ocrx_word' id='word_1_830' title='bbox 3274 3812 3402 3865; x_wconf 90' lang='lat' dir='ltr'><strong>ergo</strong></span> <span class='ocrx_word' id='word_1_831' title='bbox 3434 3797 3662 3865; x_wconf 77' lang='lat' dir='ltr'><strong>aliquem</strong></span> 
     </span>
    </p>
   </div>
   <div class='ocr_carea' id='block_1_100' title="bbox 2082 3886 3664 3955">
    <p class='ocr_par' dir='ltr' id='par_1_100' title="bbox 2082 3886 3664 3955">
     <span class='ocr_line' id='line_1_100' title="bbox 2082 3886 3664 3955; baseline 0 -15"><span class='ocrx_word' id='word_1_832' title='bbox 2082 3886 2352 3940; x_wconf 88' lang='lat' dir='ltr'><strong>dominum</strong></span> <span class='ocrx_word' id='word_1_833' title='bbox 2373 3886 2596 3955; x_wconf 89' lang='lat' dir='ltr'><strong>jussisse</strong></span> <span class='ocrx_word' id='word_1_834' title='bbox 2621 3901 2831 3941; x_wconf 90' lang='lat' dir='ltr'><strong>servum</strong></span> <span class='ocrx_word' id='word_1_835' title='bbox 2859 3886 2990 3939; x_wconf 60' lang='lat' dir='ltr'><strong>caedi</strong></span> <span class='ocrx_word' id='word_1_836' title='bbox 3021 3903 3033 3938; x_wconf 90' lang='lat'><strong>:</strong></span> <span class='ocrx_word' id='word_1_837' title='bbox 3064 3887 3274 3954; x_wconf 89' lang='lat' dir='ltr'><strong>vapulat</strong></span> <span class='ocrx_word' id='word_1_838' title='bbox 3300 3901 3506 3952; x_wconf 88' lang='lat' dir='ltr'><strong>servus,</strong></span> <span class='ocrx_word' id='word_1_839' title='bbox 3536 3902 3664 3940; x_wconf 90' lang='lat' dir='ltr'><strong>sen-</strong></span> 
     </span>
    </p>
   </div>
   <div class='ocr_carea' id='block_1_101' title="bbox 2084 3975 3662 4046">
    <p class='ocr_par' dir='ltr' id='par_1_101' title="bbox 2084 3975 3662 4046">
     <span class='ocr_line' id='line_1_101' title="bbox 2084 3975 3662 4046; baseline -0.001 -15"><span class='ocrx_word' id='word_1_840' title='bbox 2084 3978 2148 4031; x_wconf 87' lang='lat' dir='ltr'><strong>tit</strong></span> <span class='ocrx_word' id='word_1_841' title='bbox 2182 3979 2449 4046; x_wconf 86' lang='lat' dir='ltr'><strong>plagarum</strong></span> <span class='ocrx_word' id='word_1_842' title='bbox 2491 3977 2736 4038; x_wconf 90' lang='lat' dir='ltr'><strong>dolores;</strong></span> <span class='ocrx_word' id='word_1_843' title='bbox 2768 3976 2993 4029; x_wconf 88' lang='lat' dir='ltr'><strong>attendit</strong></span> <span class='ocrx_word' id='word_1_844' title='bbox 3016 3976 3079 4029; x_wconf 89' lang='lat' dir='ltr'><strong>ad</strong></span> <span class='ocrx_word' id='word_1_845' title='bbox 3114 3990 3301 4028; x_wconf 87' lang='lat' dir='ltr'><strong>manus</strong></span> <span class='ocrx_word' id='word_1_846' title='bbox 3329 3975 3527 4029; x_wconf 89' lang='lat' dir='ltr'><strong>domini</strong></span> <span class='ocrx_word' id='word_1_847' title='bbox 3556 3977 3662 4043; x_wconf 92' lang='lat' dir='ltr'><strong>sui,</strong></span> 
     </span>
    </p>
   </div>
   <div class='ocr_carea' id='block_1_102' title="bbox 2084 4065 3664 4138">
    <p class='ocr_par' dir='ltr' id='par_1_102' title="bbox 2084 4065 3664 4138">
     <span class='ocr_line' id='line_1_102' title="bbox 2084 4065 3664 4138; baseline 0.001 -17"><span class='ocrx_word' id='word_1_848' title='bbox 2084 4068 2425 4138; x_wconf 88' lang='lat' dir='ltr'><strong>quoadusque</strong></span> <span class='ocrx_word' id='word_1_849' title='bbox 2451 4067 2611 4130; x_wconf 75' lang='lat' dir='ltr'><strong>dicat,</strong></span> <span class='ocrx_word' id='word_1_850' title='bbox 2641 4067 2823 4120; x_wconf 89' lang='lat' dir='ltr'><strong>Parce.</strong></span> <span class='ocrx_word' id='word_1_851' title='bbox 2854 4066 3061 4119; x_wconf 81' lang='lat' dir='ltr'><strong>Manum</strong></span> <span class='ocrx_word' id='word_1_852' title='bbox 3098 4065 3262 4132; x_wconf 90' lang='lat' dir='ltr'><strong>enim,</strong></span> <span class='ocrx_word' id='word_1_853' title='bbox 3294 4066 3460 4135; x_wconf 83' lang='lat' dir='ltr'><strong>ipsam</strong></span> <span class='ocrx_word' id='word_1_854' title='bbox 3508 4076 3664 4136; x_wconf 82' lang='lat' dir='ltr'><strong>pote-</strong></span> 
     </span>
    </p>
   </div>
   <div class='ocr_carea' id='block_1_103' title="bbox 2085 4154 3667 4225">
    <p class='ocr_par' dir='ltr' id='par_1_103' title="bbox 2085 4154 3667 4225">
     <span class='ocr_line' id='line_1_103' title="bbox 2085 4154 3667 4225; baseline 0.003 -14"><span class='ocrx_word' id='word_1_855' title='bbox 2085 4166 2273 4212; x_wconf 87' lang='lat' dir='ltr'><strong>statem</strong></span> <span class='ocrx_word' id='word_1_856' title='bbox 2318 4156 2461 4210; x_wconf 88' lang='lat' dir='ltr'><strong>dicit.</strong></span> <span class='ocrx_word' id='word_1_857' title='bbox 2495 4157 2633 4225; x_wconf 87' lang='lat' dir='ltr'><strong>Ergo</strong></span> <span class='ocrx_word' id='word_1_858' title='bbox 2659 4155 2783 4225; x_wconf 89' lang='lat' dir='ltr'><strong>quid</strong></span> <span class='ocrx_word' id='word_1_859' title='bbox 2822 4155 3067 4219; x_wconf 89' lang='lat' dir='ltr'><strong>dicimus,</strong></span> <span class='ocrx_word' id='word_1_860' title='bbox 3106 4154 3335 4209; x_wconf 84' lang='lat' dir='ltr'><strong>fratres?</strong></span> <span class='ocrx_word' id='word_1_861' title='bbox 3375 4155 3541 4212; x_wconf 81' lang='lat' dir='ltr'><strong>Jussii</strong></span> <span class='ocrx_word' id='word_1_862' title='bbox 3565 4172 3667 4215; x_wconf 84' lang='lat' dir='ltr'><strong>nos</strong></span> 
     </span>
    </p>
   </div>
   <div class='ocr_carea' id='block_1_104' title="bbox 2085 4246 3668 4317">
    <p class='ocr_par' dir='ltr' id='par_1_104' title="bbox 2085 4246 3668 4317">
     <span class='ocr_line' id='line_1_104' title="bbox 2085 4246 3668 4317; baseline 0.001 -14"><span class='ocrx_word' id='word_1_863' title='bbox 2085 4249 2217 4303; x_wconf 71' lang='grc' dir='ltr'>οωάὶ</span> <span class='ocrx_word' id='word_1_864' title='bbox 2249 4247 2502 4303; x_wconf 91' lang='lat' dir='ltr'><strong>Dominus</strong></span> <span class='ocrx_word' id='word_1_865' title='bbox 2525 4257 2725 4312; x_wconf 88' lang='lat' dir='ltr'><strong>noster,</strong></span> <span class='ocrx_word' id='word_1_866' title='bbox 2758 4257 2812 4301; x_wconf 92' lang='lat' dir='ltr'><strong>et</strong></span> <span class='ocrx_word' id='word_1_867' title='bbox 2839 4246 3047 4300; x_wconf 87' lang='lat' dir='ltr'><strong>domina</strong></span> <span class='ocrx_word' id='word_1_868' title='bbox 3078 4256 3257 4301; x_wconf 87' lang='lat' dir='ltr'><strong>nostra</strong></span> <span class='ocrx_word' id='word_1_869' title='bbox 3287 4249 3544 4317; x_wconf 89' lang='lat' dir='ltr'><strong>sapientia</strong></span> <span class='ocrx_word' id='word_1_870' title='bbox 3571 4249 3668 4305; x_wconf 92' lang='lat' dir='ltr'><strong>Dei</strong></span> 
     </span>
    </p>
   </div>
   <div class='ocr_carea' id='block_1_105' title="bbox 2082 4339 3667 4411">
    <p class='ocr_par' dir='ltr' id='par_1_105' title="bbox 2082 4339 3667 4411">
     <span class='ocr_line' id='line_1_105' title="bbox 2082 4339 3667 4411; baseline 0.003 -19"><span class='ocrx_word' id='word_1_871' title='bbox 2082 4340 2238 4411; x_wconf 87' lang='lat' dir='ltr'><strong>jussit</strong></span> <span class='ocrx_word' id='word_1_872' title='bbox 2264 4355 2360 4394; x_wconf 91' lang='lat' dir='ltr'><strong>nos</strong></span> <span class='ocrx_word' id='word_1_873' title='bbox 2388 4339 2551 4404; x_wconf 62' lang='lat' dir='ltr'><strong>caedi;</strong></span> <span class='ocrx_word' id='word_1_874' title='bbox 2583 4340 2706 4393; x_wconf 90' lang='lat' dir='ltr'><strong>etin</strong></span> <span class='ocrx_word' id='word_1_875' title='bbox 2733 4340 2831 4393; x_wconf 88' lang='lat' dir='ltr'><strong>hac</strong></span> <span class='ocrx_word' id='word_1_876' title='bbox 2860 4339 2963 4392; x_wconf 88' lang='lat' dir='ltr'><strong>vita</strong></span> <span class='ocrx_word' id='word_1_877' title='bbox 2993 4340 3322 4408; x_wconf 88' lang='lat' dir='ltr'><strong>vapulamus,</strong></span> <span class='ocrx_word' id='word_1_878' title='bbox 3353 4351 3408 4395; x_wconf 91' lang='lat' dir='ltr'><strong>et</strong></span> <span class='ocrx_word' id='word_1_879' title='bbox 3432 4349 3539 4395; x_wconf 87' lang='lat' dir='ltr'><strong>tota</strong></span> <span class='ocrx_word' id='word_1_880' title='bbox 3568 4342 3667 4396; x_wconf 79' lang='lat' dir='ltr'><strong>ism</strong></span> 
     </span>
    </p>
   </div>
   <div class='ocr_carea' id='block_1_106' title="bbox 2086 4430 3666 4501">
    <p class='ocr_par' dir='ltr' id='par_1_106' title="bbox 2086 4430 3666 4501">
     <span class='ocr_line' id='line_1_106' title="bbox 2086 4430 3666 4501; baseline 0.001 -17"><span class='ocrx_word' id='word_1_881' title='bbox 2086 4432 2191 4485; x_wconf 86' lang='lat' dir='ltr'><strong>vita</strong></span> <span class='ocrx_word' id='word_1_882' title='bbox 2224 4431 2463 4484; x_wconf 87' lang='lat' dir='ltr'><strong>mortalis</strong></span> <span class='ocrx_word' id='word_1_883' title='bbox 2508 4431 2658 4500; x_wconf 84' lang='lat' dir='ltr'><strong>plaga</strong></span> <span class='ocrx_word' id='word_1_884' title='bbox 2709 4438 2885 4483; x_wconf 90' lang='lat' dir='ltr'><strong>nostra</strong></span> <span class='ocrx_word' id='word_1_885' title='bbox 2919 4437 3019 4483; x_wconf 86' lang='lat' dir='ltr'><strong>est.</strong></span> <span class='ocrx_word' id='word_1_886' title='bbox 3066 4430 3201 4484; x_wconf 82' lang='lat' dir='ltr'><strong>Audi</strong></span> <span class='ocrx_word' id='word_1_887' title='bbox 3228 4445 3411 4484; x_wconf 85' lang='lat' dir='ltr'><strong>vocem</strong></span> <span class='ocrx_word' id='word_1_888' title='bbox 3440 4432 3623 4501; x_wconf 87' lang='lat' dir='ltr'><strong>psalmi</strong></span> <span class='ocrx_word' id='word_1_889' title='bbox 3653 4450 3666 4485; x_wconf 93' lang='lat'>:</span> 
     </span>
    </p>
   </div>
   <div class='ocr_carea' id='block_1_107' title="bbox 2090 4521 3671 4593">
    <p class='ocr_par' dir='ltr' id='par_1_107' title="bbox 2090 4521 3671 4593">
     <span class='ocr_line' id='line_1_107' title="bbox 2090 4521 3671 4593; baseline 0.001 -17"><span class='ocrx_word' id='word_1_890' title='bbox 2090 4522 2196 4578; x_wconf 88' lang='lat' dir='ltr'><strong>Pro</strong></span> <span class='ocrx_word' id='word_1_891' title='bbox 2241 4524 2502 4593; x_wconf 67' lang='lat' dir='ltr'><strong>iniquitate</strong></span> <span class='ocrx_word' id='word_1_892' title='bbox 2548 4521 2758 4577; x_wconf 83' lang='lat' dir='ltr'><strong>erudisti</strong></span> <span class='ocrx_word' id='word_1_893' title='bbox 2807 4522 3096 4586; x_wconf 84' lang='lat' dir='ltr'><strong>hominem;</strong></span> <span class='ocrx_word' id='word_1_894' title='bbox 3136 4531 3183 4575; x_wconf 91' lang='lat' dir='ltr'><strong>et</strong></span> <span class='ocrx_word' id='word_1_895' title='bbox 3229 4522 3473 4578; x_wconf 86' lang='lat' dir='ltr'><strong>tabescere</strong></span> <span class='ocrx_word' id='word_1_896' title='bbox 3510 4525 3671 4593; x_wconf 78' lang='lat' dir='ltr'><strong>fecisti</strong></span> 
     </span>
    </p>
   </div>
   <div class='ocr_carea' id='block_1_108' title="bbox 2089 4611 3672 4685">
    <p class='ocr_par' dir='ltr' id='par_1_108' title="bbox 2089 4611 3672 4685">
     <span class='ocr_line' id='line_1_108' title="bbox 2089 4611 3672 4685; baseline 0 -18"><span class='ocrx_word' id='word_1_897' title='bbox 2089 4615 2216 4667; x_wconf 89' lang='lat' dir='ltr'><strong>sicut</strong></span> <span class='ocrx_word' id='word_1_898' title='bbox 2233 4630 2468 4667; x_wconf 89' lang='lat' dir='ltr'><strong>araneam</strong></span> <span class='ocrx_word' id='word_1_899' title='bbox 2486 4613 2707 4667; x_wconf 83' lang='lat' dir='ltr'><strong>animum</strong></span> <span class='ocrx_word' id='word_1_900' title='bbox 2724 4629 2883 4666; x_wconf 82' lang='lat' dir='ltr'><strong>meam</strong></span> <span class='ocrx_word' id='word_1_901' title='bbox 2903 4611 3071 4685; x_wconf 84' lang='lat' dir='ltr'><strong>(Psal.</strong></span> <span class='ocrx_word' id='word_1_902' title='bbox 3092 4628 3317 4679; x_wconf 79' lang='lat' dir='ltr'><strong>xxxvm,</strong></span> <span class='ocrx_word' id='word_1_903' title='bbox 3341 4615 3448 4683; x_wconf 75' lang='lat' dir='ltr'><strong>l2).</strong></span> <span class='ocrx_word' id='word_1_904' title='bbox 3479 4614 3672 4667; x_wconf 84' lang='lat' dir='ltr'><strong>Atten-</strong></span> 
     </span>
    </p>
   </div>
   <div class='ocr_carea' id='block_1_109' title="bbox 2090 4705 3672 4776">
    <p class='ocr_par' dir='ltr' id='par_1_109' title="bbox 2090 4705 3672 4776">
     <span class='ocr_line' id='line_1_109' title="bbox 2090 4705 3672 4776; baseline -0.001 -15"><span class='ocrx_word' id='word_1_905' title='bbox 2090 4706 2214 4772; x_wconf 91' lang='lat' dir='ltr'><strong>dite,</strong></span> <span class='ocrx_word' id='word_1_906' title='bbox 2239 4706 2445 4773; x_wconf 88' lang='lat' dir='ltr'><strong>fratres,</strong></span> <span class='ocrx_word' id='word_1_907' title='bbox 2476 4721 2631 4776; x_wconf 86' lang='lat' dir='ltr'><strong>quam</strong></span> <span class='ocrx_word' id='word_1_908' title='bbox 2655 4705 2827 4759; x_wconf 89' lang='lat' dir='ltr'><strong>tabida</strong></span> <span class='ocrx_word' id='word_1_909' title='bbox 2848 4716 2929 4760; x_wconf 92' lang='lat' dir='ltr'><strong>est</strong></span> <span class='ocrx_word' id='word_1_910' title='bbox 2949 4721 3164 4771; x_wconf 86' lang='lat' dir='ltr'><strong>aranea,</strong></span> <span class='ocrx_word' id='word_1_911' title='bbox 3189 4715 3243 4759; x_wconf 92' lang='lat' dir='ltr'><strong>ut</strong></span> <span class='ocrx_word' id='word_1_912' title='bbox 3265 4706 3364 4759; x_wconf 88' lang='lat' dir='ltr'><strong>levi</strong></span> <span class='ocrx_word' id='word_1_913' title='bbox 3385 4715 3521 4759; x_wconf 90' lang='lat' dir='ltr'><strong>tactu</strong></span> <span class='ocrx_word' id='word_1_914' title='bbox 3548 4719 3672 4760; x_wconf 67' lang='lat' dir='ltr'><strong>com</strong></span> 
     </span>
    </p>
   </div>
   <div class='ocr_carea' id='block_1_110' title="bbox 2090 4797 3671 4870">
    <p class='ocr_par' dir='ltr' id='par_1_110' title="bbox 2090 4797 3671 4870">
     <span class='ocr_line' id='line_1_110' title="bbox 2090 4797 3671 4870; baseline -0.002 -17"><span class='ocrx_word' id='word_1_915' title='bbox 2090 4807 2368 4870; x_wconf 87' lang='lat' dir='ltr'><strong>quassetur</strong></span> <span class='ocrx_word' id='word_1_916' title='bbox 2396 4805 2452 4853; x_wconf 84' lang='lat' dir='ltr'><strong>et</strong></span> <span class='ocrx_word' id='word_1_917' title='bbox 2476 4798 2751 4853; x_wconf 87' lang='lat' dir='ltr'><strong>moriatur.</strong></span> <span class='ocrx_word' id='word_1_918' title='bbox 2786 4797 2849 4852; x_wconf 86' lang='lat' dir='ltr'><strong>Et</strong></span> <span class='ocrx_word' id='word_1_919' title='bbox 2882 4814 2947 4853; x_wconf 89' lang='lat' dir='ltr'><strong>ne</strong></span> <span class='ocrx_word' id='word_1_920' title='bbox 2977 4798 3125 4867; x_wconf 88' lang='lat' dir='ltr'><strong>quasi</strong></span> <span class='ocrx_word' id='word_1_921' title='bbox 3150 4811 3360 4852; x_wconf 87' lang='lat' dir='ltr'><strong>carnem</strong></span> <span class='ocrx_word' id='word_1_922' title='bbox 3391 4797 3559 4851; x_wconf 88' lang='lat' dir='ltr'><strong>solam</strong></span> <span class='ocrx_word' id='word_1_923' title='bbox 3584 4797 3671 4851; x_wconf 88' lang='lat' dir='ltr'><strong>in-</strong></span> 
     </span>
    </p>
   </div>
   <div class='ocr_carea' id='block_1_111' title="bbox 2093 4885 3669 4957">
    <p class='ocr_par' dir='ltr' id='par_1_111' title="bbox 2093 4885 3669 4957">
     <span class='ocr_line' id='line_1_111' title="bbox 2093 4885 3669 4957; baseline -0.003 -12"><span class='ocrx_word' id='word_1_924' title='bbox 2093 4890 2342 4945; x_wconf 89' lang='lat' dir='ltr'><strong>ﬁrmitate</strong></span> <span class='ocrx_word' id='word_1_925' title='bbox 2378 4888 2713 4944; x_wconf 86' lang='lat' dir='ltr'><strong>mortalitatis</strong></span> <span class='ocrx_word' id='word_1_926' title='bbox 2740 4898 3044 4957; x_wconf 90' lang='lat' dir='ltr'><strong>putaremus</strong></span> <span class='ocrx_word' id='word_1_927' title='bbox 3071 4902 3168 4941; x_wconf 92' lang='lat' dir='ltr'><strong>nos</strong></span> <span class='ocrx_word' id='word_1_928' title='bbox 3197 4886 3393 4941; x_wconf 89' lang='lat' dir='ltr'><strong>habere</strong></span> <span class='ocrx_word' id='word_1_929' title='bbox 3415 4885 3669 4952; x_wconf 82' lang='lat' dir='ltr'><strong>tabidam,</strong></span> 
     </span>
    </p>
   </div>
   <div class='ocr_carea' id='block_1_112' title="bbox 2092 4977 3671 5046">
    <p class='ocr_par' dir='ltr' id='par_1_112' title="bbox 2092 4977 3671 5046">
     <span class='ocr_line' id='line_1_112' title="bbox 2092 4977 3671 5046; baseline -0.002 -11"><span class='ocrx_word' id='word_1_930' title='bbox 2092 4996 2197 5035; x_wconf 91' lang='lat' dir='ltr'><strong>non</strong></span> <span class='ocrx_word' id='word_1_931' title='bbox 2220 4980 2371 5046; x_wconf 82' lang='lat' dir='ltr'><strong>dixit,</strong></span> <span class='ocrx_word' id='word_1_932' title='bbox 2391 4980 2688 5035; x_wconf 88' lang='lat' dir='ltr'><strong>Tabescere</strong></span> <span class='ocrx_word' id='word_1_933' title='bbox 2716 4994 2800 5032; x_wconf 92' lang='lat' dir='ltr'><strong>me</strong></span> <span class='ocrx_word' id='word_1_934' title='bbox 2828 4977 3023 5042; x_wconf 85' lang='lat' dir='ltr'><strong>fecisti;</strong></span> <span class='ocrx_word' id='word_1_935' title='bbox 3058 4993 3121 5032; x_wconf 90' lang='lat' dir='ltr'><strong>ne</strong></span> <span class='ocrx_word' id='word_1_936' title='bbox 3143 4977 3432 5031; x_wconf 90' lang='lat' dir='ltr'><strong>secundum</strong></span> <span class='ocrx_word' id='word_1_937' title='bbox 3455 4992 3671 5033; x_wconf 89' lang='lat' dir='ltr'><strong>carnem</strong></span> 
     </span>
    </p>
   </div>
   <div class='ocr_carea' id='block_1_113' title="bbox 2093 5068 3671 5143">
    <p class='ocr_par' dir='ltr' id='par_1_113' title="bbox 2093 5068 3671 5143">
     <span class='ocr_line' id='line_1_113' title="bbox 2093 5068 3671 5143; baseline -0.003 -15"><span class='ocrx_word' id='word_1_938' title='bbox 2093 5073 2505 5143; x_wconf 78' lang='lat' dir='ltr'><strong>intelligeremus</strong></span> <span class='ocrx_word' id='word_1_939' title='bbox 2530 5089 2541 5124; x_wconf 90' lang='lat'>:</span> <span class='ocrx_word' id='word_1_940' title='bbox 2571 5071 2662 5126; x_wconf 88' lang='lat' dir='ltr'><strong>sed</strong></span> <span class='ocrx_word' id='word_1_941' title='bbox 2687 5071 2779 5135; x_wconf 86' lang='lat' dir='ltr'><strong>ait,</strong></span> <span class='ocrx_word' id='word_1_942' title='bbox 2803 5069 3073 5122; x_wconf 86' lang='lat' dir='ltr'><strong>Tabescere</strong></span> <span class='ocrx_word' id='word_1_943' title='bbox 3092 5068 3254 5139; x_wconf 79' lang='lat' dir='ltr'><strong>fecisti</strong></span> <span class='ocrx_word' id='word_1_944' title='bbox 3276 5068 3406 5122; x_wconf 84' lang='lat' dir='ltr'><strong>sicut</strong></span> <span class='ocrx_word' id='word_1_945' title='bbox 3432 5086 3671 5125; x_wconf 87' lang='lat' dir='ltr'><strong>araneam</strong></span> 
     </span>
    </p>
   </div>
   <div class='ocr_carea' id='block_1_114' title="bbox 2093 5160 3673 5229">
    <p class='ocr_par' dir='ltr' id='par_1_114' title="bbox 2093 5160 3673 5229">
     <span class='ocr_line' id='line_1_114' title="bbox 2093 5160 3673 5229; baseline -0.001 -10"><span class='ocrx_word' id='word_1_946' title='bbox 2093 5167 2315 5219; x_wconf 82' lang='lat' dir='ltr'><strong>animam</strong></span> <span class='ocrx_word' id='word_1_947' title='bbox 2330 5181 2509 5218; x_wconf 89' lang='lat' dir='ltr'><strong>meam.</strong></span> <span class='ocrx_word' id='word_1_948' title='bbox 2527 5163 2663 5216; x_wconf 84' lang='lat' dir='ltr'><strong>Nihil</strong></span> <span class='ocrx_word' id='word_1_949' title='bbox 2679 5161 2818 5215; x_wconf 90' lang='lat' dir='ltr'><strong>enim</strong></span> <span class='ocrx_word' id='word_1_950' title='bbox 2839 5160 3093 5213; x_wconf 89' lang='lat' dir='ltr'><strong>inﬁrmius</strong></span> <span class='ocrx_word' id='word_1_951' title='bbox 3111 5160 3286 5213; x_wconf 87' lang='lat' dir='ltr'><strong>anima</strong></span> <span class='ocrx_word' id='word_1_952' title='bbox 3303 5170 3481 5213; x_wconf 88' lang='lat' dir='ltr'><strong>nostra</strong></span> <span class='ocrx_word' id='word_1_953' title='bbox 3501 5162 3673 5229; x_wconf 89' lang='lat' dir='ltr'><strong>posita</strong></span> 
     </span>
    </p>
   </div>
   <div class='ocr_carea' id='block_1_115' title="bbox 2096 5251 3673 5321">
    <p class='ocr_par' dir='ltr' id='par_1_115' title="bbox 2096 5251 3673 5321">
     <span class='ocr_line' id='line_1_115' title="bbox 2096 5251 3673 5321; baseline -0.002 -9"><span class='ocrx_word' id='word_1_954' title='bbox 2096 5257 2147 5312; x_wconf 91' lang='lat' dir='ltr'><strong>in</strong></span> <span class='ocrx_word' id='word_1_955' title='bbox 2174 5256 2361 5310; x_wconf 90' lang='lat' dir='ltr'><strong>mediis</strong></span> <span class='ocrx_word' id='word_1_956' title='bbox 2385 5254 2760 5311; x_wconf 89' lang='lat' dir='ltr'><strong>tentationibus</strong></span> <span class='ocrx_word' id='word_1_957' title='bbox 2789 5252 2988 5316; x_wconf 64' lang='lat' dir='ltr'><strong>saeculi,</strong></span> <span class='ocrx_word' id='word_1_958' title='bbox 3018 5252 3068 5305; x_wconf 94' lang='lat' dir='ltr'><strong>in</strong></span> <span class='ocrx_word' id='word_1_959' title='bbox 3096 5251 3284 5306; x_wconf 90' lang='lat' dir='ltr'><strong>mediis</strong></span> <span class='ocrx_word' id='word_1_960' title='bbox 3310 5253 3591 5321; x_wconf 89' lang='lat' dir='ltr'><strong>gemitibus</strong></span> <span class='ocrx_word' id='word_1_961' title='bbox 3618 5262 3673 5309; x_wconf 85' lang='lat' dir='ltr'><strong>et</strong></span> 
     </span>
    </p>
   </div>
   <div class='ocr_carea' id='block_1_116' title="bbox 2096 5344 3672 5420">
    <p class='ocr_par' dir='ltr' id='par_1_116' title="bbox 2096 5344 3672 5420">
     <span class='ocr_line' id='line_1_116' title="bbox 2096 5344 3672 5420; baseline -0.003 -17"><span class='ocrx_word' id='word_1_962' title='bbox 2096 5349 2532 5420; x_wconf 87' lang='lat' dir='ltr'><strong>parturitionibus</strong></span> <span class='ocrx_word' id='word_1_963' title='bbox 2562 5346 2955 5411; x_wconf 75' lang='lat' dir='ltr'><strong>molestiarum;</strong></span> <span class='ocrx_word' id='word_1_964' title='bbox 2982 5344 3110 5398; x_wconf 89' lang='lat' dir='ltr'><strong>nihil</strong></span> <span class='ocrx_word' id='word_1_965' title='bbox 3127 5360 3187 5399; x_wconf 88' lang='lat' dir='ltr'><strong>ea</strong></span> <span class='ocrx_word' id='word_1_966' title='bbox 3212 5345 3470 5400; x_wconf 88' lang='lat' dir='ltr'><strong>inﬁrmius</strong></span> <span class='ocrx_word' id='word_1_967' title='bbox 3500 5346 3672 5401; x_wconf 87' lang='lat' dir='ltr'><strong>donec</strong></span> 
     </span>
    </p>
   </div>
   <div class='ocr_carea' id='block_1_117' title="bbox 2099 5437 3675 5507">
    <p class='ocr_par' dir='ltr' id='par_1_117' title="bbox 2099 5437 3675 5507">
     <span class='ocr_line' id='line_1_117' title="bbox 2099 5437 3675 5507; baseline -0.001 -12"><span class='ocrx_word' id='word_1_968' title='bbox 2099 5441 2296 5495; x_wconf 75' lang='lat' dir='ltr'><strong>luerent</strong></span> <span class='ocrx_word' id='word_1_969' title='bbox 2337 5438 2587 5493; x_wconf 88' lang='lat' dir='ltr'><strong>soliditati</strong></span> <span class='ocrx_word' id='word_1_970' title='bbox 2614 5438 2838 5505; x_wconf 68' lang='lat' dir='ltr'><strong>leesti,</strong></span> <span class='ocrx_word' id='word_1_971' title='bbox 2869 5446 2923 5492; x_wconf 90' lang='lat' dir='ltr'><strong>et</strong></span> <span class='ocrx_word' id='word_1_972' title='bbox 2952 5437 3019 5491; x_wconf 92' lang='lat' dir='ltr'><strong>sit</strong></span> <span class='ocrx_word' id='word_1_973' title='bbox 3044 5437 3095 5491; x_wconf 89' lang='lat' dir='ltr'><strong>in</strong></span> <span class='ocrx_word' id='word_1_974' title='bbox 3127 5438 3323 5507; x_wconf 92' lang='lat' dir='ltr'><strong>templo</strong></span> <span class='ocrx_word' id='word_1_975' title='bbox 3344 5439 3491 5505; x_wconf 67' lang='lat' dir='ltr'><strong>Dei‘,</strong></span> <span class='ocrx_word' id='word_1_976' title='bbox 3534 5439 3675 5493; x_wconf 88' lang='lat' dir='ltr'><strong>unde</strong></span> 
     </span>
    </p>
   </div>
   <div class='ocr_carea' id='block_1_118' title="bbox 2092 5528 3675 5601">
    <p class='ocr_par' dir='ltr' id='par_1_118' title="bbox 2092 5528 3675 5601">
     <span class='ocr_line' id='line_1_118' title="bbox 2092 5528 3675 5601; baseline -0.002 -18"><span class='ocrx_word' id='word_1_977' title='bbox 2092 5531 2201 5601; x_wconf 90' lang='lat' dir='ltr'><strong>jam</strong></span> <span class='ocrx_word' id='word_1_978' title='bbox 2232 5546 2334 5583; x_wconf 91' lang='lat' dir='ltr'><strong>non</strong></span> <span class='ocrx_word' id='word_1_979' title='bbox 2366 5528 2521 5584; x_wconf 89' lang='lat' dir='ltr'><strong>cadat</strong></span> <span class='ocrx_word' id='word_1_980' title='bbox 2548 5547 2560 5582; x_wconf 92' lang='lat'>:</span> <span class='ocrx_word' id='word_1_981' title='bbox 2594 5530 2711 5599; x_wconf 85' lang='lat' dir='ltr'><strong>quia</strong></span> <span class='ocrx_word' id='word_1_982' title='bbox 2743 5529 2915 5599; x_wconf 90' lang='lat' dir='ltr'><strong>primo</strong></span> <span class='ocrx_word' id='word_1_983' title='bbox 2944 5539 2999 5582; x_wconf 94' lang='lat' dir='ltr'><strong>ut</strong></span> <span class='ocrx_word' id='word_1_984' title='bbox 3036 5531 3243 5584; x_wconf 88' lang='lat' dir='ltr'><strong>veniret</strong></span> <span class='ocrx_word' id='word_1_985' title='bbox 3276 5529 3340 5583; x_wconf 90' lang='lat' dir='ltr'><strong>ad</strong></span> <span class='ocrx_word' id='word_1_986' title='bbox 3371 5529 3505 5582; x_wconf 88' lang='lat' dir='ltr'><strong>banc</strong></span> <span class='ocrx_word' id='word_1_987' title='bbox 3530 5528 3675 5581; x_wconf 58' lang='lat' dir='ltr'><strong>infir-</strong></span> 
     </span>
    </p>
   </div>
   <div class='ocr_carea' id='block_1_119' title="bbox 2099 5618 3674 5685">
    <p class='ocr_par' dir='ltr' id='par_1_119' title="bbox 2099 5618 3674 5685">
     <span class='ocr_line' id='line_1_119' title="bbox 2099 5618 3674 5685; baseline -0.001 -10"><span class='ocrx_word' id='word_1_988' title='bbox 2099 5622 2335 5676; x_wconf 89' lang='lat' dir='ltr'><strong>mitatem</strong></span> <span class='ocrx_word' id='word_1_989' title='bbox 2362 5629 2416 5676; x_wconf 90' lang='lat' dir='ltr'><strong>et</strong></span> <span class='ocrx_word' id='word_1_990' title='bbox 2446 5619 2874 5685; x_wconf 86' lang='lat' dir='ltr'><strong>tabiﬁcationem,</strong></span> <span class='ocrx_word' id='word_1_991' title='bbox 2906 5620 3042 5674; x_wconf 90' lang='lat' dir='ltr'><strong>sicut</strong></span> <span class='ocrx_word' id='word_1_992' title='bbox 3079 5635 3268 5673; x_wconf 88' lang='lat' dir='ltr'><strong>aranea</strong></span> <span class='ocrx_word' id='word_1_993' title='bbox 3300 5620 3503 5673; x_wconf 86' lang='lat' dir='ltr'><strong>inﬁrma</strong></span> <span class='ocrx_word' id='word_1_994' title='bbox 3540 5618 3674 5675; x_wconf 85' lang='lat' dir='ltr'><strong>facta</strong></span> 
     </span>
    </p>
   </div>
   <div class='ocr_carea' id='block_1_120' title="bbox 2099 5708 3677 5782">
    <p class='ocr_par' dir='ltr' id='par_1_120' title="bbox 2099 5708 3677 5782">
     <span class='ocr_line' id='line_1_120' title="bbox 2099 5708 3677 5782; baseline -0.003 -12"><span class='ocrx_word' id='word_1_995' title='bbox 2099 5720 2200 5780; x_wconf 89' lang='lat' dir='ltr'><strong>est,</strong></span> <span class='ocrx_word' id='word_1_996' title='bbox 2229 5720 2282 5767; x_wconf 90' lang='lat' dir='ltr'><strong>et</strong></span> <span class='ocrx_word' id='word_1_997' title='bbox 2316 5712 2382 5767; x_wconf 93' lang='lat' dir='ltr'><strong>de</strong></span> <span class='ocrx_word' id='word_1_998' title='bbox 2409 5711 2655 5782; x_wconf 88' lang='lat' dir='ltr'><strong>paradiso</strong></span> <span class='ocrx_word' id='word_1_999' title='bbox 2689 5712 2904 5781; x_wconf 74' lang='lat' dir='ltr'><strong>expulsa</strong></span> <span class='ocrx_word' id='word_1_1000' title='bbox 2948 5722 3048 5765; x_wconf 89' lang='lat' dir='ltr'><strong>est.</strong></span> <span class='ocrx_word' id='word_1_1001' title='bbox 3087 5710 3233 5765; x_wconf 88' lang='lat' dir='ltr'><strong>Tunc</strong></span> <span class='ocrx_word' id='word_1_1002' title='bbox 3248 5708 3428 5780; x_wconf 87' lang='lat' dir='ltr'><strong>jussus</strong></span> <span class='ocrx_word' id='word_1_1003' title='bbox 3449 5716 3533 5764; x_wconf 82' lang='lat' dir='ltr'><strong>est</strong></span> <span class='ocrx_word' id='word_1_1004' title='bbox 3560 5723 3677 5765; x_wconf 63' lang='grc' dir='ltr'><strong>δεῖς</strong></span> 
     </span>
    </p>
   </div>
   <div class='ocr_carea' id='block_1_121' title="bbox 2166 5820 3026 5888">
    <p class='ocr_par' dir='ltr' id='par_1_121' title="bbox 2166 5820 3026 5888">
     <span class='ocr_line' id='line_1_121' title="bbox 2166 5820 3026 5888; baseline -0.005 -15"><span class='ocrx_word' id='word_1_1005' title='bbox 2166 5827 2181 5856; x_wconf 84' lang='grc'>¹</span> <span class='ocrx_word' id='word_1_1006' title='bbox 2210 5823 2434 5888; x_wconf 83' lang='lat' dir='ltr'><strong>Plerique</strong></span> <span class='ocrx_word' id='word_1_1007' title='bbox 2457 5832 2583 5885; x_wconf 77' lang='lat' dir='ltr'><strong>Ilss.,</strong></span> <span class='ocrx_word' id='word_1_1008' title='bbox 2605 5824 2654 5874; x_wconf 86' lang='lat' dir='ltr'><strong>in</strong></span> <span class='ocrx_word' id='word_1_1009' title='bbox 2672 5823 2898 5887; x_wconf 46' lang='lat' dir='ltr'><strong>templum</strong></span> <span class='ocrx_word' id='word_1_1010' title='bbox 2925 5820 3026 5872; x_wconf 80' lang='lat' dir='ltr'><strong>Dei.</strong></span> 
     </span>
    </p>
   </div>
  </div>
