4160 6448
606 384 744 441 1655

603 515 700 555 vos
726 498 877 554 credi.
915 498 1128 553 Fratres
1167 498 1293 564 mei,
1326 496 1501 553 videte
1525 512 1592 554 ex
1621 512 1726 569 quo
1756 498 2084 568 vapulamus.
2132 498 2189 553 ln

601 592 847 647 omnibus
885 591 975 660 qui
1032 590 1099 644 ab
1148 590 1296 644 initio
1328 591 1539 661 generis
1574 590 1787 645 humani
1821 592 1929 646 nati
1956 602 2097 657 sunt,
2137 591 2191 647 in

602 682 849 737 omnibus
876 680 966 749 qui
1010 695 1149 734 nunc
1178 690 1322 747 sunt,
1372 682 1425 734 in
1459 682 1708 736 omnibus
1738 684 1825 753 qui
1863 693 2045 752 postea
2091 698 2187 737 na—

598 780 833 835 scentur,
873 770 1037 824 Adam
1069 773 1303 840 vapulat.
1332 772 1557 842 Vapulat
1586 773 1776 840 Adam,
1812 774 1861 828 id
1887 782 1988 839 est,
2020 790 2190 844 genus

597 866 885 918 humanum
912 880 925 927 ;
966 873 1017 917 et
1048 865 1196 917 multi
1226 866 1304 918 sic
1333 864 1754 931 obduruerunt‘,
1799 875 1854 920 ut
1885 882 1982 921 nec
2007 868 2190 939 plagas

594 970 719 1010 suas
740 956 987 1009 sentiant.
1036 955 1137 1024 Qui
1162 971 1289 1011 vero
1318 973 1383 1011 ex
1408 958 1521 1027 ipso
1545 974 1743 1027 genere
1770 959 1861 1013 filii
1889 958 2008 1015 facti
2040 970 2181 1027 sunt,

595 1054 910 1115 receperunt
942 1062 1155 1101 sensum
1186 1047 1383 1102 doloris
1419 1066 1431 1102 :
1478 1051 1715 1103 sentiunt
1749 1064 1807 1105 se
1836 1052 2107 1121 vapulare,
2132 1061 2189 1109 et.

594 1148 855 1192 noverunt
876 1139 995 1208 quis
1012 1140 1165 1209 jussit
1192 1149 1249 1194 ut
1273 1140 1557 1210 vapulent;
1588 1152 1639 1196 et
1666 1143 1975 1197 levaverunt
2002 1145 2185 1202 oculos

593 1242 718 1283 suos
752 1229 816 1285 ad
845 1246 966 1285 eum
1002 1232 1090 1301 qui
1133 1231 1334 1285 habitat
1378 1234 1429 1285 in
1461 1232 1631 1297 cutio;
1673 1242 1728 1287 et
1768 1234 1845 1288 sic
1884 1243 2007 1288 sunt
2045 1234 2183 1290 oculi

594 1334 777 1374 eorum
812 1321 861 1374 in
891 1336 1076 1376 manus
1100 1321 1311 1376 Domini
1338 1322 1441 1387 sui,
1480 1324 1823 1394 quoadusque
1848 1326 2176 1392 misereatur,

594 1411 725 1464 sicut
758 1413 898 1467 oculi
940 1428 1214 1468 servorum
1243 1415 1294 1469 in
1330 1430 1521 1469 manus
1564 1415 1900 1471 dominorum
1940 1432 2179 1484 suorum,

595 1510 650 1555 et
669 1502 806 1557 sicut
832 1502 972 1557 oculi
994 1504 1199 1558 ancillae
1221 1504 1272 1558 in
1302 1520 1493 1559 manus
1518 1504 1748 1561 dominae
1770 1523 1899 1561 suae.
1928 1506 2087 1561 Vides
2109 1507 2183 1560 fe-

593 1592 726 1669 lices
752 1594 956 1664 aliquos
977 1596 1029 1649 in
1058 1596 1158 1651 isto
1180 1597 1376 1651 sarculo
1394 1597 1649 1665 ridentes,
1668 1599 1931 1668 jactantes
1952 1615 2044 1664 se;
2074 1615 2180 1655 non

595 1686 845 1754 vapulant
876 1706 890 1741 :
929 1688 1036 1742 imo
1059 1688 1210 1756 pejus
1242 1689 1529 1757 vapulant;
1564 1689 1665 1744 hoc
1694 1690 1809 1759 ipso
1835 1692 2046 1760 gravius
2070 1705 2178 1745 cae-

593 1775 811 1843 duntur,
849 1791 953 1845 quo
997 1791 1212 1831 sensum
1246 1778 1355 1846 jam
1390 1778 1759 1848 perdiderunt.
1807 1781 2085 1851 Evigilent,
2126 1791 2180 1836 et

594 1865 873 1934 vapulent;
906 1867 1137 1921 sentiant
1151 1868 1272 1937 quia
1292 1870 1561 1937 vapulant,
1581 1870 1748 1923 sciant
1769 1871 1888 1940 quia
1904 1871 2174 1941 vapulant,

596 1967 651 2013 ct.
675 1960 893 2015 doleant
915 1962 1036 2032 quia
1067 1963 1337 2031 vapulant.
1369 1962 1626 2029 Quoniam
1654 1964 1738 2029 qui
1778 1966 1988 2034 apponit
2012 1967 2175 2019 scien-

594 2052 737 2120 tiam,
769 2055 980 2123 apponit
1009 2054 1232 2107 dolorem
1266 2069 1283 2106 :
1329 2053 1429 2107 hoc
1454 2052 1724 2124 Scriptura
1750 2054 1882 2108 dixit
1911 2054 2104 2126 (Eccle.
2136 2072 2173 2121 ι,

596 2140 708 2212 18).
740 2143 863 2198 ldeo
892 2144 1143 2199 Dominus
1173 2145 1227 2199 in
1253 2144 1540 2215 Evangelio
1561 2162 1579 2199 :
1606 2144 1748 2199 Beati
1781 2147 2025 2217 lugentes,
2054 2162 2177 2217 quo-

593 2235 727 2289 niam
752 2236 850 2305 ipsi
875 2236 1265 2290 consolabuntur
1295 2236 1509 2307 (Matth.
1541 2252 1594 2303 v,
1624 2237 1701 2307 5).

664 2348 717 2401 7.
740 2347 1029 2403 Audiamus
1070 2362 1258 2403 vocem
1301 2347 1533 2402 hominis
1572 2348 1662 2417 qui
1699 2347 1935 2417 vapulat,
1977 2357 2031 2403 et
2069 2348 2176 2403 sint

592 2437 705 2493 istm
741 2438 1154 2509 uniuscujusque
1200 2448 1441 2494 nostrum
1485 2453 1643 2493 voces
1678 2447 1734 2494 et
1769 2438 1981 2509 quando
2020 2439 2174 2494 nobis

588 2530 724 2585 bene
747 2540 847 2585 est.
875 2530 1005 2585 Nam
1033 2530 1151 2600 quis
1180 2544 1284 2583 non
1308 2530 1570 2600 intelligat
1598 2529 1848 2599 vapulare
1873 2545 1931 2585 se
1956 2530 2172 2601 quando

585 2632 825 2692 aegrotat,
865 2622 1077 2693 quando
1104 2621 1156 2675 in
1196 2636 1412 2677 carcere
1438 2630 1541 2689 est,
1582 2621 1795 2691 quando
1825 2622 1961 2677 forte
2000 2623 2050 2677 in
2082 2636 2171 2677 ca-

585 2723 726 2779 tena,
752 2713 964 2783 quando
987 2712 1122 2768 forte
1150 2713 1387 2768 latrones
1426 2714 1660 2783 patitur?
1701 2713 1923 2782 Quando
1959 2714 2027 2768 ab
2071 2713 2169 2768 ali-

580 2803 772 2874 quibus
800 2803 1055 2873 improbis
1081 2802 1129 2859 ei
1149 2805 1339 2874 aliqua:
1366 2805 1625 2860 molestia:
1656 2805 1977 2876 irrogantur,
2005 2805 2167 2861 sentit

579 2895 830 2965 vapulare
857 2911 916 2951 se
934 2897 976 2949 ¹.
1006 2896 1226 2966 Magnus
1252 2911 1439 2951 sensus
1468 2906 1569 2964 est,
1600 2896 1783 2953 videre
1808 2898 1930 2968 quia
1951 2899 2165 2968 vapulat

577 2996 632 3042 et
656 2987 867 3058 quando
889 2987 961 3042 illi
978 2987 1113 3042 bene
1137 2996 1238 3042 est.
1268 2986 1381 3041 Non
1403 2988 1545 3042 enim
1567 2989 1639 3043 ait
1660 2989 1936 3059 Scriptura
1965 2989 2018 3044 in
2038 2989 2158 3057 Job,

579 3077 980 3133 Tentationibus
1000 3076 1230 3133 abundat
1248 3078 1353 3131 vita
1374 3078 1636 3143 humana;
1665 3077 1759 3133 sed
1780 3080 1872 3145 ait,
1896 3078 2162 3151 Numquid

574 3185 676 3223 non
705 3171 908 3228 tentatio
934 3178 1005 3224 est
1033 3170 1132 3223 vita
1157 3168 1379 3222 humana
1398 3185 1548 3239 super
1574 3179 1757 3224 terram
1800 3169 1918 3241 (Job
1937 3187 2027 3238 vn,
2063 3173 2157 3243 1)?

572 3262 758 3316 Totam
804 3263 969 3332 ipsam
1014 3263 1173 3317 vitam
1220 3262 1565 3317 tentatiouem
1604 3262 1755 3318 dixit.
1792 3263 1990 3338 AOmnis
2028 3280 2156 3336 ergo

572 3353 678 3407 vita
709 3362 795 3407 tua
818 3368 979 3422 super
1001 3364 1219 3420 terram,
1245 3353 1412 3424 plaga:
1439 3363 1542 3408 tuae
1570 3362 1713 3409 sunt.
1744 3354 1937 3426 Plange
1962 3372 2154 3426 quam-

571 3441 660 3497 diu
685 3444 818 3497 vivis
844 3446 897 3497 in
940 3453 1079 3498 terra
1107 3460 1119 3496 :
1167 3446 1278 3499 sive
1313 3446 1535 3500 feliciter
1560 3446 1727 3511 vivas,
1758 3446 1870 3501 sive
1900 3449 1950 3501 in
1977 3449 2151 3520 aliqua

572 3535 908 3590 tribulatione
932 3537 1247 3589 constitutus
1280 3536 1374 3601 sis,
1406 3536 1600 3602 clama,
1629 3536 1710 3589 Ad
1732 3546 1778 3590 te
1804 3536 1957 3592 levavi
1980 3540 2153 3595 oculos

568 3644 723 3694 meos,
763 3628 849 3698 qui
878 3628 1073 3682 habitas
1114 3628 1168 3681 in
1197 3628 1341 3680 caelo.
1381 3625 1461 3682 Ad
1491 3642 1681 3681 manus
1709 3628 1937 3695 Domini,
1981 3631 2069 3698 qui
2102 3640 2152 3685 te

566 3720 721 3789 jussit
745 3720 898 3785 caadi,
924 3718 1011 3773 cui
1041 3718 1172 3772 dicis
1200 3720 1249 3771 in
1272 3718 1377 3772 alio
1402 3718 1628 3787 psalmo,
1657 3717 1875 3787 Propter
1908 3721 2148 3790 iniquita-

565 3820 663 3863 tem
691 3810 898 3863 erudiin
919 3809 1203 3871 hominem;
1242 3818 1287 3861 et
1308 3808 1555 3862 tabescere
1578 3809 1739 3878 fecisti
1765 3811 1891 3863 sicut
1912 3828 2149 3865 araneam

564 3904 787 3956 animam
842 3919 1042 3965 nteant;
1098 3902 1265 3956 clama
1303 3901 1369 3955 ad
1410 3917 1595 3956 manus
1635 3902 1909 3967 caedentis,
1951 3912 2004 3958 et
2041 3905 2145 3972 dic,

563 3993 804 4049 Miserere
843 3993 1020 4058 nostri,
1052 3991 1284 4057 Domine,
1324 3992 1556 4045 miserere
1596 3992 1773 4045 nostri.
1812 3993 1999 4048 Nonne
2026 4004 2150 4050 sunt

562 4088 675 4141 ista:
706 4101 861 4141 voces
897 4085 1196 4154 vapulantis
1236 4100 1249 4136 :
1300 4082 1539 4138 Miserere
1562 4085 1740 4151 nostri,
1772 4083 2004 4151 Domine,
2050 4088 2147 4140 mi-

561 4193 721 4231 serere
747 4178 904 4230 nostri
927 4178 952 4229 ?

630 4290 683 4345 8.
717 4289 966 4355 Quoniam
1001 4288 1215 4341 multum
1263 4288 1439 4357 repleti
1483 4305 1657 4342 sumus
1697 4289 2027 4360 despectione.
2080 4291 2147 4346 In

560 4380 832 4449 plurimum
860 4380 1049 4448 repleta
1081 4388 1149 4431 est
1177 4378 1349 4430 anima
1375 4388 1587 4442 nostra;
1615 4382 1941 4449 opprobrium
1961 4382 2034 4435 eis
2061 4384 2148 4449 qui

560 4468 835 4535 abundant,
876 4480 921 4521 et
950 4467 1197 4536 despectio
1235 4467 1477 4535 superbis.
1530 4468 1630 4535 Qui
1677 4468 1986 4539 despicitur,
2018 4487 2147 4526 cou—

559 4562 836 4618 temnitur.
887 4558 1085 4614 Omnes
1113 4559 1205 4629 qui
1239 4558 1529 4613 secundum
1557 4559 1823 4615 Christum
1853 4563 1937 4631 pie
1964 4564 2147 4619 volunt

560 4653 759 4718 vivere,
799 4665 1019 4706 necesse
1044 4659 1126 4705 est
1169 4648 1437 4719 patiantur
1461 4650 1765 4719 opprobria,
1817 4667 2036 4709 necesse
2066 4665 2147 4711 est

557 4753 972 4800 contemnantur
1010 4741 1087 4811 (ll
1120 4740 1253 4795 Tim.
1285 4757 1359 4807 ιιι,
1394 4741 1483 4811 19.)
1520 4742 1587 4797 ab
1624 4742 1705 4797 his
1732 4745 1819 4815 qui
1848 4745 2034 4800 nolunt
2060 4748 2145 4818 pie

556 4838 760 4903 vivere,
780 4851 1004 4907 quorum
1023 4833 1246 4889 felicitas
1271 4842 1376 4887 tota
1398 4844 1605 4889 terrena
1626 4844 1723 4890 est.
1751 4836 2042 4893 lrridcntur
2070 4840 2144 4895 illi

554 4928 646 4999 qui
668 4926 969 4982 felicitatem
991 4934 1355 4995 vocantquam
1382 4926 1548 4980 oculis
1566 4925 1744 4982 videre
1766 4944 1871 4984 non
1901 4941 2139 5000 possunt,

554 5032 610 5078 et
639 5022 832 5076 dicitur
860 5022 935 5077 eis
963 5038 975 5074 :
1008 5019 1144 5088 Quid
1173 5018 1366 5086 credis,
1412 5018 1630 5074 insane?
1668 5020 1823 5075 Vides
1853 5023 1992 5091 quod
2026 5040 2143 5080 cre-

554 5116 674 5171 dis?
700 5117 965 5171 Reversus
986 5126 1067 5170 est
1087 5114 1278 5185 aliquis
1307 5113 1373 5167 ab
1395 5112 1597 5177 inferis,
1622 5122 1675 5168 ct
1696 5114 1877 5168 retulit
1904 5115 1992 5171 tibi
2016 5117 2141 5186 quid

620 5271 634 5302 ¹
664 5278 766 5319 Am.
792 5278 865 5320 Er.
894 5278 945 5320 et
964 5269 1130 5331 plures
1152 5276 1279 5329 Mss,
1302 5268 1671 5319 obduraverunt.

613 5334 633 5365 ³
659 5338 708 5380 In
720 5330 1019 5394 ,editionibns
1034 5331 1218 5394 aliquot
1241 5331 1602 5394 Parisiensibus,
1619 5338 1744 5392 post,
1756 5330 1897 5381 sentit
1913 5331 2140 5394 vapulare

546 5406 619 5457 se,
643 5392 833 5442 additur
859 5407 871 5441 :
901 5410 922 5436 tt
949 5392 1141 5453 Magnus
1182 5393 1475 5457 inimicorum
1499 5393 1678 5457 Christi
1700 5402 1876 5457 metus,
1899 5392 1985 5443 sed
2004 5397 2140 5457 quasi

553 5474 576 5501 α
601 5455 761 5503 fumus
785 5467 953 5519 eorum
978 5461 1139 5519 terror
1164 5455 1427 5519 evanescit.
1455 5461 1567 5502 Nam
1602 5456 1711 5519 quis
1733 5455 1924 5519 dubitet
1956 5455 2137 5519 nuper-

553 5534 576 5562 ι
598 5518 739 5572 rime,
768 5518 893 5565 sicut
916 5516 1184 5577 audivimus
1216 5529 1242 5562 a
1278 5514 1524 5577 fratribus,
1564 5514 1646 5577 qui
1686 5514 2037 5576 interfuerunt,
2055 5532 2137 5567 co-

550 5596 574 5624 ι
601 5580 842 5641 etiscopis
865 5578 1060 5635 nostris,
1093 5576 1367 5641 damnatum
1407 5575 1543 5641 illum
1584 5575 1824 5641 Boeticum
1872 5575 2131 5641 inimicum,

550 5658 573 5683 ι
597 5638 781 5689 contra
811 5640 1061 5687 Dominum
1098 5638 1371 5696 latrantem,
1417 5638 1569 5699 digne
1616 5638 1910 5699 flagellatum
1947 5639 2139 5691 fuisse?

550 5719 572 5745 ι
594 5700 855 5762 Flagellum
878 5708 1043 5750 autem
1072 5700 1377 5762 Dominiqnon
1394 5701 1638 5762 cognovit,
1662 5701 1853 5760 quando
1873 5701 2140 5751 damnatio-

549 5760 710 5824 «rnem
734 5762 887 5824 magis
906 5775 1049 5824 quam
1073 5760 1375 5810 concordiam
1410 5760 1621 5823 elegit.»
1650 5769 1763 5819 Quae
1787 5762 1936 5812 verba
1961 5763 2137 5814 absunt

546 5823 609 5874 ab
634 5822 778 5873 editis
802 5822 899 5871 A'm.
921 5822 994 5873 Fr.
1018 5829 1127 5874 ιον.
1159 5828 1207 5872 et
1233 5834 1260 5870 a
1283 5828 1389 5872 Mss.

1842 386 1892 440 S.
1941 382 2307 442 AUCL’STINI
2350 385 2652 446 EPISCOPI

3719 424 3826 483 1656

2298 498 2368 599 ibi
2416 503 2627 599 agitur?
2681 505 2819 563 Ecce
2851 524 2949 581 ego
2996 514 3136 583 quod
3183 531 3304 573 amo
3344 522 3510 592 video,
3561 538 3610 584 et
3650 530 3774 593 fruor
3793 544 3825 599 ι.

2292 589 2614 693 Despiceris,
2647 597 2768 665 quia
2790 613 2975 669 speras
2999 606 3140 674 quod
3168 622 3271 663 non
3303 612 3475 680 vides;
3496 589 3551 672 et
3574 589 3826 693 despiciite

2292 680 2401 781 ille,
2426 685 2686 781 qui-quasi
2720 697 2861 745 tenet
2884 695 3024 763 quod
3055 698 3214 754 videt.
3240 702 3464 762 Attende
3486 710 3529 763 si
3556 680 3824 781 ipse-tenet":

2291 775 2400 828 noli
2431 777 2660 845 turbari;
2694 782 2815 838 vide
2838 786 2882 839 si
2914 785 3028 857 ipse
3061 800 3225 860 tenet,
3272 804 3324 850 et
3352 813 3455 854 non
3500 775 3588 857 tibi
3613 775 3824 883 insultet;

2292 877 2359 958 ne
2388 878 2507 919 cum
2541 878 2692 936 putas
2719 886 2839 926 eum
2864 874 3065 932 felicem
3085 880 3135 934 in
3167 888 3433 955 praesenti,
3461 893 3659 950 amittas
3679 874 3826 958 verani

2285 952 2597 1049 felicitatem
2638 960 2899 1019 futuram:
2943 968 3050 1023 noli
3099 975 3334 1041 turbari;
3383 952 3590 1038 attende
3624 952 3826 1049 si

2284 1041 2509 1150 habitur
2538 1048 2640 1102 hoc
2669 1050 2735 1105 ab
2762 1053 2851 1108 illo
2889 1059 3030 1126 quod
3072 1069 3233 1131 tenet,
3286 1068 3367 1122 vel
3398 1069 3507 1139 ipse
3535 1074 3599 1128 ab
3630 1041 3828 1150 eo‘q'ubd

2290 1140 2431 1236 tenet
2454 1153 2467 1201 ;
2487 1153 2720 1236 ‘IICCCSSG
2747 1152 2829 1198 ρει
2860 1155 3093 1205 transeat
3117 1162 3206 1207 aut
3234 1155 3345 1226 ipse
3382 1175 3477 1229 per
3497 1178 3578 1218 res
3602 1140 3739 1236 SUOS,-
3757 1184 3829 1229 aut

2286 1241 2374 1285 res
2402 1228 2566 1298 ipsius
2605 1248 2700 1302 per
2736 1235 2904 1291 illum.
2953 1240 3054 1296 Per
3087 1259 3246 1315 quem
3286 1265 3371 1305 res
3402 1260 3668 1313 transeunt
3704 1228 3828 1318 sum?

2286 1318 2386 1386 Qui
2413 1324 2560 1379 vivus
2591 1325 2879 1385 labefactus
2917 1333 3075 1389 erit'.
3108 1336 3237 1403 Quis
3274 1344 3462 1398 transit
3488 1363 3578 1415 per
3598 1367 3676 1406 res
3695 1359 3828 1411 suas?

2286 1409 2383 1476 Qui
2426 1412 2478 1466 in
2521 1412 2719 1471 divitiis
2749 1420 3008 1489 moritur;
3052 1428 3171 1494 quia
3212 1444 3334 1485 cum
3371 1409 3609 1501 moritur,
3638 1457 3729 1496 non

2280 1515 2466 1601 secum
2491 1504 2663 1561 aufert
2688 1507 2755 1563 ad
2776 1510 2993 1568 inferos.
3019 1515 3246 1574 Domum
3276 1537 3449 1578 meam
3484 1527 3663 1598 habeo,
3685 1534 3826 1604 jacta-

2284 1590 2359 1686 vit
2384 1607 2462 1686 se.
2505 1594 2729 1665 Quaeris,
2776 1600 2944 1668 Quam
2974 1605 3189 1664 domum
3224 1616 3409 1670 tuam?
3436 1617 3599 1686 Quam
3625 1590 3737 1680 mihi
3760 1590 3828 1683 di-

2283 1684 2427 1776 misit
2466 1697 2614 1756 pater
2638 1706 2811 1748 meus.
2846 1694 2914 1750 Et
2944 1697 3033 1753 ille
3065 1702 3205 1758 unde
3238 1704 3423 1761 habuit
3450 1684 3583 1768 hanc
3606 1714 3827 1776 domum!

2284 1774 2427 1877 favus
2454 1785 2635 1833 noster
2655 1779 2731 1835 illi
2752 1797 2868 1838 eam
2895 1785 3115 1843 dimisit.
3158 1792 3397 1852 Recurre
3428 1810 3479 1853 et
3498 1802 3562 1857 ad
3590 1774 3826 1877 proavum,

2284 1864 2406 1921 inde
2444 1867 2509 1921 ad
2541 1880 2774 1938 atavum,
2807 1883 2861 1930 et
2890 1876 3001 1947 jam
3032 1884 3247 1938 nomina
3281 1904 3387 1944 non
3415 1864 3624 1961 potesta
3659 1864 3823 1958 dicere:

2280 1957 2393 2013 Non
2419 1960 2541 2016 inde
2580 1965 2757 2032 potius
2787 1972 3025 2038 terreris,
3066 1976 3189 2045 quia
3220 1957 3670 2045 multos—attendis
3706 1957 3827 2049 trans

2280 2050 2414 2146 sisse
2450 2068 2546 2146 per
2572 2055 2711 2110 illam
2741 2058 2980 2130 domum,
3014 2074 3068 2120 et
3106 2071 3376 2127 neminem
3414 2076 3639 2146 ipsorum
3676 2099 3827 2145 secum

2280 2140 2423 2197 illam
2454 2144 2638 2202 tulisse
2664 2147 2730 2202 ad
2752 2158 3007 2208 :eternam
3031 2155 3282 2215 domum?
3309 2140 3471 2220 Pater
3498 2176 3612 2225 tuus
3640 2172 3715 2227 hic
3732 2140 3826 2231 eain

2282 2233 2523 2303 dimisit;
2582 2242 2791 2295 transiit
2840 2259 2935 2312 per
2960 2246 3143 2303 illam:
3188 2252 3265 2307 sic
3312 2265 3369 2309 et
3414 2265 3468 2312 tu
3506 2264 3751 2321 transibis.
3783 2267 3826 2323 Si

2278 2340 2405 2396 ergo
2434 2331 2715 2385 transitum
2746 2333 2951 2390 habetis
2992 2339 3043 2392 in
3075 2339 3236 2397 domo
3256 2356 3460 2415 vestra,
3488 2353 3735 2410 stabulum
3761 2368 3824 2417 est

2281 2420 2720 2490 transeuntium",
2768 2440 2874 2480 non
2902 2427 3157 2486 habitatio
3189 2443 3656 2498 commanentium.
3690 2447 3746 2503 Et
3767 2459 3825 2503 ta-

2277 2526 2398 2566 men
2426 2514 2547 2583 quia
2574 2531 2672 2569 nos
2696 2531 2759 2571 ea
2785 2533 2903 2588 quae
2931 2519 3107 2579 futura
3133 2536 3257 2581 sunt
3288 2543 3590 2603 speramus,
3621 2544 3673 2592 et
3693 2539 3737 2594 in
3761 2539 3823 2595 fu-

2275 2610 2445 2701 turam
2492 2605 2800 2701 felicitatem
2852 2612 3202 2682 suspiramus,
3248 2627 3304 2673 et
3349 2623 3584 2682 nondum
3617 2632 3822 2701 apparuit

2272 2692 2414 2787 quod
2442 2694 2661 2761 erimus,
2690 2701 2931 2768 quamvis
2954 2703 3066 2771 jam
3093 2705 3187 2761 filii
3212 2707 3302 2763 Dei
3332 2711 3507 2769 simus
3537 2692 3822 2787 (uitium,

2271 2785 2369 2858 2);
2403 2787 2524 2857 quia
2562 2789 2666 2843 vita
2714 2801 2893 2847 nostra
2935 2792 3247 2853 abscondita
3285 2811 3377 2857 est
3411 2785 3822 2866 cum-Christum

2278 2881 2387 2975 Deo
2419 2901 2434 2939 :
2463 2887 2640 2957 repleti
2665 2906 2839 2946 sumus
2865 2892 3207 2963 despectione,
3236 2896 3287 2953 id
3309 2908 3403 2955 est
3428 2914 3734 2975 contemptu,
3770 2907 3820 2962 ab

2278 2974 2362 3029 his
2390 2979 2479 3048 qui
2508 2979 2810 3037 felicitatem
2841 2996 3083 3055 quaarunt
3109 2990 3193 3045 vel
3216 2990 3423 3050 habent
3441 2995 3493 3051 in
3516 2997 3614 3053 iSto
3638 2974 3819 3056 saeculo.

2337 3065 2390 3121 9.
2421 3066 2489 3122 In
2514 3072 2786 3140 plurimum
2811 3076 3002 3144 repleta
3024 3088 3097 3132 est
3112 3082 3283 3137 anima
3298 3096 3517 3153 nostra;
3537 3091 3819 3161 opprobrium

2261 3157 2334 3211 eis
2368 3160 2454 3227 qui
2497 3160 2788 3229 abundant;
2820 3175 2865 3218 et
2905 3167 3157 3238 despectio
3191 3176 3443 3246 superbis.
3481 3157 3820 3247 Quazrebamus

2261 3247 2350 3344 qui
2378 3260 2502 3344 sunt
2525 3251 2611 3344 qui
2635 3254 2893 3310 abundant
2916 3274 2936 3322 ;
2964 3263 3213 3329 exposuit
3238 3266 3330 3320 tibi
3361 3284 3485 3324 cum
3509 3271 3651 3337 dixit,
3672 3291 3820 3344 super-

2261 3336 2355 3390 bis.
2388 3338 2541 3436 Quod
2566 3351 2647 3396 est
2674 3353 2873 3412 autem,
2901 3351 3267 3420 opprobrium;
3293 3355 3405 3414 hoc
3433 3372 3531 3427 est,
3560 3336 3818 3436 despecius:

2263 3438 2315 3526 et
2339 3431 2483 3499 quod
2511 3443 2608 3495 est,
2642 3436 2729 3504 qui
2752 3436 3049 3505 abundant;
3096 3442 3195 3499 hoc
3220 3455 3321 3513 est,
3358 3456 3604 3521 superbis.
3634 3431 3819 3526 Repeti-

2260 3520 2333 3611 tio
2378 3524 2657 3578 sententite
2702 3535 2803 3593 est,
2853 3533 3179 3600 opprobrium
3226 3538 3297 3592 eis
3344 3520 3438 3611 qui
3488 3520 3739 3611 abundant,
3780 3557 3817 3602 et

2259 3610 2511 3705 despectio
2533 3619 2778 3686 superbis.
2809 3621 2985 3687 Quare
3014 3626 3284 3684 abundant
3310 3636 3571 3705 superbi?
3599 3610 3815 3704 Quiahic

2257 3703 2440 3759 volunt
2470 3722 2586 3762 esse
2609 3708 2809 3766 felices.
2839 3714 3015 3782 Quid?
3042 3719 3254 3786 quando
3283 3731 3335 3776 et
3371 3703 3471 3794 ipsi
3498 3703 3664 3782 miseri
3691 3738 3809 3795 sunt,

2257 3798 2510 3867 numquid
2557 3800 2866 3857 abundant?
2913 3806 3017 3861 Sed
3050 3807 3186 3866 forte
3230 3815 3450 3881 quando
3492 3820 3662 3874 miseri
3691 3830 3809 3885 sunt,

2255 3902 2362 3942 non
2406 3890 2560 3947 nobis
2602 3893 2876 3950 inSultant.
2914 3899 3154 3955 lntendat
3182 3902 3435 3963 Charitas
3476 3920 3661 3965 vestra.
3686 3911 3810 3966 Tunc

2257 3980 2508 4037 insultant
2534 3983 2666 4040 forte
2688 3988 2902 4057 quando
2923 3990 3106 4047 felices
3134 4006 3277 4059 sunt,
3319 4001 3541 4067 qumdo
3565 4017 3620 4057 se
3636 4004 3807 4071 jactant

2255 4072 2308 4127 in
2355 4091 2545 4146 pompa
2584 4078 2885 4136 divitiarum
2921 4098 3156 4154 suarum,
3194 4091 3414 4157 quando
3462 4106 3519 4149 se
3548 4095 3733 4165 jactant
3765 4096 3805 4151 in

2253 4168 2570 4223 ventositate
2599 4168 2850 4226 falsorum
2883 4172 3143 4231 honorum
3170 4195 3184 4243 ;
3218 4188 3344 4236 tunc
3389 4184 3800 4250 insultantnobis,

2253 4264 2307 4312 et
2333 4259 2483 4327 quasi
2517 4259 2699 4315 dicunt
2728 4279 2741 4315 :
2773 4264 2909 4320 Ecce
2930 4266 3058 4321 mihi
3086 4267 3223 4325 bene
3250 4281 3353 4339 cst,
3382 4274 3530 4330 fruor
3554 4293 3645 4348 ego
3671 4277 3803 4331 rebus

2252 4349 2622 4417 prmsentibus,
2655 4354 2907 4410 recedant
2930 4372 2958 4410 a
2985 4372 3072 4413 me
3101 4362 3187 4430 qui
3219 4367 3535 4431 promittunt
3559 4369 3687 4440 quod
3715 4383 3802 4422 non

2251 4441 2535 4496 ostendunt
2558 4460 2571 4509 ;
2601 4444 2743 4512 quod
2769 4448 2921 4503 video
2946 4460 3121 4519 teneo,
3148 4455 3290 4524 quod
3314 4458 3473 4514 video
3503 4461 3665 4527 fruor;
3688 4460 3800 4515 bene

2252 4530 2379 4585 mihi
2404 4532 2472 4586 sit
2501 4533 2551 4586 itt
2577 4534 2675 4590 hac
2693 4537 2818 4591 vita.
2841 4539 2917 4593 Tu
2941 4545 3180 4598 securior
3208 4555 3322 4601 esto
3348 4563 3363 4613 ;
3398 4552 3519 4619 quia
3543 4551 3799 4607 resurrexit

2250 4622 2514 4691 Christus,
2556 4638 2611 4681 et
2654 4627 2833 4684 docuit
2865 4639 2916 4687 te
2940 4634 3064 4703 quid
3105 4636 3155 4691 in
3191 4637 3290 4693 alia
3320 4640 3427 4694 vita
3467 4642 3673 4697 daturus
3696 4643 3794 4695 sit:

2250 4724 2427 4771 certus
2470 4729 2586 4773 esto
2624 4721 2745 4790 quia
2788 4722 2896 4778 dat.
2937 4726 3044 4780 Sed
3093 4728 3312 4785 insultat
3353 4733 3463 4800 ille,
3501 4736 3615 4804 quia
3655 4742 3791 4788 tenet.

2249 4806 2409 4862 Ferte
2445 4808 2805 4877 insultantem,
2830 4825 2883 4869 et
2906 4815 3099 4873 ridebis
3118 4831 3415 4889 gementem
3442 4843 3455 4879 :
3481 4836 3651 4895 postea
3673 4826 3791 4881 enim

2250 4901 2425 4955 veniet
2463 4910 2669 4973 tempus
2696 4906 2905 4974 quando
2935 4908 3129 4966 dicturi
3179 4922 3303 4968 sunt
3333 4915 3406 4969 illi
3448 4917 3564 4987 ipsi,
3602 4917 3668 4971 Ili
3694 4925 3792 4971 sunt

2247 5008 2371 5062 quos
2399 4994 2673 5063 aliquando
2712 4996 2977 5054 habuimus
3022 5000 3075 5054 in
3116 5004 3294 5059 risum.
3337 5005 3505 5063 Verba
3538 5017 3653 5063 sunt
3692 5006 3791 5061 libri

2247 5084 2564 5154 Sapientia};
2592 5088 2711 5156 quia
2744 5090 2971 5157 prodidit
3002 5095 3155 5149 nobis
3183 5096 3449 5168 Scriptura
3480 5116 3593 5170 qua:
3624 5098 3788 5153 dicturi

2246 5186 2369 5229 sunt
2401 5177 2472 5230 illi
2496 5178 2594 5246 ipsi
2615 5179 2701 5247 qui
2734 5195 2829 5233 nos
2860 5182 3020 5236 modo
3049 5184 3289 5254 irrident,
3320 5199 3371 5242 ct
3401 5190 3488 5259 qui
3516 5206 3607 5243 nos
3632 5187 3786 5258 despi-

2247 5268 2409 5332 ciunt,
2443 5276 2498 5322 et
2527 5270 2770 5339 aquibus
2800 5271 3003 5341 impleti
3031 5290 3216 5332 sumus
3246 5281 3529 5349 opprobrio
3552 5292 3600 5336 et
3619 5281 3784 5349 despc-

2246 5362 2421 5416 ctione
2451 5379 2462 5414 :
2493 5379 2610 5434 qua:
2639 5365 2798 5420 verba
2830 5365 3101 5424 habebunt
3130 5378 3277 5440 tunc,
3310 5373 3516 5443 quando
3543 5389 3571 5427 a
3593 5374 3785 5428 veritate

2310 5517 2325 5582 ξ
2352 5518 2423 5582 sic
2443 5523 2515 5582 Er.
2538 5514 2685 5577 Lugd.
2704 5524 2876 5582 Venet.
2898 5524 3007 5567 Lov.
3032 5527 3083 5569 tn
3105 5525 3153 5568 Β.
3172 5520 3328 5582 deest,
3351 5528 3436 5582 et.
3511 5528 3566 5571 lt.

2309 5579 2328 5608 '
2352 5579 2422 5646 sic
2453 5576 2619 5646 plures
2641 5585 2744 5646 Mss.
2761 5639 2771 5646 _
2788 5578 2873 5629 Αιίί
2900 5593 3010 5630 cum
3035 5590 3135 5632 Am.
3163 5590 3215 5633 et
3237 5576 3329 5645 En,
3370 5579 3723 5646 tabefactaverit.
3746 5581 3790 5623 Al

2244 5645 2371 5697 Lov.,
2400 5638 2658 5701 labefactus
2681 5639 2807 5690 ierit.

2308 5702 2329 5733 ³
2352 5708 2444 5749 πει-,ε
2474 5708 2757 5750 ueeurret...
2783 5707 2930 5763 potes.
2956 5704 3099 5767 Lugd.
3123 5711 3316 5756 Venet:
3346 5709 3625 5758 Βιθυνία...
3647 5702 3787 5766 potest.

2243 5770 2372 5813 Lov.:
2400 5772 2664 5825 mentire...
2690 5771 2838 5825 potes.
2907 5773 2961 5813 Μ.

2307 5826 2328 5856 ⁸
2346 5824 2477 5887 add,
2498 5822 2821 5875 itineraritium
2857 5833 2911 5877 Αι
2935 5835 3060 5892 Mss,
3085 5830 3461 5880 transeuntitan.
