4160 6434
336 373 361 427 1
370 374 471 429 637

336 486 727 557 despicientur.
781 486 1043 545 Videbunt
1093 489 1235 544 enim
1291 488 1356 543 ad
1397 487 1670 544 dexteram
1725 486 1926 557 fulgere

336 594 471 649 quos
500 593 688 635 secum
729 580 1043 635 commixtos
1087 587 1537 647 contempserant,
1585 592 1704 632 cum
1733 577 1928 632 factum

342 672 503 728 fuerit
532 672 587 726 in
620 671 729 726 illis
757 672 897 742 quod
926 672 1057 727 dixit
1086 671 1389 741 Apostolus,
1425 670 1552 724 Cum
1578 669 1805 724 Christus
1830 686 1928 741 ap-

342 764 567 833 paruerit
592 764 696 816 vita
722 774 901 829 vestra,
929 772 1047 816 tunc
1083 772 1128 816 et
1152 779 1236 817 vos
1262 779 1375 815 cum
1415 762 1504 815 illo
1546 761 1849 832 apparebitis
1876 762 1929 814 in

342 855 504 925 gloria
530 852 746 923 (Coloss.
777 870 853 918 ιιι,
883 853 936 919 5,
966 853 1061 922 4);
1118 861 1171 908 et
1197 852 1410 907 dicent:
1448 852 1518 905 Hi
1545 861 1659 905 sunt
1687 868 1809 922 quos
1834 851 1931 904 ali-

342 946 546 1017 quando
577 945 844 998 habuimus
869 947 920 999 in
949 946 1125 1009 risum,
1167 953 1215 999 et
1248 946 1303 998 in
1333 945 1712 1000 similitudinem
1740 948 1931 1015 impro-

344 1037 486 1107 perii.
514 1036 627 1089 Nos
648 1038 888 1090 insensati
901 1037 1046 1089 vitam
1060 1037 1260 1090 illorum
1277 1038 1645 1090 testimabamus
1658 1036 1925 1100 insaniam,

345 1140 393 1183 et
421 1130 578 1198 ﬁnem
613 1129 817 1183 illorum
847 1131 953 1182 sine
976 1129 1164 1183 honore
1192 1145 1209 1183 :
1236 1128 1485 1199 quomodo
1512 1129 1786 1198 computati
1813 1136 1931 1181 sunt

343 1220 473 1273 inter
495 1220 629 1288 ﬁlios
656 1218 766 1283 Dei,
802 1229 847 1273 et
874 1220 1000 1272 inter
1026 1228 1221 1275 sanctos
1246 1236 1353 1274 sors
1378 1219 1582 1272 illorum
1610 1228 1681 1272 est
1705 1220 1729 1271 ?
1752 1219 1819 1272 Et
1843 1232 1931 1272 se-

346 1321 578 1379 quentur
600 1312 648 1364 in
672 1326 737 1365 eo
756 1326 1023 1375 sermone,
1052 1321 1106 1367 et
1127 1312 1378 1381 adjicient
1401 1330 1413 1365 :
1448 1311 1585 1381 Ergo
1607 1312 1880 1365 erravimus
1900 1327 1933 1363 a

346 1403 425 1454 via
452 1402 700 1467 veritatis,
754 1412 797 1455 et
833 1403 1047 1473 justitiw
1085 1404 1253 1457 lumen
1283 1419 1382 1456 non
1418 1402 1545 1456 luxit
1579 1403 1739 1463 nobis,
1783 1410 1828 1456 et
1857 1401 1934 1455 sol

350 1510 449 1547 non
474 1504 616 1548 ortus
636 1502 708 1546 est
729 1493 888 1547 nobis.
924 1493 1059 1560 Quid
1080 1494 1221 1547 nobis
1252 1493 1440 1564 profuit
1466 1493 1738 1563 superbia?
1785 1501 1829 1546 et
1854 1491 1934 1545 di-

348 1588 584 1640 vitiarum
603 1584 818 1655 jactatio
842 1586 964 1657 quid
991 1586 1200 1638 contulit
1227 1584 1366 1638 nobis
1397 1584 1553 1653 (Sap.
1584 1600 1640 1650 ν,
1665 1582 1822 1653 5-8)?
1858 1582 1932 1637 lbi

352 1687 407 1733 tu
434 1694 541 1732 non
570 1679 647 1732 eis
669 1676 912 1741 insultas,
944 1676 1064 1745 quia
1086 1676 1195 1746 jam
1218 1676 1318 1746 ipsi
1343 1676 1439 1731 sibi
1468 1675 1740 1729 insultant.
1780 1673 1933 1742 Quod

352 1771 523 1826 donec
551 1769 660 1833 fiat,
691 1768 902 1836 fratres,
937 1768 1174 1823 levemus
1200 1768 1384 1823 oculos
1414 1767 1478 1821 ad
1513 1782 1632 1822 cum
1663 1767 1749 1835 qui
1779 1765 1933 1821 habi-

352 1872 423 1916 tat
446 1862 497 1915 in
530 1860 707 1924 caelo;
736 1870 788 1915 et
810 1874 914 1914 non
944 1858 1010 1913 ab
1040 1859 1129 1913 illo
1162 1858 1407 1913 tollamus
1435 1858 1638 1921 oculos,
1670 1857 1936 1927 quoadus-

352 1969 455 2025 que
484 1954 803 2008 misereatur
832 1952 1021 2019 nostri,
1065 1958 1120 2006 et
1149 1950 1336 2005 liberet
1364 1949 1431 2004 ab
1469 1950 1613 2005 omni
1646 1948 1936 2005 tentatione

354 2054 409 2101 et
435 2043 723 2114 Opprobrio
749 2051 803 2098 et
826 2042 1100 2111 despectu.

422 2135 512 2191 10.
553 2134 667 2189 Huc
692 2132 897 2189 accedit
923 2131 1065 2202 quod
1093 2129 1376 2201 aliquando
1405 2139 1459 2186 et
1483 2130 1581 2201 ipsi
1612 2131 1700 2201 qui
1727 2138 1851 2186 sunt
1878 2130 1930 2185 in

354 2226 563 2298 ﬂagello
591 2224 913 2279 infelicitatis
943 2222 1266 2292 temporalis,
1298 2222 1552 2276 insultant
1580 2220 1753 2275 nobis.
1788 2221 1937 2275 Inve-

352 2319 433 2373 nis
455 2318 689 2387 aliquem
724 2330 819 2386 pro
847 2314 1039 2369 merito
1077 2313 1411 2383 iniquitatum
1442 2326 1678 2377 suarum,
1705 2311 1818 2367 sive
1842 2326 1935 2366 oc-

352 2410 492 2464 culto
514 2408 718 2479 judicio
751 2407 878 2473 Dei,
919 2406 1032 2461 sive
1071 2404 1351 2459 manifesta
1380 2404 1754 2472 damnatione,
1799 2405 1937 2460 mitti

353 2505 403 2559 in
430 2516 703 2559 carcerem
724 2545 739 2569 ,
788 2510 1003 2573 portare
1030 2510 1272 2556 catenam
1302 2519 1315 2555 :
1347 2508 1401 2556 et
1446 2502 1557 2569 ipse
1599 2500 1837 2555 insultat.
1870 2499 1940 2554 Et

352 2610 473 2650 cum
505 2596 557 2650 ei
591 2594 790 2649 dictum
822 2592 1011 2658 fuerit,
1041 2593 1216 2660 Quare
1247 2607 1350 2647 non
1380 2593 1519 2648 bene
1545 2593 1766 2648 vixisti?
1811 2607 1938 2648 ecce

353 2704 458 2759 quo
488 2687 682 2743 venisti
725 2688 862 2743 male
890 2686 1114 2742 vivendo
1143 2702 1156 2738 :
1190 2686 1278 2740 ille
1304 2685 1583 2755 respondet
1603 2726 1619 2752 ,
1646 2686 1823 2754 Quare
1860 2685 1935 2740 illi

355 2782 443 2851 qui
472 2780 612 2835 bene
642 2781 856 2843 vivunt,
904 2780 1003 2833 ista
1048 2779 1357 2848 patiuntur?
1398 2777 1501 2832 Sed
1548 2778 1624 2832 illi
1656 2787 1937 2846 propterea

359 2873 644 2941 patiuntur,
672 2879 731 2924 ut
753 2870 1060 2940 probentur,
1086 2876 1143 2923 ut
1167 2868 1543 2923 tentationibus
1566 2876 1935 2934 exerceantur,

357 2968 415 3015 ut
460 2960 683 3031 ﬂagellis
727 2958 1048 3029 proficiant;
1099 2959 1220 3028 quia
1264 2956 1495 3028 ﬂagellat
1543 2958 1681 3012 Deus
1724 2973 1937 3012 omnem

360 3050 524 3105 filium
550 3066 707 3121 quem
738 3049 923 3119 recipit
956 3048 1138 3121 (Hebr.
1169 3066 1260 3115 xu,
1289 3048 1378 3121 6).
1411 3050 1475 3103 Et
1500 3049 1545 3103 si
1569 3048 1795 3105 Unicum
1824 3049 1940 3104 sine

364 3150 579 3212 peccato
600 3140 903 3213 ﬂagellavit,
927 3148 980 3195 et
1000 3156 1096 3211 pro
1116 3142 1361 3196 omnibus
1383 3140 1595 3195 tradidit
1615 3155 1736 3195 cum
1763 3138 1936 3205 (Rom.

364 3252 473 3299 vui,
504 3235 641 3304 52),
672 3233 937 3304 quomodo
963 3233 1219 3288 debemus
1248 3247 1346 3288 nos
1383 3232 1669 3302 ﬂagellari,
1698 3232 1787 3302 qui
1814 3232 1940 3287 feci-

365 3342 481 3381 mus
512 3340 672 3396 quare
703 3324 1070 3395 flagellamur?
1100 3324 1230 3379 Cum
1270 3325 1368 3380 ista
1403 3324 1723 3389 dixerimus,
1770 3323 1843 3378 illi
1887 3332 1942 3378 et

363 3417 430 3473 de
458 3417 764 3471 infelicitate
790 3416 1107 3485 superbiant
1147 3414 1321 3469 adhuc
1339 3456 1357 3482 ,
1381 3423 1436 3471 et
1462 3413 1641 3468 afﬂicti
1662 3456 1677 3479 ,
1706 3412 1940 3469 nondum

363 3508 643 3573 humiliati,
689 3505 1033 3575 respondent,
1078 3514 1133 3561 et
1178 3505 1363 3559 dicunt
1410 3520 1422 3557 :
1471 3504 1570 3559 Ista
1611 3513 1736 3558 sunt
1775 3503 1939 3558 verba

362 3600 788 3654 Christianorum
814 3611 1090 3659 vanorum,
1135 3596 1224 3666 qui
1262 3594 1487 3651 credunt
1525 3595 1666 3665 quod
1708 3610 1813 3649 non
1857 3594 1939 3649 vi-

362 3693 508 3750 dent.
556 3691 612 3746 Si
652 3691 745 3745 et’
777 3689 874 3759 ipsi
919 3690 1174 3743 insultant
1197 3730 1211 3753 ,
1244 3688 1368 3757 quid
1413 3698 1658 3758 putamus
1682 3728 1695 3752 ,
1724 3687 1938 3750 fratres,

362 3783 513 3853 quasi
560 3796 666 3835 non
710 3794 805 3835 eos
835 3788 1279 3847 commemoratos
1324 3779 1375 3832 in
1419 3779 1521 3833 hoc
1554 3780 1789 3848 psalmo,
1821 3794 1941 3834 cum

362 3873 603 3937 diceret,
633 3870 974 3942 Opprobrium
1022 3870 1092 3924 eis
1138 3871 1220 3939 qui
1269 3868 1549 3930 abundant,
1601 3878 1647 3923 et
1691 3871 1940 3941 despectio

362 3964 588 4034 superbis
619 3979 636 4017 :
665 3960 1092 4032 quandoquidem
1135 3960 1415 4015 insultatur
1442 3958 1755 4014 Christianis
1794 3969 1848 4013 et
1873 3962 1941 4016 ab

362 4058 440 4113 eis
480 4056 571 4127 qui
613 4070 718 4109 non
759 4054 1069 4117 abundant;
1116 4051 1210 4107 scd
1240 4068 1357 4106 cum
1388 4053 1493 4106 sint
1537 4053 1588 4106 in
1631 4062 1864 4123 egestate
1890 4064 1943 4108 et

361 4150 636 4214 :rrnmnis,
667 4163 765 4202 nec
788 4147 885 4217 ipsi
913 4155 1123 4200 cessant
1153 4145 1448 4200 insultare?
1475 4147 1627 4200 Certe
1656 4160 1804 4216 ergo,
1837 4145 1944 4217 0p-

365 4242 619 4312 probrium
646 4242 716 4294 eis
758 4242 841 4309 qui
879 4239 1137 4292 abundant
1162 4256 1180 4292 :
1209 4254 1279 4293 an
1308 4238 1443 4293 forte
1475 4238 1648 4292 nullus
1679 4239 1942 4293 invenitur

362 4334 449 4404 qui
493 4335 653 4389 etiam
696 4333 899 4401 positus
939 4332 990 4384 in
1018 4331 1317 4385 calamitate
1347 4330 1608 4387 insultet?
1645 4331 1699 4387 Si
1726 4347 1830 4386 non
1862 4333 1942 4386 in-

364 4425 581 4480 sultavit
610 4425 779 4487 latro,
817 4422 905 4492 qui
936 4437 1055 4476 cum
1106 4420 1360 4477 crucifixo
1390 4422 1612 4478 Domino
1655 4422 1940 4478 cruciﬁxus

363 4527 478 4571 erat
502 4516 653 4588 (Luc.
678 4532 824 4580 χχιιι,
852 4515 988 4585 59)?
1021 4515 1159 4584 Ergo
1189 4514 1231 4567 si
1264 4514 1517 4569 insultant
1537 4525 1591 4570 et
1614 4516 1688 4571 illi
1716 4517 1805 4586 qui
1836 4532 1939 4572 non

363 4611 654 4673 abundant,
678 4622 841 4678 quare
864 4607 1096 4677 psalmus
1119 4604 1210 4671 ait,
1234 4604 1573 4675 Opprobrium
1593 4608 1662 4660 eis
1683 4608 1768 4677 qui
1791 4608 1945 4661 abun-

368 4704 535 4757 dant?
579 4702 637 4758 Si
681 4701 963 4771 diligenter
1006 4698 1385 4762 discutiamus,
1417 4708 1471 4753 et
1514 4698 1612 4768 ipsi
1649 4699 1941 4755 abundant.

367 4794 517 4851 Unde
543 4792 859 4849 abundant?
898 4790 1031 4846 Nam
1059 4790 1162 4844 nisi
1198 4789 1563 4857 abundarent,
1593 4791 1808 4860 superbi
1837 4807 1943 4847 non

364 4895 566 4942 essent.
597 4884 749 4939 Alius
776 4884 916 4939 enim
958 4882 1192 4938 abundat
1234 4882 1454 4951 pecunia
1474 4924 1489 4949 ,
1516 4892 1572 4938 et
1601 4882 1725 4940 inde
1753 4898 1944 4954 super-

367 4981 465 5036 bus
492 4987 613 5041 cst;
656 4977 789 5032 alius
816 4974 1047 5031 abundat
1086 4974 1378 5030 honoribus
1398 5016 1413 5039 ,
1445 4983 1499 5029 et
1527 4976 1651 5030 inde
1684 4977 1944 5048 superbus

366 5078 489 5135 est;
530 5068 666 5124 alius
694 5068 963 5122 abundare
993 5081 1051 5122 se
1086 5065 1286 5136 justitia
1320 5074 1486 5135 putat,
1519 5077 1569 5121 et
1598 5066 1720 5122 inde
1748 5083 1944 5138 super-

370 5158 461 5228 bit,
489 5160 632 5232 quod
661 5160 811 5230 pejus
834 5170 934 5215 est.
966 5160 1066 5227 Qui
1092 5159 1339 5215 videntur
1364 5175 1466 5213 non
1489 5160 1761 5216 abundare
1786 5177 1946 5231 pecu-

373 5251 476 5314 uia,
511 5250 714 5321 justitia
742 5250 842 5305 sibi
867 5250 1115 5305 videntur
1137 5250 1408 5305 abundare
1444 5252 1703 5307 adversus
1733 5253 1900 5308 Deum
1925 5270 1943 5321 ;

367 5350 421 5396 et
450 5341 609 5411 positi
640 5342 691 5394 in
719 5341 1107 5396 calamitatibus
1135 5356 1193 5395 se
1226 5341 1553 5410 justiﬁcant,
1586 5343 1751 5397 Deum
1783 5359 1944 5400 accu-

365 5442 517 5498 sant,
548 5440 602 5487 et
628 5432 812 5487 dicunt
839 5449 853 5485 :
880 5432 1017 5499 Quid
1060 5433 1285 5498 admisi,
1313 5443 1405 5487 aut
1446 5434 1570 5504 quid
1600 5434 1743 5491 feci?
1792 5437 1860 5492 Et
1889 5447 1945 5493 tu

368 5521 502 5576 dicis
526 5540 540 5575 :
564 5522 812 5593 Respice,
836 5523 1121 5579 recordare
1148 5534 1360 5591 peccata
1390 5534 1497 5592 tua,
1521 5526 1565 5580 si
1594 5526 1722 5581 nihil
1750 5528 1943 5584 fecisti.

367 5610 638 5665 Titillatur
680 5612 1004 5682 aliquantum
1051 5613 1371 5673 conscientia
1393 5655 1407 5679 ,
1440 5624 1494 5670 et
1518 5615 1656 5671 redit
1680 5617 1747 5672 ad
1774 5633 1831 5673 se
1851 5660 1865 5686 ,
1894 5627 1949 5675 et

367 5702 569 5772 cogitat
596 5702 733 5757 facta
758 5718 851 5758 sua
892 5704 1065 5769 mala;
1110 5712 1164 5758 et
1190 5719 1311 5759 cum
1343 5705 1655 5777 cogitaverit
1684 5708 1819 5765 facta
1850 5723 1943 5765 sua

435 5813 455 5845 ⁸
480 5818 555 5864 Er.
571 5814 719 5878 Lugd.
745 5821 861 5866 ven.
881 5819 934 5865 et
954 5820 1081 5874 tuom,
1103 5814 1188 5865 sed
1205 5818 1267 5866 et.
1364 5823 1419 5866 tit.

1412 374 1803 431 ENARRATIO
1840 371 1907 430 IN
1946 372 2266 432 PSALMUM
2305 376 2513 437 CXXII.

3473 394 3608 452 {6'53

2037 488 2173 542 mala
2196 530 2210 557 ,
2241 505 2340 546 nec
2368 493 2446 548 sic
2476 493 2588 549 vult
2625 497 2868 554 confiteri
2906 501 3026 572 quia
3066 503 3222 575 digna
3254 507 3450 576 patitur
3476 527 3490 563 :
3518 512 3612 566 sed

2036 580 2196 648 dicit,
2227 583 2364 639 Ecce
2395 588 2672 644 manifeste
2716 590 2818 645 feci
2859 593 3064 661 multa;
3108 597 3201 652 sed
3238 599 3435 655 multos
3462 602 3615 658 video

2036 670 2218 740 pejora
2250 674 2471 742 fecisse,
2498 687 2553 733 et
2594 679 2725 735 nihil
2765 684 2888 737 mali
2928 687 3055 754 pati.
3087 687 3268 742 Justus
3307 699 3389 744 est
3427 702 3611 747 contra

2037 763 2224 818 Deum.
2260 767 2506 824 Abundat
2549 786 2675 842 ergo
2720 782 2774 829 et
2817 776 2962 846 ipse,
2996 780 3207 848 plenum
3241 782 3399 838 habet
3429 795 3617 854 pectus

2032 854 2233 924 justitia
2261 874 2274 921 ;
2307 861 2733 931 quandoquidem
2765 866 2843 920 illi
2873 869 3009 923 Deus
3034 871 3245 927 videtur
3278 876 3613 946 malefacere,

2037 954 2089 999 et
2114 949 2225 1016 ipse
2255 950 2356 1004 sibi
2385 952 2591 1008 videtur
2620 955 2815 1025 injuste
2836 960 2964 1027 pati.
2995 962 3061 1015 Et
3080 965 3121 1017 si
3148 964 3304 1020 dares
3334 968 3405 1021 illi
3435 971 3614 1024 navim

2036 1038 2457 1109 gubernandam,
2494 1044 2545 1097 in
2572 1046 2902 1118 naufragium
2933 1049 3033 1104 iret
3070 1067 3188 1107 cum
3220 1056 3306 1108 illa
3338 1075 3350 1110 :
3384 1060 3494 1112 vult
3517 1074 3615 1113 au-

2040 1136 2144 1182 tem
2174 1130 2341 1185 Deum
2371 1142 2620 1190 excutere
2648 1136 2714 1191 de
2737 1139 3122 1208 gubernatione
3150 1144 3307 1214 hujus
3335 1150 3534 1215 mundi,
3563 1160 3619 1207 et

2037 1217 2151 1287 ipse
2204 1230 2386 1276 tenere
2436 1224 2793 1293 gubernacula
2842 1242 3100 1286 creatura:
3129 1276 3143 1301 ,
3195 1245 3249 1289 et
3297 1237 3618 1297 distribuere

2037 1310 2282 1365 omnibus
2307 1314 2521 1369 dolores
2544 1326 2597 1371 et
2620 1317 2851 1387 laetitias,
2881 1336 3069 1390 poenas
3091 1334 3145 1379 et
3166 1328 3402 1394 praemia.
3434 1328 3620 1387 Infelix

2038 1400 2249 1458 anima!
2291 1413 2345 1458 et
2384 1406 2510 1475 quid
2568 1410 2832 1466 miramini
2859 1413 2917 1466 17
2942 1414 3176 1471 abundat
3202 1460 3216 1483 ,
3243 1420 3335 1474 sed
3383 1422 3621 1479 abundat

2041 1496 2294 1587 nequitia,
2326 1498 2558 1554 abundat
2585 1504 2822 1571 malitia;
2854 1514 2907 1561 et
2935 1522 3000 1562 eo
3030 1511 3146 1578 plus
3172 1511 3406 1569 abundat
3434 1518 3622 1587 nequi-

2041 1585 2132 1653 tia,
2161 1603 2265 1657 quo
2292 1589 2391 1644 sibi
2422 1591 2636 1649 videtur
2663 1596 2935 1652 abundare
2969 1600 3194 1669 justitia.

2109 1680 2201 1773 ιι.
2231 1682 2299 1736 At
2328 1698 2455 1739 vero
2477 1685 2803 1745 christianus
2826 1692 2986 1748 homo
3014 1710 3116 1750 non
3146 1698 3306 1754 debet
3326 1701 3614 1773 abundare,

2040 1771 2132 1826 sed
2160 1786 2443 1843 pauperem
2474 1791 2533 1832 se
2563 1779 2724 1835 debet
2747 1796 3074 1853 cognoscere
3099 1804 3113 1853 ;
3142 1798 3197 1844 et
3224 1792 3268 1846 si
3304 1792 3461 1849 habet
3482 1771 3620 1852 divi-

2041 1862 2141 1916 tias
2162 1906 2175 1931 ,
2206 1864 2344 1919 scire
2374 1866 2532 1923 debet
2562 1871 2683 1939 quia
2716 1887 2821 1926 non
2854 1885 2979 1931 sunt
3005 1877 3110 1932 illa:
3144 1895 3281 1935 verte
3307 1882 3535 1953 divitiae,
3565 1897 3622 1942 ut

2041 1956 2171 2011 alias
2216 1957 2504 2016 desideret.
2538 1963 2640 2031 Qui
2684 1967 2825 2021 enim
2877 1969 3084 2025 divitias
3127 1973 3286 2029 falsas
3333 1977 3620 2049 desiderat,

2040 2064 2195 2105 veras
2238 2067 2345 2106 non
2393 2056 2583 2123 quaerit
2612 2075 2625 2110 :
2655 2059 2743 2127 qui
2775 2071 2951 2116 autem
2977 2080 3131 2120 veras
3171 2070 3401 2137 quaerit,
3450 2072 3625 2131 adhuc

2040 2154 2239 2233 pauper
2269 2154 2349 2196 est
2374 2159 2387 2208 ;
2432 2156 2485 2198 et
2513 2156 2660 2201 recte
2683 2149 2847 2216 dicit,
2882 2151 3089 2223 Pauper
3114 2166 3160 2210 et
3189 2159 3364 2215 dolens
3393 2179 3482 2233 ego
3511 2181 3625 2219 sum

2046 2230 2227 2300 (Psal.
2253 2249 2415 2289 vaut
2434 2276 2448 2301 ,
2477 2237 2546 2293 50
2570 2240 2608 2307 ).
2642 2239 2845 2297 Rursus
2875 2243 2962 2298 ille
2989 2246 3077 2315 qui
3108 2257 3160 2301 et
3190 2264 3392 2320 pauper
3420 2230 3533 2315 est.
3567 2266 3622 2312 et

2042 2323 2275 2414 nequitia
2322 2327 2511 2395 plenus
2556 2338 2672 2399 est,
2714 2332 2853 2389 unde
2897 2335 3091 2392 dicitur
3134 2340 3448 2399 abundare?
3490 2347 3623 2414 Quia

2042 2413 2291 2485 displicet
2320 2419 2395 2473 illi
2439 2422 2561 2491 quia
2594 2438 2795 2495 pauper
2820 2436 2901 2483 est
2922 2472 2937 2496 ,
2968 2438 3021 2486 et
3044 2433 3246 2501 justitia
3279 2436 3389 2505 ipsa
3414 2413 3623 2496 videtur

2042 2507 2315 2564 abundare
2360 2511 2411 2566 in
2453 2513 2615 2569 corde
2660 2531 2758 2572 suo
2786 2518 3065 2575 adversum
3102 2522 3359 2593 justitiam
3390 2528 3505 2583 Dei.
3556 2531 3621 2586 Et

2043 2612 2161 2690 quae
2188 2599 2508 2658 abundantia
2535 2603 2754 2674 iustitiae
2782 2611 3022 2664 nostrai?
3060 2612 3497 2690 Quantacumque
3534 2622 3625 2690 ju-

2042 2688 2185 2742 stitia
2219 2690 2270 2744 in
2316 2692 2470 2747 nobis
2515 2694 2695 2764 fuerit,
2729 2713 2821 2753 ros
2864 2710 2943 2755 est
2987 2705 3168 2759 nescio
3208 2707 3329 2777 quis
3367 2688 3432 2764 ad
3478 2688 3624 2767 illum

2044 2778 2241 2835 fontem
2267 2797 2282 2847 ;
2310 2783 2377 2838 ad
2406 2786 2644 2855 saginam
2669 2788 2813 2844 illam
2844 2800 3042 2847 tantam
3080 2795 3349 2852 stillicidia
3374 2802 3621 2870 quaadam

2043 2882 2188 2937 sunt,
2220 2889 2339 2944 quae
2367 2876 2526 2931 vitam
2554 2888 2790 2935 nostram
2823 2884 3098 2951 molliant,
3125 2895 3178 2941 et
3204 2888 3390 2944 duram
3432 2893 3625 2963 iniqui-

2044 2971 2206 3020 tatem
2255 2968 2484 3023 solvant.
2536 2971 2694 3028 Modo
2743 2974 3109 3035 desideremus
3161 2982 3228 3037 de
3276 2985 3433 3055 pleno
3481 2986 3626 3047 fonte

2038 3057 2264 3128 iustitia:
2300 3063 2567 3133 saginari,
2599 3066 2970 3126 desideremus
3009 3073 3252 3131 ubertate
3294 3077 3381 3133 illa
3422 3083 3625 3148 satiari,

2045 3148 2111 3205 de
2145 3166 2249 3221 qua
2288 3153 2484 3208 dicitur
2526 3156 2576 3210 in
2621 3158 2825 3227 psalmo
2859 3178 2873 3214 :
2902 3160 3293 3221 lnebriabuntur
3322 3168 3383 3222 ab
3408 3171 3629 3228 ubertate

2046 3239 2226 3295 domus
2252 3250 2368 3307 tute,
2399 3253 2444 3297 et
2471 3254 2690 3301 torrente
2713 3248 2987 3323 voluptatis
3011 3262 3111 3309 tua:
3129 3258 3323 3325 potabis
3349 3278 3431 3316 eos
3455 3262 3626 3335 (Psal.

2045 3350 2208 3397 xxxv,
2241 3334 2329 3405 9).
2366 3336 2461 3392 llic
2498 3349 2675 3395 autem
2721 3357 2842 3398 cum
2889 3360 3111 3415 sumus,
3142 3350 3326 3421 inopes
3368 3334 3471 3411 nos
3509 3373 3626 3414 esse

2047 3426 2400 3497 intelligamus
2426 3438 2481 3485 et
2509 3442 2747 3502 egentes,
2776 3451 2881 3491 non
2906 3439 3080 3494 solum
3113 3441 3297 3499 harum
3324 3446 3626 3505 divitiarum

2046 3534 2165 3588 quae
2191 3536 2295 3575 non
2324 3532 2450 3578 sunt
2475 3539 2616 3581 vera:
2647 3527 2864 3596 divitiae,
2896 3531 2990 3586 sed
3028 3541 3082 3587 et
3126 3534 3291 3604 ipsius
3333 3540 3535 3595 salutis.
3569 3544 3630 3598 Et

2047 3612 2258 3680 quando
2303 3616 2419 3668 sani
2465 3630 2670 3681 sumus,
2717 3619 3071 3692 intelligamus
3110 3627 3233 3696 quia
3277 3629 3628 3690 infirmamur.

2048 3703 2306 3771 Quamdiu
2337 3707 2479 3761 enim
2520 3724 2715 3780 corpus
2761 3712 2861 3767 hoc
2901 3716 3066 3769 esurit
3111 3727 3164 3771 et
3208 3719 3335 3785 sitit,
3380 3726 3629 3790 quamdiu

2048 3794 2152 3851 hoc
2174 3813 2370 3866 corpus
2396 3800 2665 3868 vigilando
2698 3802 2967 3873 fatigatur,
2997 3807 3187 3862 stando
3212 3808 3487 3879 fatigatur,
3520 3831 3629 3868 am-

2050 3888 2283 3943 bulando
2330 3888 2601 3960 fatigatur,
2649 3892 2884 3947 sedendo
2934 3896 3215 3966 fatigatur,
3262 3903 3628 3963 manducando

2050 3978 2334 4048 fatigatur;
2376 3996 2711 4051 quocumque
2752 3998 2810 4038 se
2840 3987 3060 4039 verterit
3086 3988 3153 4041 ad
3182 3990 3472 4046 subsidium
3507 3996 3627 4049 fati-

2048 4068 2298 4137 gationis,
2328 4069 2399 4122 ibi
2429 4071 2631 4125 invenit
2654 4072 2811 4127 aliam
2834 4073 3195 4144 fatigationem
3228 4097 3241 4133 :
3273 4097 3373 4135 non
3400 4093 3481 4139 est
3502 4101 3629 4157 ergo

2052 4158 2282 4228 perfecta
2312 4160 2513 4214 sanitas
2536 4202 2549 4225 ,
2579 4176 2677 4215 nec
2705 4162 2756 4216 in
2800 4164 2915 4232 ipso
2943 4180 3183 4236 corpore.
3215 4168 3330 4225 Non
3358 4184 3480 4229 sunt
3504 4191 3631 4248 ergo

2052 4252 2157 4305 illae
2209 4252 2446 4319 divitim,
2496 4253 2590 4309 sed
2640 4255 2998 4320 mendicitas;
3049 4262 3170 4330 quia
3215 4276 3413 4334 quanto
3464 4274 3632 4343 magis

2052 4344 2339 4412 abundant,
2394 4354 2541 4400 tanto
2585 4349 2778 4402 crescit
2821 4349 2996 4419 inopia
3040 4362 3092 4407 ct
3134 4357 3375 4412 avaritia.
3407 4360 3519 4417 Non
3550 4378 3632 4421 est

2053 4436 2149 4491 ista
2192 4437 2333 4491 salus
2361 4438 2620 4507 corporis,
2668 4438 2760 4494 sed
2805 4440 3103 4498 infirmitas.
3154 4445 3629 4519 Paregorizamur'

2051 4528 2286 4598 quotidie
2341 4528 2744 4583 medicamentis
2793 4530 2925 4599 Dei,
2976 4534 3097 4603 quia
3149 4539 3529 4603 manducamus
3577 4556 3632 4601 et

2054 4620 2283 4676 bibimus
2312 4638 2323 4672 :
2358 4621 2742 4677 medicamenta
2790 4623 2901 4692 ipsa
2932 4636 3075 4694 sunt,
3123 4644 3241 4698 quae
3280 4632 3434 4686 nobis
3466 4651 3632 4705 appo-

2053 4723 2268 4769 nuntur.
2302 4713 2539 4779 Fratres,
2581 4714 2627 4769 si
2657 4715 2815 4769 vultis
2843 4716 3022 4772 videre
3063 4720 3236 4789 qualis
3274 4724 3490 4779 morbus
3532 4741 3631 4781 nos

2055 4806 2277 4871 habeat;
2304 4806 2392 4875 qui
2415 4806 2619 4876 jejunat
2646 4816 2850 4877 septem
2876 4807 3084 4873 diebus,
3115 4810 3253 4866 fame
3276 4817 3626 4872 consumitur.

2056 4897 2195 4967 Ergo
2222 4897 2309 4950 illa
2341 4895 2507 4951 fames
2538 4896 2611 4951 ibi
2654 4905 2773 4964 est;
2823 4898 2914 4953 sed
2965 4898 3082 4952 ideo
3124 4900 3264 4955 illam
3310 4918 3412 4958 non
3439 4907 3627 4977 sentis,

2055 4989 2176 5059 quia
2220 4988 2458 5059 quotidie
2506 4988 2652 5042 illam
2701 5004 2855 5044 curas
2896 5006 2909 5041 :
2950 5005 3077 5061 ergo
3122 5007 3221 5047 nec
3267 4994 3380 5065 ipsa
3431 5000 3630 5057 sanitas

2053 5084 2206 5139 nobis
2231 5092 2311 5136 est
2336 5082 2589 5153 perlecta.

2126 5175 2214 5231 12.
2258 5173 2501 5229 intendat
2528 5172 2772 5229 Charitas
2799 5182 2971 5229 vestra
2998 5175 3266 5245 quomodo
3301 5193 3398 5234 nos
3438 5179 3632 5239 intelli-

2117 5332 2133 5361 ί
2159 5335 2233 5395 Er.
2246 5327 2394 5395 Lugd:
2415 5334 2533 5374 Ven.
2550 5332 2601 5375 et
2618 5333 2755 5377 Lov.:
2773 5332 2830 5378 Et
2844 5325 2960 5391 quid
2978 5325 3260 5379 miramini?
3279 5330 3455 5395 Infelix
3471 5332 3631 5385 anima

2053 5391 2282 5455 abundat,
2305 5389 2408 5447 sed,
2430 5396 2523 5436 etc.
2559 5447 2569 5455 _
2622 5395 2678 5435 Μ.

2118 5453 2267 5518 ξωά.
2287 5488 2300 5513 ,
2344 5450 2755 5518 pm'agorizamur.
2790 5457 2897 5518 tt_tss.
2932 5450 3129 5518 plures,
3186 5454 3581 5518 panegorizanutr
3611 5470 3630 5506 :

2055 5514 2134 5565 alii
2153 5512 2293 5570 vero,
2304 5512 2696 5621 parﬂorizamur
2725 5523 2743 5559 :
2766 5512 2823 5559 ad
2842 5513 2971 5575 quod
2998 5512 3199 5563 verbum
3224 5517 3271 5563 in
3288 5512 3631 5567 Christinaeano

2057 5586 2135 5621 llis.
2161 5576 2366 5621 additur.
2462 5577 2531 5621 est
2568 5569 2850 5621 mulcentur.
2889 5582 3070 5621 Nemne
3106 5588 3133 5621 a
3168 5575 3473 5621 naréaorein-
3502 5579 3629 5621 quod

2057 5586 2135 5626 his.
2161 5569 2366 5645 additur,
2462 5577 2531 5645 est
2568 5569 3070 5645 tnulcentur_f_tvetnpe
3106 5588 3150 5645 a_
3167 5575 3473 5639 parégoreiu,
3490 5579 3629 5645 Aquod

2057 5646 2150 5696 est,
2175 5634 2425 5699 consolari,
2452 5634 2697 5683 duxerunt
2714 5634 2905 5695 medici,
2927 5634 3409 5699 paregoriz'are,"j,ro,
3438 5634 3630 5699 mitiga-

2056 5712 2126 5760 re,
2145 5696 2293 5747 lenire
2316 5703 2360 5747 et
2370 5702 2665 5760 _temperare.
2687 5696 2957 5760 Anonsmu's
2974 5696 3190 5746 medicus
3206 5712 3233 5746 a
3254 5696 3367 5747 νίς.
3386 5696 3560 5760 tangit}
3577 5700 3629 5749 in

2056 5758 2287 5809 Glossario
2310 5756 2510 5824 relatus,
2544 5776 2566 5803 α
2585 5756 2882 5819 t‘aregiirica,
2903 5776 2924 5802 υ
2949 5760 3033 5817 ait,
3058 5776 3079 5803 α
3099 5768 3227 5821 sunt,
3255 5772 3365 5822 qua:
3383 5756 3630 5824 paregort-

2070 5840 2093 5870 ι
2114 5829 2221 5872 zant
2243 5833 2307 5871 ne
2330 5817 2503 5869 malum
2518 5817 2725 5880 crescat;
2751 5832 2844 5869 non
2864 5826 3047 5869 sanant.
3076 5837 3098 5864 ι
