4160 6456
645 373 669 427 1
679 364 783 425 659

636 502 823 559 gamus
865 488 1084 554 inopes,
1117 491 1175 537 ut
1218 482 1540 552 gaudeamus
1584 481 1648 535 ad
1695 494 1847 546 eum,
1886 489 1941 535 et
1971 480 2208 537 levemus

638 579 826 634 oculos
857 576 922 630 ad
966 590 1084 629 eum
1131 574 1220 641 qui
1266 572 1470 627 habitat
1498 570 1549 624 in
1579 570 1736 626 coelo.
1781 569 1896 625 Non
1939 580 2062 625 sunt
2104 571 2211 625 illa:

634 686 774 726 verae
803 670 1036 733 divitiae;
1079 667 1195 737 plus
1238 673 1431 735 augent
1473 663 1816 732 cupiditatem
1860 661 1938 716 eis
1980 663 2070 733 qui
2117 677 2211 719 eas

630 764 928 835 possident.
972 761 1087 816 Non
1128 769 1211 815 est
1238 760 1325 815 illa
1356 774 1478 814 vera
1526 757 1769 827 corporis
1806 758 2042 824 sanitas;
2088 757 2210 827 quia

634 863 877 926 portatur
907 853 1187 907 inﬁrmitas
1228 851 1421 921 ubique
1456 850 1716 905 defectiva
1747 869 1760 905 :
1789 865 2122 920 quocumque
2152 865 2211 905 se

633 944 872 1011 verterit,
919 942 1119 998 deﬁcit.
1167 941 1225 995 In
1256 943 1371 1011 ipso
1400 941 1662 1010 adjutorio
1699 957 1803 995 non
1838 941 2079 995 invenies
2121 940 2210 993 ﬁr«

632 1044 966 1089 ntamcntum
994 1051 1008 1085 :
1038 1033 1266 1087 lassMur
1294 1032 1523 1095 stando;
1560 1031 1747 1086 sedere
1777 1031 1924 1096 vult;
1955 1030 2209 1101 numquid

637 1128 721 1182 vel
754 1125 992 1181 sedendo
1012 1124 1265 1179 durabit?
1292 1124 1443 1191 Quod
1470 1124 1568 1179 sibi
1606 1124 1766 1193 elegit
1803 1132 1860 1177 ut
1889 1138 1992 1176 non
2024 1121 2211 1190 fatiga-

631 1227 807 1283 retur,
854 1217 925 1271 ibi
980 1215 1140 1271 habct
1186 1216 1435 1270 deﬁcere.
1491 1216 1742 1270 Lassatus
1792 1224 1875 1269 est
1919 1212 2202 1284 vigilando,

629 1308 959 1364 dormiturus
984 1317 1065 1361 est
1095 1324 1109 1360 :
1139 1307 1389 1377 numquid
1412 1307 1532 1376 quia
1556 1305 1826 1369 dormivit,
1857 1320 1963 1359 non
1990 1304 2207 1359 deﬁcit?

631 1402 883 1456 Lassatus
912 1409 995 1455 est
1015 1400 1312 1470 jujunando
1332 1443 1346 1465 ,
1377 1398 1673 1452 refecturus
1699 1407 1779 1452 est
1808 1414 1822 1449 :
1853 1397 1898 1450 si
1928 1396 2044 1465 plus
2071 1395 2208 1449 refe-

629 1495 784 1557 cerit,
816 1493 939 1548 inde
962 1492 1160 1547 deﬁcit.
1193 1493 1249 1546 In
1276 1492 1419 1547 nulla
1449 1507 1508 1545 re
1534 1500 1710 1560 potest
1739 1500 2081 1559 perseverare
2110 1490 2207 1543 ista

632 1582 935 1637 inﬁrmitas.
981 1582 1188 1638 Justitia
1237 1583 1409 1653 quid?
1452 1582 1655 1648 Quanta
1697 1581 1903 1652 justitia
1946 1590 2030 1636 est
2071 1582 2209 1636 inter

634 1681 806 1727 tantas
835 1674 1197 1729 tentationes?
1235 1674 1524 1728 Possumus
1562 1673 1838 1728 continere
1880 1672 1948 1726 ab
1987 1672 2209 1727 homici-

629 1764 750 1829 dio,
782 1766 848 1819 ab
873 1765 1136 1821 adulterio
1162 1806 1175 1831 ,
1203 1781 1232 1819 a
1260 1764 1411 1818 furtis
1430 1805 1445 1829 ,
1472 1779 1501 1816 a
1530 1764 1775 1832 perjuriis
1796 1804 1809 1827 ,
1838 1780 1869 1817 a
1895 1763 2166 1818 fraudibus
2191 1782 2204 1818 :

628 1854 883 1924 numquid
927 1856 994 1909 ab
1039 1855 1232 1924 iniquis
1286 1852 1737 1924 cogitationibus?
1785 1852 2041 1923 numquid
2082 1862 2137 1908 et
2177 1869 2205 1908 a

627 1947 1056 2017 suggestionibus
1096 1947 1350 2001 malarum
1382 1946 1777 2017 cupiditatum?
1815 1947 1944 2013 Quae
1970 1956 2053 2001 est
2077 1963 2209 2017 ergo

623 2038 826 2109 justitia
857 2038 1080 2093 nostra?
1119 2037 1307 2092 Totum
1334 2052 1461 2109 ergo
1485 2038 1781 2093 esuriamus
1800 2079 1815 2103 ,
1848 2045 2013 2091 totum
2053 2038 2204 2092 sitia-

628 2144 767 2194 mus,
800 2138 853 2184 et
881 2144 1033 2183 veras
1056 2128 1296 2194 divitias,
1325 2138 1377 2184 et
1403 2145 1581 2183 veram
1608 2129 1919 2196 sanitatem,
1948 2139 2002 2185 et
2025 2144 2202 2185 veram

625 2217 905 2287 justitiam.
938 2218 1065 2285 Qua:
1097 2229 1381 2273 suntverm
1404 2219 1639 2273 divititc?
1669 2218 1913 2275 Caelestis
1936 2220 2023 2274 illa
2054 2237 2207 2274 man-

625 2311 707 2363 sio
754 2309 806 2363 in
849 2308 1164 2364 Jerusalem.
1214 2310 1341 2376 Quis
1388 2311 1529 2365 enim
1576 2310 1769 2365 dicitur
1812 2312 1960 2365 dives
2005 2311 2058 2365 in
2104 2310 2205 2367 hac

626 2398 810 2452 terra?
848 2398 1069 2464 Quando
1099 2399 1346 2453 laudatur
1370 2400 1541 2467 dives,
1569 2402 1693 2470 quid
1716 2402 1946 2455 dicitur?
1985 2402 2201 2457 Multum

630 2490 778 2544 dives
801 2497 918 2555 est;
964 2491 1098 2545 nihil
1142 2490 1215 2545 illi
1258 2492 1426 2547 deest.
1459 2492 1597 2547 Laus
1622 2504 1767 2548 certa
1812 2494 2073 2549 laudantis
2112 2495 2204 2548 illa

626 2591 748 2636 est:
778 2596 896 2635 nam
937 2582 1033 2637 ista
1074 2597 1178 2636 non
1222 2591 1323 2648 est,
1366 2597 1485 2637 cum
1525 2583 1735 2650 dicitur,
1759 2582 1897 2637 Nihil
1928 2584 2005 2638 illi
2030 2582 2202 2638 deest.

625 2671 855 2726 Attende
881 2671 923 2725 si
958 2672 1087 2726 nihil
1113 2672 1281 2728 deest.
1309 2672 1363 2728 Si
1392 2673 1518 2728 nihil
1548 2676 1710 2743 cupit,
1745 2674 1875 2729 nihil
1906 2674 1981 2729 illi
2011 2675 2163 2731 deest
2188 2693 2200 2728 :

624 2764 670 2818 si
711 2774 887 2819 autem
913 2764 1087 2819 adhuc
1122 2765 1269 2833 cupit
1296 2764 1517 2835 majora,
1560 2780 1717 2835 quam
1748 2780 1866 2835 qum
1906 2764 2084 2830 habet,
2129 2764 2197 2818 ad

625 2855 727 2907 hoc
751 2865 1090 2909 accesserunt
1114 2853 1343 2922 divitiae,
1374 2864 1430 2910 ut
1463 2866 1671 2925 egestas
1709 2864 1994 2910 cresceret.
2026 2856 2082 2910 In
2112 2855 2199 2910 illa

626 2959 754 3000 vero
779 2946 987 3000 civitate
1022 2961 1161 3001 vera:
1188 2957 1344 3001 erunt
1372 2947 1600 3013 divitiae,
1632 2949 1753 3018 quia
1780 2948 1851 3003 ibi
1890 2948 2020 3002 nihil
2047 2948 2202 3004 nobis

633 3035 798 3091 :lcerit
822 3053 835 3101 ;
869 3037 989 3107 quia
1019 3052 1118 3092 nec
1145 3037 1498 3108 indigebimus
1524 3037 1698 3107 aliqua
1723 3053 1801 3105 re,
1833 3046 1888 3093 ct
1906 3053 2032 3094 vera
2059 3039 2203 3093 sani-

626 3135 706 3182 tas
736 3127 855 3181 crit.
886 3126 1013 3193 Qure
1043 3136 1124 3181 est
1160 3142 1284 3183 vera
1316 3129 1558 3182 sanitas?
1597 3127 1728 3183 Cum
1760 3128 2007 3197 absorpta
2045 3127 2201 3183 fuerit

626 3232 771 3272 mors
795 3218 846 3271 in
875 3219 1173 3284 victoriam,
1217 3228 1271 3274 ct
1302 3234 1423 3274 cum
1464 3221 1807 3289 corruptibile
1841 3220 1943 3275 hoc
1970 3221 2199 3276 induerit

620 3308 1095 3376 incorruptionem,
1125 3317 1178 3363 ct
1219 3309 1441 3363 mortale
1468 3308 1569 3364 hoc
1607 3308 1833 3364 induerit
1876 3311 2196 3365 immortali-

620 3404 781 3449 tatem
824 3396 843 3467 (
866 3396 882 3449 l
906 3397 1022 3451 Cor.
1050 3414 1146 3462 xv,
1179 3400 1278 3462 53,
1312 3399 1457 3468 54);
1503 3408 1627 3454 tunc
1666 3401 1767 3455 erit
1809 3416 1933 3456 vera
1974 3402 2194 3467 sanitas,

620 3493 745 3538 tunc
783 3486 882 3539 erit
922 3502 1045 3540 vera
1084 3497 1137 3540 ct
1174 3487 1407 3555 perfecta
1433 3487 1655 3556 justitia,
1681 3499 1737 3542 ut
1765 3490 1896 3543 nihil
1923 3492 2048 3545 mali
2089 3506 2195 3546 non

619 3575 789 3629 solum
816 3577 1007 3640 facere,
1036 3578 1127 3630 sed
1156 3591 1252 3630 nec
1273 3577 1506 3646 cogitare
1529 3578 1813 3645 possimus.
1837 3578 1993 3632 Modo
2018 3588 2196 3635 autem

618 3665 825 3736 inepes,
854 3680 1132 3735 pauperes,
1161 3676 1407 3736 egentes,
1434 3665 1677 3720 dolentes
1717 3668 2077 3737 suspiramus,
2100 3686 2194 3741 ge-

618 3756 831 3821 mimus,
860 3770 1094 3821 oramus,
1120 3755 1357 3810 levamus
1397 3756 1577 3811 oculos
1616 3756 1681 3810 ad
1710 3757 1871 3811 Deum
1904 3776 1916 3813 :
1944 3761 2193 3828 quoniam

618 3854 671 3899 et
698 3845 767 3898 illi
795 3847 883 3915 qui
913 3845 1092 3900 felices
1119 3854 1245 3901 sunt
1278 3846 1331 3900 in
1368 3846 1467 3901 hoc
1494 3847 1711 3914 mundo,
1737 3847 2036 3917 despiciunt
2057 3866 2151 3905 nos
2177 3870 2191 3917 ;

613 3935 883 3991 abundant
918 3937 1060 3992 enim
1091 3946 1184 3992 :et
1220 3938 1296 3991 illi
1322 3938 1408 4007 qui
1437 3937 1674 3994 infelices
1712 3949 1835 3994 sunt
1869 3940 1921 3994 in
1960 3941 2060 3997 hoc
2084 3958 2191 3997 ειε-

613 4028 754 4095 culo,
798 4028 1130 4098 despiciunt;
1172 4028 1291 4099 quia
1333 4036 1388 4082 et
1429 4028 1528 4098 ipsi
1563 4028 1859 4095 abundant,
1900 4041 1955 4086 et
1986 4030 2190 4101 justitia

614 4128 698 4172 est
724 4120 774 4171 in
797 4118 955 4171 corde
985 4117 1243 4188 ipsorum,
1271 4117 1363 4171 sed
1394 4116 1543 4172 falsa.
1577 4118 1699 4173 Ideo
1736 4136 1842 4174 non
1878 4123 2192 4190 perveniunt

615 4208 683 4262 ad
709 4225 907 4274 veram,
936 4211 1056 4278 quia
1094 4209 1280 4279 repleti
1321 4218 1444 4263 sunt
1482 4209 1632 4265 falsa.
1664 4211 1743 4265 Tu
1769 4221 1944 4267 autem
1978 4223 2031 4267 ut
2067 4230 2189 4283 pcr-

614 4300 799 4354 venias
820 4301 885 4353 ad
909 4317 1110 4366 veram,
1136 4310 1251 4357 esto
1271 4316 1433 4371 egens
1459 4311 1512 4355 et
1540 4302 1815 4357 mendicus
1841 4303 2006 4373 ipsius
2029 4305 2188 4374 justi-

617 4392 702 4444 tiae
728 4407 740 4455 ;
776 4402 827 4443 et
852 4392 973 4444 audi
999 4392 1343 4461 Evangelium
1370 4410 1383 4446 :
1418 4392 1558 4445 Beati
1586 4396 1669 4460 qui
1696 4396 1918 4448 esuriant
1945 4406 1991 4448 et
2016 4397 2189 4450 sitiunt

607 4482 876 4551 justitiam,
906 4484 1141 4550 quoniam
1169 4485 1267 4551 ipsi
1296 4485 1652 4537 satui‘abuntur
1678 4484 1889 4554 (Matth.
1915 4501 1967 4551 v,
1998 4484 2076 4555 6).

992 4692 1072 4753 IN
1114 4692 1494 4753 PSALMUM
1536 4690 1798 4755 CXXIII

1185 4790 1601 4847 ENARRATIO.

1128 4899 1298 4939 εειωο
1326 4899 1390 4937 AD
1414 4898 1669 4939 Ροιιυιωιι.

673 4980 725 5034 1.
758 4977 923 5051 [υενε.
950 4975 1092 5050 1-5.]
1121 4977 1263 5031 Bene
1287 4975 1395 5045 jam
1426 4977 1614 5039 nostis,
1641 4975 1829 5030 fratres
1854 4977 2172 5047 charissimi,

603 5071 869 5126 canticum
894 5067 1149 5139 graduum
1178 5082 1295 5121 esse
1318 5067 1578 5121 canticum
1605 5067 1932 5121 ascensionis
1957 5077 2171 5135 nostrae,

597 5161 948 5229 eamdemque
986 5160 1349 5214 ascensionem
1383 5174 1484 5212 non
1518 5158 1756 5226 corporis
1784 5158 2005 5227 pedibus
2035 5158 2169 5226 ﬁeri,

597 5252 694 5309 sed
732 5253 912 5308 cordis
954 5251 1249 5307 affectibus.
1300 5251 1411 5305 Hoc
1454 5251 1746 5320 saepissime
1789 5251 2171 5306 insinuavimus

596 5346 785 5409 vobis;
834 5359 933 5398 nec
980 5345 1164 5398 eadem
1214 5346 1409 5412 srepius
1454 5344 1738 5413 repetenda
1788 5352 1947 5407 sunt,
1998 5352 2056 5396 ut
2102 5344 2170 5397 sit

593 5438 743 5493 locus
774 5434 984 5489 dicendi
1028 5450 1144 5504 quae
1183 5435 1413 5487 nondum
1456 5434 1592 5488 dicta
1634 5443 1775 5489 sunt.
1821 5435 1883 5487 Et
1916 5434 2012 5488 iste
2042 5448 2167 5503 ergo

590 5528 828 5598 psalmus
851 5568 864 5592 ,
893 5541 1047 5595 quem
1081 5540 1221 5579 nunc
1250 5526 1397 5579 vobis
1424 5534 1692 5580 cantatum
1723 5526 1960 5588 audistis,
1989 5524 2163 5579 Canti-

588 5635 702 5672 cum
742 5617 997 5688 graduum
1040 5615 1470 5686 superscribitur.
1520 5616 1635 5684 Ipse
1681 5626 1762 5670 est
1804 5617 1983 5670 titulus
2026 5617 2162 5687 ejus.

583 5708 852 5765 Cantant‘
879 5724 1007 5780 ergo
1035 5707 1389 5764 ascendentes
1429 5724 1442 5761 :
1489 5717 1542 5762 et
1586 5708 1870 5778 aliquando
1913 5719 2163 5780 tanquam

648 5822 665 5851 ³
691 5826 820 5881 Lov.,
839 5826 1022 5871 cantate
1044 5832 1063 5870 :
1087 5818 1487 5869 dissentientibus
1508 5818 1617 5867 Edd.
1658 5818 1764 5868 aliis
1788 5826 1838 5868 et
1862 5826 1963 5868 vss.

1870 364 1927 419 S.
1970 360 2335 419 AUGUSTINI
2377 364 2673 422 EPISCOPI

3714 386 3818 449 1640

2326 496 2463 537 unus
2491 493 2693 551 cantat,
2723 485 3009 556 aliquando
3031 494 3275 559 tanquam
3299 494 3481 563 multi;
3508 500 3619 571 quia
3636 512 3683 559 ct
3702 509 3818 566 multi

2315 587 2469 637 unus,
2502 574 2623 643 quia
2654 584 2708 629 ct
2735 591 2875 631 unus
2901 576 3167 645 Christus,
3210 591 3263 636 et
3302 584 3351 638 in
3392 585 3591 644 Christo
3626 598 3817 655 membra

2315 662 2511 719 Christi
2539 681 2660 720 cum
2684 666 2900 723 Christo
2927 686 3087 724 unum
3119 671 3332 740 faciunt,
3358 684 3410 730 et
3432 677 3607 735 horum
3627 688 3818 743 omnium

2316 753 2678 809 membrorum
2703 767 2862 827 caput
2888 760 2939 812 in
2968 760 3104 815 caelo
3126 770 3227 816 est.
3250 762 3450 835 Corpus
3468 779 3633 825 autem
3653 776 3820 832 etiamsi

2314 844 2522 901 laborat
2568 848 2619 902 in
2664 859 2802 904 terra
2828 893 2840 914 ,
2884 866 2989 906 non
3036 862 3119 908 est
3164 858 3438 924 praecisum
3475 876 3503 915 a
3539 866 3691 934 capite
3727 884 3820 924 suo.

2316 935 2554 1027 iicsuper
2598 940 2738 993 enim
2784 950 2941 1012 caput
2978 946 3272 1016 prospicit,
3316 956 3369 1002 et
3397 953 3609 1008 consulit
3633 963 3820 1027 corpori.

2313 1025 2443 1079 Nam
2481 1028 2523 1080 si
2557 1044 2660 1081 non
2688 1032 2995 1088 consuleret
3018 1076 3031 1100 ,
3064 1050 3169 1090 non
3212 1037 3408 1093 diceret
3446 1041 3514 1095 illi
3552 1025 3823 1111 persecutori

2313 1118 2484 1173 adhuc
2508 1120 2690 1187 Saulo,
2719 1125 2955 1180 nondum
2984 1127 3148 1181 Paulo
3177 1147 3190 1182 :
3218 1130 3404 1196 Saule,
3435 1133 3610 1202 Saule,
3645 1141 3746 1209 quid
3765 1159 3825 1198 me

2313 1215 2621 1281 persequeris
2651 1214 2669 1284 (
2695 1216 2806 1271 Act.
2834 1233 2883 1271 ιχ
2905 1259 2919 1282 ,
2948 1219 2981 1273 4
3004 1216 3068 1291 )?
3110 1220 3173 1274 Et
3205 1220 3319 1277 huic
3361 1225 3550 1293 optime
3585 1230 3729 1283 nostis
3748 1273 3759 1295 ,
3783 1240 3825 1287 et

2313 1305 2505 1358 usitata
2536 1315 2661 1360 sunt
2696 1307 2868 1362 vobis.
2908 1309 3024 1364 Non
3053 1321 3228 1366 autem
3272 1327 3390 1366 cum
3421 1313 3617 1372 fastidio
3638 1333 3826 1377 eamme.

2311 1405 2588 1449 morentur
2613 1397 2692 1452 eis
2731 1399 2922 1468 quibus
2962 1416 3065 1455 non
3106 1403 3452 1471 exciderunt,
3482 1416 3537 1461 ut
3560 1423 3646 1477 per
3678 1427 3822 1468 eorum

2312 1487 2619 1555 patientiam
2648 1490 2869 1546 redeant
2900 1492 2951 1547 in
2987 1508 3082 1547 cor
3118 1496 3277 1549 etiam
3318 1511 3494 1550 eorum
3518 1500 3689 1569 quibus
3711 1506 3824 1559 exci-

2311 1575 2539 1644 derant;
2573 1580 2802 1635 salubria
2828 1591 2953 1637 sunt
2979 1586 3141 1651 enim,
3184 1594 3237 1639 et
3261 1589 3451 1655 smpius
3478 1590 3697 1647 dicenda.
3731 1595 3827 1652 Sive

2313 1682 2441 1738 ergo
2464 1685 2603 1724 unus
2629 1682 2838 1738 cantet,
2867 1676 2978 1729 sive
3006 1676 3155 1730 multi
3185 1688 3433 1745 cantent;
3468 1690 3517 1735 et
3541 1685 3671 1739 multi
3692 1685 3827 1743 homi-

2312 1773 2409 1813 nes
2450 1774 2588 1813 unus
2634 1761 2793 1817 homo
2834 1773 2937 1829 est,
2980 1766 3101 1834 quia
3150 1769 3325 1821 unitas
3365 1779 3479 1833 est;
3523 1780 3573 1826 et
3610 1771 3826 1846 Christus,

2312 1848 2450 1903 sicut
2470 1850 2723 1917 diximus,
2753 1869 2889 1909 unus
2914 1864 3013 1923 est,
3047 1863 3102 1912 et
3128 1871 3316 1913 omnes
3340 1858 3609 1917 Christiani
3635 1866 3824 1921 membra

2312 1951 2434 1996 Sunt
2471 1942 2689 1996 Christi.

2380 2037 2434 2090 2.
2476 2038 2611 2106 Quid
2657 2053 2785 2108 ergo
2830 2041 2911 2093 isti
2957 2043 3214 2097 cantant?
3244 2043 3358 2099 hmc
3405 2047 3628 2101 membra
3666 2046 3823 2105 Christi

2312 2130 2435 2199 quid
2466 2132 2718 2187 cantant?
2744 2133 2937 2187 Amant
2960 2135 3121 2198 cnim,
3145 2144 3199 2191 ct
3222 2138 3447 2193 amando
3470 2150 3691 2205 cantant,
3719 2141 3824 2197 ἀρεῖς

2311 2220 2544 2275 derando
2564 2232 2797 2277 cantant.
2826 2224 3122 2294 Aliquando
3148 2241 3271 2282 cum
3295 2228 3617 2285 tribulatione
3634 2241 3821 2299 cantant,

2311 2321 2363 2366 et
2392 2312 2676 2382 aliquando
2698 2316 3011 2369 exsultando
3037 2327 3277 2385 cantant,
3300 2334 3418 2374 cum
3450 2321 3499 2374 in
3525 2336 3612 2390 spe
3633 2332 3820 2377 cantant.

2310 2403 2601 2459 Tribulatio
2629 2408 2768 2460 enim
2800 2416 2978 2461 nostra
3005 2408 3057 2461 in
3082 2411 3337 2479 praesenti
3359 2412 3547 2466 szeculo
3565 2454 3578 2479 ,
3600 2428 3706 2483 spes
3728 2428 3823 2468 vero

2311 2509 2489 2552 nostra
2519 2499 2585 2553 de
2614 2498 2789 2555 futuro
2814 2502 3009 2557 sacculo
3044 2521 3056 2557 :
3085 2512 3139 2558 et
3165 2504 3267 2558 nisi
3298 2505 3348 2559 in
3389 2494 3822 2576 tribulatione‘prre-

2310 2591 2475 2643 scutis
2503 2591 2683 2645 srcculi
2711 2594 3016 2647 consoletur
3048 2610 3145 2649 nos
3170 2610 3297 2665 spes
3328 2596 3482 2650 futuri
3508 2597 3684 2666 smculi,
3711 2597 3821 2666 peri-

2309 2694 2445 2734 mus.
2475 2680 2734 2735 Gaudium
2767 2697 2894 2753 ergo
2922 2692 3161 2739 nostrum
3191 2727 3204 2749 ,
3233 2685 3438 2752 fratres,
3469 2687 3681 2742 nondum
3702 2689 3821 2743 estin

2308 2785 2386 2833 re,
2420 2770 2514 2825 sed
2538 2771 2649 2841 jam
2678 2772 2728 2825 in
2760 2788 2875 2840 spe.
2910 2774 3043 2843 Spes
3064 2784 3243 2830 autem
3278 2787 3452 2831 nostra
3482 2786 3578 2831 tam
3603 2786 3725 2832 certa
3743 2786 3820 2840 est,

2308 2862 2455 2930 quasi
2479 2861 2583 2929 jam
2612 2877 2698 2916 res
2725 2862 2955 2931 perfecta
2983 2865 3050 2918 sit
3084 2882 3097 2918 :
3132 2880 3310 2935 neque
3336 2867 3472 2921 enim
3498 2867 3717 2921 timemus
3738 2881 3823 2935 pro

2308 2953 2549 3008 mittente
2578 2952 2829 3009 Veritate.
2864 2954 3069 3010 Veritas
3100 2956 3243 3011 enim
3286 2973 3385 3011 nec
3422 2957 3525 3012 falli
3552 2967 3730 3027 potest,
3753 2971 3825 3011 nec

2306 3041 2490 3097 fallere
2523 3060 2537 3097 :
2566 3043 2761 3099 bonum
2795 3054 2877 3099 est
2901 3054 2960 3099 ut
2982 3045 3249 3103 hacreamu
3268 3062 3292 3102 s
3318 3048 3414 3115 illi;
3438 3048 3521 3103 illa
3550 3065 3638 3103 nos
3658 3049 3823 3109 liberat,

2306 3135 2400 3189 sed
2444 3138 2487 3189 si
2518 3138 2869 3193 manserimus
2904 3139 2955 3192 in
2984 3138 3151 3194 verbo
3188 3141 3337 3209 ejus.
3365 3141 3511 3195 Modo
3538 3141 3663 3198 enim
3687 3139 3824 3195 credi-

2306 3244 2442 3293 mus,
2478 3238 2601 3284 tunc
2626 3229 2920 3286 videbimus
2955 3248 2967 3283 :
2999 3246 3118 3286 cum
3149 3233 3443 3298 credimus,
3466 3248 3581 3303 spes
3598 3232 3726 3287 estin
3748 3232 3826 3285 isto

2306 3321 2520 3386 sarculo;
2547 3337 2665 3376 cum
2692 3308 3008 3388 videbimus,
3033 3337 3119 3377 res
3148 3324 3250 3378 erit
3282 3327 3333 3378 in
3362 3323 3531 3378 futuro
3552 3324 3734 3378 sarculo.
3754 3320 3821 3373 Vi-

2304 3410 2547 3466 debimus
2572 3422 2745 3467 autem
2776 3414 2907 3468 faeie
2929 3413 2995 3467 ad
3025 3414 3211 3468 faciem
3245 3414 3287 3487 (Ι
3310 3413 3427 3469 Cor.
3451 3430 3559 3475 xm,
3582 3412 3659 3484 12)
3688 3418 3820 3465 :tunc

2303 3512 2476 3556 autem
2506 3503 2802 3557 videbimus
2849 3502 2982 3557 facie
3023 3503 3087 3556 ad
3136 3502 3361 3570 faciem,
3392 3520 3507 3559 cum
3535 3500 3817 3556 habuerimus

2303 3595 2461 3648 corda
2511 3594 2780 3648 mundata.
2811 3595 2957 3649 Beati
3001 3596 3140 3649 enim
3172 3596 3376 3649 mundo
3404 3596 3587 3661 corde,
3615 3593 3815 3665 quoniam

2304 3684 2401 3753 ipsi
2434 3686 2596 3739 Deum
2624 3686 2877 3740 videbunt
2903 3686 3113 3756 (Matth.
3144 3702 3192 3750 v,
3222 3688 3300 3758 8).
3339 3688 3484 3743 Unde
3508 3698 3665 3742 autem
3691 3682 3813 3739 corda

2299 3775 2640 3843 mundautur,
2670 3777 2768 3830 nisi
2800 3792 2895 3846 per
2919 3777 3095 3841 ﬁdem,
3119 3777 3257 3832 sicut
3287 3780 3470 3833 Petrus
3487 3778 3555 3831 ait
3575 3778 3621 3831 in
3640 3776 3813 3830 Actibus

2298 3868 2672 3938 Apostolorum
2701 3887 2714 3924 :
2742 3868 2998 3923 Mundam
3019 3870 3120 3938 ﬁde
3138 3871 3296 3923 corda
3322 3886 3489 3924 eorum
3515 3867 3634 3940 (Act.
3657 3883 3729 3931 xv,
3746 3865 3789 3933 9)

2297 3960 2615 4016 Mundantur
2640 3971 2815 4017 autem
2844 3963 3007 4017 corda
3038 3971 3217 4015 nostra
3248 3979 3343 4032 per
3374 3963 3551 4027 ﬁdem,
3580 3970 3631 4015 ut
3653 3957 3809 4029 possint

2296 4066 2417 4106 esse
2445 4052 2634 4105 idonea
2673 4066 2862 4121 capere
2904 4053 3159 4122 Speciem.
3191 4054 3536 4107 Ambulamus
3559 4053 3682 4106 enim
3704 4060 3810 4101 nunc

2296 4159 2391 4212 per
2412 4144 2587 4209 ﬁdem,
2609 4143 2838 4197 nondum
2866 4157 2961 4212 per
2983 4146 3238 4213 speciem;
3265 4146 3402 4199 sicut
3420 4140 3679 4213 Apostolus
3696 4134 3806 4198 dicit,

2298 4236 2551 4300 Quamdiu
2594 4250 2765 4288 sumus
2794 4234 2848 4287 in
2883 4250 3092 4302 corpore
3114 4276 3128 4299 ,
3160 4237 3536 4304 peregrinantur
3560 4250 3589 4285 a
3614 4230 3804 4284 Domino.

2294 4329 2358 4382 Et
2387 4328 2508 4396 quid
2528 4339 2628 4392 est,
2650 4328 3025 4397 pcregrinamur
3043 4328 3069 4380 ?
3090 4325 3192 4380 Per
3207 4327 3360 4394 ﬁdem
3379 4327 3508 4380 enim
3526 4323 3801 4379 ambulamus,

2294 4419 2477 4489 inquit,
2508 4436 2605 4472 non
2628 4435 2715 4488 per
2739 4420 2951 4488 speciem
2969 4418 3033 4487 (ll
3058 4418 3172 4472 Cor.
3197 4435 3249 4486 v,
3275 4420 3327 4482 6,
3354 4419 3427 4487 7).
3450 4417 3542 4483 Qui
3570 4429 3679 4484 ergo
3696 4424 3806 4481 perc.

2290 4513 2556 4581 grinatur,
2587 4522 2640 4565 et
2664 4526 2759 4581 per
2787 4511 2941 4566 ﬁdem
2984 4512 3256 4577 ambulat,
3284 4510 3513 4565 nondum
3557 4516 3629 4563 est
3663 4505 3705 4558 in
3731 4514 3803 4571 pa-

2291 4603 2410 4668 tria,
2435 4603 2524 4657 scd
2543 4603 2652 4672 jam
2679 4613 2759 4658 est
2785 4604 2835 4655 in
2868 4603 2969 4666 via;
3003 4602 3092 4672 qui
3121 4612 3298 4657 autem
3321 4618 3427 4657 non
3456 4599 3643 4664 credit,
3667 4608 3747 4649 nec
3762 4592 3800 4644 in

2290 4695 2455 4763 patria
2486 4704 2588 4761 est,
2622 4709 2721 4750 nec
2747 4694 2798 4747 in
2828 4694 2930 4748 via.
2962 4694 3051 4749 Sic
3071 4708 3196 4764 ergo
3226 4694 3569 4755 ambulemus,
3599 4696 3798 4756 tanquam

2286 4786 2339 4839 in
2368 4785 2451 4839 via
2479 4786 2665 4849 simus;
2693 4786 2815 4855 quia
2837 4785 2948 4854 ipse
2971 4785 3082 4840 Rex
3108 4787 3292 4855 patriae
3320 4785 3485 4839 factus
3506 4790 3581 4837 est
3604 4780 3692 4832 via.
3712 4773 3797 4829 Rex

2284 4877 2466 4946 patria:
2492 4885 2703 4942 nostrae,
2732 4877 2985 4931 Dominus
3006 4877 3161 4933 Jesus
3181 4878 3440 4941 Christus;
3463 4885 3513 4931 et
3538 4874 3600 4929 ibi
3625 4867 3797 4928 veritas,

2284 4969 2369 5024 hic
2406 4978 2581 5025 autem
2616 4972 2718 5025 via.
2750 4971 2866 5039 Quo
2895 4973 3072 5027 imus?
3103 4972 3182 5028 Ad
3208 4974 3500 5028 veritatem.
3529 4970 3631 5036 Qua
3657 4959 3799 5019 imus?

2282 5062 2383 5117 Per
2410 5062 2584 5118 ﬁdem.
2614 5064 2728 5130 Quo
2769 5064 2947 5119 imus?
2977 5064 3057 5119 Ad
3085 5064 3374 5120 Christum.
3406 5063 3511 5130 Qua
3539 5055 3696 5115 imus?
3720 5054 3799 5107 Per

2280 5155 2567 5210 Christum.
2598 5156 2713 5226 ipse
2743 5159 2880 5211 enim
2908 5156 3039 5212 dixit
3063 5157 3205 5229 :Ego
3229 5174 3338 5212 sum
3358 5158 3454 5220 via,
3480 5152 3642 5207 ueritas
3662 5154 3704 5200 et
3721 5143 3796 5196 vim

2280 5246 2453 5317 (Joan.
2488 5263 2576 5301 xw
2602 5289 2615 5311 ,
2649 5246 2725 5319 6).
2757 5248 2977 5302 Dixerat
2998 5259 3171 5302 autem
3202 5244 3481 5317 aliquando
3508 5232 3793 5328 credendi)“.

2277 5338 2328 5391 in
2369 5354 2426 5393 se
2458 5357 2469 5391 :
2503 5339 2563 5393 Si
2610 5340 2891 5392 manseritis
2919 5341 2972 5393 in
3002 5340 3145 5394 verbo
3182 5355 3289 5394 meo
3311 5381 3324 5405 ,
3356 5353 3464 5391 vere
3486 5327 3696 5401 discipuli
3718 5334 3792 5374 me!

2275 5432 2502 5497 cstis;et
2549 5432 2855 5501 cognoscetis
2896 5432 3184 5497 veritatem,
3217 5441 3261 5485 et
3290 5430 3465 5483 veritas
3504 5417 3702 5478 liberabit
3723 5425 3791 5463 vos

2276 5522 2387 5593 (Id.
2423 5542 2542 5591 vm,
2573 5528 2632 5580 51
2664 5538 2713 5579 et
2739 5526 2853 5594 52).
2885 5526 2948 5579 Ει
2978 5525 3298 5595 cognoscetis,
3331 5521 3526 5591 inquit,
3556 5513 3784 5568 νεήιαιεπιι

2274 5618 2367 5672 sed
2395 5618 2437 5670 si
2473 5618 2755 5671 manseritis
2790 5620 2842 5671 in
2885 5620 3030 5671 verba
3070 5634 3198 5672 meo.
3238 5617 3290 5670 In
3339 5626 3439 5682 quo
3468 5603 3647 5664 verbo?
3670 5598 3787 5653 Sicul-

2271 5710 2397 5765 dicit
2423 5710 2708 5780 Apostolus
2732 5753 2746 5778 ,
2784 5710 2893 5765 Hoc
2920 5720 2994 5766 est
3037 5714 3237 5765 verbum
3262 5708 3378 5778 ﬁdei
3419 5700 3546 5775 quod
3577 5690 3786 5768 praedicn-

2270 5825 2382 5863 mus
2411 5806 2580 5876 (Rom.
2611 5822 2663 5871 χ,
2693 5806 2767 5876 8).
2792 5805 2970 5861 Primo
2994 5819 3120 5875 ergo
3148 5804 3360 5861 verbum
3391 5796 3505 5853 ﬁdei
3528 5799 3618 5851 cat;
3639 5787 3683 5841 in
3699 5789 3785 5848 ιιιιο
