4160 6472
345 376 481 435 ται

346 492 515 545 verbo
545 489 672 547 lidei
703 490 749 547 si
777 492 1133 548 manserimus
1154 533 1171 559 ,
1201 507 1586 564 cognoscemus
1624 494 1899 549 veritatem
1924 534 1941 559 ,

351 593 401 640 et
430 585 636 638 veritas
668 585 915 640 liberabit
944 599 1060 639 nos.
1094 586 1302 641 Veritas
1327 587 1647 642 immortalis
1669 596 1771 653 est,
1804 586 1946 641 veri-

356 687 433 731 tas
478 677 933 733 incommutabilis
959 688 1041 733 est
1070 698 1081 731 :
1112 680 1307 734 veritas
1342 681 1469 735 illud
1500 681 1731 736 Verbum
1760 689 1842 736 est
1882 680 1949 735 tle

358 784 461 840 quo
485 768 708 831 dicitur,
737 767 804 823 In
831 770 1083 841 principio
1109 782 1216 825 erat
1254 770 1489 837 Verbum,
1517 782 1562 825 et
1606 771 1818 826 Verbum
1843 780 1950 824 erat

358 860 495 932 apud
525 859 714 927 Deum,
743 870 792 915 et
823 860 961 916 Deus
984 873 1090 915 erat
1130 862 1360 917 Verbum.
1397 863 1462 918 Et
1487 864 1609 935 quis
1641 864 1740 918 hoc
1766 863 1947 927 videt,

361 951 456 1006 nisi
485 952 651 1007 corde
677 952 966 1007 mundata?
991 951 1143 1009 Unde
1168 953 1491 1010 mandantur
1517 955 1712 1011 corda?
1736 955 1799 1010 Et
1828 953 1952 1009 Ver-

360 1044 474 1097 bum
503 1060 624 1096 caro
651 1046 846 1114 factum
870 1053 964 1111 est,
992 1052 1037 1098 et
1066 1044 1306 1099 habitavit
1332 1046 1384 1100 in
1415 1046 1559 1101 nobis
1583 1045 1761 1115 (Joan.
1789 1062 1806 1101 ι
1834 1087 1849 1112 ,
1884 1047 1905 1101 1
1930 1087 1946 1111 ,

364 1132 471 1203 lt).
496 1131 653 1201 Quod
680 1146 811 1204 ergo
854 1143 1034 1188 manet
1064 1133 1297 1190 Verbum
1330 1137 1382 1191 in
1408 1152 1467 1192 se
1490 1177 1506 1200 ,
1537 1138 1734 1192 veritas
1760 1146 1842 1191 est
1883 1137 1951 1192 ad

358 1240 517 1294 quam
546 1224 791 1278 venimus
811 1265 825 1287 ,
849 1234 905 1280 et
922 1241 1039 1295 qum
1061 1241 1159 1281 nos
1183 1227 1371 1282 liberat
1395 1246 1408 1281 :
1436 1228 1578 1300 quod
1603 1239 1780 1283 autent
1812 1244 1952 1299 prae-

360 1315 568 1387 dicatur
599 1316 817 1371 verbum
850 1316 969 1371 tidei
990 1358 1006 1382 ,
1038 1318 1089 1372 in
1122 1334 1226 1389 quo
1256 1335 1354 1375 nos
1381 1320 1495 1375 vult
1538 1321 1790 1376 Dominus
1828 1335 1951 1391 per-

363 1426 614 1474 manere,
644 1420 702 1464 ut
725 1425 1110 1481 cognoscamus
1140 1413 1417 1468 veritatem
1439 1412 1577 1480 ;hoc
1600 1423 1705 1480 est,
1738 1412 1955 1468 Verbum

361 1520 481 1557 caro
511 1503 703 1572 factum
729 1513 833 1571 est,
855 1514 900 1558 et
924 1505 1165 1559 habitavit
1185 1506 1238 1559 in
1264 1505 1424 1561 nobis.
1455 1506 1641 1562 Credis
1666 1509 1681 1539 ¹
1710 1507 1761 1561 iu
1789 1506 1949 1561 Chri-

362 1609 503 1650 stum
533 1608 710 1650 natum
735 1597 786 1650 in
810 1610 990 1660 carne,
1010 1607 1065 1652 et
1085 1599 1364 1668 pervenies
1383 1598 1451 1653 ad
1476 1598 1749 1654 Christum
1774 1609 1954 1655 uatum

362 1688 430 1745 de
463 1689 594 1753 Deo,
626 1689 791 1744 Deum
821 1690 962 1759 apud
994 1690 1180 1746 Deum.

434 1780 485 1835 '5.
512 1779 856 1835 Exsultantes
883 1790 1097 1837 cantant
1129 1783 1215 1837 isti
1241 1797 1375 1853 quos
1395 1785 1415 1815 ²
1444 1783 1685 1854 legimus;
1719 1784 1956 1840 membra

366 1870 462 1924 ista
494 1870 694 1925 Christi
735 1872 1054 1927 exsultantia
1098 1882 1317 1929 cantant
1364 1875 1627 1944 psalmum
1682 1876 1862 1931 istum.
1889 1876 1960 1931 Et

361 1963 482 2034 quis
506 1963 590 2019 hic
606 1963 855 2028 exsultat,
878 1964 978 2019 nisi
1010 1965 1061 2020 in
1083 1981 1198 2035 spe,
1221 1967 1357 2021 sicut
1381 1966 1489 2021 dixi
1504 1967 1529 2020 Ἰ
1544 1968 1611 2022 Et
1632 1968 1785 2024 nobis
1812 1977 1959 2024 certa

362 2056 427 2109 sit
452 2054 565 2125 ipsa
602 2070 745 2123 spes,
773 2063 829 2110 et
855 2055 1168 2111 exsultando
1192 2065 1467 2112 cantemus
1488 2057 1530 2111 ³.
1561 2057 1676 2113 Νοη
1699 2059 1839 2114 enim
1870 2060 1959 2129 qui

362 2155 579 2201 cantant
606 2146 765 2201 alicui
793 2155 919 2201 sunt
942 2162 971 2200 a
1000 2147 1173 2213 nobis,
1198 2156 1287 2202 aut
1306 2163 1409 2203 non
1439 2148 1490 2202 in
1518 2147 1619 2203 hoc
1640 2150 1843 2219 psalmo
1857 2164 1961 2205 vox

364 2248 544 2294 nostra
561 2248 659 2293 est.
677 2226 765 2294 Sic
781 2239 980 2305 audite,
998 2250 1244 2309 tanquam
1258 2256 1354 2297 vos
1371 2242 1514 2312 ipsos
1526 2241 1771 2306 audiatis;
1786 2243 1863 2297 sie
1876 2257 1962 2298 au-

364 2329 748 2399 dite,tanquam
767 2329 819 2384 in
832 2330 1047 2399 speculo
1062 2330 1452 2401 Scripturarum
1465 2346 1559 2386 vos
1576 2331 1721 2402 ipsos
1733 2332 1964 2387 attenda-

368 2420 451 2473 tis.
470 2418 604 2475 Cum
630 2420 769 2474 enim
797 2431 1041 2490 tanquam
1072 2421 1342 2491 speculum
1365 2421 1595 2476 attendis
1625 2422 1959 2492 Scripturas,

365 2509 691 2565 cxhilaratur
715 2510 877 2566 facies
905 2520 991 2566 tua
1013 2529 1025 2565 :
1045 2527 1166 2567 cum
1186 2512 1413 2568 similem
1442 2522 1493 2569 te
1520 2513 1759 2570 invenies
1778 2516 1962 2571 exsul-

367 2601 568 2657 tatione
589 2602 726 2672 spei,
742 2600 997 2658 membris
1016 2603 1328 2674 quibusdam
1348 2602 1568 2672 Christi,
1585 2620 1704 2675 quae
1725 2607 1963 2661 membra

369 2692 471 2750 ista
497 2705 798 2757 cantarunt;
828 2695 935 2750 eris
954 2704 1009 2750 et
1032 2704 1085 2749 tu
1115 2697 1167 2750 in
1195 2695 1326 2765 ipsis
1348 2696 1624 2765 membris,
1649 2707 1703 2751 et
1723 2699 1965 2754 cantabis

371 2784 497 2839 ista.
528 2783 633 2839 Cur
671 2795 798 2855 ergo
824 2784 911 2839 isti
933 2794 1150 2841 cantant
1171 2786 1270 2841 ista
1296 2786 1654 2843 exsultando?
1683 2788 1814 2857 Quia
1840 2805 1966 2845 eva-

373 2882 582 2929 serunt.
615 2874 755 2946 Ergo
784 2889 907 2946 spes
933 2884 1017 2931 est
1060 2875 1113 2931 in
1138 2892 1240 2946 qua
1277 2885 1513 2932 cantant.
1545 2878 1678 2933 Cum
1706 2879 1849 2934 enim
1880 2880 1966 2936 hic

375 2979 562 3020 sumus
594 2974 647 3020 et
675 2966 1109 3037 peregrinamur,
1144 2967 1379 3023 nondum
1408 2971 1697 3026 evasimus.
1726 2971 1966 3028 Praeces-

377 3068 562 3112 serunt
576 3058 788 3128 quidem
808 3059 1045 3114 membra
1071 3059 1310 3129 quaedam
1332 3060 1399 3116 de
1423 3075 1647 3131 corpore
1668 3062 1759 3117 illo
1775 3062 1841 3119 de
1860 3079 1967 3133 quo

379 3159 433 3205 et
470 3166 568 3204 nos
601 3164 786 3205 sumus
807 3191 823 3216 ,
855 3167 973 3221 qua:
1021 3160 1241 3221 possunt
1287 3152 1342 3207 in
1378 3153 1603 3208 veritate
1629 3163 1866 3210 cantare.
1898 3154 1968 3210 Et

383 3241 484 3297 hoc
509 3250 787 3297 cantarunt
815 3252 1077 3315 martyres
1099 3244 1267 3298 sancti
1303 3262 1315 3297 :
1342 3244 1452 3313 jam
1474 3245 1616 3299 enim
1641 3255 1964 3311 evaserunt,

382 3341 437 3387 et
480 3333 533 3387 in
581 3333 930 3389 exsultatione
974 3348 1093 3388 cum
1122 3333 1335 3389 Christo
1363 3345 1526 3401 sunt,
1556 3337 1823 3407 recepturi
1849 3354 1969 3393 cor-

385 3440 514 3494 pora
537 3425 646 3495 jam
672 3425 974 3495 incorrupta
1002 3467 1015 3490 ,
1044 3425 1231 3480 eadem
1280 3426 1392 3495 ipsa
1436 3441 1556 3494 qua:
1600 3427 1773 3495 primo
1818 3436 1970 3481 erant

386 3517 749 3587 corruptibilis
774 3560 790 3579 ,
822 3518 873 3571 in
900 3517 1090 3587 quibus
1119 3517 1261 3589 passi
1307 3526 1435 3572 sunt
1463 3532 1684 3587 poenas;
1718 3517 1840 3573 inde
1867 3519 1971 3573 illis

389 3609 839 3664 ﬁentornamenta
856 3609 1097 3679 justitim.
1120 3609 1283 3681 Ergo,
1304 3610 1417 3665 sive
1443 3609 1518 3664 illi
1542 3609 1653 3679 jam
1677 3609 1728 3664 in
1754 3624 1829 3676 re,
1860 3612 1971 3667 sive

390 3717 486 3756 nos
515 3702 565 3755 in
596 3717 691 3771 spe
716 3702 1098 3773 coniungentes
1143 3703 1389 3759 affectum
1416 3703 1632 3759 coronis
1660 3719 1844 3758 eorum
1869 3746 1886 3770 ,
1917 3717 1973 3762 et

388 3790 753 3847 desiderantes
785 3792 939 3847 talem
972 3793 1131 3847 vitam
1169 3794 1378 3863 qualem
1411 3794 1497 3852 hic
1529 3814 1634 3853 non
1669 3799 1928 3856 habemus
1952 3842 1968 3867 ,

390 3884 483 3939 sed
514 3883 708 3939 habere
731 3899 834 3938 non
863 3884 1152 3954 poterimus
1191 3885 1289 3941 nisi
1320 3900 1438 3940 eam
1470 3887 1555 3942 hic
1580 3889 1970 3945 desideraveri-

393 3991 529 4037 utus,
564 3983 837 4029 cantemus
862 3974 1015 4029 simul
1046 3991 1235 4031 omnes
1257 4017 1271 4041 ,
1304 3984 1358 4031 et
1382 3977 1623 4034 dicamus
1658 4000 1671 4033 :
1710 3981 1829 4035 Nisi
1854 3983 1973 4051 quia

399 4063 644 4118 Dominus
691 4076 795 4118 erat
837 4066 888 4119 in
919 4065 1078 4120 nobis.
1113 4066 1487 4136 Respcxeruut
1525 4068 1665 4123 enim
1716 4071 1971 4139 quasdam

398 4155 767 4209 trilntlatioues
806 4172 935 4225 quas
967 4156 1105 4224 passi
1133 4165 1294 4222 sunt,
1323 4165 1376 4212 et
1405 4157 1879 4213 consideraverunt
1922 4161 1973 4215 in

398 4263 463 4302 eo
486 4249 595 4317 jam
637 4249 752 4302 loco
776 4258 829 4302 et
859 4248 912 4301 itt
940 4247 1266 4304 beatitudine
1292 4258 1345 4302 et
1373 4249 1422 4302 in
1457 4249 1741 4306 securitate
1781 4252 1977 4306 consti-

400 4340 524 4399 tuti,
559 4354 656 4405 qua
708 4338 1049 4405 transierint,
1081 4354 1186 4409 quo
1232 4339 1504 4407 venerint;
1531 4349 1585 4395 et
1609 4342 1729 4411 quia
1764 4341 1979 4397 difﬁcile

398 4438 510 4482 erat
551 4428 670 4481 inde
698 4428 942 4491 liberari,
973 4429 1071 4482 nisi
1114 4428 1324 4484 adesset
1351 4446 1539 4486 manus
1578 4432 1852 4487 liberantis
1880 4473 1895 4497 ,
1926 4433 1977 4487 iu

398 4519 592 4588 gaudio
629 4522 914 4583 dixerunt,
949 4519 1065 4572 Nisi
1107 4520 1226 4590 quia
1266 4518 1520 4576 Dominus
1570 4532 1675 4575 erat
1714 4523 1767 4577 in
1815 4524 1977 4579 nobis.

402 4609 489 4662 Sic
522 4618 801 4678 cmperunt
826 4618 1041 4664 cantare
1075 4628 1086 4662 :
1118 4609 1352 4664 nondum
1379 4610 1629 4666 dixerunt
1675 4613 1816 4668 unde
1860 4629 1983 4669 eva-

405 4700 590 4762 serint;
626 4709 767 4753 tanta
792 4700 1074 4755 exsultatio
1097 4707 1182 4755 est
1208 4716 1220 4752 :
1250 4697 1367 4754 Nisi
1386 4701 1504 4771 quia
1526 4699 1777 4757 Dominus
1798 4714 1906 4757 erat
1932 4704 1985 4759 in

406 4791 565 4844 uobis.

480 4887 529 4939 οι.
556 4883 706 4937 Dicat
745 4900 879 4937 nunc
924 4883 1093 4938 Israel
1122 4900 1141 4938 :
1171 4882 1289 4938 Nisi
1331 4884 1449 4954 quia
1499 4883 1749 4939 Dominus
1798 4895 1905 4940 erat
1932 4886 1986 4940 in

408 4978 567 5030 nobis.
610 4976 758 5031 Nunc
786 4976 926 5031 dicat
949 5018 963 5041 ,
995 4976 1115 5047 quia
1140 4975 1249 5046 jam
1276 4976 1464 5031 evasit.
1495 4976 1795 5032 Evadentes
1820 4977 1984 5045 enim,

411 5069 459 5123 id
489 5077 575 5123 est
594 5110 608 5133 ,
638 5084 731 5123 eos
756 5108 771 5133 ,
796 5068 887 5138 qui
912 5068 1021 5138 jam
1046 5075 1370 5134 evaserunt,
1401 5067 1678 5122 constituit
1706 5068 1990 5124 intuendos

413 5164 648 5233 psalmus
678 5162 795 5217 iste.
823 5162 1218 5216 Constituamus
1247 5161 1365 5215 illos
1405 5170 1458 5215 et
1483 5175 1580 5215 nos
1609 5161 1661 5215 in
1696 5160 1857 5216 corde
1878 5161 1990 5232 jam

415 5255 842 5324 triumphantes;
875 5265 927 5310 et
955 5263 1206 5324 tanquam
1235 5251 1304 5308 ibi
1332 5261 1385 5307 et
1412 5266 1509 5306 nos
1536 5250 1703 5305 simus
1727 5292 1742 5317 ,
1774 5250 1913 5307 sicut
1936 5251 1991 5307 in

414 5347 691 5417 superiore
718 5345 921 5416 psalmo
948 5344 1144 5401 dictum
1171 5352 1254 5399 est
1278 5384 1294 5409 ,
1325 5341 1530 5397 Stantes
1559 5351 1701 5396 erant
1727 5341 1875 5411 pedes
1900 5360 1993 5398 no-

414 5440 509 5493 stri
546 5439 600 5493 in
633 5438 775 5492 atriis
815 5435 1099 5492 Jerusalem
1128 5435 1147 5508 (
1173 5434 1313 5489 Psal.
1342 5449 1464 5490 CXXI
1484 5476 1499 5502 ,
1526 5434 1561 5488 2
1582 5436 1620 5505 ).
1650 5434 1891 5490 Nondum
1923 5436 1992 5491 iloi

414 5538 570 5586 erant
597 5572 613 5597 ,
644 5530 736 5585 sed
791 5530 844 5584 in
888 5530 968 5584 via
1011 5536 1164 5583 erant
1195 5545 1207 5582 :
1244 5536 1385 5581 tanta
1429 5535 1606 5581 autem
1651 5526 1830 5581 laetitia
1880 5537 1996 5583 erat

483 5667 500 5697 ι
525 5673 653 5725 Lov.,
671 5665 831 5717 crede.
857 5664 1028 5714 caueri
1055 5670 1217 5725 autem
1238 5660 1368 5719 libri.
1394 5659 1569 5711 credis.

480 5730 594 5794 fer.
791 5735 907 5778 ven.
929 5724 1291 5794 Lov.,_psattnos
1312 5736 1476 5794 quoszo
1543 5729 1612 5794 M._
1694 5783 1722 5794 __
1753 5783 1763 5793 .

481 5790 504 5822 ³
524 5792 597 5854 sic
618 5784 842 5854 plerique
860 5795 965 5837 Mss.
994 5784 1051 5836 st
1064 5784 1195 5835 add:
1223 5791 1277 5835 Et
1302 5784 1353 5835 ut
1368 5784 1500 5835 nobis
1515 5790 1647 5835 certa
1664 5784 1723 5836 sit
1745 5784 1853 5847 ipsa
1865 5796 1992 5848 spes,

415 5852 703 5906 αραιΜο
724 5852 983 5901 cantemus.

660 5935 886 5998 Ssncr.
939 5934 1215 5991 Aucusr.
1260 5931 1363 5990 ιγ.

1396 376 1795 436 ENARRATIO
1832 376 1901 434 IN
1938 374 2262 436 PSALBHJM
2299 377 2534 440 CXXIII.

3487 401 3632 459 {6&2

2057 493 2419 551 festinantium
2440 538 2456 563 ,
2482 506 2536 553 et
2562 506 2704 555 tanta
2734 505 3076 572 perveniendi
3112 523 3237 580 spes
3256 551 3271 576 ,
3298 520 3357 568 ut
3384 514 3556 572 adhuc
3582 519 3637 574 in

2052 585 2134 640 via
2161 589 2318 656 positi
2343 599 2398 645 et
2422 590 2759 661 laborantes,
2787 596 2897 664 jam
2926 600 3025 654 sibi
3057 602 3163 657 illic
3184 605 3455 662 constituti
3486 610 3638 667 vide»

2053 690 2256 734 rentur.
2282 682 2372 737 Sic
2394 692 2449 738 et
2475 699 2617 741 nunc
2640 702 2901 759 ponamus
2927 705 3023 746 nos
3048 692 3100 747 in
3131 693 3225 749 illo
3254 698 3522 769 triumpho
3546 704 3643 772 qui

2053 770 2156 825 erit
2180 772 2230 825 iu
2263 771 2436 828 futuro
2464 777 2680 844 sacculo,
2714 780 2926 849 quando
2953 783 3323 842 insultabimus
3351 792 3507 845 morti
3528 770 3643 861 jam

2055 860 2237 928 ﬁnita),
2252 863 2360 933 jam
2380 878 2728 937 consumptas;
2746 872 2956 940 quando
2974 873 3232 944 dicemus,
3252 876 3351 933 Ubi
3365 889 3455 946 est,
3481 860 3639 949 mors,

2054 957 2303 1011 contentio
2328 960 2456 1013 tua?
2481 960 2567 1013 ubi
2611 971 2684 1016 est
2701 1003 2716 1028 ,
2742 980 2877 1019 mors
2894 1006 2911 1031 ,
2940 967 3145 1023 aculeus
3170 979 3285 1026 tuus
3313 970 3355 1042 (Ι
3380 970 3498 1028 Cor.
3526 991 3597 1029 xv
3622 1019 3638 1040 ,

2055 1046 2146 1116 55)
2166 1045 2191 1098 ?
2213 1046 2324 1116 jam
2348 1049 2616 1120 conjuncti
2646 1052 2886 1124 Angelis,
2913 1066 2967 1111 et
2993 1060 3317 1117 exsultantes
3340 1078 3461 1119 cum
3491 1064 3642 1136 Rege

2056 1146 2274 1206 nostro,
2302 1139 2394 1209 qui
2424 1142 2626 1211 primus
2670 1160 2951 1217 resurgere
2986 1149 3181 1215 voluit,
3210 1154 3450 1221 quamvis
3495 1158 3644 1224 prior

2056 1231 2191 1285 mori
2218 1231 2466 1288 noluerit.
2492 1232 2639 1289 Multi
2661 1237 2804 1291 enim
2833 1246 2957 1293 ante
2986 1238 3136 1294 illum
3162 1243 3355 1296 mortui
3381 1256 3524 1310 sunt,
3546 1249 3644 1302 sed

2058 1336 2216 1378 nemo
2240 1332 2364 1378 ante
2393 1324 2542 1379 illum
2582 1329 2873 1383 resurrexit
2900 1330 2954 1385 in
2994 1340 3274 1387 aeternum.
3306 1334 3649 1393 Exsultantes

2056 1421 2232 1467 autem
2261 1429 2383 1469 eum
2428 1415 2559 1484 illo,
2588 1418 2747 1472 etiam
2774 1419 2847 1475 ibi
2891 1435 2986 1490 spe
3026 1432 3081 1476 et
3125 1424 3289 1479 corde
3330 1416 3673 1497 constituti,

2056 1502 2178 1573 quia
2207 1505 2511 1574 evasimus,
2541 1508 2832 1578 cogitemus
2857 1511 2984 1580 quid
3013 1515 3280 1571 evasimus
3302 1558 3317 1582 ,
3348 1533 3467 1587 qua:
3491 1535 3651 1575 scan-
3681 1573 3692 1591 ,

2058 1592 2177 1648 dala
2206 1635 2223 1661 ,
2253 1609 2387 1665 quas
2418 1596 2783 1656 tribulationes
2828 1601 3046 1668 mundi,
3079 1619 3213 1673 quas
3242 1609 3645 1675 persecutiones
3684 1650 3689 1653 -
3733 1621 3737 1625 ·

2059 1686 2300 1740 omnium
2342 1686 2675 1757 Paganorum
2697 1730 2712 1755 ,
2740 1705 2876 1759 quos
2902 1691 3056 1748 dolos
3099 1694 3334 1750 omnium
3365 1696 3649 1755 hazretieo-
3736 1678 3740 1701 ὲ

2060 1791 2177 1829 rum
2204 1815 2221 1840 ,
2250 1791 2382 1846 quas
2433 1780 2799 1850 suggestiones
2849 1782 3088 1848 diaboli,
3122 1799 3256 1854 quas
3302 1786 3651 1857 cupiditatum

2060 1866 2498 1925 conﬂictationes.
2528 1869 2715 1925 Omnia
2762 1872 2863 1927 ista
2914 1874 3033 1943 quis
3080 1876 3363 1942 evaderet,
3401 1880 3498 1933 nisi
3534 1882 3653 1945 quia

2061 1956 2309 2013 Dominus
2350 1969 2458 2014 erat
2494 1962 2549 2015 in
2591 1962 2774 2016 nobis?
2818 1963 2967 2018 Dicat
3014 1982 3144 2020 nunc
3189 1965 3391 2033 Israel;
3431 1986 3653 2027 securus

2062 2048 2204 2102 enim
2252 2048 2381 2103 dicit
2419 2049 2584 2105 Israel
2607 2091 2623 2116 ,
2657 2050 2778 2106 Nisi
2822 2056 2942 2121 quia
2988 2055 3238 2111 Dominus
3260 2067 3368 2113 erat
3397 2061 3451 2115 in
3490 2062 3651 2116 nobis.

2063 2135 2324 2203 Quando?
2353 2137 2479 2192 Cant
2504 2140 2814 2210 insurgerent
2830 2142 3055 2199 homines
3075 2163 3229 2215 super
3242 2165 3354 2203 nos.
3378 2150 3497 2205 Noli
3524 2167 3654 2222 ergo

2066 2229 2248 2284 mirari
2278 2231 2440 2285 :victi
2483 2240 2646 2296 sunt;
2692 2234 2935 2289 homines
2977 2236 3120 2292 enim
3168 2250 3322 2294 erant
3354 2259 3366 2293 :
3399 2241 3653 2297 Dominus

2064 2328 2242 2375 autem
2294 2329 2411 2375 erat
2451 2321 2502 2375 in
2554 2323 2742 2389 nobis,
2772 2340 2875 2379 non
2909 2326 3068 2381 homo
3094 2337 3207 2384 erat
3244 2329 3297 2384 in
3328 2331 3520 2398 nobis;
3554 2332 3643 2386 ho-

2066 2408 2237 2463 mines
2260 2418 2437 2465 autem
2466 2411 2866 2468 insurrexerunt
2885 2430 3045 2484 super
3072 2433 3189 2472 nos.
3223 2418 3328 2474 Sed
3356 2428 3532 2476 tamen
3559 2437 3650 2492 op»

2068 2502 2359 2571 primereut
2388 2503 2629 2560 homines
2648 2506 2780 2561 alios
2809 2506 3069 2575 homines,
3105 2512 3203 2565 nisi
3235 2512 3285 2567 in
3315 2512 3398 2568 his
3424 2513 3655 2570 homini-

2067 2595 2164 2650 bus
2189 2598 2277 2667 qui
2307 2612 2413 2652 non
2440 2608 2724 2669 potuerunt
2746 2603 2995 2672 opprimi,
3025 2619 3130 2660 non
3161 2606 3319 2662 homo
3348 2618 3527 2678 esset,
3559 2612 3654 2669 sed

2069 2686 2342 2743 Dominus.

2139 2779 2193 2834 5.
2220 2779 2363 2850 Ergo
2382 2820 2396 2843 ,
2430 2780 2549 2835 Nisi
2588 2783 2707 2853 quia
2735 2780 2984 2840 Dominus
3024 2795 3131 2841 erat
3158 2788 3212 2841 in
3237 2789 3377 2843 nobis
3396 2830 3412 2854 ,
3441 2807 3555 2844 cum
3578 2791 3657 2845 ina

2067 2879 2327 2939 surgerent
2347 2870 2572 2926 homines
2594 2890 2745 2943 super
2770 2892 2878 2930 nos.
2909 2877 3045 2943 Quid
3071 2878 3213 2934 enim
3242 2879 3480 2936 facerent
3508 2883 3656 2938 vobis

2070 2960 2314 3017 homines
2332 3001 2349 3028 ,
2380 2963 2767 3019 exsultantibus
2808 2974 2863 3021 et
2889 2969 3249 3034 cantantibus,
3278 2982 3331 3026 et
3360 2988 3545 3029 secure
3577 2983 3660 3032 te-

2070 3051 2318 3106 nentibus
2340 3052 2356 3083 ⁸
2378 3052 2754 3109 beatitudinem
2770 3055 3182 3126 sempiternam?
3198 3061 3323 3130 quid
3348 3063 3497 3118 vobis
3519 3064 3660 3121 face-

2071 3155 2190 3201 rent
2217 3144 2458 3203 homines
2485 3149 2820 3216 insurgentes
2848 3152 2899 3205 in
2934 3167 3027 3207 vos
3050 3195 3064 3219 ,
3098 3154 3197 3209 nisi
3230 3154 3486 3213 Dominus
3514 3168 3659 3216 esset

2070 3237 2125 3292 in
2155 3238 2304 3294 vobis
2331 3238 2355 3291 ’ί
2384 3239 2509 3309 quid
2538 3239 2811 3295 facerent?
2836 3239 3077 3297 Forsitan
3115 3244 3246 3299 vivos
3293 3248 3661 3304 absorbuisscnt

2072 3345 2183 3383 nos.
2221 3327 2369 3384 Vives
2392 3329 2783 3398 absorbuissent;
2809 3347 2913 3387 non
2947 3334 3093 3403 prius
3118 3336 3437 3392 occidissent
3460 3382 3475 3406 ,
3503 3350 3556 3394 et
3582 3340 3663 3396 sic

2072 3419 2490 3475 absorbuissent.
2514 3421 2557 3476 Ο
2573 3422 2859 3478 immanes!
2883 3438 2917 3479 ο
2937 3425 3215 3481 crudeles!
3244 3428 3357 3483 Non
3378 3430 3456 3486 sic
3478 3430 3663 3486 absor-

2075 3510 2163 3565 bet
2189 3510 2423 3566 Ecclesia
2457 3530 2469 3566 :
2504 3511 2661 3567 Petro
2685 3556 2700 3578 ,
2726 3513 2898 3567 Macta
2924 3524 2971 3569 et
3000 3517 3253 3572 manduca
3283 3520 3417 3587 (Act.
3449 3536 3478 3575 χ
3498 3562 3512 3586 ,
3544 3522 3660 3593 15).

2074 3601 2269 3657 dictum
2288 3612 2388 3667 est;
2408 3618 2537 3671 nou,
2559 3602 2719 3659 Vivos
2739 3605 2982 3661 absorbe.
3001 3606 3279 3675 Quomodo
3300 3625 3429 3681 ergo
3449 3611 3663 3679 Petrus,

2076 3693 2129 3748 id
2152 3702 2235 3750 est
2260 3694 2520 3762 Ecclesia,
2551 3704 2767 3763 mactat,
2794 3705 2848 3751 et
2866 3696 2943 3752 sic
2969 3698 3288 3754 mandueat?
3318 3712 3371 3754 et
3396 3703 3666 3771 quomodo

2078 3785 2160 3839 isti
2190 3786 2281 3854 qui
2313 3794 2731 3840 exsurrexerunt
2754 3802 2915 3855 super
2943 3802 3070 3853 nos,
3100 3789 3311 3859 forsitan
3338 3792 3471 3843 vivos
3491 3792 3667 3846 absor-

2078 3877 2295 3930 buissent
2317 3893 2406 3931 nos
2429 3916 2445 3942 ,
2472 3877 2569 3930 nisi
2592 3878 2710 3945 quia
2735 3875 2985 3930 Dominus
3010 3886 3116 3931 erat
3148 3879 3202 3931 in
3231 3880 3370 3933 nobis
3391 3880 3417 3931 εν
3447 3881 3576 3947 Quia
3608 3882 3666 3938 in

2078 3967 2329 4023 Ecclesiae
2353 3982 2545 4035 corpus
2568 3980 2723 4021 nemo
2748 3965 2926 4029 intrat,
2950 3967 3048 4019 nisi
3081 3968 3224 4035 prius
3246 3970 3474 4023 occisus.
3505 3970 3667 4025 Mori-

2080 4068 2165 4112 tur
2187 4058 2327 4128 quod
2353 4058 2471 4122 fuit,
2503 4067 2559 4112 ut
2583 4058 2651 4111 sit
2672 4058 2812 4125 quod
2841 4073 2945 4113 non
2972 4057 3088 4112 fuit.
3118 4059 3363 4130 Alioquin
3389 4102 3405 4127 ,
3436 4063 3525 4133 qui
3555 4080 3666 4120 non

2079 4148 2335 4202 occiditur
2360 4157 2414 4202 et
2440 4162 2544 4202 non
2571 4146 2922 4202 manducatur
2949 4147 3017 4201 ab
3041 4147 3272 4204 Ecclesia
3293 4191 3309 4217 ,
3333 4165 3453 4207 esse
3481 4153 3534 4207 in
3561 4169 3666 4208 nu-

2081 4255 2229 4295 mero
2270 4239 2450 4308 populi
2500 4245 2709 4306 potest,
2737 4238 2826 4307 qui
2855 4236 3063 4292 videtur
3101 4239 3270 4294 oculis
3300 4240 3580 4309 humanis;
3612 4244 3667 4300 in

2082 4346 2303 4385 numero
2344 4340 2517 4384 autem
2562 4329 2740 4399 populi
2784 4329 2870 4399 qui
2900 4330 3143 4401 cognitus
3164 4332 3275 4388 Deo
3319 4343 3438 4401 est,
3467 4336 3533 4391 de
3560 4352 3670 4408 quo

2083 4420 2210 4475 dicit
2238 4420 2521 4489 Apostolus
2545 4461 2560 4486 ,
2596 4418 2748 4473 Novit
2773 4418 3021 4475 Dominus
3048 4422 3133 4491 qui
3157 4433 3274 4477 sunt
3302 4425 3411 4493 ejus
3437 4425 3502 4498 (ll
3534 4426 3668 4484 Tim.

2085 4528 2143 4576 ιι,
2168 4511 2281 4583 l9);
2313 4525 2417 4566 non
2446 4518 2621 4581 potest
2647 4524 2768 4566 esse
2792 4510 2894 4566 nisi
2918 4512 3285 4580 manducatus,
3319 4531 3417 4571 nec
3446 4518 3671 4573 manduo

2085 4603 2193 4657 cari
2223 4600 2436 4672 poterit,
2468 4600 2566 4654 nisi
2599 4601 2769 4669 primo
2793 4609 3072 4656 mactatus.
3104 4600 3261 4657 Venit
3284 4618 3535 4674 paganus,
3570 4609 3668 4661 ad-

2088 4692 2192 4747 lme
2230 4692 2281 4746 in
2313 4691 2402 4746 illo
2432 4690 2732 4746 idololatria
2760 4691 2924 4756 vivit;
2953 4690 3265 4747 inserendus
3301 4703 3382 4748 est
3411 4695 3671 4751 membris

2087 4786 2283 4841 Christi
2319 4803 2330 4838 :
2364 4793 2421 4839 ut
2450 4784 2715 4839 inseratur
2736 4825 2752 4849 ,
2786 4798 3005 4839 necesse
3046 4791 3131 4838 est
3155 4784 3542 4851 manducetur;
3573 4788 3673 4842 sed

2089 4893 2194 4933 non
2221 4886 2395 4947 potest
2419 4876 2726 4931 mauducari
2752 4876 2820 4932 ab
2845 4874 3101 4940 Ecclesia,
3132 4875 3231 4929 nisi
3265 4877 3438 4944 primo
3467 4889 3671 4933 macta-

2092 4980 2197 5025 tus.
2215 4969 2503 5025 Renuntiet
2520 4969 2733 5035 srcculo,
2758 4976 2884 5022 tunc
2899 4975 3175 5033 mactatur;
3192 4968 3376 5023 credat
3402 4969 3452 5023 in
3482 4970 3670 5035 Deum,

2093 5071 2218 5118 tunc
2247 5060 2613 5117 manducatur.
2643 5056 2920 5126 Quomodo
2947 5070 3075 5126 ergo
3110 5056 3188 5111 illi
3224 5059 3359 5113 vivos
3402 5060 3677 5116 absorbuis.

2093 5165 2199 5211 sent
2224 5173 2337 5222 nos,
2367 5156 2463 5210 nisi
2485 5154 2603 5225 quia
2628 5149 2873 5204 Dominus
2900 5156 3005 5202 erat
3031 5148 3086 5202 in
3109 5148 3252 5202 nobis
3268 5150 3294 5202 ?
3319 5149 3678 5207 Surrexerunt

2095 5248 2237 5304 enim
2265 5248 2418 5304 multi
2447 5251 2818 5317 persecutores
2838 5239 3124 5311 aliquando
3144 5282 3160 5306 ,
3193 5250 3249 5297 et
3275 5260 3418 5300 nunc
3447 5261 3550 5301 non
3580 5246 3678 5303 de-

2095 5348 2238 5396 sunt.
2266 5336 2580 5408 Siugillatim
2613 5333 2909 5402 insurgunt,
2936 5341 2992 5386 et
3017 5332 3300 5404 aliquando
3321 5336 3469 5393 vivos
3494 5339 3679 5395 absor-

2096 5430 2241 5495 bent,
2261 5428 2354 5484 sed
2382 5429 2433 5482 in
2451 5426 2641 5497 quibus
2660 5437 2764 5478 non
2791 5430 2873 5477 est
2895 5421 3171 5479 Dominus.
3204 5425 3327 5482 Ideo
3350 5440 3471 5483 ante
3500 5432 3679 5485 omnia

2098 5521 2172 5575 illi
2218 5520 2503 5583 dixerunt,
2534 5514 2650 5569 Nisi
2692 5514 2811 5584 quia
2851 5511 3099 5571 Dominus
3125 5526 3232 5571 erat
3259 5519 3313 5572 in
3356 5520 3533 5584 nobis;
3557 5520 3681 5589 quia

2098 5610 2250 5667 multi
2296 5608 2686 5671 absorbentur,
2720 5605 2774 5659 in
2817 5604 3009 5676 quibus
3038 5622 3143 5661 non
3187 5617 3270 5663 est
3312 5609 3587 5663 Dominus.
3616 5610 3681 5667 Hi

2099 5713 2222 5763 sunt
2246 5703 2333 5775 qui
2364 5702 2466 5757 vivi
2497 5698 2870 5765 absorbentur,
2897 5699 2989 5770 qui
3019 5701 3194 5755 sciunt
3220 5702 3416 5756 malum
3445 5716 3565 5758 esse
3585 5745 3600 5771 ,
3626 5715 3683 5761 et

2168 5843 2182 5872 ι
2212 5839 2435 5902 Plerique
2453 5846 2538 5887 Mss
2563 5851 2574 5887 :
2604 5834 2880 5894 Exsultatis,
2902 5840 2949 5885 et
2970 5835 3188 5897 cantatis,
3206 5842 3254 5886 et
3274 5836 3435 5888 securi
3456 5839 3642 5891 tenetis.

2830 5915 3484 5998 {Cirtquante-deux.)
