  <div class='ocr_page' id='page_1' title='image "/cluster/home/n/w/nwhite01/storage/ocr_20150623/37/uva.x000827106/319.png"; bbox 0 0 4160 6440; ppageno 0'>
   <div class='ocr_carea' id='block_1_1' title="bbox 449 405 591 467">
    <p class='ocr_par' dir='ltr' id='par_1_1' title="bbox 449 405 591 467">
     <span class='ocr_line' id='line_1_1' title="bbox 449 405 591 467; baseline -0.042 0"><span class='ocrx_word' id='word_1_1' title='bbox 449 405 591 467; x_wconf 69' lang='grc'><strong>1645</strong></span> 
     </span>
    </p>
   </div>
   <div class='ocr_carea' id='block_1_2' title="bbox 449 488 2030 593">
    <p class='ocr_par' dir='ltr' id='par_1_2' title="bbox 449 488 2030 593">
     <span class='ocr_line' id='line_1_2' title="bbox 449 488 2030 593; baseline -0.028 -13"><span class='ocrx_word' id='word_1_2' title='bbox 449 524 628 593; x_wconf 79' lang='lat' dir='ltr'><strong>lingua</strong></span> <span class='ocrx_word' id='word_1_3' title='bbox 659 511 1015 573; x_wconf 87' lang='lat' dir='ltr'><strong>consentiunt.</strong></span> <span class='ocrx_word' id='word_1_4' title='bbox 1042 501 1397 560; x_wconf 86' lang='lat' dir='ltr'><strong>Surrexerunt</strong></span> <span class='ocrx_word' id='word_1_5' title='bbox 1421 492 1562 550; x_wconf 91' lang='lat' dir='ltr'><strong>enim</strong></span> <span class='ocrx_word' id='word_1_6' title='bbox 1595 488 1807 572; x_wconf 82' lang='lat' dir='ltr'><strong>quidam</strong></span> <span class='ocrx_word' id='word_1_7' title='bbox 1844 498 2030 556; x_wconf 86' lang='lat' dir='ltr'><strong>perse-</strong></span> 
     </span>
    </p>
   </div>
   <div class='ocr_carea' id='block_1_3' title="bbox 450 577 2031 675">
    <p class='ocr_par' dir='ltr' id='par_1_3' title="bbox 450 577 2031 675">
     <span class='ocr_line' id='line_1_3' title="bbox 450 577 2031 675; baseline -0.026 -5"><span class='ocrx_word' id='word_1_8' title='bbox 450 626 698 675; x_wconf 88' lang='lat' dir='ltr'><strong>cutores,</strong></span> <span class='ocrx_word' id='word_1_9' title='bbox 730 619 783 661; x_wconf 91' lang='lat' dir='ltr'><strong>et</strong></span> <span class='ocrx_word' id='word_1_10' title='bbox 810 604 1057 658; x_wconf 77' lang='lat' dir='ltr'><strong>dixerunt</strong></span> <span class='ocrx_word' id='word_1_11' title='bbox 1082 589 1383 647; x_wconf 87' lang='lat' dir='ltr'><strong>hominibus</strong></span> <span class='ocrx_word' id='word_1_12' title='bbox 1411 605 1425 642; x_wconf 89' lang='lat'><strong>:</strong></span> <span class='ocrx_word' id='word_1_13' title='bbox 1456 581 1819 645; x_wconf 84' lang='lat' dir='ltr'><strong>Thurilicate;</strong></span> <span class='ocrx_word' id='word_1_14' title='bbox 1851 577 1896 632; x_wconf 93' lang='lat' dir='ltr'><strong>si</strong></span> <span class='ocrx_word' id='word_1_15' title='bbox 1926 590 2031 630; x_wconf 92' lang='lat' dir='ltr'><strong>non</strong></span> 
     </span>
    </p>
   </div>
   <div class='ocr_carea' id='block_1_4' title="bbox 450 670 2028 767">
    <p class='ocr_par' dir='ltr' id='par_1_4' title="bbox 450 670 2028 767">
     <span class='ocr_line' id='line_1_4' title="bbox 450 670 2028 767; baseline -0.027 -3"><span class='ocrx_word' id='word_1_16' title='bbox 450 705 685 763; x_wconf 74' lang='lat' dir='ltr'><strong>feceritis</strong></span> <span class='ocrx_word' id='word_1_17' title='bbox 708 743 723 767; x_wconf 94' lang='lat'><strong>,</strong></span> <span class='ocrx_word' id='word_1_18' title='bbox 756 694 1045 753; x_wconf 83' lang='lat' dir='ltr'><strong>occidimus</strong></span> <span class='ocrx_word' id='word_1_19' title='bbox 1071 702 1187 741; x_wconf 83' lang='lat' dir='ltr'><strong>vos.</strong></span> <span class='ocrx_word' id='word_1_20' title='bbox 1216 683 1295 738; x_wconf 84' lang='lat' dir='ltr'><strong>illi</strong></span> <span class='ocrx_word' id='word_1_21' title='bbox 1320 686 1630 736; x_wconf 88' lang='lat' dir='ltr'><strong>amaverunt</strong></span> <span class='ocrx_word' id='word_1_22' title='bbox 1660 674 1797 729; x_wconf 89' lang='lat' dir='ltr'><strong>hanc</strong></span> <span class='ocrx_word' id='word_1_23' title='bbox 1831 670 1991 725; x_wconf 90' lang='lat' dir='ltr'><strong>vitam</strong></span> <span class='ocrx_word' id='word_1_24' title='bbox 2012 709 2028 736; x_wconf 96' lang='lat'><strong>,</strong></span> 
     </span>
    </p>
   </div>
   <div class='ocr_carea' id='block_1_5' title="bbox 451 763 2034 856">
    <p class='ocr_par' dir='ltr' id='par_1_5' title="bbox 451 763 2034 856">
     <span class='ocr_line' id='line_1_5' title="bbox 451 763 2034 856; baseline -0.027 -1"><span class='ocrx_word' id='word_1_25' title='bbox 451 807 506 856; x_wconf 87' lang='lat' dir='ltr'><strong>et</strong></span> <span class='ocrx_word' id='word_1_26' title='bbox 532 763 755 852; x_wconf 86' lang='lat' dir='ltr'><strong>dulcedo</strong></span> <span class='ocrx_word' id='word_1_27' title='bbox 784 787 905 841; x_wconf 76' lang='lat' dir='ltr'><strong>vitae</strong></span> <span class='ocrx_word' id='word_1_28' title='bbox 930 781 1089 852; x_wconf 86' lang='lat' dir='ltr'><strong>hujus</strong></span> <span class='ocrx_word' id='word_1_29' title='bbox 1109 777 1277 833; x_wconf 88' lang='lat' dir='ltr'><strong>tenuit</strong></span> <span class='ocrx_word' id='word_1_30' title='bbox 1304 787 1417 853; x_wconf 72' lang='lat' dir='ltr'><strong>eos.</strong></span> <span class='ocrx_word' id='word_1_31' title='bbox 1444 769 1559 827; x_wconf 79' lang='lat' dir='ltr'><strong>Non</strong></span> <span class='ocrx_word' id='word_1_32' title='bbox 1590 767 1710 839; x_wconf 86' lang='lat' dir='ltr'><strong>plus</strong></span> <span class='ocrx_word' id='word_1_33' title='bbox 1733 763 2034 819; x_wconf 84' lang='lat' dir='ltr'><strong>dilexerunt</strong></span> 
     </span>
    </p>
   </div>
   <div class='ocr_carea' id='block_1_6' title="bbox 449 856 2029 959">
    <p class='ocr_par' dir='ltr' id='par_1_6' title="bbox 449 856 2029 959">
     <span class='ocr_line' id='line_1_6' title="bbox 449 856 2029 959; baseline -0.027 -12"><span class='ocrx_word' id='word_1_34' title='bbox 449 907 513 947; x_wconf 85' lang='lat' dir='ltr'><strong>ea</strong></span> <span class='ocrx_word' id='word_1_35' title='bbox 538 902 653 959; x_wconf 67' lang='lat' dir='ltr'><strong>qua:</strong></span> <span class='ocrx_word' id='word_1_36' title='bbox 682 879 926 954; x_wconf 77' lang='lat' dir='ltr'><strong>promisit</strong></span> <span class='ocrx_word' id='word_1_37' title='bbox 950 877 1107 937; x_wconf 88' lang='lat' dir='ltr'><strong>Deus,</strong></span> <span class='ocrx_word' id='word_1_38' title='bbox 1129 885 1286 941; x_wconf 85' lang='lat' dir='ltr'><strong>quam</strong></span> <span class='ocrx_word' id='word_1_39' title='bbox 1308 881 1369 923; x_wconf 88' lang='lat' dir='ltr'><strong>ea</strong></span> <span class='ocrx_word' id='word_1_40' title='bbox 1391 878 1507 935; x_wconf 69' lang='lat' dir='ltr'><strong>qua:</strong></span> <span class='ocrx_word' id='word_1_41' title='bbox 1530 860 1776 935; x_wconf 80' lang='lat' dir='ltr'><strong>videbant</strong></span> <span class='ocrx_word' id='word_1_42' title='bbox 1796 856 1849 909; x_wconf 91' lang='lat' dir='ltr'><strong>in</strong></span> <span class='ocrx_word' id='word_1_43' title='bbox 1870 863 2029 908; x_wconf 89' lang='lat' dir='ltr'><strong>terra.</strong></span> 
     </span>
    </p>
   </div>
   <div class='ocr_carea' id='block_1_7' title="bbox 448 945 2028 1039">
    <p class='ocr_par' dir='ltr' id='par_1_7' title="bbox 448 945 2028 1039">
     <span class='ocr_line' id='line_1_7' title="bbox 448 945 2028 1039; baseline -0.025 -3"><span class='ocrx_word' id='word_1_44' title='bbox 448 981 540 1038; x_wconf 90' lang='lat' dir='ltr'><strong>llla</strong></span> <span class='ocrx_word' id='word_1_45' title='bbox 556 945 705 1032; x_wconf 69' lang='lat' dir='ltr'><strong>enim</strong></span> <span class='ocrx_word' id='word_1_46' title='bbox 731 970 948 1029; x_wconf 59' lang='lat' dir='ltr'><strong>credere</strong></span> <span class='ocrx_word' id='word_1_47' title='bbox 965 964 1283 1039; x_wconf 80' lang='lat' dir='ltr'><strong>jubebantur</strong></span> <span class='ocrx_word' id='word_1_48' title='bbox 1302 960 1344 1025; x_wconf 77' lang='grc' dir='ltr'><strong>ί,</strong></span> <span class='ocrx_word' id='word_1_49' title='bbox 1366 971 1485 1028; x_wconf 72' lang='lat' dir='ltr'><strong>quze</strong></span> <span class='ocrx_word' id='word_1_50' title='bbox 1504 949 1739 1009; x_wconf 91' lang='lat' dir='ltr'><strong>nondum</strong></span> <span class='ocrx_word' id='word_1_51' title='bbox 1761 945 2028 1017; x_wconf 88' lang='lat' dir='ltr'><strong>videbant,</strong></span> 
     </span>
    </p>
   </div>
   <div class='ocr_carea' id='block_1_8' title="bbox 448 1043 2033 1138">
    <p class='ocr_par' dir='ltr' id='par_1_8' title="bbox 448 1043 2033 1138">
     <span class='ocr_line' id='line_1_8' title="bbox 448 1043 2033 1138; baseline -0.025 -11"><span class='ocrx_word' id='word_1_52' title='bbox 448 1072 549 1126; x_wconf 86' lang='lat' dir='ltr'><strong>ista</strong></span> <span class='ocrx_word' id='word_1_53' title='bbox 592 1081 711 1138; x_wconf 66' lang='lat' dir='ltr'><strong>quas</strong></span> <span class='ocrx_word' id='word_1_54' title='bbox 752 1044 999 1119; x_wconf 84' lang='lat' dir='ltr'><strong>amabant</strong></span> <span class='ocrx_word' id='word_1_55' title='bbox 1042 1053 1309 1109; x_wconf 79' lang='lat' dir='ltr'><strong>videbant.</strong></span> <span class='ocrx_word' id='word_1_56' title='bbox 1338 1047 1466 1104; x_wconf 88' lang='lat' dir='ltr'><strong>Plus</strong></span> <span class='ocrx_word' id='word_1_57' title='bbox 1493 1043 1783 1100; x_wconf 84' lang='lat' dir='ltr'><strong>retinentes</strong></span> <span class='ocrx_word' id='word_1_58' title='bbox 1809 1052 1871 1093; x_wconf 87' lang='lat' dir='ltr'><strong>ea</strong></span> <span class='ocrx_word' id='word_1_59' title='bbox 1914 1049 2033 1106; x_wconf 76' lang='lat' dir='ltr'><strong>quae</strong></span> 
     </span>
    </p>
   </div>
   <div class='ocr_carea' id='block_1_9' title="bbox 448 1127 2034 1222">
    <p class='ocr_par' dir='ltr' id='par_1_9' title="bbox 448 1127 2034 1222">
     <span class='ocr_line' id='line_1_9' title="bbox 448 1127 2034 1222; baseline -0.023 -4"><span class='ocrx_word' id='word_1_60' title='bbox 448 1127 731 1222; x_wconf 73' lang='lat' dir='ltr'><strong>videbant,</strong></span> <span class='ocrx_word' id='word_1_61' title='bbox 763 1152 1103 1211; x_wconf 78' lang='lat' dir='ltr'><strong>excluserunt</strong></span> <span class='ocrx_word' id='word_1_62' title='bbox 1125 1144 1191 1199; x_wconf 90' lang='lat' dir='ltr'><strong>de</strong></span> <span class='ocrx_word' id='word_1_63' title='bbox 1214 1139 1462 1198; x_wconf 86' lang='lat' dir='ltr'><strong>cordibus</strong></span> <span class='ocrx_word' id='word_1_64' title='bbox 1494 1134 1806 1197; x_wconf 92' lang='lat' dir='ltr'><strong>Dominum;</strong></span> <span class='ocrx_word' id='word_1_65' title='bbox 1832 1136 1887 1185; x_wconf 87' lang='lat' dir='ltr'><strong>et</strong></span> <span class='ocrx_word' id='word_1_66' title='bbox 1912 1127 2034 1198; x_wconf 88' lang='lat' dir='ltr'><strong>quia</strong></span> 
     </span>
    </p>
   </div>
   <div class='ocr_carea' id='block_1_10' title="bbox 450 1221 2032 1310">
    <p class='ocr_par' dir='ltr' id='par_1_10' title="bbox 450 1221 2032 1310">
     <span class='ocr_line' id='line_1_10' title="bbox 450 1221 2032 1310; baseline -0.025 1"><span class='ocrx_word' id='word_1_67' title='bbox 450 1269 558 1310; x_wconf 91' lang='lat' dir='ltr'><strong>non</strong></span> <span class='ocrx_word' id='word_1_68' title='bbox 589 1259 703 1307; x_wconf 92' lang='lat' dir='ltr'><strong>erat</strong></span> <span class='ocrx_word' id='word_1_69' title='bbox 728 1248 780 1303; x_wconf 91' lang='lat' dir='ltr'><strong>in</strong></span> <span class='ocrx_word' id='word_1_70' title='bbox 807 1246 885 1303; x_wconf 91' lang='lat' dir='ltr'><strong>eis</strong></span> <span class='ocrx_word' id='word_1_71' title='bbox 911 1240 1188 1305; x_wconf 88' lang='lat' dir='ltr'><strong>Dominus,</strong></span> <span class='ocrx_word' id='word_1_72' title='bbox 1216 1234 1321 1290; x_wconf 90' lang='lat' dir='ltr'><strong>vivi</strong></span> <span class='ocrx_word' id='word_1_73' title='bbox 1347 1228 1584 1300; x_wconf 89' lang='lat' dir='ltr'><strong>absorpti</strong></span> <span class='ocrx_word' id='word_1_74' title='bbox 1611 1237 1753 1282; x_wconf 85' lang='lat' dir='ltr'><strong>sunt.</strong></span> <span class='ocrx_word' id='word_1_75' title='bbox 1776 1221 1912 1291; x_wconf 85' lang='lat' dir='ltr'><strong>Quid</strong></span> <span class='ocrx_word' id='word_1_76' title='bbox 1933 1228 2032 1285; x_wconf 89' lang='lat' dir='ltr'><strong>est,</strong></span> 
     </span>
    </p>
   </div>
   <div class='ocr_carea' id='block_1_11' title="bbox 451 1312 2036 1411">
    <p class='ocr_par' dir='ltr' id='par_1_11' title="bbox 451 1312 2036 1411">
     <span class='ocr_line' id='line_1_11' title="bbox 451 1312 2036 1411; baseline -0.025 -9"><span class='ocrx_word' id='word_1_77' title='bbox 451 1344 559 1402; x_wconf 84' lang='lat' dir='ltr'><strong>vivi</strong></span> <span class='ocrx_word' id='word_1_78' title='bbox 589 1339 822 1411; x_wconf 90' lang='lat' dir='ltr'><strong>absorpti</strong></span> <span class='ocrx_word' id='word_1_79' title='bbox 853 1333 1013 1392; x_wconf 87' lang='lat' dir='ltr'><strong>sunt?</strong></span> <span class='ocrx_word' id='word_1_80' title='bbox 1036 1324 1413 1386; x_wconf 81' lang='lat' dir='ltr'><strong>Thurillcando</strong></span> <span class='ocrx_word' id='word_1_81' title='bbox 1442 1320 1597 1376; x_wconf 90' lang='lat' dir='ltr'><strong>idolis</strong></span> <span class='ocrx_word' id='word_1_82' title='bbox 1616 1322 1643 1383; x_wconf 79' lang='lat'><strong>,’</strong></span> <span class='ocrx_word' id='word_1_83' title='bbox 1657 1317 1887 1371; x_wconf 89' lang='lat' dir='ltr'><strong>scientes</strong></span> <span class='ocrx_word' id='word_1_84' title='bbox 1914 1312 2036 1381; x_wconf 85' lang='lat' dir='ltr'><strong>quia</strong></span> 
     </span>
    </p>
   </div>
   <div class='ocr_carea' id='block_1_12' title="bbox 453 1403 2034 1496">
    <p class='ocr_par' dir='ltr' id='par_1_12' title="bbox 453 1403 2034 1496">
     <span class='ocr_line' id='line_1_12' title="bbox 453 1403 2034 1496; baseline -0.024 -3"><span class='ocrx_word' id='word_1_85' title='bbox 453 1435 589 1496; x_wconf 84' lang='lat' dir='ltr'><strong>nihil</strong></span> <span class='ocrx_word' id='word_1_86' title='bbox 612 1442 695 1489; x_wconf 89' lang='lat' dir='ltr'><strong>est</strong></span> <span class='ocrx_word' id='word_1_87' title='bbox 719 1403 937 1486; x_wconf 83' lang='lat' dir='ltr'><strong>idolum.</strong></span> <span class='ocrx_word' id='word_1_88' title='bbox 960 1423 1092 1479; x_wconf 83' lang='lat' dir='ltr'><strong>Nam</strong></span> <span class='ocrx_word' id='word_1_89' title='bbox 1118 1421 1162 1475; x_wconf 88' lang='lat' dir='ltr'><strong>si</strong></span> <span class='ocrx_word' id='word_1_90' title='bbox 1188 1416 1381 1488; x_wconf 89' lang='lat' dir='ltr'><strong>aliquid</strong></span> <span class='ocrx_word' id='word_1_91' title='bbox 1406 1417 1651 1483; x_wconf 87' lang='lat' dir='ltr'><strong>putarent</strong></span> <span class='ocrx_word' id='word_1_92' title='bbox 1672 1420 1791 1462; x_wconf 90' lang='lat' dir='ltr'><strong>esse</strong></span> <span class='ocrx_word' id='word_1_93' title='bbox 1816 1403 2034 1466; x_wconf 88' lang='lat' dir='ltr'><strong>idolum,</strong></span> 
     </span>
    </p>
   </div>
   <div class='ocr_carea' id='block_1_13' title="bbox 454 1495 2041 1590">
    <p class='ocr_par' dir='ltr' id='par_1_13' title="bbox 454 1495 2041 1590">
     <span class='ocr_line' id='line_1_13' title="bbox 454 1495 2041 1590; baseline -0.026 -1"><span class='ocrx_word' id='word_1_94' title='bbox 454 1529 648 1590; x_wconf 87' lang='lat' dir='ltr'><strong>mortui</strong></span> <span class='ocrx_word' id='word_1_95' title='bbox 666 1524 1219 1582; x_wconf 89' lang='lat' dir='ltr'><strong>absorberentur:cum</strong></span> <span class='ocrx_word' id='word_1_96' title='bbox 1237 1522 1412 1567; x_wconf 89' lang='lat' dir='ltr'><strong>autem</strong></span> <span class='ocrx_word' id='word_1_97' title='bbox 1432 1513 1619 1580; x_wconf 88' lang='lat' dir='ltr'><strong>putant</strong></span> <span class='ocrx_word' id='word_1_98' title='bbox 1636 1500 1767 1557; x_wconf 88' lang='lat' dir='ltr'><strong>nihil</strong></span> <span class='ocrx_word' id='word_1_99' title='bbox 1788 1513 1907 1555; x_wconf 88' lang='lat' dir='ltr'><strong>esse</strong></span> <span class='ocrx_word' id='word_1_100' title='bbox 1927 1495 2041 1550; x_wconf 92' lang='lat' dir='ltr'><strong>ido-</strong></span> 
     </span>
    </p>
   </div>
   <div class='ocr_carea' id='block_1_14' title="bbox 453 1590 2037 1689">
    <p class='ocr_par' dir='ltr' id='par_1_14' title="bbox 453 1590 2037 1689">
     <span class='ocr_line' id='line_1_14' title="bbox 453 1590 2037 1689; baseline -0.025 -10"><span class='ocrx_word' id='word_1_101' title='bbox 453 1622 586 1689; x_wconf 88' lang='lat' dir='ltr'><strong>lum,</strong></span> <span class='ocrx_word' id='word_1_102' title='bbox 604 1628 657 1677; x_wconf 91' lang='lat' dir='ltr'><strong>et</strong></span> <span class='ocrx_word' id='word_1_103' title='bbox 674 1622 934 1673; x_wconf 89' lang='lat' dir='ltr'><strong>noverunt</strong></span> <span class='ocrx_word' id='word_1_104' title='bbox 948 1610 1125 1667; x_wconf 91' lang='lat' dir='ltr'><strong>omnia</strong></span> <span class='ocrx_word' id='word_1_105' title='bbox 1143 1607 1231 1662; x_wconf 92' lang='lat' dir='ltr'><strong>illa</strong></span> <span class='ocrx_word' id='word_1_106' title='bbox 1247 1600 1530 1659; x_wconf 88' lang='lat' dir='ltr'><strong>Gentilium</strong></span> <span class='ocrx_word' id='word_1_107' title='bbox 1547 1610 1678 1649; x_wconf 87' lang='lat' dir='ltr'><strong>vana</strong></span> <span class='ocrx_word' id='word_1_108' title='bbox 1692 1590 2037 1659; x_wconf 90' lang='lat' dir='ltr'><strong>esse,vivunt;</strong></span> 
     </span>
    </p>
   </div>
   <div class='ocr_carea' id='block_1_15' title="bbox 456 1679 2041 1775">
    <p class='ocr_par' dir='ltr' id='par_1_15' title="bbox 456 1679 2041 1775">
     <span class='ocr_line' id='line_1_15' title="bbox 456 1679 2041 1775; baseline -0.028 0"><span class='ocrx_word' id='word_1_109' title='bbox 456 1725 513 1775; x_wconf 90' lang='lat' dir='ltr'><strong>et</strong></span> <span class='ocrx_word' id='word_1_110' title='bbox 550 1723 723 1769; x_wconf 87' lang='lat' dir='ltr'><strong>tamen</strong></span> <span class='ocrx_word' id='word_1_111' title='bbox 752 1721 873 1763; x_wconf 91' lang='lat' dir='ltr'><strong>cum</strong></span> <span class='ocrx_word' id='word_1_112' title='bbox 898 1702 1094 1759; x_wconf 80' lang='lat' dir='ltr'><strong>faciunt</strong></span> <span class='ocrx_word' id='word_1_113' title='bbox 1114 1695 1265 1767; x_wconf 78' lang='lat' dir='ltr'><strong>&quot;quod</strong></span> <span class='ocrx_word' id='word_1_114' title='bbox 1296 1692 1479 1747; x_wconf 91' lang='lat' dir='ltr'><strong>volunt</strong></span> <span class='ocrx_word' id='word_1_115' title='bbox 1510 1691 1873 1761; x_wconf 85' lang='lat' dir='ltr'><strong>persecutores</strong></span> <span class='ocrx_word' id='word_1_116' title='bbox 1895 1721 1911 1746; x_wconf 97' lang='lat'><strong>,</strong></span> <span class='ocrx_word' id='word_1_117' title='bbox 1938 1679 2041 1732; x_wconf 89' lang='lat' dir='ltr'><strong>vivi</strong></span> 
     </span>
    </p>
   </div>
   <div class='ocr_carea' id='block_1_16' title="bbox 460 1770 2041 1867">
    <p class='ocr_par' dir='ltr' id='par_1_16' title="bbox 460 1770 2041 1867">
     <span class='ocr_line' id='line_1_16' title="bbox 460 1770 2041 1867; baseline -0.028 0"><span class='ocrx_word' id='word_1_118' title='bbox 460 1808 838 1867; x_wconf 83' lang='lat' dir='ltr'><strong>absorbentur.</strong></span> <span class='ocrx_word' id='word_1_119' title='bbox 866 1796 973 1857; x_wconf 82' lang='lat' dir='ltr'><strong>Sed</strong></span> <span class='ocrx_word' id='word_1_120' title='bbox 1001 1795 1121 1850; x_wconf 90' lang='lat' dir='ltr'><strong>ideo</strong></span> <span class='ocrx_word' id='word_1_121' title='bbox 1148 1790 1250 1845; x_wconf 87' lang='lat' dir='ltr'><strong>vivi</strong></span> <span class='ocrx_word' id='word_1_122' title='bbox 1283 1785 1665 1845; x_wconf 84' lang='lat' dir='ltr'><strong>absorbentur,</strong></span> <span class='ocrx_word' id='word_1_123' title='bbox 1700 1775 1823 1848; x_wconf 82' lang='lat' dir='ltr'><strong>quia</strong></span> <span class='ocrx_word' id='word_1_124' title='bbox 1853 1787 1959 1827; x_wconf 92' lang='lat' dir='ltr'><strong>non</strong></span> <span class='ocrx_word' id='word_1_125' title='bbox 1989 1770 2041 1824; x_wconf 91' lang='lat' dir='ltr'><strong>in</strong></span> 
     </span>
    </p>
   </div>
   <div class='ocr_carea' id='block_1_17' title="bbox 462 1871 2045 1965">
    <p class='ocr_par' dir='ltr' id='par_1_17' title="bbox 462 1871 2045 1965">
     <span class='ocr_line' id='line_1_17' title="bbox 462 1871 2045 1965; baseline -0.027 -5"><span class='ocrx_word' id='word_1_126' title='bbox 462 1904 542 1961; x_wconf 86' lang='lat' dir='ltr'><strong>eis</strong></span> <span class='ocrx_word' id='word_1_127' title='bbox 567 1909 650 1957; x_wconf 89' lang='lat' dir='ltr'><strong>est</strong></span> <span class='ocrx_word' id='word_1_128' title='bbox 674 1896 947 1965; x_wconf 87' lang='lat' dir='ltr'><strong>Dominus.</strong></span> <span class='ocrx_word' id='word_1_129' title='bbox 982 1890 1041 1945; x_wconf 89' lang='lat' dir='ltr'><strong>In</strong></span> <span class='ocrx_word' id='word_1_130' title='bbox 1067 1885 1255 1959; x_wconf 91' lang='lat' dir='ltr'><strong>quibus</strong></span> <span class='ocrx_word' id='word_1_131' title='bbox 1280 1889 1455 1938; x_wconf 90' lang='lat' dir='ltr'><strong>autem</strong></span> <span class='ocrx_word' id='word_1_132' title='bbox 1484 1878 1621 1932; x_wconf 89' lang='lat' dir='ltr'><strong>inest</strong></span> <span class='ocrx_word' id='word_1_133' title='bbox 1650 1871 1924 1933; x_wconf 90' lang='lat' dir='ltr'><strong>Dominus,</strong></span> <span class='ocrx_word' id='word_1_134' title='bbox 1953 1879 2045 1921; x_wconf 91' lang='lat' dir='ltr'><strong>oc-</strong></span> 
     </span>
    </p>
   </div>
   <div class='ocr_carea' id='block_1_18' title="bbox 461 1960 2048 2053">
    <p class='ocr_par' dir='ltr' id='par_1_18' title="bbox 461 1960 2048 2053">
     <span class='ocr_line' id='line_1_18' title="bbox 461 1960 2048 2053; baseline -0.026 -1"><span class='ocrx_word' id='word_1_135' title='bbox 461 1994 710 2053; x_wconf 86' lang='lat' dir='ltr'><strong>ciduntur</strong></span> <span class='ocrx_word' id='word_1_136' title='bbox 739 1999 794 2046; x_wconf 91' lang='lat' dir='ltr'><strong>et</strong></span> <span class='ocrx_word' id='word_1_137' title='bbox 824 2001 928 2043; x_wconf 91' lang='lat' dir='ltr'><strong>non</strong></span> <span class='ocrx_word' id='word_1_138' title='bbox 952 1980 1271 2039; x_wconf 91' lang='lat' dir='ltr'><strong>moriuntur.</strong></span> <span class='ocrx_word' id='word_1_139' title='bbox 1300 1971 1398 2045; x_wconf 84' lang='lat' dir='ltr'><strong>Qui</strong></span> <span class='ocrx_word' id='word_1_140' title='bbox 1429 1977 1605 2027; x_wconf 87' lang='lat' dir='ltr'><strong>autem</strong></span> <span class='ocrx_word' id='word_1_141' title='bbox 1634 1960 1972 2027; x_wconf 81' lang='lat' dir='ltr'><strong>consentiunt</strong></span> <span class='ocrx_word' id='word_1_142' title='bbox 1995 1963 2048 2013; x_wconf 90' lang='lat' dir='ltr'><strong>et</strong></span> 
     </span>
    </p>
   </div>
   <div class='ocr_carea' id='block_1_19' title="bbox 464 2051 2051 2152">
    <p class='ocr_par' dir='ltr' id='par_1_19' title="bbox 464 2051 2051 2152">
     <span class='ocr_line' id='line_1_19' title="bbox 464 2051 2051 2152; baseline -0.027 -8"><span class='ocrx_word' id='word_1_143' title='bbox 464 2088 673 2152; x_wconf 88' lang='lat' dir='ltr'><strong>vivunt,</strong></span> <span class='ocrx_word' id='word_1_144' title='bbox 694 2081 800 2139; x_wconf 87' lang='lat' dir='ltr'><strong>vivi</strong></span> <span class='ocrx_word' id='word_1_145' title='bbox 826 2074 1195 2142; x_wconf 84' lang='lat' dir='ltr'><strong>absorbentur,</strong></span> <span class='ocrx_word' id='word_1_146' title='bbox 1229 2062 1467 2134; x_wconf 89' lang='lat' dir='ltr'><strong>absorpti</strong></span> <span class='ocrx_word' id='word_1_147' title='bbox 1491 2057 1809 2115; x_wconf 88' lang='lat' dir='ltr'><strong>moriuntur.</strong></span> <span class='ocrx_word' id='word_1_148' title='bbox 1840 2051 1930 2122; x_wconf 85' lang='lat' dir='ltr'><strong>Isti</strong></span> <span class='ocrx_word' id='word_1_149' title='bbox 1956 2065 2051 2104; x_wconf 84' lang='lat' dir='ltr'><strong>au-</strong></span> 
     </span>
    </p>
   </div>
   <div class='ocr_carea' id='block_1_20' title="bbox 466 2143 2047 2251">
    <p class='ocr_par' dir='ltr' id='par_1_20' title="bbox 466 2143 2047 2251">
     <span class='ocr_line' id='line_1_20' title="bbox 466 2143 2047 2251; baseline -0.027 -15"><span class='ocrx_word' id='word_1_150' title='bbox 466 2192 573 2237; x_wconf 89' lang='lat' dir='ltr'><strong>tem</strong></span> <span class='ocrx_word' id='word_1_151' title='bbox 600 2177 689 2251; x_wconf 89' lang='lat' dir='ltr'><strong>qui</strong></span> <span class='ocrx_word' id='word_1_152' title='bbox 723 2173 864 2247; x_wconf 84' lang='lat' dir='ltr'><strong>passi</strong></span> <span class='ocrx_word' id='word_1_153' title='bbox 890 2179 1033 2239; x_wconf 87' lang='lat' dir='ltr'><strong>sunt,</strong></span> <span class='ocrx_word' id='word_1_154' title='bbox 1066 2176 1120 2223; x_wconf 93' lang='lat' dir='ltr'><strong>et</strong></span> <span class='ocrx_word' id='word_1_155' title='bbox 1148 2177 1255 2233; x_wconf 86' lang='lat' dir='ltr'><strong>non</strong></span> <span class='ocrx_word' id='word_1_156' title='bbox 1284 2162 1564 2217; x_wconf 89' lang='lat' dir='ltr'><strong>cesserunt</strong></span> <span class='ocrx_word' id='word_1_157' title='bbox 1593 2143 2047 2206; x_wconf 83' lang='lat' dir='ltr'><strong>tribulationibus,</strong></span> 
     </span>
    </p>
   </div>
   <div class='ocr_carea' id='block_1_21' title="bbox 466 2238 2051 2330">
    <p class='ocr_par' dir='ltr' id='par_1_21' title="bbox 466 2238 2051 2330">
     <span class='ocr_line' id='line_1_21' title="bbox 466 2238 2051 2330; baseline -0.025 0"><span class='ocrx_word' id='word_1_158' title='bbox 466 2238 741 2330; x_wconf 62' lang='lat' dir='ltr'><strong>exsultant</strong></span> <span class='ocrx_word' id='word_1_159' title='bbox 755 2275 809 2324; x_wconf 90' lang='lat' dir='ltr'><strong>et</strong></span> <span class='ocrx_word' id='word_1_160' title='bbox 827 2238 1027 2328; x_wconf 87' lang='lat' dir='ltr'><strong>dicunt,</strong></span> <span class='ocrx_word' id='word_1_161' title='bbox 1056 2258 1203 2312; x_wconf 98' lang='lat' dir='ltr'><strong>Dicat</strong></span> <span class='ocrx_word' id='word_1_162' title='bbox 1224 2269 1354 2309; x_wconf 87' lang='lat' dir='ltr'><strong>nunc</strong></span> <span class='ocrx_word' id='word_1_163' title='bbox 1380 2246 1567 2311; x_wconf 81' lang='lat' dir='ltr'><strong>Israel;</strong></span> <span class='ocrx_word' id='word_1_164' title='bbox 1596 2242 1737 2299; x_wconf 82' lang='lat' dir='ltr'><strong>dicat</strong></span> <span class='ocrx_word' id='word_1_165' title='bbox 1755 2238 2051 2305; x_wconf 70' lang='lat' dir='ltr'><strong>exsultans,</strong></span> 
     </span>
    </p>
   </div>
   <div class='ocr_carea' id='block_1_22' title="bbox 467 2327 2052 2439">
    <p class='ocr_par' dir='ltr' id='par_1_22' title="bbox 467 2327 2052 2439">
     <span class='ocr_line' id='line_1_22' title="bbox 467 2327 2052 2439; baseline -0.03 -15"><span class='ocrx_word' id='word_1_166' title='bbox 467 2367 609 2439; x_wconf 81' lang='lat' dir='ltr'><strong>dicat</strong></span> <span class='ocrx_word' id='word_1_167' title='bbox 634 2373 872 2425; x_wconf 80' lang='lat' dir='ltr'><strong>securus,</strong></span> <span class='ocrx_word' id='word_1_168' title='bbox 898 2353 1014 2415; x_wconf 84' lang='lat' dir='ltr'><strong>Nisi</strong></span> <span class='ocrx_word' id='word_1_169' title='bbox 1036 2351 1153 2424; x_wconf 86' lang='lat' dir='ltr'><strong>quia</strong></span> <span class='ocrx_word' id='word_1_170' title='bbox 1179 2345 1423 2402; x_wconf 79' lang='lat' dir='ltr'><strong>Dominus</strong></span> <span class='ocrx_word' id='word_1_171' title='bbox 1443 2347 1547 2395; x_wconf 86' lang='lat' dir='ltr'><strong>erat</strong></span> <span class='ocrx_word' id='word_1_172' title='bbox 1573 2337 1625 2391; x_wconf 86' lang='lat' dir='ltr'><strong>in</strong></span> <span class='ocrx_word' id='word_1_173' title='bbox 1653 2332 1815 2396; x_wconf 85' lang='lat' dir='ltr'><strong>nobis,</strong></span> <span class='ocrx_word' id='word_1_174' title='bbox 1840 2345 1951 2384; x_wconf 91' lang='lat' dir='ltr'><strong>cum</strong></span> <span class='ocrx_word' id='word_1_175' title='bbox 1973 2327 2052 2393; x_wconf 87' lang='lat' dir='ltr'><strong>in-</strong></span> 
     </span>
    </p>
   </div>
   <div class='ocr_carea' id='block_1_23' title="bbox 473 2420 2053 2529">
    <p class='ocr_par' dir='ltr' id='par_1_23' title="bbox 473 2420 2053 2529">
     <span class='ocr_line' id='line_1_23' title="bbox 473 2420 2053 2529; baseline -0.03 -15"><span class='ocrx_word' id='word_1_176' title='bbox 473 2464 730 2529; x_wconf 80' lang='lat' dir='ltr'><strong>surgerent</strong></span> <span class='ocrx_word' id='word_1_177' title='bbox 753 2448 975 2505; x_wconf 83' lang='lat' dir='ltr'><strong>homines</strong></span> <span class='ocrx_word' id='word_1_178' title='bbox 995 2457 1142 2515; x_wconf 80' lang='lat' dir='ltr'><strong>super</strong></span> <span class='ocrx_word' id='word_1_179' title='bbox 1164 2453 1275 2504; x_wconf 88' lang='lat' dir='ltr'><strong>nos,</strong></span> <span class='ocrx_word' id='word_1_180' title='bbox 1296 2433 1508 2508; x_wconf 75' lang='lat' dir='ltr'><strong>forsitan</strong></span> <span class='ocrx_word' id='word_1_181' title='bbox 1532 2428 1666 2502; x_wconf 77' lang='lat' dir='ltr'><strong>uiuos</strong></span> <span class='ocrx_word' id='word_1_182' title='bbox 1686 2420 2053 2478; x_wconf 84' lang='lat' dir='ltr'><strong>absorbuisseut</strong></span> 
     </span>
    </p>
   </div>
   <div class='ocr_carea' id='block_1_24' title="bbox 473 2567 584 2607">
    <p class='ocr_par' dir='ltr' id='par_1_24' title="bbox 473 2567 584 2607">
     <span class='ocr_line' id='line_1_24' title="bbox 473 2567 584 2607; baseline -0.018 -2"><span class='ocrx_word' id='word_1_183' title='bbox 473 2567 584 2607; x_wconf 70' lang='grc'><strong>1108.</strong></span> 
     </span>
    </p>
   </div>
   <div class='ocr_carea' id='block_1_25' title="bbox 545 2600 2051 2695">
    <p class='ocr_par' dir='ltr' id='par_1_25' title="bbox 545 2600 2051 2695">
     <span class='ocr_line' id='line_1_25' title="bbox 545 2600 2051 2695; baseline -0.029 0"><span class='ocrx_word' id='word_1_184' title='bbox 545 2641 598 2695; x_wconf 88' lang='lat'><strong>6.</strong></span> <span class='ocrx_word' id='word_1_185' title='bbox 630 2637 755 2693; x_wconf 87' lang='lat' dir='ltr'><strong>Cum</strong></span> <span class='ocrx_word' id='word_1_186' title='bbox 796 2634 1092 2689; x_wconf 78' lang='lat' dir='ltr'><strong>irasceretur</strong></span> <span class='ocrx_word' id='word_1_187' title='bbox 1120 2624 1261 2695; x_wconf 86' lang='lat' dir='ltr'><strong>furor</strong></span> <span class='ocrx_word' id='word_1_188' title='bbox 1303 2632 1474 2673; x_wconf 89' lang='lat' dir='ltr'><strong>eorum</strong></span> <span class='ocrx_word' id='word_1_189' title='bbox 1516 2626 1668 2681; x_wconf 90' lang='lat' dir='ltr'><strong>super</strong></span> <span class='ocrx_word' id='word_1_190' title='bbox 1694 2623 1804 2661; x_wconf 88' lang='lat' dir='ltr'><strong>nos.</strong></span> <span class='ocrx_word' id='word_1_191' title='bbox 1834 2600 2011 2658; x_wconf 84' lang='lat' dir='ltr'><strong>Nostis</strong></span> <span class='ocrx_word' id='word_1_192' title='bbox 2035 2640 2051 2665; x_wconf 94' lang='lat'><strong>,</strong></span> 
     </span>
    </p>
   </div>
   <div class='ocr_carea' id='block_1_26' title="bbox 477 2691 2057 2793">
    <p class='ocr_par' dir='ltr' id='par_1_26' title="bbox 477 2691 2057 2793">
     <span class='ocr_line' id='line_1_26' title="bbox 477 2691 2057 2793; baseline -0.028 -6"><span class='ocrx_word' id='word_1_193' title='bbox 477 2731 668 2788; x_wconf 80' lang='lat' dir='ltr'><strong>fratres</strong></span> <span class='ocrx_word' id='word_1_194' title='bbox 692 2768 706 2793; x_wconf 94' lang='lat'><strong>,</strong></span> <span class='ocrx_word' id='word_1_195' title='bbox 739 2726 791 2779; x_wconf 92' lang='lat' dir='ltr'><strong>in</strong></span> <span class='ocrx_word' id='word_1_196' title='bbox 821 2721 994 2793; x_wconf 81' lang='lat' dir='ltr'><strong>aliquo</strong></span> <span class='ocrx_word' id='word_1_197' title='bbox 1038 2691 1505 2783; x_wconf 77' lang='lat' dir='ltr'><strong>desuperioribus</strong></span> <span class='ocrx_word' id='word_1_198' title='bbox 1553 2698 1771 2774; x_wconf 70' lang='lat' dir='ltr'><strong>psalmis</strong></span> <span class='ocrx_word' id='word_1_199' title='bbox 1796 2737 1810 2761; x_wconf 87' lang='lat'><strong>,</strong></span> <span class='ocrx_word' id='word_1_200' title='bbox 1846 2694 1896 2746; x_wconf 89' lang='lat' dir='ltr'><strong>in</strong></span> <span class='ocrx_word' id='word_1_201' title='bbox 1942 2691 2057 2759; x_wconf 87' lang='lat' dir='ltr'><strong>ipso</strong></span> 
     </span>
    </p>
   </div>
   <div class='ocr_carea' id='block_1_27' title="bbox 479 2782 2054 2878">
    <p class='ocr_par' dir='ltr' id='par_1_27' title="bbox 479 2782 2054 2878">
     <span class='ocr_line' id='line_1_27' title="bbox 479 2782 2054 2878; baseline -0.029 -1"><span class='ocrx_word' id='word_1_202' title='bbox 479 2821 628 2877; x_wconf 88' lang='lat' dir='ltr'><strong>initio</strong></span> <span class='ocrx_word' id='word_1_203' title='bbox 655 2814 978 2871; x_wconf 83' lang='lat' dir='ltr'><strong>canticorum</strong></span> <span class='ocrx_word' id='word_1_204' title='bbox 1008 2803 1262 2878; x_wconf 88' lang='lat' dir='ltr'><strong>graduum</strong></span> <span class='ocrx_word' id='word_1_205' title='bbox 1292 2809 1475 2854; x_wconf 89' lang='lat' dir='ltr'><strong>contra</strong></span> <span class='ocrx_word' id='word_1_206' title='bbox 1514 2793 1743 2867; x_wconf 84' lang='lat' dir='ltr'><strong>linguam</strong></span> <span class='ocrx_word' id='word_1_207' title='bbox 1774 2782 2054 2841; x_wconf 85' lang='lat' dir='ltr'><strong>subdolam</strong></span> 
     </span>
    </p>
   </div>
   <div class='ocr_carea' id='block_1_28' title="bbox 480 2877 2062 2983">
    <p class='ocr_par' dir='ltr' id='par_1_28' title="bbox 480 2877 2062 2983">
     <span class='ocr_line' id='line_1_28' title="bbox 480 2877 2062 2983; baseline -0.026 -16"><span class='ocrx_word' id='word_1_208' title='bbox 480 2911 678 2983; x_wconf 88' lang='lat' dir='ltr'><strong>petisse</strong></span> <span class='ocrx_word' id='word_1_209' title='bbox 717 2903 967 2961; x_wconf 70' lang='lat' dir='ltr'><strong>auxilium</strong></span> <span class='ocrx_word' id='word_1_210' title='bbox 994 2895 1275 2973; x_wconf 86' lang='lat' dir='ltr'><strong>quemdam</strong></span> <span class='ocrx_word' id='word_1_211' title='bbox 1299 2931 1318 2960; x_wconf 88' lang='lat'><strong>,</strong></span> <span class='ocrx_word' id='word_1_212' title='bbox 1348 2890 1436 2960; x_wconf 88' lang='lat' dir='ltr'><strong>qui</strong></span> <span class='ocrx_word' id='word_1_213' title='bbox 1463 2886 1624 2956; x_wconf 83' lang='lat' dir='ltr'><strong>coepit</strong></span> <span class='ocrx_word' id='word_1_214' title='bbox 1648 2877 1976 2939; x_wconf 73' lang='lat' dir='ltr'><strong>ascendere;</strong></span> <span class='ocrx_word' id='word_1_215' title='bbox 2008 2881 2062 2927; x_wconf 87' lang='lat' dir='ltr'><strong>et</strong></span> 
     </span>
    </p>
   </div>
   <div class='ocr_carea' id='block_1_29' title="bbox 482 2967 2060 3067">
    <p class='ocr_par' dir='ltr' id='par_1_29' title="bbox 482 2967 2060 3067">
     <span class='ocr_line' id='line_1_29' title="bbox 482 2967 2060 3067; baseline -0.026 -8"><span class='ocrx_word' id='word_1_216' title='bbox 482 3004 682 3059; x_wconf 77' lang='lat' dir='ltr'><strong>dixisse</strong></span> <span class='ocrx_word' id='word_1_217' title='bbox 705 3041 720 3067; x_wconf 92' lang='lat'><strong>,</strong></span> <span class='ocrx_word' id='word_1_218' title='bbox 748 2996 960 3052; x_wconf 85' lang='lat' dir='ltr'><strong>Domine</strong></span> <span class='ocrx_word' id='word_1_219' title='bbox 982 3035 996 3058; x_wconf 87' lang='lat'><strong>,</strong></span> <span class='ocrx_word' id='word_1_220' title='bbox 1029 3005 1144 3045; x_wconf 78' lang='lat' dir='ltr'><strong>erue</strong></span> <span class='ocrx_word' id='word_1_221' title='bbox 1170 2986 1391 3039; x_wconf 85' lang='lat' dir='ltr'><strong>animum</strong></span> <span class='ocrx_word' id='word_1_222' title='bbox 1418 2994 1578 3034; x_wconf 87' lang='lat' dir='ltr'><strong>meam</strong></span> <span class='ocrx_word' id='word_1_223' title='bbox 1607 2993 1637 3029; x_wconf 92' lang='lat' dir='ltr'><strong>a</strong></span> <span class='ocrx_word' id='word_1_224' title='bbox 1668 2974 1811 3029; x_wconf 86' lang='lat' dir='ltr'><strong>labiis</strong></span> <span class='ocrx_word' id='word_1_225' title='bbox 1840 2967 2060 3040; x_wconf 83' lang='lat' dir='ltr'><strong>iujustis,</strong></span> 
     </span>
    </p>
   </div>
   <div class='ocr_carea' id='block_1_30' title="bbox 486 3062 2065 3165">
    <p class='ocr_par' dir='ltr' id='par_1_30' title="bbox 486 3062 2065 3165">
     <span class='ocr_line' id='line_1_30' title="bbox 486 3062 2065 3165; baseline -0.027 -12"><span class='ocrx_word' id='word_1_226' title='bbox 486 3106 531 3152; x_wconf 89' lang='lat' dir='ltr'><strong>et</strong></span> <span class='ocrx_word' id='word_1_227' title='bbox 561 3114 591 3149; x_wconf 90' lang='lat' dir='ltr'><strong>a</strong></span> <span class='ocrx_word' id='word_1_228' title='bbox 623 3094 796 3165; x_wconf 84' lang='lat' dir='ltr'><strong>lingua</strong></span> <span class='ocrx_word' id='word_1_229' title='bbox 843 3088 1035 3145; x_wconf 85' lang='lat' dir='ltr'><strong>dolosa.</strong></span> <span class='ocrx_word' id='word_1_230' title='bbox 1069 3082 1248 3139; x_wconf 88' lang='lat' dir='ltr'><strong>Primo</strong></span> <span class='ocrx_word' id='word_1_231' title='bbox 1294 3078 1435 3134; x_wconf 85' lang='lat' dir='ltr'><strong>enim</strong></span> <span class='ocrx_word' id='word_1_232' title='bbox 1480 3087 1597 3128; x_wconf 90' lang='lat' dir='ltr'><strong>cum</strong></span> <span class='ocrx_word' id='word_1_233' title='bbox 1642 3065 1861 3137; x_wconf 68' lang='lat' dir='ltr'><strong>cmperit</strong></span> <span class='ocrx_word' id='word_1_234' title='bbox 1907 3062 2065 3115; x_wconf 91' lang='lat' dir='ltr'><strong>homo</strong></span> 
     </span>
    </p>
   </div>
   <div class='ocr_carea' id='block_1_31' title="bbox 485 3152 2062 3251">
    <p class='ocr_par' dir='ltr' id='par_1_31' title="bbox 485 3152 2062 3251">
     <span class='ocr_line' id='line_1_31' title="bbox 485 3152 2062 3251; baseline -0.027 -4"><span class='ocrx_word' id='word_1_235' title='bbox 485 3186 775 3251; x_wconf 86' lang='lat' dir='ltr'><strong>ascendere</strong></span> <span class='ocrx_word' id='word_1_236' title='bbox 802 3192 855 3242; x_wconf 93' lang='lat' dir='ltr'><strong>et</strong></span> <span class='ocrx_word' id='word_1_237' title='bbox 898 3180 1155 3251; x_wconf 75' lang='lat' dir='ltr'><strong>proﬁcere</strong></span> <span class='ocrx_word' id='word_1_238' title='bbox 1178 3216 1193 3243; x_wconf 93' lang='lat'><strong>,</strong></span> <span class='ocrx_word' id='word_1_239' title='bbox 1223 3174 1275 3228; x_wconf 92' lang='lat' dir='ltr'><strong>in</strong></span> <span class='ocrx_word' id='word_1_240' title='bbox 1307 3173 1423 3242; x_wconf 82' lang='lat' dir='ltr'><strong>ipso</strong></span> <span class='ocrx_word' id='word_1_241' title='bbox 1450 3162 1672 3225; x_wconf 82' lang='lat' dir='ltr'><strong>exordio</strong></span> <span class='ocrx_word' id='word_1_242' title='bbox 1697 3152 2023 3215; x_wconf 85' lang='lat' dir='ltr'><strong>ascensionis</strong></span> <span class='ocrx_word' id='word_1_243' title='bbox 2046 3190 2062 3217; x_wconf 94' lang='lat'><strong>,</strong></span> 
     </span>
    </p>
   </div>
   <div class='ocr_carea' id='block_1_32' title="bbox 488 3243 2068 3353">
    <p class='ocr_par' dir='ltr' id='par_1_32' title="bbox 488 3243 2068 3353">
     <span class='ocr_line' id='line_1_32' title="bbox 488 3243 2068 3353; baseline -0.027 -15"><span class='ocrx_word' id='word_1_244' title='bbox 488 3243 693 3353; x_wconf 70' lang='lat' dir='ltr'><strong>linguas</strong></span> <span class='ocrx_word' id='word_1_245' title='bbox 719 3243 931 3334; x_wconf 76' lang='lat' dir='ltr'><strong>dolosas</strong></span> <span class='ocrx_word' id='word_1_246' title='bbox 955 3243 1151 3351; x_wconf 83' lang='lat' dir='ltr'><strong>patitur</strong></span> <span class='ocrx_word' id='word_1_247' title='bbox 1174 3308 1190 3335; x_wconf 93' lang='lat'><strong>,</strong></span> <span class='ocrx_word' id='word_1_248' title='bbox 1222 3261 1442 3319; x_wconf 86' lang='lat' dir='ltr'><strong>blandas</strong></span> <span class='ocrx_word' id='word_1_249' title='bbox 1467 3256 1531 3312; x_wconf 92' lang='lat' dir='ltr'><strong>ad</strong></span> <span class='ocrx_word' id='word_1_250' title='bbox 1559 3250 1845 3337; x_wconf 83' lang='lat' dir='ltr'><strong>perniciem</strong></span> <span class='ocrx_word' id='word_1_251' title='bbox 1871 3287 1887 3315; x_wconf 92' lang='lat'><strong>,</strong></span> <span class='ocrx_word' id='word_1_252' title='bbox 1916 3243 2068 3301; x_wconf 86' lang='lat' dir='ltr'><strong>blan-</strong></span> 
     </span>
    </p>
   </div>
   <div class='ocr_carea' id='block_1_33' title="bbox 492 3335 2071 3437">
    <p class='ocr_par' dir='ltr' id='par_1_33' title="bbox 492 3335 2071 3437">
     <span class='ocr_line' id='line_1_33' title="bbox 492 3335 2071 3437; baseline -0.026 -8"><span class='ocrx_word' id='word_1_253' title='bbox 492 3374 586 3431; x_wconf 91' lang='lat' dir='ltr'><strong>das</strong></span> <span class='ocrx_word' id='word_1_254' title='bbox 613 3372 676 3426; x_wconf 87' lang='lat' dir='ltr'><strong>ad</strong></span> <span class='ocrx_word' id='word_1_255' title='bbox 708 3369 897 3425; x_wconf 83' lang='lat' dir='ltr'><strong>malam</strong></span> <span class='ocrx_word' id='word_1_256' title='bbox 926 3335 1228 3437; x_wconf 72' lang='lat' dir='ltr'><strong>suasionem</strong></span> <span class='ocrx_word' id='word_1_257' title='bbox 1263 3374 1276 3412; x_wconf 89' lang='lat'><strong>:</strong></span> <span class='ocrx_word' id='word_1_258' title='bbox 1309 3352 1445 3425; x_wconf 90' lang='lat' dir='ltr'><strong>Quid</strong></span> <span class='ocrx_word' id='word_1_259' title='bbox 1474 3348 1645 3405; x_wconf 82' lang='lat' dir='ltr'><strong>lacis?</strong></span> <span class='ocrx_word' id='word_1_260' title='bbox 1675 3358 1837 3413; x_wconf 82' lang='lat' dir='ltr'><strong>quare</strong></span> <span class='ocrx_word' id='word_1_261' title='bbox 1862 3340 1963 3393; x_wconf 92' lang='lat' dir='ltr'><strong>hoc</strong></span> <span class='ocrx_word' id='word_1_262' title='bbox 1995 3335 2071 3390; x_wconf 82' lang='lat' dir='ltr'><strong>fa-</strong></span> 
     </span>
    </p>
   </div>
   <div class='ocr_carea' id='block_1_34' title="bbox 494 3428 2072 3533">
    <p class='ocr_par' dir='ltr' id='par_1_34' title="bbox 494 3428 2072 3533">
     <span class='ocr_line' id='line_1_34' title="bbox 494 3428 2072 3533; baseline -0.025 -13"><span class='ocrx_word' id='word_1_263' title='bbox 494 3465 612 3520; x_wconf 83' lang='lat' dir='ltr'><strong>cis?</strong></span> <span class='ocrx_word' id='word_1_264' title='bbox 646 3462 812 3533; x_wconf 82' lang='lat' dir='ltr'><strong>Aliter</strong></span> <span class='ocrx_word' id='word_1_265' title='bbox 854 3458 1001 3517; x_wconf 81' lang='lat' dir='ltr'><strong>enim</strong></span> <span class='ocrx_word' id='word_1_266' title='bbox 1022 3434 1126 3510; x_wconf 88' lang='lat' dir='ltr'><strong>vivi</strong></span> <span class='ocrx_word' id='word_1_267' title='bbox 1170 3464 1281 3513; x_wconf 31' lang='lat' dir='ltr'><strong>non,</strong></span> <span class='ocrx_word' id='word_1_268' title='bbox 1303 3442 1518 3516; x_wconf 82' lang='lat' dir='ltr'><strong>potest?</strong></span> <span class='ocrx_word' id='word_1_269' title='bbox 1550 3436 1737 3494; x_wconf 89' lang='lat' dir='ltr'><strong>serviri</strong></span> <span class='ocrx_word' id='word_1_270' title='bbox 1782 3433 1936 3487; x_wconf 88' lang='lat' dir='ltr'><strong>aliter</strong></span> <span class='ocrx_word' id='word_1_271' title='bbox 1960 3428 2072 3483; x_wconf 89' lang='lat' dir='ltr'><strong>Deo</strong></span> 
     </span>
    </p>
   </div>
   <div class='ocr_carea' id='block_1_35' title="bbox 496 3518 2075 3624">
    <p class='ocr_par' dir='ltr' id='par_1_35' title="bbox 496 3518 2075 3624">
     <span class='ocr_line' id='line_1_35' title="bbox 496 3518 2075 3624; baseline -0.025 -12"><span class='ocrx_word' id='word_1_272' title='bbox 496 3572 601 3611; x_wconf 89' lang='lat' dir='ltr'><strong>non</strong></span> <span class='ocrx_word' id='word_1_273' title='bbox 647 3530 823 3624; x_wconf 83' lang='lat' dir='ltr'><strong>potest</strong></span> <span class='ocrx_word' id='word_1_274' title='bbox 841 3548 905 3602; x_wconf 68' lang='lat'><strong>‘7</strong></span> <span class='ocrx_word' id='word_1_275' title='bbox 937 3548 1015 3603; x_wconf 89' lang='lat' dir='ltr'><strong>Tu</strong></span> <span class='ocrx_word' id='word_1_276' title='bbox 1042 3543 1186 3607; x_wconf 84' lang='lat' dir='ltr'><strong>solus</strong></span> <span class='ocrx_word' id='word_1_277' title='bbox 1211 3555 1271 3599; x_wconf 85' lang='lat' dir='ltr'><strong>es</strong></span> <span class='ocrx_word' id='word_1_278' title='bbox 1308 3536 1398 3611; x_wconf 89' lang='lat' dir='ltr'><strong>qui</strong></span> <span class='ocrx_word' id='word_1_279' title='bbox 1423 3534 1503 3589; x_wconf 87' lang='lat' dir='ltr'><strong>vis</strong></span> <span class='ocrx_word' id='word_1_280' title='bbox 1544 3531 1647 3589; x_wconf 91' lang='lat' dir='ltr'><strong>hoc</strong></span> <span class='ocrx_word' id='word_1_281' title='bbox 1675 3540 1795 3581; x_wconf 87' lang='lat' dir='ltr'><strong>esse</strong></span> <span class='ocrx_word' id='word_1_282' title='bbox 1820 3520 1958 3594; x_wconf 93' lang='lat' dir='ltr'><strong>quod</strong></span> <span class='ocrx_word' id='word_1_283' title='bbox 1986 3518 2075 3573; x_wconf 89' lang='lat' dir='ltr'><strong>alii</strong></span> 
     </span>
    </p>
   </div>
   <div class='ocr_carea' id='block_1_36' title="bbox 497 3610 2074 3713">
    <p class='ocr_par' dir='ltr' id='par_1_36' title="bbox 497 3610 2074 3713">
     <span class='ocr_line' id='line_1_36' title="bbox 497 3610 2074 3713; baseline -0.027 -8"><span class='ocrx_word' id='word_1_284' title='bbox 497 3663 605 3705; x_wconf 91' lang='lat' dir='ltr'><strong>non</strong></span> <span class='ocrx_word' id='word_1_285' title='bbox 646 3644 804 3702; x_wconf 88' lang='lat' dir='ltr'><strong>sunt!</strong></span> <span class='ocrx_word' id='word_1_286' title='bbox 836 3639 905 3695; x_wconf 85' lang='lat' dir='ltr'><strong>Et</strong></span> <span class='ocrx_word' id='word_1_287' title='bbox 941 3638 991 3713; x_wconf 79' lang='lat' dir='ltr'><strong>si</strong></span> <span class='ocrx_word' id='word_1_288' title='bbox 1030 3631 1296 3711; x_wconf 77' lang='lat' dir='ltr'><strong>inveneris</strong></span> <span class='ocrx_word' id='word_1_289' title='bbox 1321 3629 1453 3703; x_wconf 89' lang='lat' dir='ltr'><strong>alios</strong></span> <span class='ocrx_word' id='word_1_290' title='bbox 1477 3623 1564 3697; x_wconf 87' lang='lat' dir='ltr'><strong>qui</strong></span> <span class='ocrx_word' id='word_1_291' title='bbox 1595 3630 1770 3676; x_wconf 90' lang='lat' dir='ltr'><strong>tecum</strong></span> <span class='ocrx_word' id='word_1_292' title='bbox 1798 3622 1957 3678; x_wconf 86' lang='lat' dir='ltr'><strong>sunt,</strong></span> <span class='ocrx_word' id='word_1_293' title='bbox 1989 3610 2074 3664; x_wconf 87' lang='lat' dir='ltr'><strong>illa</strong></span> 
     </span>
    </p>
   </div>
   <div class='ocr_carea' id='block_1_37' title="bbox 496 3711 2077 3803">
    <p class='ocr_par' dir='ltr' id='par_1_37' title="bbox 496 3711 2077 3803">
     <span class='ocr_line' id='line_1_37' title="bbox 496 3711 2077 3803; baseline -0.027 -6"><span class='ocrx_word' id='word_1_294' title='bbox 496 3738 691 3797; x_wconf 81' lang='lat' dir='ltr'><strong>blanda</strong></span> <span class='ocrx_word' id='word_1_295' title='bbox 717 3742 772 3792; x_wconf 89' lang='lat' dir='ltr'><strong>cl.</strong></span> <span class='ocrx_word' id='word_1_296' title='bbox 787 3733 971 3789; x_wconf 87' lang='lat' dir='ltr'><strong>dolosa</strong></span> <span class='ocrx_word' id='word_1_297' title='bbox 996 3730 1174 3803; x_wconf 78' lang='lat' dir='ltr'><strong>lingua</strong></span> <span class='ocrx_word' id='word_1_298' title='bbox 1190 3720 1317 3801; x_wconf 82' lang='lat' dir='ltr'><strong>quid</strong></span> <span class='ocrx_word' id='word_1_299' title='bbox 1334 3718 1493 3791; x_wconf 81' lang='lat' dir='ltr'><strong>dicit?</strong></span> <span class='ocrx_word' id='word_1_300' title='bbox 1515 3716 1653 3773; x_wconf 90' lang='lat' dir='ltr'><strong>Ecce</strong></span> <span class='ocrx_word' id='word_1_301' title='bbox 1677 3711 1752 3766; x_wconf 93' lang='lat' dir='ltr'><strong>illi</strong></span> <span class='ocrx_word' id='word_1_302' title='bbox 1774 3712 2077 3779; x_wconf 87' lang='lat' dir='ltr'><strong>potuerunt;</strong></span> 
     </span>
    </p>
   </div>
   <div class='ocr_carea' id='block_1_38' title="bbox 500 3796 2083 3895">
    <p class='ocr_par' dir='ltr' id='par_1_38' title="bbox 500 3796 2083 3895">
     <span class='ocr_line' id='line_1_38' title="bbox 500 3796 2083 3895; baseline -0.026 -8"><span class='ocrx_word' id='word_1_303' title='bbox 500 3832 636 3888; x_wconf 81' lang='lat' dir='ltr'><strong>forte</strong></span> <span class='ocrx_word' id='word_1_304' title='bbox 664 3838 718 3883; x_wconf 89' lang='lat' dir='ltr'><strong>tu</strong></span> <span class='ocrx_word' id='word_1_305' title='bbox 746 3842 848 3881; x_wconf 88' lang='lat' dir='ltr'><strong>non</strong></span> <span class='ocrx_word' id='word_1_306' title='bbox 874 3796 1095 3894; x_wconf 68' lang='lat' dir='ltr'><strong>poteris.</strong></span> <span class='ocrx_word' id='word_1_307' title='bbox 1122 3796 1442 3890; x_wconf 63' lang='lat' dir='ltr'><strong>Aggrederis</strong></span> <span class='ocrx_word' id='word_1_308' title='bbox 1462 3807 1514 3873; x_wconf 75' lang='lat'><strong>3;</strong></span> <span class='ocrx_word' id='word_1_309' title='bbox 1537 3803 1755 3860; x_wconf 79' lang='lat' dir='ltr'><strong>deiicies</strong></span> <span class='ocrx_word' id='word_1_310' title='bbox 1779 3817 1792 3853; x_wconf 91' lang='lat'>:</span> <span class='ocrx_word' id='word_1_311' title='bbox 1815 3809 1869 3854; x_wconf 88' lang='lat' dir='ltr'><strong>et</strong></span> <span class='ocrx_word' id='word_1_312' title='bbox 1894 3796 2083 3851; x_wconf 88' lang='lat' dir='ltr'><strong>melius</strong></span> 
     </span>
    </p>
   </div>
   <div class='ocr_carea' id='block_1_39' title="bbox 501 3888 2085 3991">
    <p class='ocr_par' dir='ltr' id='par_1_39' title="bbox 501 3888 2085 3991">
     <span class='ocr_line' id='line_1_39' title="bbox 501 3888 2085 3991; baseline -0.027 -11"><span class='ocrx_word' id='word_1_313' title='bbox 501 3937 616 3991; x_wconf 83' lang='lat' dir='ltr'><strong>erat</strong></span> <span class='ocrx_word' id='word_1_314' title='bbox 642 3935 747 3987; x_wconf 85' lang='lat' dir='ltr'><strong>non</strong></span> <span class='ocrx_word' id='word_1_315' title='bbox 772 3915 1029 3987; x_wconf 67' lang='lat' dir='ltr'><strong>incipere,</strong></span> <span class='ocrx_word' id='word_1_316' title='bbox 1051 3888 1209 3982; x_wconf 88' lang='lat' dir='ltr'><strong>quam</strong></span> <span class='ocrx_word' id='word_1_317' title='bbox 1234 3903 1461 3975; x_wconf 85' lang='lat' dir='ltr'><strong>coepisse</strong></span> <span class='ocrx_word' id='word_1_318' title='bbox 1494 3905 1547 3955; x_wconf 92' lang='lat' dir='ltr'><strong>et</strong></span> <span class='ocrx_word' id='word_1_319' title='bbox 1572 3893 1852 3961; x_wconf 80' lang='lat' dir='ltr'><strong>deiecisse.</strong></span> <span class='ocrx_word' id='word_1_320' title='bbox 1882 3888 2085 3957; x_wconf 85' lang='lat' dir='ltr'><strong>Lingua</strong></span> 
     </span>
    </p>
   </div>
   <div class='ocr_carea' id='block_1_40' title="bbox 502 3981 2087 4075">
    <p class='ocr_par' dir='ltr' id='par_1_40' title="bbox 502 3981 2087 4075">
     <span class='ocr_line' id='line_1_40' title="bbox 502 3981 2087 4075; baseline -0.027 0"><span class='ocrx_word' id='word_1_321' title='bbox 502 3988 686 4075; x_wconf 89' lang='lat' dir='ltr'><strong>dolosa</strong></span> <span class='ocrx_word' id='word_1_322' title='bbox 728 3981 902 4067; x_wconf 76' lang='lat' dir='ltr'><strong>adhuc</strong></span> <span class='ocrx_word' id='word_1_323' title='bbox 929 3981 1217 4063; x_wconf 73' lang='lat' dir='ltr'><strong>blanditur.</strong></span> <span class='ocrx_word' id='word_1_324' title='bbox 1261 3997 1319 4067; x_wconf 87' lang='lat' dir='ltr'><strong>Si</strong></span> <span class='ocrx_word' id='word_1_325' title='bbox 1364 3987 1788 4068; x_wconf 79' lang='lat' dir='ltr'><strong>perseveraveris</strong></span> <span class='ocrx_word' id='word_1_326' title='bbox 1813 4027 1827 4051; x_wconf 95' lang='lat'><strong>,</strong></span> <span class='ocrx_word' id='word_1_327' title='bbox 1858 3981 2087 4037; x_wconf 91' lang='lat' dir='ltr'><strong>vincitur</strong></span> 
     </span>
    </p>
   </div>
   <div class='ocr_carea' id='block_1_41' title="bbox 504 4073 2085 4182">
    <p class='ocr_par' dir='ltr' id='par_1_41' title="bbox 504 4073 2085 4182">
     <span class='ocr_line' id='line_1_41' title="bbox 504 4073 2085 4182; baseline -0.024 -17"><span class='ocrx_word' id='word_1_328' title='bbox 504 4110 683 4182; x_wconf 81' lang='lat' dir='ltr'><strong>lingua</strong></span> <span class='ocrx_word' id='word_1_329' title='bbox 700 4104 883 4161; x_wconf 87' lang='lat' dir='ltr'><strong>dolosa</strong></span> <span class='ocrx_word' id='word_1_330' title='bbox 908 4108 963 4171; x_wconf 89' lang='lat' dir='ltr'><strong>et</strong></span> <span class='ocrx_word' id='word_1_331' title='bbox 979 4093 1281 4163; x_wconf 79' lang='lat' dir='ltr'><strong>blandiens,</strong></span> <span class='ocrx_word' id='word_1_332' title='bbox 1299 4088 1614 4163; x_wconf 67' lang='lat' dir='ltr'><strong>incipitcsse</strong></span> <span class='ocrx_word' id='word_1_333' title='bbox 1630 4088 1812 4153; x_wconf 88' lang='lat' dir='ltr'><strong>aperte</strong></span> <span class='ocrx_word' id='word_1_334' title='bbox 1837 4073 2085 4136; x_wconf 65' lang='lat' dir='ltr'><strong>smvietts;</strong></span> 
     </span>
    </p>
   </div>
   <div class='ocr_carea' id='block_1_42' title="bbox 508 4171 2086 4271">
    <p class='ocr_par' dir='ltr' id='par_1_42' title="bbox 508 4171 2086 4271">
     <span class='ocr_line' id='line_1_42' title="bbox 508 4171 2086 4271; baseline -0.026 -14"><span class='ocrx_word' id='word_1_335' title='bbox 508 4212 564 4257; x_wconf 86' lang='lat' dir='ltr'><strong>et</strong></span> <span class='ocrx_word' id='word_1_336' title='bbox 581 4171 706 4271; x_wconf 63' lang='lat' dir='ltr'><strong>qua:</strong></span> <span class='ocrx_word' id='word_1_337' title='bbox 731 4190 1096 4267; x_wconf 70' lang='lat' dir='ltr'><strong>blandiebautr</strong></span> <span class='ocrx_word' id='word_1_338' title='bbox 1123 4196 1181 4257; x_wconf 77' lang='lat' dir='ltr'><strong>ut</strong></span> <span class='ocrx_word' id='word_1_339' title='bbox 1207 4184 1505 4251; x_wconf 77' lang='lat' dir='ltr'><strong>seduceret,</strong></span> <span class='ocrx_word' id='word_1_340' title='bbox 1528 4176 1759 4243; x_wconf 80' lang='lat' dir='ltr'><strong>minatur</strong></span> <span class='ocrx_word' id='word_1_341' title='bbox 1785 4178 1842 4224; x_wconf 92' lang='lat' dir='ltr'><strong>ut</strong></span> <span class='ocrx_word' id='word_1_342' title='bbox 1870 4171 2086 4223; x_wconf 88' lang='lat' dir='ltr'><strong>terreat.</strong></span> 
     </span>
    </p>
   </div>
   <div class='ocr_carea' id='block_1_43' title="bbox 510 4254 2091 4363">
    <p class='ocr_par' dir='ltr' id='par_1_43' title="bbox 510 4254 2091 4363">
     <span class='ocr_line' id='line_1_43' title="bbox 510 4254 2091 4363; baseline -0.027 -13"><span class='ocrx_word' id='word_1_343' title='bbox 510 4254 621 4361; x_wconf 60' lang='lat' dir='ltr'><strong>Sexi</strong></span> <span class='ocrx_word' id='word_1_344' title='bbox 643 4289 695 4359; x_wconf 76' lang='lat' dir='ltr'><strong>si</strong></span> <span class='ocrx_word' id='word_1_345' title='bbox 717 4286 969 4363; x_wconf 81' lang='lat' dir='ltr'><strong>Dominus</strong></span> <span class='ocrx_word' id='word_1_346' title='bbox 998 4254 1083 4355; x_wconf 67' lang='lat' dir='ltr'><strong>est,</strong></span> <span class='ocrx_word' id='word_1_347' title='bbox 1185 4286 1237 4353; x_wconf 75' lang='lat' dir='ltr'><strong>te</strong></span> <span class='ocrx_word' id='word_1_348' title='bbox 1263 4317 1277 4341; x_wconf 92' lang='lat'><strong>,</strong></span> <span class='ocrx_word' id='word_1_349' title='bbox 1314 4283 1369 4329; x_wconf 88' lang='lat' dir='ltr'><strong>et</strong></span> <span class='ocrx_word' id='word_1_350' title='bbox 1394 4286 1497 4326; x_wconf 91' lang='lat' dir='ltr'><strong>non</strong></span> <span class='ocrx_word' id='word_1_351' title='bbox 1526 4263 1802 4335; x_wconf 88' lang='lat' dir='ltr'><strong>reliqueris</strong></span> <span class='ocrx_word' id='word_1_352' title='bbox 1826 4259 1893 4314; x_wconf 92' lang='lat' dir='ltr'><strong>de</strong></span> <span class='ocrx_word' id='word_1_353' title='bbox 1929 4254 2091 4313; x_wconf 89' lang='lat' dir='ltr'><strong>corde</strong></span> 
     </span>
    </p>
   </div>
   <div class='ocr_carea' id='block_1_44' title="bbox 514 4348 2095 4451">
    <p class='ocr_par' dir='ltr' id='par_1_44' title="bbox 514 4348 2095 4451">
     <span class='ocr_line' id='line_1_44' title="bbox 514 4348 2095 4451; baseline -0.027 -9"><span class='ocrx_word' id='word_1_354' title='bbox 514 4348 903 4451; x_wconf 34' lang='lat' dir='ltr'><strong>tuo’Cluistum</strong></span> <span class='ocrx_word' id='word_1_355' title='bbox 929 4391 943 4439; x_wconf 92' lang='lat'><strong>;</strong></span> <span class='ocrx_word' id='word_1_356' title='bbox 974 4348 1247 4448; x_wconf 56' lang='lat' dir='ltr'><strong>granion</strong></span> <span class='ocrx_word' id='word_1_357' title='bbox 1265 4381 1358 4437; x_wconf 72' lang='lat' dir='ltr'><strong>per</strong></span> <span class='ocrx_word' id='word_1_358' title='bbox 1384 4363 1599 4435; x_wconf 79' lang='lat' dir='ltr'><strong>sagittas</strong></span> <span class='ocrx_word' id='word_1_359' title='bbox 1624 4364 1804 4411; x_wconf 89' lang='lat' dir='ltr'><strong>acutas</strong></span> <span class='ocrx_word' id='word_1_360' title='bbox 1828 4360 1883 4407; x_wconf 93' lang='lat' dir='ltr'><strong>et</strong></span> <span class='ocrx_word' id='word_1_361' title='bbox 1907 4348 2095 4404; x_wconf 85' lang='lat' dir='ltr'><strong>carbo—</strong></span> 
     </span>
    </p>
   </div>
   <div class='ocr_carea' id='block_1_45' title="bbox 517 4434 2095 4543">
    <p class='ocr_par' dir='ltr' id='par_1_45' title="bbox 517 4434 2095 4543">
     <span class='ocr_line' id='line_1_45' title="bbox 517 4434 2095 4543; baseline -0.029 -9"><span class='ocrx_word' id='word_1_362' title='bbox 642 4434 1195 4536; x_wconf 22' lang='lat' dir='ltr'><strong>dcysoliitOrios-‘vic‘isti</strong></span> <span class='ocrx_word' id='word_1_363' title='bbox 1213 4434 1417 4528; x_wconf 73' lang='lat' dir='ltr'><strong>linguas</strong></span> <span class='ocrx_word' id='word_1_364' title='bbox 1442 4434 1654 4506; x_wconf 88' lang='lat' dir='ltr'><strong>dolosas</strong></span> <span class='ocrx_word' id='word_1_365' title='bbox 1675 4442 1842 4515; x_wconf 84' lang='lat' dir='ltr'><strong>(Psal.</strong></span> <span class='ocrx_word' id='word_1_366' title='bbox 1874 4453 2015 4504; x_wconf 63' lang='grc' dir='ltr'><strong>αλιι,</strong></span> <span class='ocrx_word' id='word_1_367' title='bbox 2033 4434 2095 4488; x_wconf 74' lang='grc'><strong>2-</strong></span> 
     </span>
    </p>
   </div>
   <div class='ocr_carea' id='block_1_46' title="bbox 516 4539 2098 4640">
    <p class='ocr_par' dir='ltr' id='par_1_46' title="bbox 516 4539 2098 4640">
     <span class='ocr_line' id='line_1_46' title="bbox 516 4539 2098 4640; baseline -0.029 -12"><span class='ocrx_word' id='word_1_368' title='bbox 516 4570 571 4640; x_wconf 69' lang='grc'>4)</span> <span class='ocrx_word' id='word_1_369' title='bbox 598 4611 613 4635; x_wconf 84' lang='grc'>,</span> <span class='ocrx_word' id='word_1_370' title='bbox 644 4540 697 4621; x_wconf 87' lang='lat' dir='ltr'><strong>id</strong></span> <span class='ocrx_word' id='word_1_371' title='bbox 720 4570 804 4620; x_wconf 85' lang='lat' dir='ltr'><strong>est</strong></span> <span class='ocrx_word' id='word_1_372' title='bbox 826 4600 847 4627; x_wconf 19' lang='grc' dir='ltr'><strong>,Α</strong></span> <span class='ocrx_word' id='word_1_373' title='bbox 889 4570 982 4628; x_wconf 82' lang='lat' dir='ltr'><strong>pet:</strong></span> <span class='ocrx_word' id='word_1_374' title='bbox 1006 4552 1173 4622; x_wconf 71' lang='lat' dir='ltr'><strong>verba,</strong></span> <span class='ocrx_word' id='word_1_375' title='bbox 1194 4549 1288 4617; x_wconf 82' lang='lat' dir='ltr'><strong>Dei</strong></span> <span class='ocrx_word' id='word_1_376' title='bbox 1316 4544 1505 4617; x_wconf 69' lang='lat' dir='ltr'><strong>quibus</strong></span> <span class='ocrx_word' id='word_1_377' title='bbox 1530 4539 1839 4603; x_wconf 79' lang='lat' dir='ltr'><strong>transﬁxum</strong></span> <span class='ocrx_word' id='word_1_378' title='bbox 1864 4540 1981 4603; x_wconf 78' lang='lat' dir='ltr'><strong>erat</strong></span> <span class='ocrx_word' id='word_1_379' title='bbox 2005 4542 2098 4584; x_wconf 89' lang='lat' dir='ltr'><strong>cor</strong></span> 
     </span>
    </p>
   </div>
   <div class='ocr_carea' id='block_1_47' title="bbox 520 4621 2098 4725">
    <p class='ocr_par' dir='ltr' id='par_1_47' title="bbox 520 4621 2098 4725">
     <span class='ocr_line' id='line_1_47' title="bbox 520 4621 2098 4725; baseline -0.028 -7"><span class='ocrx_word' id='word_1_380' title='bbox 520 4621 669 4718; x_wconf 40' lang='lat' dir='ltr'><strong>uitium</strong></span> <span class='ocrx_word' id='word_1_381' title='bbox 692 4697 711 4725; x_wconf 84' lang='lat'><strong>,</strong></span> <span class='ocrx_word' id='word_1_382' title='bbox 736 4663 792 4717; x_wconf 84' lang='lat' dir='ltr'><strong>et</strong></span> <span class='ocrx_word' id='word_1_383' title='bbox 933 4644 1179 4716; x_wconf 64' lang='lat' dir='ltr'><strong>exempla</strong></span> <span class='ocrx_word' id='word_1_384' title='bbox 1214 4642 1485 4712; x_wconf 69' lang='lat' dir='ltr'><strong>iustorum</strong></span> <span class='ocrx_word' id='word_1_385' title='bbox 1505 4633 1597 4705; x_wconf 90' lang='lat' dir='ltr'><strong>qui</strong></span> <span class='ocrx_word' id='word_1_386' title='bbox 1624 4631 1691 4688; x_wconf 90' lang='lat' dir='ltr'><strong>de</strong></span> <span class='ocrx_word' id='word_1_387' title='bbox 1719 4625 1941 4691; x_wconf 89' lang='lat' dir='ltr'><strong>mortuis</strong></span> <span class='ocrx_word' id='word_1_388' title='bbox 1964 4621 2098 4675; x_wconf 81' lang='lat' dir='ltr'><strong>vivi-</strong></span> 
     </span>
    </p>
   </div>
   <div class='ocr_carea' id='block_1_48' title="bbox 521 4712 2100 4814">
    <p class='ocr_par' dir='ltr' id='par_1_48' title="bbox 521 4712 2100 4814">
     <span class='ocr_line' id='line_1_48' title="bbox 521 4712 2100 4814; baseline -0.028 -2"><span class='ocrx_word' id='word_1_389' title='bbox 521 4753 668 4813; x_wconf 80' lang='lat' dir='ltr'><strong>ticali</strong></span> <span class='ocrx_word' id='word_1_390' title='bbox 869 4744 943 4809; x_wconf 79' lang='lat' dir='ltr'><strong>de</strong></span> <span class='ocrx_word' id='word_1_391' title='bbox 964 4712 1334 4812; x_wconf 52' lang='lat' dir='ltr'><strong>peccatoribus</strong></span> <span class='ocrx_word' id='word_1_392' title='bbox 1360 4728 1484 4801; x_wconf 62' lang='lat' dir='ltr'><strong>(acti</strong></span> <span class='ocrx_word' id='word_1_393' title='bbox 1513 4733 1635 4782; x_wconf 91' lang='lat' dir='ltr'><strong>sunt</strong></span> <span class='ocrx_word' id='word_1_394' title='bbox 1658 4721 1807 4792; x_wconf 85' lang='lat' dir='ltr'><strong>justi,</strong></span> <span class='ocrx_word' id='word_1_395' title='bbox 1835 4712 2100 4788; x_wconf 81' lang='lat' dir='ltr'><strong>quomodo</strong></span> 
     </span>
    </p>
   </div>
   <div class='ocr_carea' id='block_1_49' title="bbox 521 4805 2102 4905">
    <p class='ocr_par' dir='ltr' id='par_1_49' title="bbox 521 4805 2102 4905">
     <span class='ocr_line' id='line_1_49' title="bbox 521 4805 2102 4905; baseline -0.03 0"><span class='ocrx_word' id='word_1_396' title='bbox 521 4805 1071 4905; x_wconf 22' lang='lat' dir='ltr'><strong>carboucsdelmutte</strong></span> <span class='ocrx_word' id='word_1_397' title='bbox 1110 4828 1444 4899; x_wconf 60' lang='lat' dir='ltr'><strong>revivescunt</strong></span> <span class='ocrx_word' id='word_1_398' title='bbox 1474 4836 1490 4875; x_wconf 73' lang='grc' dir='ltr'>ε</span> <span class='ocrx_word' id='word_1_399' title='bbox 1520 4814 1786 4889; x_wconf 87' lang='lat' dir='ltr'><strong>quomodo</strong></span> <span class='ocrx_word' id='word_1_400' title='bbox 1827 4824 1953 4880; x_wconf 86' lang='lat' dir='ltr'><strong>ergo</strong></span> <span class='ocrx_word' id='word_1_401' title='bbox 1983 4805 2102 4860; x_wconf 91' lang='lat' dir='ltr'><strong>illos</strong></span> 
     </span>
    </p>
   </div>
   <div class='ocr_carea' id='block_1_50' title="bbox 525 4898 2103 5005">
    <p class='ocr_par' dir='ltr' id='par_1_50' title="bbox 525 4898 2103 5005">
     <span class='ocr_line' id='line_1_50' title="bbox 525 4898 2103 5005; baseline -0.03 -8"><span class='ocrx_word' id='word_1_402' title='bbox 950 4898 1013 4985; x_wconf 83' lang='lat' dir='ltr'><strong>et</strong></span> <span class='ocrx_word' id='word_1_403' title='bbox 1370 4908 1726 4987; x_wconf 68' lang='lat' dir='ltr'><strong>desolatoriis,</strong></span> <span class='ocrx_word' id='word_1_404' title='bbox 1748 4903 1931 4959; x_wconf 86' lang='lat' dir='ltr'><strong>dolose</strong></span> <span class='ocrx_word' id='word_1_405' title='bbox 1952 4898 2103 4955; x_wconf 85' lang='lat' dir='ltr'><strong>blan-</strong></span> 
     </span>
    </p>
   </div>
   <div class='ocr_carea' id='block_1_51' title="bbox 525 4990 2103 5091">
    <p class='ocr_par' dir='ltr' id='par_1_51' title="bbox 525 4990 2103 5091">
     <span class='ocr_line' id='line_1_51' title="bbox 525 4990 2103 5091; baseline -0.03 -1"><span class='ocrx_word' id='word_1_406' title='bbox 525 5034 737 5091; x_wconf 21' lang='lat' dir='ltr'><strong>dientes,</strong></span> <span class='ocrx_word' id='word_1_407' title='bbox 755 4990 812 5085; x_wconf 49' lang='lat' dir='ltr'><strong>ei</strong></span> <span class='ocrx_word' id='word_1_408' title='bbox 836 4990 1153 5083; x_wconf 69' lang='lat' dir='ltr'><strong>blandieudn</strong></span> <span class='ocrx_word' id='word_1_409' title='bbox 1177 5009 1521 5077; x_wconf 76' lang='lat' dir='ltr'><strong>seducentes;</strong></span> <span class='ocrx_word' id='word_1_410' title='bbox 1543 5002 1621 5057; x_wconf 91' lang='lat' dir='ltr'><strong>sic</strong></span> <span class='ocrx_word' id='word_1_411' title='bbox 1646 5001 1776 5055; x_wconf 91' lang='lat' dir='ltr'><strong>istos</strong></span> <span class='ocrx_word' id='word_1_412' title='bbox 1798 4995 1977 5062; x_wconf 87' lang='lat' dir='ltr'><strong>vinces</strong></span> <span class='ocrx_word' id='word_1_413' title='bbox 1995 4990 2103 5061; x_wconf 73' lang='lat' dir='ltr'><strong>iam</strong></span> 
     </span>
    </p>
   </div>
   <div class='ocr_carea' id='block_1_52' title="bbox 529 5086 2106 5183">
    <p class='ocr_par' dir='ltr' id='par_1_52' title="bbox 529 5086 2106 5183">
     <span class='ocr_line' id='line_1_52' title="bbox 529 5086 2106 5183; baseline -0.03 -3"><span class='ocrx_word' id='word_1_414' title='bbox 529 5086 813 5183; x_wconf 72' lang='lat' dir='ltr'><strong>irascendo,</strong></span> <span class='ocrx_word' id='word_1_415' title='bbox 834 5109 1242 5179; x_wconf 68' lang='lat' dir='ltr'><strong>comminantes,</strong></span> <span class='ocrx_word' id='word_1_416' title='bbox 1261 5101 1383 5173; x_wconf 82' lang='lat' dir='ltr'><strong>quia</strong></span> <span class='ocrx_word' id='word_1_417' title='bbox 1408 5091 1724 5167; x_wconf 72' lang='lat' dir='ltr'><strong>blandiendo</strong></span> <span class='ocrx_word' id='word_1_418' title='bbox 1744 5086 1998 5153; x_wconf 87' lang='lat' dir='ltr'><strong>seducere</strong></span> <span class='ocrx_word' id='word_1_419' title='bbox 2016 5098 2106 5149; x_wconf 85' lang='lat' dir='ltr'><strong>ue-</strong></span> 
     </span>
    </p>
   </div>
   <div class='ocr_carea' id='block_1_53' title="bbox 530 5180 2110 5285">
    <p class='ocr_par' dir='ltr' id='par_1_53' title="bbox 530 5180 2110 5285">
     <span class='ocr_line' id='line_1_53' title="bbox 530 5180 2110 5285; baseline -0.028 -15"><span class='ocrx_word' id='word_1_420' title='bbox 530 5180 833 5285; x_wconf 78' lang='lat' dir='ltr'><strong>quiverunt.</strong></span> <span class='ocrx_word' id='word_1_421' title='bbox 863 5203 999 5261; x_wconf 67' lang='lat' dir='ltr'><strong>Victi</strong></span> <span class='ocrx_word' id='word_1_422' title='bbox 1025 5206 1151 5269; x_wconf 73' lang='lat' dir='ltr'><strong>sunt.</strong></span> <span class='ocrx_word' id='word_1_423' title='bbox 1319 5187 1680 5259; x_wconf 76' lang='lat' dir='ltr'><strong>blandiretttur</strong></span> <span class='ocrx_word' id='word_1_424' title='bbox 1704 5224 1719 5249; x_wconf 91' lang='lat'><strong>,</strong></span> <span class='ocrx_word' id='word_1_425' title='bbox 1751 5181 2027 5241; x_wconf 83' lang='lat' dir='ltr'><strong>vincantur</strong></span> <span class='ocrx_word' id='word_1_426' title='bbox 2056 5180 2110 5228; x_wconf 90' lang='lat' dir='ltr'><strong>et</strong></span> 
     </span>
    </p>
   </div>
   <div class='ocr_carea' id='block_1_54' title="bbox 533 5267 2111 5362">
    <p class='ocr_par' dir='ltr' id='par_1_54' title="bbox 533 5267 2111 5362">
     <span class='ocr_line' id='line_1_54' title="bbox 533 5267 2111 5362; baseline -0.028 0"><span class='ocrx_word' id='word_1_427' title='bbox 533 5319 656 5362; x_wconf 84' lang='lat' dir='ltr'><strong>cum</strong></span> <span class='ocrx_word' id='word_1_428' title='bbox 683 5301 971 5359; x_wconf 75' lang='lat' dir='ltr'><strong>minantur.</strong></span> <span class='ocrx_word' id='word_1_429' title='bbox 1014 5290 1122 5359; x_wconf 74' lang='lat' dir='ltr'><strong>Sed</strong></span> <span class='ocrx_word' id='word_1_430' title='bbox 1153 5288 1436 5359; x_wconf 75' lang='lat' dir='ltr'><strong>vincuntur</strong></span> <span class='ocrx_word' id='word_1_431' title='bbox 1457 5322 1474 5346; x_wconf 83' lang='grc'>,</span> <span class='ocrx_word' id='word_1_432' title='bbox 1520 5274 1785 5351; x_wconf 86' lang='lat' dir='ltr'><strong>quomodo</strong></span> <span class='ocrx_word' id='word_1_433' title='bbox 1808 5314 1824 5339; x_wconf 92' lang='lat'><strong>,</strong></span> <span class='ocrx_word' id='word_1_434' title='bbox 1852 5271 1949 5325; x_wconf 82' lang='lat' dir='ltr'><strong>nisi</strong></span> <span class='ocrx_word' id='word_1_435' title='bbox 1992 5267 2111 5339; x_wconf 82' lang='lat' dir='ltr'><strong>quia</strong></span> 
     </span>
    </p>
   </div>
   <div class='ocr_carea' id='block_1_55' title="bbox 532 5356 2114 5453">
    <p class='ocr_par' dir='ltr' id='par_1_55' title="bbox 532 5356 2114 5453">
     <span class='ocr_line' id='line_1_55' title="bbox 532 5356 2114 5453; baseline -0.027 1"><span class='ocrx_word' id='word_1_436' title='bbox 532 5393 791 5453; x_wconf 83' lang='lat' dir='ltr'><strong>Dominus.</strong></span> <span class='ocrx_word' id='word_1_437' title='bbox 805 5396 914 5447; x_wconf 80' lang='lat' dir='ltr'><strong>erat</strong></span> <span class='ocrx_word' id='word_1_438' title='bbox 935 5388 989 5440; x_wconf 87' lang='lat' dir='ltr'><strong>in</strong></span> <span class='ocrx_word' id='word_1_439' title='bbox 1015 5356 1187 5449; x_wconf 71' lang='lat' dir='ltr'><strong>nabis?</strong></span> <span class='ocrx_word' id='word_1_440' title='bbox 1200 5356 1535 5445; x_wconf 63' lang='lat' dir='ltr'><strong>Manifestum</strong></span> <span class='ocrx_word' id='word_1_441' title='bbox 1556 5381 1636 5428; x_wconf 87' lang='lat' dir='ltr'><strong>est</strong></span> <span class='ocrx_word' id='word_1_442' title='bbox 1664 5367 1787 5441; x_wconf 81' lang='lat' dir='ltr'><strong>quia</strong></span> <span class='ocrx_word' id='word_1_443' title='bbox 1813 5379 1917 5421; x_wconf 87' lang='lat' dir='ltr'><strong>non</strong></span> <span class='ocrx_word' id='word_1_444' title='bbox 1942 5356 2114 5415; x_wconf 84' lang='lat' dir='ltr'><strong>vicisti</strong></span> 
     </span>
    </p>
   </div>
   <div class='ocr_carea' id='block_1_56' title="bbox 532 5460 2114 5567">
    <p class='ocr_par' dir='ltr' id='par_1_56' title="bbox 532 5460 2114 5567">
     <span class='ocr_line' id='line_1_56' title="bbox 532 5460 2114 5567; baseline -0.025 -19"><span class='ocrx_word' id='word_1_445' title='bbox 532 5502 617 5567; x_wconf 68' lang='lat' dir='ltr'><strong>tu,</strong></span> <span class='ocrx_word' id='word_1_446' title='bbox 632 5485 726 5550; x_wconf 79' lang='lat' dir='ltr'><strong>sed</strong></span> <span class='ocrx_word' id='word_1_447' title='bbox 752 5482 876 5541; x_wconf 82' lang='lat' dir='ltr'><strong>vicit</strong></span> <span class='ocrx_word' id='word_1_448' title='bbox 903 5479 993 5537; x_wconf 87' lang='lat' dir='ltr'><strong>ille</strong></span> <span class='ocrx_word' id='word_1_449' title='bbox 1015 5476 1211 5547; x_wconf 72' lang='lat' dir='ltr'><strong>quiest</strong></span> <span class='ocrx_word' id='word_1_450' title='bbox 1230 5473 1283 5537; x_wconf 89' lang='lat' dir='ltr'><strong>in</strong></span> <span class='ocrx_word' id='word_1_451' title='bbox 1308 5480 1379 5529; x_wconf 78' lang='lat' dir='ltr'><strong>te.</strong></span> <span class='ocrx_word' id='word_1_452' title='bbox 1400 5470 1778 5541; x_wconf 81' lang='lat' dir='ltr'><strong>imperatorem</strong></span> <span class='ocrx_word' id='word_1_453' title='bbox 1812 5460 1967 5516; x_wconf 85' lang='lat' dir='ltr'><strong>talem</strong></span> <span class='ocrx_word' id='word_1_454' title='bbox 1992 5469 2114 5527; x_wconf 91' lang='lat' dir='ltr'><strong>por-</strong></span> 
     </span>
    </p>
   </div>
   <div class='ocr_carea' id='block_1_57' title="bbox 600 5615 1302 5693">
    <p class='ocr_par' dir='ltr' id='par_1_57' title="bbox 600 5615 1302 5693">
     <span class='ocr_line' id='line_1_57' title="bbox 600 5615 1302 5693; baseline -0.028 -11"><span class='ocrx_word' id='word_1_455' title='bbox 600 5634 617 5667; x_wconf 74' lang='grc' dir='ltr'>ί</span> <span class='ocrx_word' id='word_1_456' title='bbox 647 5630 982 5693; x_wconf 30' lang='grc' dir='ltr'><strong>Αὶὶίιιιοῐλῆιεεη</strong></span> <span class='ocrx_word' id='word_1_457' title='bbox 1006 5615 1302 5693; x_wconf 60' lang='lat' dir='ltr'><strong>ridebantur.</strong></span> 
     </span>
    </p>
   </div>
   <div class='ocr_carea' id='block_1_58' title="bbox 596 5662 2120 5752">
    <p class='ocr_par' dir='ltr' id='par_1_58' title="bbox 596 5662 2120 5752">
     <span class='ocr_line' id='line_1_58' title="bbox 596 5662 2120 5752; baseline -0.021 -7"><span class='ocrx_word' id='word_1_458' title='bbox 596 5698 619 5735; x_wconf 70' lang='grc' dir='ltr'><strong>ι</strong></span> <span class='ocrx_word' id='word_1_459' title='bbox 1034 5662 1473 5752; x_wconf 37' lang='lat' dir='ltr'><strong>“Lam,</strong></span> <span class='ocrx_word' id='word_1_460' title='bbox 1488 5697 1491 5700; x_wconf 90' lang='lat'><strong><em>-</em></strong></span> <span class='ocrx_word' id='word_1_461' title='bbox 1507 5670 1661 5722; x_wconf 66' lang='lat' dir='ltr'><strong>Licere</strong></span> <span class='ocrx_word' id='word_1_462' title='bbox 1695 5681 1795 5720; x_wconf 77' lang='lat' dir='ltr'><strong>non</strong></span> <span class='ocrx_word' id='word_1_463' title='bbox 1814 5662 1983 5731; x_wconf 72' lang='lat' dir='ltr'><strong>potes?</strong></span> <span class='ocrx_word' id='word_1_464' title='bbox 2019 5676 2120 5715; x_wconf 72' lang='lat' dir='ltr'><strong>set-</strong></span> 
     </span>
    </p>
   </div>
   <div class='ocr_carea' id='block_1_59' title="bbox 543 5732 2039 5811">
    <p class='ocr_par' dir='ltr' id='par_1_59' title="bbox 543 5732 2039 5811">
     <span class='ocr_line' id='line_1_59' title="bbox 543 5732 2039 5811; baseline -0.031 -1"><span class='ocrx_word' id='word_1_465' title='bbox 543 5732 922 5809; x_wconf 41' lang='lat' dir='ltr'><strong>t‘itiezlite-tybeo</strong></span> <span class='ocrx_word' id='word_1_466' title='bbox 942 5732 1038 5798; x_wconf 65' lang='lat' dir='ltr'><strong>ium</strong></span> <span class='ocrx_word' id='word_1_467' title='bbox 1063 5732 1231 5811; x_wconf 28' lang='lat' dir='ltr'><strong>potes“?</strong></span> <span class='ocrx_word' id='word_1_468' title='bbox 1325 5744 1434 5811; x_wconf 43' lang='grc' dir='ltr'><strong>Μ..</strong></span> <span class='ocrx_word' id='word_1_469' title='bbox 1498 5794 1507 5803; x_wconf 34' lang='grc' dir='ltr'><strong>ε</strong></span> <span class='ocrx_word' id='word_1_470' title='bbox 1612 5803 1625 5811; x_wconf 67' lang='lat'>_</span> <span class='ocrx_word' id='word_1_471' title='bbox 1828 5790 1837 5800; x_wconf 38' lang='lat'><em>.</em></span> <span class='ocrx_word' id='word_1_472' title='bbox 2036 5732 2039 5735; x_wconf 94' lang='grc'>·</span> 
     </span>
    </p>
   </div>
   <div class='ocr_carea' id='block_1_60' title="bbox 603 5787 2123 5876">
    <p class='ocr_par' dir='ltr' id='par_1_60' title="bbox 603 5787 2123 5876">
     <span class='ocr_line' id='line_1_60' title="bbox 603 5787 2123 5876; baseline -0.016 -11"><span class='ocrx_word' id='word_1_473' title='bbox 603 5787 641 5865; x_wconf 61' lang='grc' dir='ltr'><strong>ἶ</strong></span> <span class='ocrx_word' id='word_1_474' title='bbox 663 5787 1219 5876; x_wconf 51' lang='grc' dir='ltr'><strong>’ἐξ</strong></span> <span class='ocrx_word' id='word_1_475' title='bbox 1251 5794 1548 5865; x_wconf 72' lang='lat' dir='ltr'><strong>aggrederis.</strong></span> <span class='ocrx_word' id='word_1_476' title='bbox 1612 5803 1716 5849; x_wconf 78' lang='lat' dir='ltr'><strong>Lov.</strong></span> <span class='ocrx_word' id='word_1_477' title='bbox 1740 5830 1753 5855; x_wconf 85' lang='lat'><strong>,</strong></span> <span class='ocrx_word' id='word_1_478' title='bbox 1796 5790 1841 5843; x_wconf 81' lang='lat' dir='ltr'><strong>si</strong></span> <span class='ocrx_word' id='word_1_479' title='bbox 1873 5787 2123 5858; x_wconf 82' lang='lat' dir='ltr'><strong>aggredie-</strong></span> 
     </span>
    </p>
   </div>
   <div class='ocr_carea' id='block_1_61' title="bbox 539 5885 782 5935">
    <p class='ocr_par' dir='ltr' id='par_1_61' title="bbox 539 5885 782 5935">
     <span class='ocr_line' id='line_1_61' title="bbox 539 5885 782 5935; baseline -0.041 1"><span class='ocrx_word' id='word_1_480' title='bbox 539 5894 630 5935; x_wconf 81' lang='lat' dir='ltr'><strong>ru.</strong></span> <span class='ocrx_word' id='word_1_481' title='bbox 728 5885 782 5927; x_wconf 65' lang='lat' dir='ltr'><strong>Si.</strong></span> 
     </span>
    </p>
   </div>
   <div class='ocr_carea' id='block_1_62' title="bbox 1676 355 2479 433">
    <p class='ocr_par' dir='ltr' id='par_1_62' title="bbox 1676 355 2479 433">
     <span class='ocr_line' id='line_1_62' title="bbox 1676 355 2479 433; baseline -0.012 0"><span class='ocrx_word' id='word_1_482' title='bbox 1676 376 1735 433; x_wconf 84' lang='lat' dir='ltr'><strong>S.</strong></span> <span class='ocrx_word' id='word_1_483' title='bbox 1776 369 2143 432; x_wconf 77' lang='lat' dir='ltr'><strong>AUGUSTINI</strong></span> <span class='ocrx_word' id='word_1_484' title='bbox 2182 355 2479 426; x_wconf 81' lang='lat' dir='ltr'><strong>EPiSCOPl</strong></span> 
     </span>
    </p>
   </div>
   <div class='ocr_carea' id='block_1_63' title="bbox 3580 354 3714 421">
    <p class='ocr_par' dir='ltr' id='par_1_63' title="bbox 3580 354 3714 421">
     <span class='ocr_line' id='line_1_63' title="bbox 3580 354 3714 421; baseline 0.015 -2"><span class='ocrx_word' id='word_1_485' title='bbox 3580 354 3714 421; x_wconf 64' lang='lat' dir='ltr'><strong>i6“</strong></span> 
     </span>
    </p>
   </div>
   <div class='ocr_carea' id='block_1_64' title="bbox 2138 472 3717 557">
    <p class='ocr_par' dir='ltr' id='par_1_64' title="bbox 2138 472 3717 557">
     <span class='ocr_line' id='line_1_64' title="bbox 2138 472 3717 557; baseline -0.006 -20"><span class='ocrx_word' id='word_1_486' title='bbox 2138 489 2219 537; x_wconf 88' lang='lat' dir='ltr'><strong>tas</strong></span> <span class='ocrx_word' id='word_1_487' title='bbox 2241 522 2257 548; x_wconf 96' lang='lat'><strong>,</strong></span> <span class='ocrx_word' id='word_1_488' title='bbox 2288 489 2342 536; x_wconf 91' lang='lat' dir='ltr'><strong>et</strong></span> <span class='ocrx_word' id='word_1_489' title='bbox 2369 478 2638 536; x_wconf 85' lang='lat' dir='ltr'><strong>vinceris?</strong></span> <span class='ocrx_word' id='word_1_490' title='bbox 2663 476 2846 533; x_wconf 81' lang='lat' dir='ltr'><strong>Nonne</strong></span> <span class='ocrx_word' id='word_1_491' title='bbox 2875 472 2962 533; x_wconf 92' lang='lat' dir='ltr'><strong>ille</strong></span> <span class='ocrx_word' id='word_1_492' title='bbox 2984 481 3069 557; x_wconf 75' lang='lat' dir='ltr'><strong>est</strong></span> <span class='ocrx_word' id='word_1_493' title='bbox 3093 488 3248 547; x_wconf 90' lang='lat' dir='ltr'><strong>quem</strong></span> <span class='ocrx_word' id='word_1_494' title='bbox 3274 480 3457 545; x_wconf 86' lang='lat' dir='ltr'><strong>portas</strong></span> <span class='ocrx_word' id='word_1_495' title='bbox 3480 513 3495 539; x_wconf 86' lang='lat'><strong>,</strong></span> <span class='ocrx_word' id='word_1_496' title='bbox 3526 474 3615 545; x_wconf 89' lang='lat' dir='ltr'><strong>qui</strong></span> <span class='ocrx_word' id='word_1_497' title='bbox 3644 472 3717 528; x_wconf 83' lang='lat' dir='ltr'><strong>tli-</strong></span> 
     </span>
    </p>
   </div>
   <div class='ocr_carea' id='block_1_65' title="bbox 2137 552 3719 644">
    <p class='ocr_par' dir='ltr' id='par_1_65' title="bbox 2137 552 3719 644">
     <span class='ocr_line' id='line_1_65' title="bbox 2137 552 3719 644; baseline -0.006 -16"><span class='ocrx_word' id='word_1_498' title='bbox 2137 574 2251 639; x_wconf 85' lang='lat' dir='ltr'><strong>xit,</strong></span> <span class='ocrx_word' id='word_1_499' title='bbox 2282 572 2392 644; x_wconf 89' lang='lat' dir='ltr'><strong>Ego</strong></span> <span class='ocrx_word' id='word_1_500' title='bbox 2435 572 2531 626; x_wconf 85' lang='lat' dir='ltr'><strong>uici</strong></span> <span class='ocrx_word' id='word_1_501' title='bbox 2555 571 2794 626; x_wconf 71' lang='lat' dir='ltr'><strong>saxulum</strong></span> <span class='ocrx_word' id='word_1_502' title='bbox 2822 552 3120 641; x_wconf 26' lang='lat' dir='ltr'><strong>(Joanfxvt</strong></span> <span class='ocrx_word' id='word_1_503' title='bbox 3144 608 3159 633; x_wconf 95' lang='lat'><strong>,</strong></span> <span class='ocrx_word' id='word_1_504' title='bbox 3191 566 3283 635; x_wconf 71' lang='lat'><strong>33)</strong></span> <span class='ocrx_word' id='word_1_505' title='bbox 3304 564 3327 618; x_wconf 87' lang='lat'><strong>?</strong></span> <span class='ocrx_word' id='word_1_506' title='bbox 3348 552 3534 618; x_wconf 89' lang='lat' dir='ltr'><strong>nonne</strong></span> <span class='ocrx_word' id='word_1_507' title='bbox 3576 564 3719 634; x_wconf 85' lang='lat' dir='ltr'><strong>prior</strong></span> 
     </span>
    </p>
   </div>
   <div class='ocr_carea' id='block_1_66' title="bbox 2137 662 3723 727">
    <p class='ocr_par' dir='ltr' id='par_1_66' title="bbox 2137 662 3723 727">
     <span class='ocr_line' id='line_1_66' title="bbox 2137 662 3723 727; baseline -0.008 -8"><span class='ocrx_word' id='word_1_508' title='bbox 2137 665 2369 719; x_wconf 89' lang='lat' dir='ltr'><strong>moriens</strong></span> <span class='ocrx_word' id='word_1_509' title='bbox 2396 662 2520 717; x_wconf 91' lang='lat' dir='ltr'><strong>vit-it</strong></span> <span class='ocrx_word' id='word_1_510' title='bbox 2546 662 2834 723; x_wconf 90' lang='lat' dir='ltr'><strong>diabolum,</strong></span> <span class='ocrx_word' id='word_1_511' title='bbox 2864 673 2984 715; x_wconf 91' lang='lat' dir='ltr'><strong>eum</strong></span> <span class='ocrx_word' id='word_1_512' title='bbox 3013 672 3224 727; x_wconf 88' lang='lat' dir='ltr'><strong>semper</strong></span> <span class='ocrx_word' id='word_1_513' title='bbox 3244 663 3389 727; x_wconf 81' lang='lat' dir='ltr'><strong>esset</strong></span> <span class='ocrx_word' id='word_1_514' title='bbox 3412 669 3574 726; x_wconf 83' lang='lat' dir='ltr'><strong>super</strong></span> <span class='ocrx_word' id='word_1_515' title='bbox 3602 670 3723 710; x_wconf 84' lang='lat' dir='ltr'><strong>om-</strong></span> 
     </span>
    </p>
   </div>
   <div class='ocr_carea' id='block_1_67' title="bbox 2138 732 3727 839">
    <p class='ocr_par' dir='ltr' id='par_1_67' title="bbox 2138 732 3727 839">
     <span class='ocr_line' id='line_1_67' title="bbox 2138 732 3727 839; baseline -0.007 -29"><span class='ocrx_word' id='word_1_516' title='bbox 2138 770 2258 810; x_wconf 88' lang='lat' dir='ltr'><strong>nem</strong></span> <span class='ocrx_word' id='word_1_517' title='bbox 2286 762 2581 809; x_wconf 89' lang='lat' dir='ltr'><strong>creaturam</strong></span> <span class='ocrx_word' id='word_1_518' title='bbox 2610 794 2624 816; x_wconf 87' lang='lat'><strong>,</strong></span> <span class='ocrx_word' id='word_1_519' title='bbox 2656 751 2776 839; x_wconf 77' lang='lat' dir='ltr'><strong>quia</strong></span> <span class='ocrx_word' id='word_1_520' title='bbox 2802 749 3035 817; x_wconf 75' lang='lat' dir='ltr'><strong>Verbum</strong></span> <span class='ocrx_word' id='word_1_521' title='bbox 3062 732 3205 803; x_wconf 90' lang='lat' dir='ltr'><strong>Deus</strong></span> <span class='ocrx_word' id='word_1_522' title='bbox 3234 754 3315 817; x_wconf 85' lang='lat' dir='ltr'><strong>est</strong></span> <span class='ocrx_word' id='word_1_523' title='bbox 3341 744 3482 815; x_wconf 90' lang='lat' dir='ltr'><strong>apud</strong></span> <span class='ocrx_word' id='word_1_524' title='bbox 3510 744 3727 805; x_wconf 66' lang='lat' dir='ltr'><strong>Deum?</strong></span> 
     </span>
    </p>
   </div>
   <div class='ocr_carea' id='block_1_68' title="bbox 2137 836 3730 919">
    <p class='ocr_par' dir='ltr' id='par_1_68' title="bbox 2137 836 3730 919">
     <span class='ocr_line' id='line_1_68' title="bbox 2137 836 3730 919; baseline -0.009 -14"><span class='ocrx_word' id='word_1_525' title='bbox 2137 850 2315 919; x_wconf 90' lang='lat' dir='ltr'><strong>Quare</strong></span> <span class='ocrx_word' id='word_1_526' title='bbox 2339 848 2463 902; x_wconf 90' lang='lat' dir='ltr'><strong>vicit</strong></span> <span class='ocrx_word' id='word_1_527' title='bbox 2487 888 2500 910; x_wconf 87' lang='lat'><strong>,</strong></span> <span class='ocrx_word' id='word_1_528' title='bbox 2531 846 2630 901; x_wconf 90' lang='lat' dir='ltr'><strong>nisi</strong></span> <span class='ocrx_word' id='word_1_529' title='bbox 2655 836 2710 900; x_wconf 88' lang='lat' dir='ltr'><strong>ut</strong></span> <span class='ocrx_word' id='word_1_530' title='bbox 2732 853 2781 900; x_wconf 92' lang='lat' dir='ltr'><strong>te</strong></span> <span class='ocrx_word' id='word_1_531' title='bbox 2805 844 3023 901; x_wconf 90' lang='lat' dir='ltr'><strong>doceret</strong></span> <span class='ocrx_word' id='word_1_532' title='bbox 3046 858 3165 903; x_wconf 86' lang='lat' dir='ltr'><strong>cum</strong></span> <span class='ocrx_word' id='word_1_533' title='bbox 3194 836 3406 898; x_wconf 88' lang='lat' dir='ltr'><strong>diabolo</strong></span> <span class='ocrx_word' id='word_1_534' title='bbox 3426 837 3730 895; x_wconf 80' lang='lat' dir='ltr'><strong>dimicare?</strong></span> 
     </span>
    </p>
   </div>
   <div class='ocr_carea' id='block_1_69' title="bbox 2138 930 3731 1019">
    <p class='ocr_par' dir='ltr' id='par_1_69' title="bbox 2138 930 3731 1019">
     <span class='ocr_line' id='line_1_69' title="bbox 2138 930 3731 1019; baseline -0.008 -22"><span class='ocrx_word' id='word_1_535' title='bbox 2138 942 2207 997; x_wconf 87' lang='lat' dir='ltr'><strong>Et</strong></span> <span class='ocrx_word' id='word_1_536' title='bbox 2230 950 2407 996; x_wconf 89' lang='lat' dir='ltr'><strong>tamen</strong></span> <span class='ocrx_word' id='word_1_537' title='bbox 2432 940 2540 1009; x_wconf 90' lang='lat' dir='ltr'><strong>jam</strong></span> <span class='ocrx_word' id='word_1_538' title='bbox 2567 938 2752 1002; x_wconf 90' lang='lat' dir='ltr'><strong>doctus</strong></span> <span class='ocrx_word' id='word_1_539' title='bbox 2778 979 2799 1003; x_wconf 65' lang='grc' dir='ltr'><strong>ι</strong></span> <span class='ocrx_word' id='word_1_540' title='bbox 2828 938 2927 992; x_wconf 91' lang='lat' dir='ltr'><strong>nisi</strong></span> <span class='ocrx_word' id='word_1_541' title='bbox 2956 937 3007 993; x_wconf 86' lang='lat' dir='ltr'><strong>in</strong></span> <span class='ocrx_word' id='word_1_542' title='bbox 3037 944 3087 991; x_wconf 90' lang='lat' dir='ltr'><strong>te</strong></span> <span class='ocrx_word' id='word_1_543' title='bbox 3129 936 3199 990; x_wconf 91' lang='lat' dir='ltr'><strong>sit</strong></span> <span class='ocrx_word' id='word_1_544' title='bbox 3226 933 3313 990; x_wconf 90' lang='lat' dir='ltr'><strong>ille</strong></span> <span class='ocrx_word' id='word_1_545' title='bbox 3339 933 3431 1019; x_wconf 78' lang='lat' dir='ltr'><strong>qui</strong></span> <span class='ocrx_word' id='word_1_546' title='bbox 3458 932 3607 1009; x_wconf 90' lang='lat' dir='ltr'><strong>prior</strong></span> <span class='ocrx_word' id='word_1_547' title='bbox 3635 930 3731 985; x_wconf 91' lang='lat' dir='ltr'><strong>tibi</strong></span> 
     </span>
    </p>
   </div>
   <div class='ocr_carea' id='block_1_70' title="bbox 2138 1022 3735 1103">
    <p class='ocr_par' dir='ltr' id='par_1_70' title="bbox 2138 1022 3735 1103">
     <span class='ocr_line' id='line_1_70' title="bbox 2138 1022 3735 1103; baseline -0.006 -16"><span class='ocrx_word' id='word_1_548' title='bbox 2138 1034 2265 1089; x_wconf 90' lang='lat' dir='ltr'><strong>vicit</strong></span> <span class='ocrx_word' id='word_1_549' title='bbox 2288 1076 2303 1100; x_wconf 95' lang='lat'><strong>,</strong></span> <span class='ocrx_word' id='word_1_550' title='bbox 2331 1031 2579 1088; x_wconf 89' lang='lat' dir='ltr'><strong>vinceris.</strong></span> <span class='ocrx_word' id='word_1_551' title='bbox 2610 1029 2727 1084; x_wconf 88' lang='lat' dir='ltr'><strong>Nisi</strong></span> <span class='ocrx_word' id='word_1_552' title='bbox 2750 1031 2866 1103; x_wconf 85' lang='lat' dir='ltr'><strong>quia</strong></span> <span class='ocrx_word' id='word_1_553' title='bbox 2890 1028 3142 1085; x_wconf 82' lang='lat' dir='ltr'><strong>Dominus</strong></span> <span class='ocrx_word' id='word_1_554' title='bbox 3168 1036 3273 1081; x_wconf 90' lang='lat' dir='ltr'><strong>erat</strong></span> <span class='ocrx_word' id='word_1_555' title='bbox 3297 1026 3351 1080; x_wconf 88' lang='lat' dir='ltr'><strong>in</strong></span> <span class='ocrx_word' id='word_1_556' title='bbox 3390 1024 3531 1078; x_wconf 88' lang='lat' dir='ltr'><strong>nobis</strong></span> <span class='ocrx_word' id='word_1_557' title='bbox 3552 1064 3569 1089; x_wconf 86' lang='lat'><strong>,</strong></span> <span class='ocrx_word' id='word_1_558' title='bbox 3602 1022 3735 1079; x_wconf 81' lang='lat' dir='ltr'><strong>dum</strong></span> 
     </span>
    </p>
   </div>
   <div class='ocr_carea' id='block_1_71' title="bbox 2136 1114 3735 1198">
    <p class='ocr_par' dir='ltr' id='par_1_71' title="bbox 2136 1114 3735 1198">
     <span class='ocr_line' id='line_1_71' title="bbox 2136 1114 3735 1198; baseline -0.008 -16"><span class='ocrx_word' id='word_1_559' title='bbox 2136 1128 2453 1198; x_wconf 79' lang='lat' dir='ltr'><strong>insurgerent</strong></span> <span class='ocrx_word' id='word_1_560' title='bbox 2477 1124 2698 1178; x_wconf 78' lang='lat' dir='ltr'><strong>homines</strong></span> <span class='ocrx_word' id='word_1_561' title='bbox 2728 1139 2877 1193; x_wconf 86' lang='lat' dir='ltr'><strong>super</strong></span> <span class='ocrx_word' id='word_1_562' title='bbox 2899 1139 3009 1188; x_wconf 89' lang='lat' dir='ltr'><strong>nos,</strong></span> <span class='ocrx_word' id='word_1_563' title='bbox 3039 1121 3251 1193; x_wconf 79' lang='lat' dir='ltr'><strong>forsitan</strong></span> <span class='ocrx_word' id='word_1_564' title='bbox 3277 1119 3407 1172; x_wconf 84' lang='lat' dir='ltr'><strong>vivos</strong></span> <span class='ocrx_word' id='word_1_565' title='bbox 3435 1114 3735 1171; x_wconf 67' lang='lat' dir='ltr'><strong>absorbuit-</strong></span> 
     </span>
    </p>
   </div>
   <div class='ocr_carea' id='block_1_72' title="bbox 2138 1207 3736 1287">
    <p class='ocr_par' dir='ltr' id='par_1_72' title="bbox 2138 1207 3736 1287">
     <span class='ocr_line' id='line_1_72' title="bbox 2138 1207 3736 1287; baseline -0.008 -10"><span class='ocrx_word' id='word_1_566' title='bbox 2138 1230 2247 1278; x_wconf 88' lang='lat' dir='ltr'><strong>seut</strong></span> <span class='ocrx_word' id='word_1_567' title='bbox 2271 1236 2383 1275; x_wconf 86' lang='lat' dir='ltr'><strong>nos.</strong></span> <span class='ocrx_word' id='word_1_568' title='bbox 2400 1218 2537 1273; x_wconf 89' lang='lat' dir='ltr'><strong>Dum</strong></span> <span class='ocrx_word' id='word_1_569' title='bbox 2561 1218 2859 1273; x_wconf 81' lang='lat' dir='ltr'><strong>irasceretur</strong></span> <span class='ocrx_word' id='word_1_570' title='bbox 2887 1217 3029 1287; x_wconf 83' lang='lat' dir='ltr'><strong>furor</strong></span> <span class='ocrx_word' id='word_1_571' title='bbox 3050 1214 3275 1282; x_wconf 85' lang='lat' dir='ltr'><strong>ipsorum</strong></span> <span class='ocrx_word' id='word_1_572' title='bbox 3294 1227 3447 1280; x_wconf 79' lang='lat' dir='ltr'><strong>super</strong></span> <span class='ocrx_word' id='word_1_573' title='bbox 3473 1225 3566 1263; x_wconf 88' lang='lat' dir='ltr'><strong>nos</strong></span> <span class='ocrx_word' id='word_1_574' title='bbox 3583 1225 3601 1262; x_wconf 92' lang='lat'><strong><em>:</em></strong></span> <span class='ocrx_word' id='word_1_575' title='bbox 3615 1207 3736 1278; x_wconf 88' lang='lat' dir='ltr'><strong>jam</strong></span> 
     </span>
    </p>
   </div>
   <div class='ocr_carea' id='block_1_73' title="bbox 2141 1300 3739 1379">
    <p class='ocr_par' dir='ltr' id='par_1_73' title="bbox 2141 1300 3739 1379">
     <span class='ocr_line' id='line_1_73' title="bbox 2141 1300 3739 1379; baseline -0.011 -12"><span class='ocrx_word' id='word_1_576' title='bbox 2141 1313 2459 1376; x_wconf 87' lang='lat' dir='ltr'><strong>irascuntur,</strong></span> <span class='ocrx_word' id='word_1_577' title='bbox 2485 1308 2592 1379; x_wconf 86' lang='lat' dir='ltr'><strong>jam</strong></span> <span class='ocrx_word' id='word_1_578' title='bbox 2623 1317 2806 1379; x_wconf 88' lang='lat' dir='ltr'><strong>aperte</strong></span> <span class='ocrx_word' id='word_1_579' title='bbox 2833 1309 3056 1360; x_wconf 62' lang='lat' dir='ltr'><strong>saeviunt</strong></span> <span class='ocrx_word' id='word_1_580' title='bbox 3089 1320 3102 1356; x_wconf 90' lang='lat'><strong>:</strong></span> <span class='ocrx_word' id='word_1_581' title='bbox 3135 1303 3347 1372; x_wconf 84' lang='lat' dir='ltr'><strong>forsitan</strong></span> <span class='ocrx_word' id='word_1_582' title='bbox 3373 1318 3505 1372; x_wconf 87' lang='lat' dir='ltr'><strong>aqua</strong></span> <span class='ocrx_word' id='word_1_583' title='bbox 3532 1300 3739 1354; x_wconf 83' lang='lat' dir='ltr'><strong>demer-</strong></span> 
     </span>
    </p>
   </div>
   <div class='ocr_carea' id='block_1_74' title="bbox 2141 1389 3737 1473">
    <p class='ocr_par' dir='ltr' id='par_1_74' title="bbox 2141 1389 3737 1473">
     <span class='ocr_line' id='line_1_74' title="bbox 2141 1389 3737 1473; baseline -0.011 -11"><span class='ocrx_word' id='word_1_584' title='bbox 2141 1407 2283 1461; x_wconf 80' lang='lat' dir='ltr'><strong>sisset</strong></span> <span class='ocrx_word' id='word_1_585' title='bbox 2312 1421 2425 1459; x_wconf 86' lang='lat' dir='ltr'><strong>nos.</strong></span> <span class='ocrx_word' id='word_1_586' title='bbox 2454 1404 2658 1473; x_wconf 87' lang='lat' dir='ltr'><strong>Aquam</strong></span> <span class='ocrx_word' id='word_1_587' title='bbox 2684 1400 2813 1455; x_wconf 92' lang='lat' dir='ltr'><strong>dicit</strong></span> <span class='ocrx_word' id='word_1_588' title='bbox 2840 1397 3066 1469; x_wconf 90' lang='lat' dir='ltr'><strong>populos</strong></span> <span class='ocrx_word' id='word_1_589' title='bbox 3088 1404 3425 1468; x_wconf 85' lang='lat' dir='ltr'><strong>peccatores;</strong></span> <span class='ocrx_word' id='word_1_590' title='bbox 3448 1402 3503 1447; x_wconf 92' lang='lat' dir='ltr'><strong>et</strong></span> <span class='ocrx_word' id='word_1_591' title='bbox 3526 1389 3737 1446; x_wconf 84' lang='lat' dir='ltr'><strong>videbi-</strong></span> 
     </span>
    </p>
   </div>
   <div class='ocr_carea' id='block_1_75' title="bbox 2141 1486 3740 1570">
    <p class='ocr_par' dir='ltr' id='par_1_75' title="bbox 2141 1486 3740 1570">
     <span class='ocr_line' id='line_1_75' title="bbox 2141 1486 3740 1570; baseline -0.01 -16"><span class='ocrx_word' id='word_1_592' title='bbox 2141 1514 2261 1554; x_wconf 91' lang='lat' dir='ltr'><strong>mus</strong></span> <span class='ocrx_word' id='word_1_593' title='bbox 2277 1496 2486 1570; x_wconf 89' lang='lat' dir='ltr'><strong>qualem</strong></span> <span class='ocrx_word' id='word_1_594' title='bbox 2505 1510 2696 1566; x_wconf 84' lang='lat' dir='ltr'><strong>aquam</strong></span> <span class='ocrx_word' id='word_1_595' title='bbox 2722 1494 2775 1547; x_wconf 94' lang='lat' dir='ltr'><strong>in</strong></span> <span class='ocrx_word' id='word_1_596' title='bbox 2792 1488 3259 1565; x_wconf 88' lang='lat' dir='ltr'><strong>consequentibus.</strong></span> <span class='ocrx_word' id='word_1_597' title='bbox 3277 1486 3610 1564; x_wconf 85' lang='lat' dir='ltr'><strong>Quicumque</strong></span> <span class='ocrx_word' id='word_1_598' title='bbox 3637 1500 3740 1538; x_wconf 86' lang='lat' dir='ltr'><strong>au-</strong></span> 
     </span>
    </p>
   </div>
   <div class='ocr_carea' id='block_1_76' title="bbox 2144 1575 3747 1653">
    <p class='ocr_par' dir='ltr' id='par_1_76' title="bbox 2144 1575 3747 1653">
     <span class='ocr_line' id='line_1_76' title="bbox 2144 1575 3747 1653; baseline -0.011 -7"><span class='ocrx_word' id='word_1_599' title='bbox 2144 1600 2252 1646; x_wconf 90' lang='lat' dir='ltr'><strong>tem</strong></span> <span class='ocrx_word' id='word_1_600' title='bbox 2268 1586 2627 1644; x_wconf 89' lang='lat' dir='ltr'><strong>consensisset</strong></span> <span class='ocrx_word' id='word_1_601' title='bbox 2643 1584 2768 1651; x_wconf 90' lang='lat' dir='ltr'><strong>illis,</strong></span> <span class='ocrx_word' id='word_1_602' title='bbox 2787 1596 2919 1653; x_wconf 86' lang='lat' dir='ltr'><strong>aqua</strong></span> <span class='ocrx_word' id='word_1_603' title='bbox 2940 1579 3086 1635; x_wconf 91' lang='lat' dir='ltr'><strong>illum</strong></span> <span class='ocrx_word' id='word_1_604' title='bbox 3105 1577 3418 1649; x_wconf 87' lang='lat' dir='ltr'><strong>operuisset.</strong></span> <span class='ocrx_word' id='word_1_605' title='bbox 3437 1575 3747 1631; x_wconf 82' lang='lat' dir='ltr'><strong>Moreretur</strong></span> 
     </span>
    </p>
   </div>
   <div class='ocr_carea' id='block_1_77' title="bbox 2145 1665 3749 1747">
    <p class='ocr_par' dir='ltr' id='par_1_77' title="bbox 2145 1665 3749 1747">
     <span class='ocr_line' id='line_1_77' title="bbox 2145 1665 3749 1747; baseline -0.009 -10"><span class='ocrx_word' id='word_1_606' title='bbox 2145 1680 2287 1737; x_wconf 88' lang='lat' dir='ltr'><strong>enim</strong></span> <span class='ocrx_word' id='word_1_607' title='bbox 2305 1687 2477 1733; x_wconf 91' lang='lat' dir='ltr'><strong>morte</strong></span> <span class='ocrx_word' id='word_1_608' title='bbox 2497 1676 2889 1747; x_wconf 72' lang='lat' dir='ltr'><strong>A-lgyptiorum,</strong></span> <span class='ocrx_word' id='word_1_609' title='bbox 2910 1686 3014 1726; x_wconf 91' lang='lat' dir='ltr'><strong>non</strong></span> <span class='ocrx_word' id='word_1_610' title='bbox 3034 1670 3283 1724; x_wconf 88' lang='lat' dir='ltr'><strong>transiret</strong></span> <span class='ocrx_word' id='word_1_611' title='bbox 3309 1666 3555 1737; x_wconf 82' lang='lat' dir='ltr'><strong>exemplo</strong></span> <span class='ocrx_word' id='word_1_612' title='bbox 3571 1665 3749 1723; x_wconf 75' lang='lat' dir='ltr'><strong>lsrae~</strong></span> 
     </span>
    </p>
   </div>
   <div class='ocr_carea' id='block_1_78' title="bbox 2146 1754 3753 1832">
    <p class='ocr_par' dir='ltr' id='par_1_78' title="bbox 2146 1754 3753 1832">
     <span class='ocr_line' id='line_1_78' title="bbox 2146 1754 3753 1832; baseline -0.011 -6"><span class='ocrx_word' id='word_1_613' title='bbox 2146 1771 2380 1827; x_wconf 87' lang='lat' dir='ltr'><strong>litarum.</strong></span> <span class='ocrx_word' id='word_1_614' title='bbox 2409 1768 2585 1823; x_wconf 87' lang='lat' dir='ltr'><strong>Nostis</strong></span> <span class='ocrx_word' id='word_1_615' title='bbox 2608 1765 2772 1832; x_wconf 91' lang='lat' dir='ltr'><strong>enim,</strong></span> <span class='ocrx_word' id='word_1_616' title='bbox 2790 1754 3138 1832; x_wconf 81' lang='lat' dir='ltr'><strong>fratres,quia</strong></span> <span class='ocrx_word' id='word_1_617' title='bbox 3167 1774 3261 1830; x_wconf 90' lang='lat' dir='ltr'><strong>per</strong></span> <span class='ocrx_word' id='word_1_618' title='bbox 3289 1772 3478 1827; x_wconf 87' lang='lat' dir='ltr'><strong>aquam</strong></span> <span class='ocrx_word' id='word_1_619' title='bbox 3507 1755 3753 1826; x_wconf 89' lang='lat' dir='ltr'><strong>populus</strong></span> 
     </span>
    </p>
   </div>
   <div class='ocr_carea' id='block_1_79' title="bbox 2148 1847 3755 1929">
    <p class='ocr_par' dir='ltr' id='par_1_79' title="bbox 2148 1847 3755 1929">
     <span class='ocr_line' id='line_1_79' title="bbox 2148 1847 3755 1929; baseline -0.011 -11"><span class='ocrx_word' id='word_1_620' title='bbox 2148 1861 2506 1918; x_wconf 88' lang='lat' dir='ltr'><strong>lsraelitarum</strong></span> <span class='ocrx_word' id='word_1_621' title='bbox 2525 1857 2755 1929; x_wconf 86' lang='lat' dir='ltr'><strong>transiit,</strong></span> <span class='ocrx_word' id='word_1_622' title='bbox 2773 1866 2826 1912; x_wconf 92' lang='lat' dir='ltr'><strong>et</strong></span> <span class='ocrx_word' id='word_1_623' title='bbox 2842 1855 2954 1925; x_wconf 90' lang='lat' dir='ltr'><strong>ipsa</strong></span> <span class='ocrx_word' id='word_1_624' title='bbox 2970 1867 3106 1924; x_wconf 88' lang='lat' dir='ltr'><strong>aqua</strong></span> <span class='ocrx_word' id='word_1_625' title='bbox 3124 1847 3347 1922; x_wconf 89' lang='lat' dir='ltr'><strong>populus</strong></span> <span class='ocrx_word' id='word_1_626' title='bbox 3362 1848 3755 1920; x_wconf 66' lang='lat' dir='ltr'><strong>zEgyptiorum</strong></span> 
     </span>
    </p>
   </div>
   <div class='ocr_carea' id='block_1_80' title="bbox 2148 1940 3759 2025">
    <p class='ocr_par' dir='ltr' id='par_1_80' title="bbox 2148 1940 3759 2025">
     <span class='ocr_line' id='line_1_80' title="bbox 2148 1940 3759 2025; baseline -0.012 -12"><span class='ocrx_word' id='word_1_627' title='bbox 2148 1964 2433 2025; x_wconf 83' lang='lat' dir='ltr'><strong>coopertus</strong></span> <span class='ocrx_word' id='word_1_628' title='bbox 2458 1962 2540 2010; x_wconf 92' lang='lat' dir='ltr'><strong>est</strong></span> <span class='ocrx_word' id='word_1_629' title='bbox 2572 1949 2763 2025; x_wconf 73' lang='lat' dir='ltr'><strong>(Exod.</strong></span> <span class='ocrx_word' id='word_1_630' title='bbox 2797 1945 3124 2017; x_wconf 55' lang='lat' dir='ltr'><strong>summ-29).</strong></span> <span class='ocrx_word' id='word_1_631' title='bbox 3151 1945 3310 2014; x_wconf 79' lang='lat' dir='ltr'><strong>Aqua,</strong></span> <span class='ocrx_word' id='word_1_632' title='bbox 3331 1940 3524 2013; x_wconf 87' lang='lat' dir='ltr'><strong>inquit,</strong></span> <span class='ocrx_word' id='word_1_633' title='bbox 3544 1940 3759 1994; x_wconf 82' lang='lat' dir='ltr'><strong>demer-</strong></span> 
     </span>
    </p>
   </div>
   <div class='ocr_carea' id='block_1_81' title="bbox 2149 2058 2426 2105">
    <p class='ocr_par' dir='ltr' id='par_1_81' title="bbox 2149 2058 2426 2105">
     <span class='ocr_line' id='line_1_81' title="bbox 2149 2058 2426 2105; baseline -0.014 0"><span class='ocrx_word' id='word_1_634' title='bbox 2149 2058 2293 2105; x_wconf 80' lang='lat' dir='ltr'><strong>sisset</strong></span> <span class='ocrx_word' id='word_1_635' title='bbox 2316 2066 2426 2102; x_wconf 88' lang='lat' dir='ltr'><strong>nos.</strong></span> 
     </span>
    </p>
   </div>
   <div class='ocr_carea' id='block_1_82' title="bbox 2224 2121 3763 2209">
    <p class='ocr_par' dir='ltr' id='par_1_82' title="bbox 2224 2121 3763 2209">
     <span class='ocr_line' id='line_1_82' title="bbox 2224 2121 3763 2209; baseline -0.012 -14"><span class='ocrx_word' id='word_1_636' title='bbox 2224 2142 2277 2195; x_wconf 92' lang='lat'><strong>7.</strong></span> <span class='ocrx_word' id='word_1_637' title='bbox 2308 2139 2413 2195; x_wconf 90' lang='lat' dir='ltr'><strong>Sed</strong></span> <span class='ocrx_word' id='word_1_638' title='bbox 2439 2135 2611 2209; x_wconf 88' lang='lat' dir='ltr'><strong>qualis</strong></span> <span class='ocrx_word' id='word_1_639' title='bbox 2633 2142 2715 2189; x_wconf 87' lang='lat' dir='ltr'><strong>est</strong></span> <span class='ocrx_word' id='word_1_640' title='bbox 2740 2133 2839 2189; x_wconf 90' lang='lat' dir='ltr'><strong>ista</strong></span> <span class='ocrx_word' id='word_1_641' title='bbox 2861 2129 3039 2203; x_wconf 85' lang='lat' dir='ltr'><strong>aqua?</strong></span> <span class='ocrx_word' id='word_1_642' title='bbox 3066 2126 3300 2183; x_wconf 86' lang='lat' dir='ltr'><strong>Torrens</strong></span> <span class='ocrx_word' id='word_1_643' title='bbox 3324 2131 3445 2190; x_wconf 91' lang='lat' dir='ltr'><strong>est,</strong></span> <span class='ocrx_word' id='word_1_644' title='bbox 3477 2121 3597 2177; x_wconf 81' lang='lat' dir='ltr'><strong>ﬂuit</strong></span> <span class='ocrx_word' id='word_1_645' title='bbox 3624 2137 3763 2178; x_wconf 90' lang='lat' dir='ltr'><strong>cum</strong></span> 
     </span>
    </p>
   </div>
   <div class='ocr_carea' id='block_1_83' title="bbox 2153 2214 3766 2303">
    <p class='ocr_par' dir='ltr' id='par_1_83' title="bbox 2153 2214 3766 2303">
     <span class='ocr_line' id='line_1_83' title="bbox 2153 2214 3766 2303; baseline -0.014 -14"><span class='ocrx_word' id='word_1_646' title='bbox 2153 2236 2355 2303; x_wconf 89' lang='lat' dir='ltr'><strong>impetu</strong></span> <span class='ocrx_word' id='word_1_647' title='bbox 2378 2272 2393 2299; x_wconf 95' lang='lat'><strong>,</strong></span> <span class='ocrx_word' id='word_1_648' title='bbox 2422 2229 2517 2285; x_wconf 91' lang='lat' dir='ltr'><strong>sed</strong></span> <span class='ocrx_word' id='word_1_649' title='bbox 2555 2226 2838 2283; x_wconf 90' lang='lat' dir='ltr'><strong>transitura</strong></span> <span class='ocrx_word' id='word_1_650' title='bbox 2863 2230 2963 2278; x_wconf 91' lang='lat' dir='ltr'><strong>est.</strong></span> <span class='ocrx_word' id='word_1_651' title='bbox 3005 2220 3297 2276; x_wconf 87' lang='lat' dir='ltr'><strong>Torrentes</strong></span> <span class='ocrx_word' id='word_1_652' title='bbox 3321 2216 3463 2275; x_wconf 90' lang='lat' dir='ltr'><strong>enim</strong></span> <span class='ocrx_word' id='word_1_653' title='bbox 3487 2214 3766 2269; x_wconf 89' lang='lat' dir='ltr'><strong>dicuntur</strong></span> 
     </span>
    </p>
   </div>
   <div class='ocr_carea' id='block_1_84' title="bbox 2154 2304 3771 2394">
    <p class='ocr_par' dir='ltr' id='par_1_84' title="bbox 2154 2304 3771 2394">
     <span class='ocr_line' id='line_1_84' title="bbox 2154 2304 3771 2394; baseline -0.014 -15"><span class='ocrx_word' id='word_1_654' title='bbox 2154 2324 2299 2380; x_wconf 84' lang='lat' dir='ltr'><strong>ﬂuvii</strong></span> <span class='ocrx_word' id='word_1_655' title='bbox 2322 2322 2414 2394; x_wconf 92' lang='lat' dir='ltr'><strong>qui</strong></span> <span class='ocrx_word' id='word_1_656' title='bbox 2445 2318 2734 2391; x_wconf 91' lang='lat' dir='ltr'><strong>repentinis</strong></span> <span class='ocrx_word' id='word_1_657' title='bbox 2759 2315 3019 2371; x_wconf 90' lang='lat' dir='ltr'><strong>imbribus</strong></span> <span class='ocrx_word' id='word_1_658' title='bbox 3046 2316 3290 2366; x_wconf 89' lang='lat' dir='ltr'><strong>crescunt</strong></span> <span class='ocrx_word' id='word_1_659' title='bbox 3321 2326 3334 2363; x_wconf 92' lang='lat'>:</span> <span class='ocrx_word' id='word_1_660' title='bbox 3366 2321 3625 2381; x_wconf 82' lang='lat' dir='ltr'><strong>magnum</strong></span> <span class='ocrx_word' id='word_1_661' title='bbox 3658 2304 3771 2360; x_wconf 84' lang='lat' dir='ltr'><strong>ba-</strong></span> 
     </span>
    </p>
   </div>
   <div class='ocr_carea' id='block_1_85' title="bbox 2155 2396 3773 2483">
    <p class='ocr_par' dir='ltr' id='par_1_85' title="bbox 2155 2396 3773 2483">
     <span class='ocr_line' id='line_1_85' title="bbox 2155 2396 3773 2483; baseline -0.013 -11"><span class='ocrx_word' id='word_1_662' title='bbox 2155 2416 2285 2472; x_wconf 92' lang='lat' dir='ltr'><strong>bent</strong></span> <span class='ocrx_word' id='word_1_663' title='bbox 2311 2414 2588 2483; x_wconf 87' lang='lat' dir='ltr'><strong>impetum;</strong></span> <span class='ocrx_word' id='word_1_664' title='bbox 2611 2407 2847 2480; x_wconf 90' lang='lat' dir='ltr'><strong>quisquis</strong></span> <span class='ocrx_word' id='word_1_665' title='bbox 2874 2402 3153 2460; x_wconf 93' lang='lat' dir='ltr'><strong>incurrerit</strong></span> <span class='ocrx_word' id='word_1_666' title='bbox 3181 2400 3425 2465; x_wconf 87' lang='lat' dir='ltr'><strong>trahitur,</strong></span> <span class='ocrx_word' id='word_1_667' title='bbox 3447 2396 3544 2453; x_wconf 91' lang='lat' dir='ltr'><strong>sed</strong></span> <span class='ocrx_word' id='word_1_668' title='bbox 3573 2396 3633 2453; x_wconf 90' lang='lat' dir='ltr'><strong>in</strong></span> <span class='ocrx_word' id='word_1_669' title='bbox 3652 2410 3773 2468; x_wconf 88' lang='lat' dir='ltr'><strong>quo</strong></span> 
     </span>
    </p>
   </div>
   <div class='ocr_carea' id='block_1_86' title="bbox 2157 2488 3778 2570">
    <p class='ocr_par' dir='ltr' id='par_1_86' title="bbox 2157 2488 3778 2570">
     <span class='ocr_line' id='line_1_86' title="bbox 2157 2488 3778 2570; baseline -0.012 -7"><span class='ocrx_word' id='word_1_670' title='bbox 2157 2507 2416 2564; x_wconf 89' lang='lat' dir='ltr'><strong>Dominus</strong></span> <span class='ocrx_word' id='word_1_671' title='bbox 2442 2518 2547 2559; x_wconf 92' lang='lat' dir='ltr'><strong>non</strong></span> <span class='ocrx_word' id='word_1_672' title='bbox 2574 2509 2693 2566; x_wconf 90' lang='lat' dir='ltr'><strong>est;</strong></span> <span class='ocrx_word' id='word_1_673' title='bbox 2728 2500 2783 2557; x_wconf 92' lang='lat' dir='ltr'><strong>in</strong></span> <span class='ocrx_word' id='word_1_674' title='bbox 2805 2513 2912 2570; x_wconf 87' lang='lat' dir='ltr'><strong>quo</strong></span> <span class='ocrx_word' id='word_1_675' title='bbox 2937 2506 3113 2555; x_wconf 89' lang='lat' dir='ltr'><strong>autem</strong></span> <span class='ocrx_word' id='word_1_676' title='bbox 3140 2492 3395 2553; x_wconf 91' lang='lat' dir='ltr'><strong>Dominus</strong></span> <span class='ocrx_word' id='word_1_677' title='bbox 3422 2498 3529 2559; x_wconf 83' lang='lat' dir='ltr'><strong>est,</strong></span> <span class='ocrx_word' id='word_1_678' title='bbox 3559 2488 3778 2545; x_wconf 86' lang='lat' dir='ltr'><strong>transit</strong></span> 
     </span>
    </p>
   </div>
   <div class='ocr_carea' id='block_1_87' title="bbox 2159 2582 3778 2667">
    <p class='ocr_par' dir='ltr' id='par_1_87' title="bbox 2159 2582 3778 2667">
     <span class='ocr_line' id='line_1_87' title="bbox 2159 2582 3778 2667; baseline -0.013 -8"><span class='ocrx_word' id='word_1_679' title='bbox 2159 2610 2450 2659; x_wconf 88' lang='lat' dir='ltr'><strong>torrentem</strong></span> <span class='ocrx_word' id='word_1_680' title='bbox 2477 2598 2650 2653; x_wconf 88' lang='lat' dir='ltr'><strong>anima</strong></span> <span class='ocrx_word' id='word_1_681' title='bbox 2678 2595 2862 2667; x_wconf 90' lang='lat' dir='ltr'><strong>ipsius.</strong></span> <span class='ocrx_word' id='word_1_682' title='bbox 2890 2591 3078 2649; x_wconf 88' lang='lat' dir='ltr'><strong>Adhuc</strong></span> <span class='ocrx_word' id='word_1_683' title='bbox 3104 2587 3218 2644; x_wconf 79' lang='lat' dir='ltr'><strong>ﬂuit</strong></span> <span class='ocrx_word' id='word_1_684' title='bbox 3244 2598 3450 2643; x_wconf 89' lang='lat' dir='ltr'><strong>torrens</strong></span> <span class='ocrx_word' id='word_1_685' title='bbox 3472 2626 3488 2653; x_wconf 94' lang='lat'><strong>,</strong></span> <span class='ocrx_word' id='word_1_686' title='bbox 3517 2582 3619 2640; x_wconf 87' lang='lat' dir='ltr'><strong>sed</strong></span> <span class='ocrx_word' id='word_1_687' title='bbox 3648 2582 3778 2655; x_wconf 86' lang='lat' dir='ltr'><strong>jam</strong></span> 
     </span>
    </p>
   </div>
   <div class='ocr_carea' id='block_1_88' title="bbox 2161 2675 3780 2761">
    <p class='ocr_par' dir='ltr' id='par_1_88' title="bbox 2161 2675 3780 2761">
     <span class='ocr_line' id='line_1_88' title="bbox 2161 2675 3780 2761; baseline -0.013 -9"><span class='ocrx_word' id='word_1_688' title='bbox 2161 2695 2370 2751; x_wconf 89' lang='lat' dir='ltr'><strong>transiit</strong></span> <span class='ocrx_word' id='word_1_689' title='bbox 2384 2692 2558 2761; x_wconf 88' lang='lat' dir='ltr'><strong>anima</strong></span> <span class='ocrx_word' id='word_1_690' title='bbox 2578 2698 2890 2761; x_wconf 80' lang='lat' dir='ltr'><strong>martyrum.</strong></span> <span class='ocrx_word' id='word_1_691' title='bbox 2911 2683 3098 2739; x_wconf 87' lang='lat' dir='ltr'><strong>Adhuc</strong></span> <span class='ocrx_word' id='word_1_692' title='bbox 3111 2678 3361 2755; x_wconf 89' lang='lat' dir='ltr'><strong>quamdiu</strong></span> <span class='ocrx_word' id='word_1_693' title='bbox 3379 2675 3639 2751; x_wconf 73' lang='lat' dir='ltr'><strong>saeculum</strong></span> <span class='ocrx_word' id='word_1_694' title='bbox 3666 2676 3780 2732; x_wconf 89' lang='lat' dir='ltr'><strong>hoc</strong></span> 
     </span>
    </p>
   </div>
   <div class='ocr_carea' id='block_1_89' title="bbox 2163 2772 3780 2847">
    <p class='ocr_par' dir='ltr' id='par_1_89' title="bbox 2163 2772 3780 2847">
     <span class='ocr_line' id='line_1_89' title="bbox 2163 2772 3780 2847; baseline -0.015 0"><span class='ocrx_word' id='word_1_695' title='bbox 2163 2787 2431 2847; x_wconf 87' lang='lat' dir='ltr'><strong>nascendo</strong></span> <span class='ocrx_word' id='word_1_696' title='bbox 2456 2795 2511 2842; x_wconf 89' lang='lat' dir='ltr'><strong>et</strong></span> <span class='ocrx_word' id='word_1_697' title='bbox 2540 2781 2815 2841; x_wconf 89' lang='lat' dir='ltr'><strong>moriendo</strong></span> <span class='ocrx_word' id='word_1_698' title='bbox 2844 2779 3046 2843; x_wconf 90' lang='lat' dir='ltr'><strong>currit,</strong></span> <span class='ocrx_word' id='word_1_699' title='bbox 3075 2789 3283 2832; x_wconf 89' lang='lat' dir='ltr'><strong>torrens</strong></span> <span class='ocrx_word' id='word_1_700' title='bbox 3312 2783 3393 2829; x_wconf 92' lang='lat' dir='ltr'><strong>est</strong></span> <span class='ocrx_word' id='word_1_701' title='bbox 3427 2792 3441 2826; x_wconf 88' lang='lat'><strong>:</strong></span> <span class='ocrx_word' id='word_1_702' title='bbox 3474 2772 3602 2825; x_wconf 90' lang='lat' dir='ltr'><strong>hinc</strong></span> <span class='ocrx_word' id='word_1_703' title='bbox 3632 2785 3780 2841; x_wconf 83' lang='lat' dir='ltr'><strong>per-</strong></span> 
     </span>
    </p>
   </div>
   <div class='ocr_carea' id='block_1_90' title="bbox 2164 2860 3782 2943">
    <p class='ocr_par' dir='ltr' id='par_1_90' title="bbox 2164 2860 3782 2943">
     <span class='ocr_line' id='line_1_90' title="bbox 2164 2860 3782 2943; baseline -0.016 -6"><span class='ocrx_word' id='word_1_704' title='bbox 2164 2880 2487 2943; x_wconf 88' lang='lat' dir='ltr'><strong>secutiones,</strong></span> <span class='ocrx_word' id='word_1_705' title='bbox 2507 2875 2574 2931; x_wconf 92' lang='lat' dir='ltr'><strong>de</strong></span> <span class='ocrx_word' id='word_1_706' title='bbox 2600 2874 2702 2929; x_wconf 89' lang='lat' dir='ltr'><strong>isto</strong></span> <span class='ocrx_word' id='word_1_707' title='bbox 2730 2877 2983 2926; x_wconf 89' lang='lat' dir='ltr'><strong>torrente.</strong></span> <span class='ocrx_word' id='word_1_708' title='bbox 3015 2867 3147 2921; x_wconf 88' lang='lat' dir='ltr'><strong>Hinc</strong></span> <span class='ocrx_word' id='word_1_709' title='bbox 3173 2862 3304 2918; x_wconf 91' lang='lat' dir='ltr'><strong>bibit</strong></span> <span class='ocrx_word' id='word_1_710' title='bbox 3329 2861 3417 2916; x_wconf 92' lang='lat' dir='ltr'><strong>ille</strong></span> <span class='ocrx_word' id='word_1_711' title='bbox 3444 2860 3656 2941; x_wconf 85' lang='lat' dir='ltr'><strong>primus</strong></span> <span class='ocrx_word' id='word_1_712' title='bbox 3682 2873 3782 2913; x_wconf 88' lang='lat' dir='ltr'><strong>ca-</strong></span> 
     </span>
    </p>
   </div>
   <div class='ocr_carea' id='block_1_91' title="bbox 2167 2945 3779 3041">
    <p class='ocr_par' dir='ltr' id='par_1_91' title="bbox 2167 2945 3779 3041">
     <span class='ocr_line' id='line_1_91' title="bbox 2167 2945 3779 3041; baseline -0.016 -16"><span class='ocrx_word' id='word_1_713' title='bbox 2167 2980 2260 3041; x_wconf 89' lang='lat' dir='ltr'><strong>put</strong></span> <span class='ocrx_word' id='word_1_714' title='bbox 2302 2978 2543 3023; x_wconf 92' lang='lat' dir='ltr'><strong>nostrum</strong></span> <span class='ocrx_word' id='word_1_715' title='bbox 2567 3007 2581 3028; x_wconf 87' lang='lat'><strong>,</strong></span> <span class='ocrx_word' id='word_1_716' title='bbox 2610 2963 2675 3018; x_wconf 93' lang='lat' dir='ltr'><strong>de</strong></span> <span class='ocrx_word' id='word_1_717' title='bbox 2713 2976 2818 3032; x_wconf 84' lang='lat' dir='ltr'><strong>quo</strong></span> <span class='ocrx_word' id='word_1_718' title='bbox 2843 2959 3038 3014; x_wconf 88' lang='lat' dir='ltr'><strong>dictum</strong></span> <span class='ocrx_word' id='word_1_719' title='bbox 3070 2966 3151 3010; x_wconf 87' lang='lat' dir='ltr'><strong>est</strong></span> <span class='ocrx_word' id='word_1_720' title='bbox 3175 2954 3226 3009; x_wconf 94' lang='lat' dir='ltr'><strong>iu</strong></span> <span class='ocrx_word' id='word_1_721' title='bbox 3257 2951 3461 3023; x_wconf 88' lang='lat' dir='ltr'><strong>psalmo</strong></span> <span class='ocrx_word' id='word_1_722' title='bbox 3495 2967 3509 3003; x_wconf 88' lang='lat'>:</span> <span class='ocrx_word' id='word_1_723' title='bbox 3541 2945 3624 3001; x_wconf 86' lang='lat' dir='ltr'><strong>De</strong></span> <span class='ocrx_word' id='word_1_724' title='bbox 3657 2958 3779 3001; x_wconf 85' lang='lat' dir='ltr'><strong>tor-</strong></span> 
     </span>
    </p>
   </div>
   <div class='ocr_carea' id='block_1_92' title="bbox 2166 3039 3785 3119">
    <p class='ocr_par' dir='ltr' id='par_1_92' title="bbox 2166 3039 3785 3119">
     <span class='ocr_line' id='line_1_92' title="bbox 2166 3039 3785 3119; baseline -0.015 -2"><span class='ocrx_word' id='word_1_725' title='bbox 2166 3071 2306 3117; x_wconf 81' lang='lat' dir='ltr'><strong>rente</strong></span> <span class='ocrx_word' id='word_1_726' title='bbox 2331 3062 2382 3113; x_wconf 90' lang='lat' dir='ltr'><strong>in</strong></span> <span class='ocrx_word' id='word_1_727' title='bbox 2407 3060 2485 3112; x_wconf 86' lang='lat' dir='ltr'><strong>via</strong></span> <span class='ocrx_word' id='word_1_728' title='bbox 2516 3054 2652 3110; x_wconf 86' lang='lat' dir='ltr'><strong>bibit.</strong></span> <span class='ocrx_word' id='word_1_729' title='bbox 2685 3054 2759 3107; x_wconf 90' lang='lat' dir='ltr'><strong>De</strong></span> <span class='ocrx_word' id='word_1_730' title='bbox 2787 3059 3042 3115; x_wconf 90' lang='lat' dir='ltr'><strong>torrente,</strong></span> <span class='ocrx_word' id='word_1_731' title='bbox 3074 3061 3207 3119; x_wconf 88' lang='lat' dir='ltr'><strong>aqua</strong></span> <span class='ocrx_word' id='word_1_732' title='bbox 3237 3043 3322 3099; x_wconf 89' lang='lat' dir='ltr'><strong>illa</strong></span> <span class='ocrx_word' id='word_1_733' title='bbox 3347 3058 3463 3113; x_wconf 79' lang='lat' dir='ltr'><strong>quae</strong></span> <span class='ocrx_word' id='word_1_734' title='bbox 3490 3039 3785 3111; x_wconf 83' lang='lat' dir='ltr'><strong>signiﬁcat</strong></span> 
     </span>
    </p>
   </div>
   <div class='ocr_carea' id='block_1_93' title="bbox 2168 3127 3787 3225">
    <p class='ocr_par' dir='ltr' id='par_1_93' title="bbox 2168 3127 3787 3225">
     <span class='ocr_line' id='line_1_93' title="bbox 2168 3127 3787 3225; baseline -0.017 -18"><span class='ocrx_word' id='word_1_735' title='bbox 2168 3151 2423 3225; x_wconf 88' lang='lat' dir='ltr'><strong>populum</strong></span> <span class='ocrx_word' id='word_1_736' title='bbox 2455 3155 2877 3221; x_wconf 87' lang='lat' dir='ltr'><strong>persecutorem,</strong></span> <span class='ocrx_word' id='word_1_737' title='bbox 2906 3138 3030 3194; x_wconf 87' lang='lat' dir='ltr'><strong>inde</strong></span> <span class='ocrx_word' id='word_1_738' title='bbox 3057 3135 3188 3191; x_wconf 90' lang='lat' dir='ltr'><strong>bibit</strong></span> <span class='ocrx_word' id='word_1_739' title='bbox 3212 3134 3301 3187; x_wconf 91' lang='lat' dir='ltr'><strong>ille</strong></span> <span class='ocrx_word' id='word_1_740' title='bbox 3325 3131 3412 3203; x_wconf 90' lang='lat' dir='ltr'><strong>qui</strong></span> <span class='ocrx_word' id='word_1_741' title='bbox 3441 3129 3575 3183; x_wconf 84' lang='lat' dir='ltr'><strong>dixit</strong></span> <span class='ocrx_word' id='word_1_742' title='bbox 3600 3127 3787 3182; x_wconf 87' lang='lat' dir='ltr'><strong>disci-</strong></span> 
     </span>
    </p>
   </div>
   <div class='ocr_carea' id='block_1_94' title="bbox 2172 3223 3790 3319">
    <p class='ocr_par' dir='ltr' id='par_1_94' title="bbox 2172 3223 3790 3319">
     <span class='ocr_line' id='line_1_94' title="bbox 2172 3223 3790 3319; baseline -0.018 -18"><span class='ocrx_word' id='word_1_743' title='bbox 2172 3223 2312 3319; x_wconf 84' lang='lat' dir='ltr'><strong>pulis</strong></span> <span class='ocrx_word' id='word_1_744' title='bbox 2343 3263 2357 3297; x_wconf 87' lang='lat'>:</span> <span class='ocrx_word' id='word_1_745' title='bbox 2390 3241 2607 3297; x_wconf 84' lang='lat' dir='ltr'><strong>Potestis</strong></span> <span class='ocrx_word' id='word_1_746' title='bbox 2647 3237 2810 3291; x_wconf 82' lang='lat' dir='ltr'><strong>bibere</strong></span> <span class='ocrx_word' id='word_1_747' title='bbox 2838 3233 3042 3288; x_wconf 85' lang='lat' dir='ltr'><strong>calicem</strong></span> <span class='ocrx_word' id='word_1_748' title='bbox 3070 3245 3216 3302; x_wconf 84' lang='lat' dir='ltr'><strong>quem</strong></span> <span class='ocrx_word' id='word_1_749' title='bbox 3242 3243 3333 3297; x_wconf 84' lang='lat' dir='ltr'><strong>ego</strong></span> <span class='ocrx_word' id='word_1_750' title='bbox 3361 3223 3606 3277; x_wconf 86' lang='lat' dir='ltr'><strong>bibiturus</strong></span> <span class='ocrx_word' id='word_1_751' title='bbox 3655 3235 3790 3273; x_wconf 86' lang='lat' dir='ltr'><strong>sum</strong></span> 
     </span>
    </p>
   </div>
   <div class='ocr_carea' id='block_1_95' title="bbox 2178 3310 3792 3413">
    <p class='ocr_par' dir='ltr' id='par_1_95' title="bbox 2178 3310 3792 3413">
     <span class='ocr_line' id='line_1_95' title="bbox 2178 3310 3792 3413; baseline -0.02 -19"><span class='ocrx_word' id='word_1_752' title='bbox 2178 3310 2389 3413; x_wconf 54' lang='lat' dir='ltr'><strong>lblattlt.</strong></span> <span class='ocrx_word' id='word_1_753' title='bbox 2422 3350 2512 3400; x_wconf 83' lang='lat' dir='ltr'><strong>xx,</strong></span> <span class='ocrx_word' id='word_1_754' title='bbox 2545 3331 2683 3403; x_wconf 64' lang='lat' dir='ltr'><strong>Q2)?</strong></span> <span class='ocrx_word' id='word_1_755' title='bbox 2714 3328 2790 3381; x_wconf 85' lang='lat' dir='ltr'><strong>De</strong></span> <span class='ocrx_word' id='word_1_756' title='bbox 2819 3334 3035 3379; x_wconf 87' lang='lat' dir='ltr'><strong>torrente</strong></span> <span class='ocrx_word' id='word_1_757' title='bbox 3056 3323 3108 3375; x_wconf 91' lang='lat' dir='ltr'><strong>iu</strong></span> <span class='ocrx_word' id='word_1_758' title='bbox 3138 3321 3216 3373; x_wconf 84' lang='lat' dir='ltr'><strong>via</strong></span> <span class='ocrx_word' id='word_1_759' title='bbox 3244 3316 3382 3370; x_wconf 87' lang='lat' dir='ltr'><strong>bibit.</strong></span> <span class='ocrx_word' id='word_1_760' title='bbox 3412 3310 3551 3381; x_wconf 87' lang='lat' dir='ltr'><strong>Quid</strong></span> <span class='ocrx_word' id='word_1_761' title='bbox 3580 3319 3694 3377; x_wconf 90' lang='lat' dir='ltr'><strong>est,</strong></span> <span class='ocrx_word' id='word_1_762' title='bbox 3728 3310 3792 3363; x_wconf 83' lang='lat' dir='ltr'><strong>in</strong></span> 
     </span>
    </p>
   </div>
   <div class='ocr_carea' id='block_1_96' title="bbox 2174 3400 3791 3486">
    <p class='ocr_par' dir='ltr' id='par_1_96' title="bbox 2174 3400 3791 3486">
     <span class='ocr_line' id='line_1_96' title="bbox 2174 3400 3791 3486; baseline -0.021 0"><span class='ocrx_word' id='word_1_763' title='bbox 2174 3400 2255 3486; x_wconf 66' lang='lat' dir='ltr'><strong>{na</strong></span> <span class='ocrx_word' id='word_1_764' title='bbox 2278 3400 2738 3483; x_wconf 84' lang='lat' dir='ltr'><strong>bibit?Trausiens</strong></span> <span class='ocrx_word' id='word_1_765' title='bbox 2765 3416 2917 3482; x_wconf 89' lang='lat' dir='ltr'><strong>bibit,</strong></span> <span class='ocrx_word' id='word_1_766' title='bbox 2938 3430 3039 3469; x_wconf 91' lang='lat' dir='ltr'><strong>non</strong></span> <span class='ocrx_word' id='word_1_767' title='bbox 3073 3412 3244 3466; x_wconf 67' lang='lat' dir='ltr'><strong>hicsit.</strong></span> <span class='ocrx_word' id='word_1_768' title='bbox 3269 3407 3326 3461; x_wconf 86' lang='lat' dir='ltr'><strong>In</strong></span> <span class='ocrx_word' id='word_1_769' title='bbox 3351 3405 3432 3459; x_wconf 90' lang='lat' dir='ltr'><strong>via</strong></span> <span class='ocrx_word' id='word_1_770' title='bbox 3459 3403 3622 3465; x_wconf 90' lang='lat' dir='ltr'><strong>bibit;</strong></span> <span class='ocrx_word' id='word_1_771' title='bbox 3646 3400 3791 3472; x_wconf 81' lang='lat' dir='ltr'><strong>quia</strong></span> 
     </span>
    </p>
   </div>
   <div class='ocr_carea' id='block_1_97' title="bbox 2177 3490 3799 3580">
    <p class='ocr_par' dir='ltr' id='par_1_97' title="bbox 2177 3490 3799 3580">
     <span class='ocr_line' id='line_1_97' title="bbox 2177 3490 3799 3580; baseline -0.025 0"><span class='ocrx_word' id='word_1_772' title='bbox 2177 3524 2245 3580; x_wconf 88' lang='lat' dir='ltr'><strong>de</strong></span> <span class='ocrx_word' id='word_1_773' title='bbox 2270 3523 2359 3577; x_wconf 88' lang='lat' dir='ltr'><strong>illo</strong></span> <span class='ocrx_word' id='word_1_774' title='bbox 2384 3519 2521 3573; x_wconf 85' lang='lat' dir='ltr'><strong>forte</strong></span> <span class='ocrx_word' id='word_1_775' title='bbox 2545 3514 2746 3569; x_wconf 90' lang='lat' dir='ltr'><strong>dictum</strong></span> <span class='ocrx_word' id='word_1_776' title='bbox 2772 3519 2873 3573; x_wconf 83' lang='lat' dir='ltr'><strong>est,</strong></span> <span class='ocrx_word' id='word_1_777' title='bbox 2896 3505 2959 3559; x_wconf 85' lang='lat' dir='ltr'><strong>Et</strong></span> <span class='ocrx_word' id='word_1_778' title='bbox 2989 3506 3041 3558; x_wconf 82' lang='lat' dir='ltr'><strong>in</strong></span> <span class='ocrx_word' id='word_1_779' title='bbox 3066 3502 3145 3555; x_wconf 83' lang='lat' dir='ltr'><strong>via</strong></span> <span class='ocrx_word' id='word_1_780' title='bbox 3175 3504 3489 3569; x_wconf 86' lang='lat' dir='ltr'><strong>peccatorum</strong></span> <span class='ocrx_word' id='word_1_781' title='bbox 3506 3508 3609 3545; x_wconf 88' lang='lat' dir='ltr'><strong>non</strong></span> <span class='ocrx_word' id='word_1_782' title='bbox 3634 3490 3799 3555; x_wconf 66' lang='lat' dir='ltr'><strong>stetit</strong></span> 
     </span>
    </p>
   </div>
   <div class='ocr_carea' id='block_1_98' title="bbox 2184 3580 3798 3687">
    <p class='ocr_par' dir='ltr' id='par_1_98' title="bbox 2184 3580 3798 3687">
     <span class='ocr_line' id='line_1_98' title="bbox 2184 3580 3798 3687; baseline -0.022 -18"><span class='ocrx_word' id='word_1_783' title='bbox 2184 3612 2353 3687; x_wconf 85' lang='lat' dir='ltr'><strong>(Psul.</strong></span> <span class='ocrx_word' id='word_1_784' title='bbox 2382 3610 2517 3677; x_wconf 76' lang='lat'><strong>1,1).</strong></span> <span class='ocrx_word' id='word_1_785' title='bbox 2542 3602 2832 3661; x_wconf 83' lang='lat' dir='ltr'><strong>Trunsieus</strong></span> <span class='ocrx_word' id='word_1_786' title='bbox 2852 3596 3002 3651; x_wconf 89' lang='lat' dir='ltr'><strong>bibit.</strong></span> <span class='ocrx_word' id='word_1_787' title='bbox 3028 3593 3095 3647; x_wconf 84' lang='lat' dir='ltr'><strong>Et</strong></span> <span class='ocrx_word' id='word_1_788' title='bbox 3119 3588 3244 3663; x_wconf 88' lang='lat' dir='ltr'><strong>quid</strong></span> <span class='ocrx_word' id='word_1_789' title='bbox 3270 3586 3393 3642; x_wconf 90' lang='lat' dir='ltr'><strong>inde</strong></span> <span class='ocrx_word' id='word_1_790' title='bbox 3416 3584 3617 3638; x_wconf 88' lang='lat' dir='ltr'><strong>dictum</strong></span> <span class='ocrx_word' id='word_1_791' title='bbox 3647 3590 3744 3636; x_wconf 86' lang='lat' dir='ltr'><strong>est</strong></span> <span class='ocrx_word' id='word_1_792' title='bbox 3764 3580 3798 3635; x_wconf 70' lang='grc'><strong><em>2</em></strong></span> 
     </span>
    </p>
   </div>
   <div class='ocr_carea' id='block_1_99' title="bbox 2184 3679 3794 3777">
    <p class='ocr_par' dir='ltr' id='par_1_99' title="bbox 2184 3679 3794 3777">
     <span class='ocr_line' id='line_1_99' title="bbox 2184 3679 3794 3777; baseline -0.025 -12"><span class='ocrx_word' id='word_1_793' title='bbox 2184 3679 2463 3777; x_wconf 62' lang='lat' dir='ltr'><strong>Drapterea</strong></span> <span class='ocrx_word' id='word_1_794' title='bbox 2497 3698 2735 3756; x_wconf 71' lang='lat' dir='ltr'><strong>exaltabit</strong></span> <span class='ocrx_word' id='word_1_795' title='bbox 2763 3701 2913 3764; x_wconf 88' lang='lat' dir='ltr'><strong>caput</strong></span> <span class='ocrx_word' id='word_1_796' title='bbox 2944 3687 3115 3761; x_wconf 85' lang='lat' dir='ltr'><strong>(Psal.</strong></span> <span class='ocrx_word' id='word_1_797' title='bbox 3147 3700 3233 3741; x_wconf 82' lang='lat' dir='ltr'><strong>Ctx</strong></span> <span class='ocrx_word' id='word_1_798' title='bbox 3255 3724 3270 3749; x_wconf 91' lang='lat'><strong>,</strong></span> <span class='ocrx_word' id='word_1_799' title='bbox 3299 3680 3379 3750; x_wconf 90' lang='lat'><strong>9).</strong></span> <span class='ocrx_word' id='word_1_800' title='bbox 3407 3679 3482 3731; x_wconf 87' lang='lat' dir='ltr'><strong>De</strong></span> <span class='ocrx_word' id='word_1_801' title='bbox 3505 3684 3747 3729; x_wconf 84' lang='lat' dir='ltr'><strong>torrente</strong></span> <span class='ocrx_word' id='word_1_802' title='bbox 3773 3716 3794 3741; x_wconf 82' lang='lat'><strong>,</strong></span> 
     </span>
    </p>
   </div>
   <div class='ocr_carea' id='block_1_100' title="bbox 2185 3766 3797 3871">
    <p class='ocr_par' dir='ltr' id='par_1_100' title="bbox 2185 3766 3797 3871">
     <span class='ocr_line' id='line_1_100' title="bbox 2185 3766 3797 3871; baseline -0.025 -15"><span class='ocrx_word' id='word_1_803' title='bbox 2185 3766 2373 3871; x_wconf 82' lang='lat' dir='ltr'><strong>inquit,</strong></span> <span class='ocrx_word' id='word_1_804' title='bbox 2393 3797 2444 3850; x_wconf 88' lang='lat' dir='ltr'><strong>in</strong></span> <span class='ocrx_word' id='word_1_805' title='bbox 2473 3796 2550 3849; x_wconf 88' lang='lat' dir='ltr'><strong>via</strong></span> <span class='ocrx_word' id='word_1_806' title='bbox 2580 3791 2716 3854; x_wconf 87' lang='lat' dir='ltr'><strong>bibit,</strong></span> <span class='ocrx_word' id='word_1_807' title='bbox 2738 3794 2999 3858; x_wconf 85' lang='lat' dir='ltr'><strong>prapterea</strong></span> <span class='ocrx_word' id='word_1_808' title='bbox 3016 3774 3250 3834; x_wconf 75' lang='lat' dir='ltr'><strong>exaltabit</strong></span> <span class='ocrx_word' id='word_1_809' title='bbox 3277 3780 3443 3839; x_wconf 83' lang='lat' dir='ltr'><strong>caput.</strong></span> <span class='ocrx_word' id='word_1_810' title='bbox 3465 3766 3797 3820; x_wconf 85' lang='lat' dir='ltr'><strong>Exaltalum</strong></span> 
     </span>
    </p>
   </div>
   <div class='ocr_carea' id='block_1_101' title="bbox 2186 3856 3797 3956">
    <p class='ocr_par' dir='ltr' id='par_1_101' title="bbox 2186 3856 3797 3956">
     <span class='ocr_line' id='line_1_101' title="bbox 2186 3856 3797 3956; baseline -0.025 -8"><span class='ocrx_word' id='word_1_811' title='bbox 2186 3902 2267 3948; x_wconf 89' lang='lat' dir='ltr'><strong>est</strong></span> <span class='ocrx_word' id='word_1_812' title='bbox 2295 3891 2435 3944; x_wconf 85' lang='lat' dir='ltr'><strong>enim</strong></span> <span class='ocrx_word' id='word_1_813' title='bbox 2462 3889 2568 3956; x_wconf 89' lang='lat' dir='ltr'><strong>jam</strong></span> <span class='ocrx_word' id='word_1_814' title='bbox 2600 3890 2759 3951; x_wconf 85' lang='lat' dir='ltr'><strong>caput</strong></span> <span class='ocrx_word' id='word_1_815' title='bbox 2787 3885 3028 3932; x_wconf 89' lang='lat' dir='ltr'><strong>nostrum</strong></span> <span class='ocrx_word' id='word_1_816' title='bbox 3053 3912 3069 3938; x_wconf 96' lang='lat'><strong>,</strong></span> <span class='ocrx_word' id='word_1_817' title='bbox 3097 3869 3217 3939; x_wconf 86' lang='lat' dir='ltr'><strong>quia</strong></span> <span class='ocrx_word' id='word_1_818' title='bbox 3247 3866 3313 3919; x_wconf 89' lang='lat' dir='ltr'><strong>de</strong></span> <span class='ocrx_word' id='word_1_819' title='bbox 3343 3868 3581 3917; x_wconf 89' lang='lat' dir='ltr'><strong>torrente</strong></span> <span class='ocrx_word' id='word_1_820' title='bbox 3610 3858 3670 3911; x_wconf 90' lang='lat' dir='ltr'><strong>in</strong></span> <span class='ocrx_word' id='word_1_821' title='bbox 3704 3856 3797 3910; x_wconf 87' lang='lat' dir='ltr'><strong>via</strong></span> 
     </span>
    </p>
   </div>
   <div class='ocr_carea' id='block_1_102' title="bbox 2188 3948 3798 4050">
    <p class='ocr_par' dir='ltr' id='par_1_102' title="bbox 2188 3948 3798 4050">
     <span class='ocr_line' id='line_1_102' title="bbox 2188 3948 3798 4050; baseline -0.023 -11"><span class='ocrx_word' id='word_1_822' title='bbox 2188 3983 2359 4049; x_wconf 84' lang='lat' dir='ltr'><strong>bibit;</strong></span> <span class='ocrx_word' id='word_1_823' title='bbox 2390 3991 2575 4050; x_wconf 89' lang='lat' dir='ltr'><strong>passus</strong></span> <span class='ocrx_word' id='word_1_824' title='bbox 2600 3948 2682 4028; x_wconf 78' lang='lat' dir='ltr'><strong>est.</strong></span> <span class='ocrx_word' id='word_1_825' title='bbox 2723 3970 2865 4026; x_wconf 91' lang='lat' dir='ltr'><strong>enim</strong></span> <span class='ocrx_word' id='word_1_826' title='bbox 2896 3963 3151 4019; x_wconf 89' lang='lat' dir='ltr'><strong>Dominus</strong></span> <span class='ocrx_word' id='word_1_827' title='bbox 3194 3964 3391 4012; x_wconf 87' lang='lat' dir='ltr'><strong>noster.</strong></span> <span class='ocrx_word' id='word_1_828' title='bbox 3420 3951 3473 4007; x_wconf 91' lang='lat' dir='ltr'><strong>Si</strong></span> <span class='ocrx_word' id='word_1_829' title='bbox 3500 3964 3632 4017; x_wconf 84' lang='lat' dir='ltr'><strong>ergo</strong></span> <span class='ocrx_word' id='word_1_830' title='bbox 3676 3948 3798 4017; x_wconf 80' lang='lat' dir='ltr'><strong>jam</strong></span> 
     </span>
    </p>
   </div>
   <div class='ocr_carea' id='block_1_103' title="bbox 2192 4047 3802 4132">
    <p class='ocr_par' dir='ltr' id='par_1_103' title="bbox 2192 4047 3802 4132">
     <span class='ocr_line' id='line_1_103' title="bbox 2192 4047 3802 4132; baseline -0.026 -1"><span class='ocrx_word' id='word_1_831' title='bbox 2192 4047 2479 4132; x_wconf 80' lang='lat' dir='ltr'><strong>exaltatum</strong></span> <span class='ocrx_word' id='word_1_832' title='bbox 2508 4076 2589 4123; x_wconf 90' lang='lat' dir='ltr'><strong>est</strong></span> <span class='ocrx_word' id='word_1_833' title='bbox 2616 4070 2775 4132; x_wconf 86' lang='lat' dir='ltr'><strong>caput</strong></span> <span class='ocrx_word' id='word_1_834' title='bbox 2806 4066 3043 4113; x_wconf 91' lang='lat' dir='ltr'><strong>nostrum</strong></span> <span class='ocrx_word' id='word_1_835' title='bbox 3068 4094 3085 4119; x_wconf 90' lang='lat'><strong>,</strong></span> <span class='ocrx_word' id='word_1_836' title='bbox 3113 4048 3238 4121; x_wconf 90' lang='lat' dir='ltr'><strong>quid</strong></span> <span class='ocrx_word' id='word_1_837' title='bbox 3268 4047 3415 4100; x_wconf 86' lang='lat' dir='ltr'><strong>timet</strong></span> <span class='ocrx_word' id='word_1_838' title='bbox 3439 4054 3641 4110; x_wconf 88' lang='lat' dir='ltr'><strong>corpus</strong></span> <span class='ocrx_word' id='word_1_839' title='bbox 3678 4048 3802 4092; x_wconf 85' lang='lat' dir='ltr'><strong>tor-</strong></span> 
     </span>
    </p>
   </div>
   <div class='ocr_carea' id='block_1_104' title="bbox 2203 4623 2659 4690">
    <p class='ocr_par' dir='ltr' id='par_1_104' title="bbox 2203 4623 2659 4690">
     <span class='ocr_line' id='line_1_104' title="bbox 2203 4623 2659 4690; baseline -0.035 0"><span class='ocrx_word' id='word_1_840' title='bbox 2203 4634 2309 4690; x_wconf 81' lang='lat' dir='ltr'><strong>sine</strong></span> <span class='ocrx_word' id='word_1_841' title='bbox 2337 4624 2613 4684; x_wconf 88' lang='lat' dir='ltr'><strong>substantia</strong></span> <span class='ocrx_word' id='word_1_842' title='bbox 2635 4623 2659 4675; x_wconf 86' lang='lat'><strong><em>?</em></strong></span> 
     </span>
    </p>
   </div>
   <div class='ocr_carea' id='block_1_105' title="bbox 2276 4685 3805 4785">
    <p class='ocr_par' dir='ltr' id='par_1_105' title="bbox 2276 4685 3805 4785">
     <span class='ocr_line' id='line_1_105' title="bbox 2276 4685 3805 4785; baseline -0.027 -7"><span class='ocrx_word' id='word_1_843' title='bbox 2276 4723 2328 4777; x_wconf 89' lang='lat'><strong>8.</strong></span> <span class='ocrx_word' id='word_1_844' title='bbox 2351 4719 2527 4775; x_wconf 87' lang='lat' dir='ltr'><strong>Primo</strong></span> <span class='ocrx_word' id='word_1_845' title='bbox 2553 4712 2678 4785; x_wconf 88' lang='lat' dir='ltr'><strong>quid</strong></span> <span class='ocrx_word' id='word_1_846' title='bbox 2700 4719 2801 4774; x_wconf 88' lang='lat' dir='ltr'><strong>est,</strong></span> <span class='ocrx_word' id='word_1_847' title='bbox 2822 4706 3061 4762; x_wconf 84' lang='lat' dir='ltr'><strong>Forsitan</strong></span> <span class='ocrx_word' id='word_1_848' title='bbox 3087 4696 3374 4773; x_wconf 86' lang='lat' dir='ltr'><strong>pertransiit</strong></span> <span class='ocrx_word' id='word_1_849' title='bbox 3390 4691 3559 4747; x_wconf 86' lang='lat' dir='ltr'><strong>anima</strong></span> <span class='ocrx_word' id='word_1_850' title='bbox 3590 4685 3805 4741; x_wconf 76' lang='lat' dir='ltr'><strong>nostra?</strong></span> 
     </span>
    </p>
   </div>
   <div class='ocr_carea' id='block_1_106' title="bbox 2207 4777 3804 4886">
    <p class='ocr_par' dir='ltr' id='par_1_106' title="bbox 2207 4777 3804 4886">
     <span class='ocr_line' id='line_1_106' title="bbox 2207 4777 3804 4886; baseline -0.026 -13"><span class='ocrx_word' id='word_1_851' title='bbox 2207 4812 2484 4886; x_wconf 85' lang='lat' dir='ltr'><strong>Quomodo</strong></span> <span class='ocrx_word' id='word_1_852' title='bbox 2513 4812 2801 4881; x_wconf 88' lang='lat' dir='ltr'><strong>potuerunt</strong></span> <span class='ocrx_word' id='word_1_853' title='bbox 2826 4801 2964 4855; x_wconf 90' lang='lat' dir='ltr'><strong>enim</strong></span> <span class='ocrx_word' id='word_1_854' title='bbox 2990 4838 3006 4865; x_wconf 92' lang='lat'><strong>,</strong></span> <span class='ocrx_word' id='word_1_855' title='bbox 3034 4793 3206 4853; x_wconf 88' lang='lat' dir='ltr'><strong>Latini</strong></span> <span class='ocrx_word' id='word_1_856' title='bbox 3243 4790 3623 4859; x_wconf 80' lang='lat' dir='ltr'><strong>expresserunt</strong></span> <span class='ocrx_word' id='word_1_857' title='bbox 3649 4777 3804 4850; x_wconf 85' lang='lat' dir='ltr'><strong>quod</strong></span> 
     </span>
    </p>
   </div>
   <div class='ocr_carea' id='block_1_107' title="bbox 2209 4873 3803 4972">
    <p class='ocr_par' dir='ltr' id='par_1_107' title="bbox 2209 4873 3803 4972">
     <span class='ocr_line' id='line_1_107' title="bbox 2209 4873 3803 4972; baseline -0.026 -5"><span class='ocrx_word' id='word_1_858' title='bbox 2209 4908 2380 4967; x_wconf 68' lang='lat' dir='ltr'><strong>Graeci</strong></span> <span class='ocrx_word' id='word_1_859' title='bbox 2409 4906 2592 4961; x_wconf 86' lang='lat' dir='ltr'><strong>dicunt</strong></span> <span class='ocrx_word' id='word_1_860' title='bbox 2616 4907 2729 4972; x_wconf 76' lang='grc' dir='ltr'><strong>ἄρα.</strong></span> <span class='ocrx_word' id='word_1_861' title='bbox 2753 4896 2842 4955; x_wconf 87' lang='lat' dir='ltr'><strong>Sic</strong></span> <span class='ocrx_word' id='word_1_862' title='bbox 2867 4892 3009 4949; x_wconf 88' lang='lat' dir='ltr'><strong>enim</strong></span> <span class='ocrx_word' id='word_1_863' title='bbox 3030 4901 3199 4958; x_wconf 62' lang='lat' dir='ltr'><strong>graeca</strong></span> <span class='ocrx_word' id='word_1_864' title='bbox 3224 4882 3420 4939; x_wconf 87' lang='lat' dir='ltr'><strong>habent</strong></span> <span class='ocrx_word' id='word_1_865' title='bbox 3442 4873 3803 4944; x_wconf 80' lang='lat' dir='ltr'><strong>exemplaria,</strong></span> 
     </span>
    </p>
   </div>
   <div class='ocr_carea' id='block_1_108' title="bbox 2209 4963 3808 5075">
    <p class='ocr_par' dir='ltr' id='par_1_108' title="bbox 2209 4963 3808 5075">
     <span class='ocr_line' id='line_1_108' title="bbox 2209 4963 3808 5075; baseline -0.028 -16"><span class='ocrx_word' id='word_1_866' title='bbox 2209 5009 2310 5075; x_wconf 74' lang='grc' dir='ltr'><strong>ἄρα</strong></span> <span class='ocrx_word' id='word_1_867' title='bbox 2342 5020 2354 5054; x_wconf 88' lang='lat'><strong>:</strong></span> <span class='ocrx_word' id='word_1_868' title='bbox 2388 5001 2507 5070; x_wconf 91' lang='lat' dir='ltr'><strong>quia</strong></span> <span class='ocrx_word' id='word_1_869' title='bbox 2538 4988 2827 5050; x_wconf 83' lang='lat' dir='ltr'><strong>dubitantis</strong></span> <span class='ocrx_word' id='word_1_870' title='bbox 2853 4982 3073 5040; x_wconf 89' lang='lat' dir='ltr'><strong>verbum</strong></span> <span class='ocrx_word' id='word_1_871' title='bbox 3096 4986 3176 5034; x_wconf 88' lang='lat' dir='ltr'><strong>est</strong></span> <span class='ocrx_word' id='word_1_872' title='bbox 3199 5016 3213 5041; x_wconf 92' lang='lat'><strong>,</strong></span> <span class='ocrx_word' id='word_1_873' title='bbox 3242 4982 3549 5043; x_wconf 81' lang='lat' dir='ltr'><strong>expressum</strong></span> <span class='ocrx_word' id='word_1_874' title='bbox 3577 4976 3660 5021; x_wconf 88' lang='lat' dir='ltr'><strong>est</strong></span> <span class='ocrx_word' id='word_1_875' title='bbox 3682 4963 3808 5034; x_wconf 79' lang='lat' dir='ltr'><strong>qui-</strong></span> 
     </span>
    </p>
   </div>
   <div class='ocr_carea' id='block_1_109' title="bbox 2211 5056 3805 5167">
    <p class='ocr_par' dir='ltr' id='par_1_109' title="bbox 2211 5056 3805 5167">
     <span class='ocr_line' id='line_1_109' title="bbox 2211 5056 3805 5167; baseline -0.03 -15"><span class='ocrx_word' id='word_1_876' title='bbox 2211 5056 2333 5167; x_wconf 51' lang='lat' dir='ltr'><strong>diem</strong></span> <span class='ocrx_word' id='word_1_877' title='bbox 2373 5056 2718 5147; x_wconf 62' lang='lat' dir='ltr'><strong>dubitationis</strong></span> <span class='ocrx_word' id='word_1_878' title='bbox 2760 5078 2924 5134; x_wconf 86' lang='lat' dir='ltr'><strong>verbo</strong></span> <span class='ocrx_word' id='word_1_879' title='bbox 2949 5117 2963 5140; x_wconf 96' lang='lat'><strong>,</strong></span> <span class='ocrx_word' id='word_1_880' title='bbox 2994 5069 3132 5149; x_wconf 88' lang='lat' dir='ltr'><strong>quod</strong></span> <span class='ocrx_word' id='word_1_881' title='bbox 3161 5077 3243 5131; x_wconf 86' lang='lat' dir='ltr'><strong>est</strong></span> <span class='ocrx_word' id='word_1_882' title='bbox 3270 5071 3522 5135; x_wconf 82' lang='lat' dir='ltr'><strong>fortasse;</strong></span> <span class='ocrx_word' id='word_1_883' title='bbox 3550 5056 3644 5110; x_wconf 90' lang='lat' dir='ltr'><strong>sed</strong></span> <span class='ocrx_word' id='word_1_884' title='bbox 3695 5070 3805 5107; x_wconf 89' lang='lat' dir='ltr'><strong>non</strong></span> 
     </span>
    </p>
   </div>
   <div class='ocr_carea' id='block_1_110' title="bbox 2214 5148 3809 5251">
    <p class='ocr_par' dir='ltr' id='par_1_110' title="bbox 2214 5148 3809 5251">
     <span class='ocr_line' id='line_1_110' title="bbox 2214 5148 3809 5251; baseline -0.028 -7"><span class='ocrx_word' id='word_1_885' title='bbox 2214 5186 2434 5251; x_wconf 86' lang='lat' dir='ltr'><strong>omnino</strong></span> <span class='ocrx_word' id='word_1_886' title='bbox 2462 5181 2563 5237; x_wconf 92' lang='lat' dir='ltr'><strong>hoc</strong></span> <span class='ocrx_word' id='word_1_887' title='bbox 2589 5185 2689 5233; x_wconf 89' lang='lat' dir='ltr'><strong>est.</strong></span> <span class='ocrx_word' id='word_1_888' title='bbox 2736 5173 3025 5235; x_wconf 79' lang='lat' dir='ltr'><strong>Possumus</strong></span> <span class='ocrx_word' id='word_1_889' title='bbox 3053 5160 3177 5217; x_wconf 89' lang='lat' dir='ltr'><strong>illud</strong></span> <span class='ocrx_word' id='word_1_890' title='bbox 3210 5158 3372 5211; x_wconf 85' lang='lat' dir='ltr'><strong>verbo</strong></span> <span class='ocrx_word' id='word_1_891' title='bbox 3413 5151 3593 5206; x_wconf 90' lang='lat' dir='ltr'><strong>dicere</strong></span> <span class='ocrx_word' id='word_1_892' title='bbox 3623 5148 3809 5200; x_wconf 81' lang='lat' dir='ltr'><strong>minus</strong></span> 
     </span>
    </p>
   </div>
   <div class='ocr_carea' id='block_1_111' title="bbox 2216 5243 3810 5353">
    <p class='ocr_par' dir='ltr' id='par_1_111' title="bbox 2216 5243 3810 5353">
     <span class='ocr_line' id='line_1_111' title="bbox 2216 5243 3810 5353; baseline -0.031 -13"><span class='ocrx_word' id='word_1_893' title='bbox 2216 5281 2428 5353; x_wconf 84' lang='lat' dir='ltr'><strong>quidem</strong></span> <span class='ocrx_word' id='word_1_894' title='bbox 2456 5273 2617 5329; x_wconf 88' lang='lat' dir='ltr'><strong>latine</strong></span> <span class='ocrx_word' id='word_1_895' title='bbox 2641 5265 2945 5335; x_wconf 69' lang='lat' dir='ltr'><strong>coniuncto,</strong></span> <span class='ocrx_word' id='word_1_896' title='bbox 2965 5258 3056 5314; x_wconf 88' lang='lat' dir='ltr'><strong>sed</strong></span> <span class='ocrx_word' id='word_1_897' title='bbox 3082 5262 3208 5325; x_wconf 85' lang='lat' dir='ltr'><strong>apto</strong></span> <span class='ocrx_word' id='word_1_898' title='bbox 3232 5249 3297 5305; x_wconf 87' lang='lat' dir='ltr'><strong>ad</strong></span> <span class='ocrx_word' id='word_1_899' title='bbox 3326 5243 3703 5313; x_wconf 86' lang='lat' dir='ltr'><strong>intelligentias</strong></span> <span class='ocrx_word' id='word_1_900' title='bbox 3722 5253 3810 5292; x_wconf 78' lang='lat' dir='ltr'><strong>ve-</strong></span> 
     </span>
    </p>
   </div>
   <div class='ocr_carea' id='block_1_112' title="bbox 2218 5335 3807 5439">
    <p class='ocr_par' dir='ltr' id='par_1_112' title="bbox 2218 5335 3807 5439">
     <span class='ocr_line' id='line_1_112' title="bbox 2218 5335 3807 5439; baseline -0.031 -6"><span class='ocrx_word' id='word_1_901' title='bbox 2218 5385 2375 5439; x_wconf 80' lang='lat' dir='ltr'><strong>stras.</strong></span> <span class='ocrx_word' id='word_1_902' title='bbox 2406 5366 2556 5438; x_wconf 85' lang='lat' dir='ltr'><strong>Quod</strong></span> <span class='ocrx_word' id='word_1_903' title='bbox 2582 5360 2763 5420; x_wconf 87' lang='lat' dir='ltr'><strong>Punici</strong></span> <span class='ocrx_word' id='word_1_904' title='bbox 2792 5358 2993 5420; x_wconf 86' lang='lat' dir='ltr'><strong>dicunt,</strong></span> <span class='ocrx_word' id='word_1_905' title='bbox 3015 5353 3112 5416; x_wconf 77' lang='grc' dir='ltr'><strong>ίαν,</strong></span> <span class='ocrx_word' id='word_1_906' title='bbox 3133 5363 3234 5403; x_wconf 90' lang='lat' dir='ltr'><strong>non</strong></span> <span class='ocrx_word' id='word_1_907' title='bbox 3264 5343 3485 5415; x_wconf 79' lang='lat' dir='ltr'><strong>lignum,</strong></span> <span class='ocrx_word' id='word_1_908' title='bbox 3510 5335 3604 5393; x_wconf 89' lang='lat' dir='ltr'><strong>scd</strong></span> <span class='ocrx_word' id='word_1_909' title='bbox 3630 5347 3807 5403; x_wconf 78' lang='lat' dir='ltr'><strong>quan-</strong></span> 
     </span>
    </p>
   </div>
   <div class='ocr_carea' id='block_1_113' title="bbox 2220 5420 3808 5529">
    <p class='ocr_par' dir='ltr' id='par_1_113' title="bbox 2220 5420 3808 5529">
     <span class='ocr_line' id='line_1_113' title="bbox 2220 5420 3808 5529; baseline -0.03 -6"><span class='ocrx_word' id='word_1_910' title='bbox 2220 5465 2292 5529; x_wconf 71' lang='grc' dir='ltr'><strong>(ιο</strong></span> <span class='ocrx_word' id='word_1_911' title='bbox 2319 5436 2561 5519; x_wconf 89' lang='lat' dir='ltr'><strong>dubitant</strong></span> <span class='ocrx_word' id='word_1_912' title='bbox 2585 5474 2599 5521; x_wconf 88' lang='lat'><strong>;</strong></span> <span class='ocrx_word' id='word_1_913' title='bbox 2630 5453 2731 5508; x_wconf 84' lang='lat' dir='ltr'><strong>hoc</strong></span> <span class='ocrx_word' id='word_1_914' title='bbox 2759 5446 2952 5511; x_wconf 64' lang='lat' dir='ltr'><strong>Graeci,</strong></span> <span class='ocrx_word' id='word_1_915' title='bbox 2983 5450 3077 5513; x_wconf 72' lang='grc' dir='ltr'><strong>ἄρα</strong></span> <span class='ocrx_word' id='word_1_916' title='bbox 3102 5460 3114 5494; x_wconf 88' lang='grc'>;</span> <span class='ocrx_word' id='word_1_917' title='bbox 3140 5439 3239 5492; x_wconf 91' lang='lat' dir='ltr'><strong>hoc</strong></span> <span class='ocrx_word' id='word_1_918' title='bbox 3265 5433 3434 5491; x_wconf 85' lang='lat' dir='ltr'><strong>Latini</strong></span> <span class='ocrx_word' id='word_1_919' title='bbox 3463 5433 3685 5500; x_wconf 83' lang='lat' dir='ltr'><strong>possunt</strong></span> <span class='ocrx_word' id='word_1_920' title='bbox 3719 5420 3808 5477; x_wconf 85' lang='lat' dir='ltr'><strong>vel</strong></span> 
     </span>
    </p>
   </div>
   <div class='ocr_carea' id='block_1_114' title="bbox 2224 5511 3809 5618">
    <p class='ocr_par' dir='ltr' id='par_1_114' title="bbox 2224 5511 3809 5618">
     <span class='ocr_line' id='line_1_114' title="bbox 2224 5511 3809 5618; baseline -0.031 -1"><span class='ocrx_word' id='word_1_921' title='bbox 2224 5561 2397 5617; x_wconf 91' lang='lat' dir='ltr'><strong>solent</strong></span> <span class='ocrx_word' id='word_1_922' title='bbox 2419 5555 2615 5618; x_wconf 84' lang='lat' dir='ltr'><strong>dicere,</strong></span> <span class='ocrx_word' id='word_1_923' title='bbox 2644 5548 2824 5608; x_wconf 86' lang='lat' dir='ltr'><strong>Putas,</strong></span> <span class='ocrx_word' id='word_1_924' title='bbox 2858 5555 2978 5595; x_wconf 89' lang='lat' dir='ltr'><strong>cum</strong></span> <span class='ocrx_word' id='word_1_925' title='bbox 3008 5536 3077 5590; x_wconf 90' lang='lat' dir='ltr'><strong>ita</strong></span> <span class='ocrx_word' id='word_1_926' title='bbox 3103 5535 3424 5602; x_wconf 89' lang='lat' dir='ltr'><strong>loquuntur:</strong></span> <span class='ocrx_word' id='word_1_927' title='bbox 3452 5524 3630 5579; x_wconf 86' lang='lat' dir='ltr'><strong>Putas,</strong></span> <span class='ocrx_word' id='word_1_928' title='bbox 3655 5511 3809 5570; x_wconf 86' lang='lat' dir='ltr'><strong>evasi</strong></span> 
     </span>
    </p>
   </div>
   <div class='ocr_carea' id='block_1_115' title="bbox 2226 5610 3809 5716">
    <p class='ocr_par' dir='ltr' id='par_1_115' title="bbox 2226 5610 3809 5716">
     <span class='ocr_line' id='line_1_115' title="bbox 2226 5610 3809 5716; baseline -0.033 -7"><span class='ocrx_word' id='word_1_929' title='bbox 2226 5651 2370 5709; x_wconf 91' lang='lat' dir='ltr'><strong>hoc?</strong></span> <span class='ocrx_word' id='word_1_930' title='bbox 2394 5648 2448 5703; x_wconf 87' lang='lat' dir='ltr'><strong>Si</strong></span> <span class='ocrx_word' id='word_1_931' title='bbox 2477 5658 2604 5716; x_wconf 84' lang='lat' dir='ltr'><strong>ergo</strong></span> <span class='ocrx_word' id='word_1_932' title='bbox 2627 5641 2852 5697; x_wconf 89' lang='lat' dir='ltr'><strong>dicatur,</strong></span> <span class='ocrx_word' id='word_1_933' title='bbox 2876 5630 3120 5687; x_wconf 87' lang='lat' dir='ltr'><strong>Forsitan</strong></span> <span class='ocrx_word' id='word_1_934' title='bbox 3149 5620 3313 5687; x_wconf 88' lang='lat' dir='ltr'><strong>evasi,</strong></span> <span class='ocrx_word' id='word_1_935' title='bbox 3338 5614 3525 5670; x_wconf 89' lang='lat' dir='ltr'><strong>videtis</strong></span> <span class='ocrx_word' id='word_1_936' title='bbox 3549 5610 3669 5681; x_wconf 85' lang='lat' dir='ltr'><strong>quia</strong></span> <span class='ocrx_word' id='word_1_937' title='bbox 3696 5620 3809 5659; x_wconf 89' lang='lat' dir='ltr'><strong>non</strong></span> 
     </span>
     <span class='ocr_line' id='line_1_116' title="bbox 3313 5696 3778 5716; baseline -0.037 6"><span class='ocrx_word' id='word_1_938' title='bbox 3313 5709 3323 5716; x_wconf 93' lang='lat'><strong>.</strong></span> <span class='ocrx_word' id='word_1_939' title='bbox 3486 5704 3516 5716; x_wconf 91' lang='lat'><strong>..</strong></span> <span class='ocrx_word' id='word_1_940' title='bbox 3557 5703 3586 5716; x_wconf 88' lang='lat'><strong>._</strong></span> <span class='ocrx_word' id='word_1_941' title='bbox 3648 5714 3655 5716; x_wconf 26' lang='grc' dir='ltr'>λ</span> <span class='ocrx_word' id='word_1_942' title='bbox 3682 5713 3694 5716; x_wconf 50' lang='grc'><em>,</em></span> <span class='ocrx_word' id='word_1_943' title='bbox 3732 5696 3778 5716; x_wconf 83' lang='lat'><strong>,_</strong></span> 
     </span>
    </p>
   </div>
   <div class='ocr_carea' id='block_1_116' title="bbox 2230 5696 3810 5800">
    <p class='ocr_par' dir='ltr' id='par_1_116' title="bbox 2230 5696 3810 5800">
     <span class='ocr_line' id='line_1_117' title="bbox 2230 5696 3810 5800; baseline -0.034 0"><span class='ocrx_word' id='word_1_944' title='bbox 2230 5747 2330 5800; x_wconf 87' lang='lat' dir='ltr'><strong>hoc</strong></span> <span class='ocrx_word' id='word_1_945' title='bbox 2357 5747 2514 5795; x_wconf 87' lang='lat' dir='ltr'><strong>sonat</strong></span> <span class='ocrx_word' id='word_1_946' title='bbox 2590 5733 2685 5789; x_wconf 84' lang='lat' dir='ltr'><strong>sed</strong></span> <span class='ocrx_word' id='word_1_947' title='bbox 2711 5725 2853 5800; x_wconf 87' lang='lat' dir='ltr'><strong>quod</strong></span> <span class='ocrx_word' id='word_1_948' title='bbox 2880 5722 3010 5785; x_wconf 85' lang='lat' dir='ltr'><strong>dixi,</strong></span> <span class='ocrx_word' id='word_1_949' title='bbox 3037 5719 3217 5778; x_wconf 84' lang='lat' dir='ltr'><strong>Putas,</strong></span> <span class='ocrx_word' id='word_1_950' title='bbox 3246 5709 3441 5767; x_wconf 85' lang='lat' dir='ltr'><strong>usitate</strong></span> <span class='ocrx_word' id='word_1_951' title='bbox 3468 5703 3658 5765; x_wconf 78' lang='lat' dir='ltr'><strong>dicitur</strong></span> <span class='ocrx_word' id='word_1_952' title='bbox 3680 5713 3705 5761; x_wconf 80' lang='lat'><strong>;</strong></span> <span class='ocrx_word' id='word_1_953' title='bbox 3732 5696 3810 5749; x_wconf 84' lang='lat' dir='ltr'><strong>la-</strong></span> 
     </span>
    </p>
   </div>
   <div class='ocr_carea' id='block_1_117' title="bbox 2231 5797 3815 5891">
    <p class='ocr_par' dir='ltr' id='par_1_117' title="bbox 2231 5797 3815 5891">
     <span class='ocr_line' id='line_1_118' title="bbox 2231 5797 3815 5891; baseline -0.033 0"><span class='ocrx_word' id='word_1_954' title='bbox 2231 5837 2337 5891; x_wconf 84' lang='lat' dir='ltr'><strong>line</strong></span> <span class='ocrx_word' id='word_1_955' title='bbox 2366 5846 2471 5886; x_wconf 87' lang='lat' dir='ltr'><strong>non</strong></span> <span class='ocrx_word' id='word_1_956' title='bbox 2498 5828 2567 5884; x_wconf 88' lang='lat' dir='ltr'><strong>ita</strong></span> <span class='ocrx_word' id='word_1_957' title='bbox 2596 5797 2804 5879; x_wconf 84' lang='lat' dir='ltr'><strong>dicitur.</strong></span> <span class='ocrx_word' id='word_1_958' title='bbox 2838 5817 2905 5871; x_wconf 84' lang='lat' dir='ltr'><strong>Et</strong></span> <span class='ocrx_word' id='word_1_959' title='bbox 2934 5808 3080 5885; x_wconf 80' lang='lat' dir='ltr'><strong>potui</strong></span> <span class='ocrx_word' id='word_1_960' title='bbox 3111 5804 3236 5863; x_wconf 92' lang='lat' dir='ltr'><strong>illud</strong></span> <span class='ocrx_word' id='word_1_961' title='bbox 3263 5802 3460 5865; x_wconf 80' lang='lat' dir='ltr'><strong>dicere,</strong></span> <span class='ocrx_word' id='word_1_962' title='bbox 3489 5806 3613 5850; x_wconf 87' lang='lat' dir='ltr'><strong>cum</strong></span> <span class='ocrx_word' id='word_1_963' title='bbox 3635 5797 3815 5843; x_wconf 66' lang='lat' dir='ltr'><strong>mea</strong></span> 
     </span>
    </p>
   </div>
   <div class='ocr_carea' id='block_1_118' title="bbox 3392 5958 3479 5981">
    <p class='ocr_par' dir='ltr' id='par_1_118' title="bbox 3392 5958 3479 5981">
     <span class='ocr_line' id='line_1_119' title="bbox 3392 5958 3479 5981; baseline -0.023 -6"><span class='ocrx_word' id='word_1_964' title='bbox 3392 5958 3479 5981; x_wconf 45' lang='lat'><strong>«.5.</strong></span> 
     </span>
    </p>
   </div>
  </div>
