  <div class='ocr_page' id='page_1' title='image "/cluster/home/n/w/nwhite01/storage/ocr_20150623/37/uva.x000827106/320.png"; bbox 0 0 4160 6454; ppageno 0'>
   <div class='ocr_carea' id='block_1_1' title="bbox 459 416 596 474">
    <p class='ocr_par' dir='ltr' id='par_1_1' title="bbox 459 416 596 474">
     <span class='ocr_line' id='line_1_1' title="bbox 459 416 596 474; baseline 0 0"><span class='ocrx_word' id='word_1_1' title='bbox 459 416 596 474; x_wconf 60' lang='grc'><strong>1686</strong></span> 
     </span>
    </p>
   </div>
   <div class='ocr_carea' id='block_1_2' title="bbox 455 525 2027 597">
    <p class='ocr_par' dir='ltr' id='par_1_2' title="bbox 455 525 2027 597">
     <span class='ocr_line' id='line_1_2' title="bbox 455 525 2027 597; baseline -0.001 -16"><span class='ocrx_word' id='word_1_2' title='bbox 455 529 603 582; x_wconf 99' lang='lat' dir='ltr'><strong>vobis</strong></span> <span class='ocrx_word' id='word_1_3' title='bbox 628 545 642 594; x_wconf 93' lang='lat'><strong>;</strong></span> <span class='ocrx_word' id='word_1_4' title='bbox 673 543 815 597; x_wconf 79' lang='lat' dir='ltr'><strong>szepe</strong></span> <span class='ocrx_word' id='word_1_5' title='bbox 840 527 978 582; x_wconf 92' lang='lat' dir='ltr'><strong>enim</strong></span> <span class='ocrx_word' id='word_1_6' title='bbox 1008 536 1060 582; x_wconf 89' lang='lat' dir='ltr'><strong>et</strong></span> <span class='ocrx_word' id='word_1_7' title='bbox 1085 527 1243 582; x_wconf 88' lang='lat' dir='ltr'><strong>verba</strong></span> <span class='ocrx_word' id='word_1_8' title='bbox 1272 540 1373 580; x_wconf 91' lang='lat' dir='ltr'><strong>non</strong></span> <span class='ocrx_word' id='word_1_9' title='bbox 1407 525 1564 580; x_wconf 85' lang='lat' dir='ltr'><strong>latina</strong></span> <span class='ocrx_word' id='word_1_10' title='bbox 1587 525 1726 592; x_wconf 84' lang='lat' dir='ltr'><strong>dico,</strong></span> <span class='ocrx_word' id='word_1_11' title='bbox 1754 536 1811 580; x_wconf 87' lang='lat' dir='ltr'><strong>ut</strong></span> <span class='ocrx_word' id='word_1_12' title='bbox 1837 543 1929 582; x_wconf 92' lang='lat' dir='ltr'><strong>vos</strong></span> <span class='ocrx_word' id='word_1_13' title='bbox 1956 529 2027 581; x_wconf 83' lang='lat' dir='ltr'><strong>iu-</strong></span> 
     </span>
    </p>
   </div>
   <div class='ocr_carea' id='block_1_3' title="bbox 455 616 2030 688">
    <p class='ocr_par' dir='ltr' id='par_1_3' title="bbox 455 616 2030 688">
     <span class='ocr_line' id='line_1_3' title="bbox 455 616 2030 688; baseline -0.001 -14"><span class='ocrx_word' id='word_1_14' title='bbox 455 619 721 688; x_wconf 85' lang='lat' dir='ltr'><strong>tclligatis.</strong></span> <span class='ocrx_word' id='word_1_15' title='bbox 743 618 798 672; x_wconf 87' lang='lat' dir='ltr'><strong>In</strong></span> <span class='ocrx_word' id='word_1_16' title='bbox 818 618 1086 687; x_wconf 75' lang='lat' dir='ltr'><strong>Scriptura</strong></span> <span class='ocrx_word' id='word_1_17' title='bbox 1107 628 1290 671; x_wconf 87' lang='lat' dir='ltr'><strong>autem</strong></span> <span class='ocrx_word' id='word_1_18' title='bbox 1301 632 1404 670; x_wconf 92' lang='lat' dir='ltr'><strong>non</strong></span> <span class='ocrx_word' id='word_1_19' title='bbox 1425 616 1591 687; x_wconf 89' lang='lat' dir='ltr'><strong>potuit</strong></span> <span class='ocrx_word' id='word_1_20' title='bbox 1609 617 1709 670; x_wconf 92' lang='lat' dir='ltr'><strong>hoc</strong></span> <span class='ocrx_word' id='word_1_21' title='bbox 1728 617 1869 686; x_wconf 87' lang='lat' dir='ltr'><strong>poni,</strong></span> <span class='ocrx_word' id='word_1_22' title='bbox 1889 617 2030 687; x_wconf 90' lang='lat' dir='ltr'><strong>quod</strong></span> 
     </span>
    </p>
   </div>
   <div class='ocr_carea' id='block_1_4' title="bbox 455 707 2030 777">
    <p class='ocr_par' dir='ltr' id='par_1_4' title="bbox 455 707 2030 777">
     <span class='ocr_line' id='line_1_4' title="bbox 455 707 2030 777; baseline -0.001 -13"><span class='ocrx_word' id='word_1_23' title='bbox 455 711 670 764; x_wconf 79' lang='lat' dir='ltr'><strong>latinum</strong></span> <span class='ocrx_word' id='word_1_24' title='bbox 719 725 821 763; x_wconf 92' lang='lat' dir='ltr'><strong>non</strong></span> <span class='ocrx_word' id='word_1_25' title='bbox 850 720 1028 777; x_wconf 90' lang='lat' dir='ltr'><strong>esset;</strong></span> <span class='ocrx_word' id='word_1_26' title='bbox 1059 718 1112 763; x_wconf 92' lang='lat' dir='ltr'><strong>et</strong></span> <span class='ocrx_word' id='word_1_27' title='bbox 1155 707 1431 762; x_wconf 84' lang='lat' dir='ltr'><strong>deﬁciente</strong></span> <span class='ocrx_word' id='word_1_28' title='bbox 1476 708 1733 762; x_wconf 91' lang='lat' dir='ltr'><strong>latinitate</strong></span> <span class='ocrx_word' id='word_1_29' title='bbox 1756 748 1770 772; x_wconf 92' lang='lat'><strong>,</strong></span> <span class='ocrx_word' id='word_1_30' title='bbox 1804 709 2030 777; x_wconf 89' lang='lat' dir='ltr'><strong>positum</strong></span> 
     </span>
    </p>
   </div>
   <div class='ocr_carea' id='block_1_5' title="bbox 451 797 2032 872">
    <p class='ocr_par' dir='ltr' id='par_1_5' title="bbox 451 797 2032 872">
     <span class='ocr_line' id='line_1_5' title="bbox 451 797 2032 872; baseline -0.001 -17"><span class='ocrx_word' id='word_1_31' title='bbox 451 810 532 856; x_wconf 89' lang='lat' dir='ltr'><strong>est</strong></span> <span class='ocrx_word' id='word_1_32' title='bbox 553 817 652 872; x_wconf 90' lang='lat' dir='ltr'><strong>pro</strong></span> <span class='ocrx_word' id='word_1_33' title='bbox 669 816 755 866; x_wconf 87' lang='lat' dir='ltr'><strong>eo,</strong></span> <span class='ocrx_word' id='word_1_34' title='bbox 773 799 913 870; x_wconf 90' lang='lat' dir='ltr'><strong>quod</strong></span> <span class='ocrx_word' id='word_1_35' title='bbox 944 815 1047 853; x_wconf 93' lang='lat' dir='ltr'><strong>non</strong></span> <span class='ocrx_word' id='word_1_36' title='bbox 1076 799 1177 853; x_wconf 86' lang='lat' dir='ltr'><strong>hoc</strong></span> <span class='ocrx_word' id='word_1_37' title='bbox 1199 808 1432 854; x_wconf 90' lang='lat' dir='ltr'><strong>sonaret.</strong></span> <span class='ocrx_word' id='word_1_38' title='bbox 1453 797 1540 852; x_wconf 88' lang='lat' dir='ltr'><strong>Sic</strong></span> <span class='ocrx_word' id='word_1_39' title='bbox 1563 808 1735 852; x_wconf 90' lang='lat' dir='ltr'><strong>tamen</strong></span> <span class='ocrx_word' id='word_1_40' title='bbox 1758 798 2032 868; x_wconf 86' lang='lat' dir='ltr'><strong>intelligite</strong></span> 
     </span>
    </p>
   </div>
   <div class='ocr_carea' id='block_1_6' title="bbox 449 891 2027 961">
    <p class='ocr_par' dir='ltr' id='par_1_6' title="bbox 449 891 2027 961">
     <span class='ocr_line' id='line_1_6' title="bbox 449 891 2027 961; baseline -0.004 -11"><span class='ocrx_word' id='word_1_41' title='bbox 449 896 552 954; x_wconf 85' lang='lat' dir='ltr'><strong>dici</strong></span> <span class='ocrx_word' id='word_1_42' title='bbox 586 913 599 950; x_wconf 87' lang='lat'>:</span> <span class='ocrx_word' id='word_1_43' title='bbox 635 895 796 949; x_wconf 84' lang='lat' dir='ltr'><strong>Putas</strong></span> <span class='ocrx_word' id='word_1_44' title='bbox 819 935 834 960; x_wconf 92' lang='lat'><strong>,</strong></span> <span class='ocrx_word' id='word_1_45' title='bbox 865 893 1153 961; x_wconf 78' lang='lat' dir='ltr'><strong>pertransiit</strong></span> <span class='ocrx_word' id='word_1_46' title='bbox 1180 894 1350 945; x_wconf 87' lang='lat' dir='ltr'><strong>anima</strong></span> <span class='ocrx_word' id='word_1_47' title='bbox 1378 901 1545 946; x_wconf 82' lang='lat' dir='ltr'><strong>nostra</strong></span> <span class='ocrx_word' id='word_1_48' title='bbox 1571 907 1751 960; x_wconf 85' lang='lat' dir='ltr'><strong>aquam</strong></span> <span class='ocrx_word' id='word_1_49' title='bbox 1776 891 1883 945; x_wconf 81' lang='lat' dir='ltr'><strong>sine</strong></span> <span class='ocrx_word' id='word_1_50' title='bbox 1907 892 2027 944; x_wconf 83' lang='lat' dir='ltr'><strong>sub-</strong></span> 
     </span>
    </p>
   </div>
   <div class='ocr_carea' id='block_1_7' title="bbox 447 981 2032 1057">
    <p class='ocr_par' dir='ltr' id='par_1_7' title="bbox 447 981 2032 1057">
     <span class='ocr_line' id='line_1_7' title="bbox 447 981 2032 1057; baseline -0.003 -17"><span class='ocrx_word' id='word_1_51' title='bbox 447 985 634 1046; x_wconf 75' lang='lat' dir='ltr'><strong>stantia</strong></span> <span class='ocrx_word' id='word_1_52' title='bbox 656 986 682 1038; x_wconf 85' lang='lat'><strong>?</strong></span> <span class='ocrx_word' id='word_1_53' title='bbox 710 985 776 1038; x_wconf 77' lang='lat' dir='ltr'><strong>Et</strong></span> <span class='ocrx_word' id='word_1_54' title='bbox 804 1001 968 1057; x_wconf 87' lang='lat' dir='ltr'><strong>quare</strong></span> <span class='ocrx_word' id='word_1_55' title='bbox 995 983 1196 1047; x_wconf 84' lang='lat' dir='ltr'><strong>dicunt,</strong></span> <span class='ocrx_word' id='word_1_56' title='bbox 1221 981 1424 1037; x_wconf 86' lang='lat' dir='ltr'><strong>Putas?</strong></span> <span class='ocrx_word' id='word_1_57' title='bbox 1450 982 1581 1048; x_wconf 86' lang='lat' dir='ltr'><strong>Quia</strong></span> <span class='ocrx_word' id='word_1_58' title='bbox 1610 981 1916 1052; x_wconf 76' lang='lat' dir='ltr'><strong>magnitudo</strong></span> <span class='ocrx_word' id='word_1_59' title='bbox 1938 996 2032 1052; x_wconf 85' lang='lat' dir='ltr'><strong>pe-</strong></span> 
     </span>
    </p>
   </div>
   <div class='ocr_carea' id='block_1_8' title="bbox 448 1073 2030 1145">
    <p class='ocr_par' dir='ltr' id='par_1_8' title="bbox 448 1073 2030 1145">
     <span class='ocr_line' id='line_1_8' title="bbox 448 1073 2030 1145; baseline -0.003 -13"><span class='ocrx_word' id='word_1_60' title='bbox 448 1077 601 1132; x_wconf 89' lang='lat' dir='ltr'><strong>riculi</strong></span> <span class='ocrx_word' id='word_1_61' title='bbox 631 1078 713 1131; x_wconf 82' lang='lat' dir='ltr'><strong>vix</strong></span> <span class='ocrx_word' id='word_1_62' title='bbox 755 1076 877 1134; x_wconf 87' lang='lat' dir='ltr'><strong>facit</strong></span> <span class='ocrx_word' id='word_1_63' title='bbox 903 1075 1153 1130; x_wconf 91' lang='lat' dir='ltr'><strong>credibile</strong></span> <span class='ocrx_word' id='word_1_64' title='bbox 1180 1074 1321 1145; x_wconf 91' lang='lat' dir='ltr'><strong>quod</strong></span> <span class='ocrx_word' id='word_1_65' title='bbox 1349 1073 1534 1129; x_wconf 82' lang='lat' dir='ltr'><strong>evasit.</strong></span> <span class='ocrx_word' id='word_1_66' title='bbox 1562 1073 1802 1144; x_wconf 82' lang='lat' dir='ltr'><strong>Magnam</strong></span> <span class='ocrx_word' id='word_1_67' title='bbox 1845 1089 2030 1132; x_wconf 82' lang='lat' dir='ltr'><strong>necem</strong></span> 
     </span>
    </p>
   </div>
   <div class='ocr_carea' id='block_1_9' title="bbox 448 1164 2030 1243">
    <p class='ocr_par' dir='ltr' id='par_1_9' title="bbox 448 1164 2030 1243">
     <span class='ocr_line' id='line_1_9' title="bbox 448 1164 2030 1243; baseline -0.003 -20"><span class='ocrx_word' id='word_1_68' title='bbox 448 1169 802 1243; x_wconf 88' lang='lat' dir='ltr'><strong>pertulerunt,</strong></span> <span class='ocrx_word' id='word_1_69' title='bbox 827 1167 878 1222; x_wconf 94' lang='lat' dir='ltr'><strong>in</strong></span> <span class='ocrx_word' id='word_1_70' title='bbox 904 1166 1106 1237; x_wconf 84' lang='lat' dir='ltr'><strong>magnis</strong></span> <span class='ocrx_word' id='word_1_71' title='bbox 1130 1164 1522 1220; x_wconf 90' lang='lat' dir='ltr'><strong>discriminibus</strong></span> <span class='ocrx_word' id='word_1_72' title='bbox 1551 1165 1788 1230; x_wconf 89' lang='lat' dir='ltr'><strong>fuerunt;</strong></span> <span class='ocrx_word' id='word_1_73' title='bbox 1812 1165 2030 1218; x_wconf 90' lang='lat' dir='ltr'><strong>omnino</strong></span> 
     </span>
    </p>
   </div>
   <div class='ocr_carea' id='block_1_10' title="bbox 447 1255 2028 1331">
    <p class='ocr_par' dir='ltr' id='par_1_10' title="bbox 447 1255 2028 1331">
     <span class='ocr_line' id='line_1_10' title="bbox 447 1255 2028 1331; baseline -0.006 -15"><span class='ocrx_word' id='word_1_74' title='bbox 447 1260 720 1331; x_wconf 81' lang='lat' dir='ltr'><strong>siepressi</strong></span> <span class='ocrx_word' id='word_1_75' title='bbox 749 1269 890 1326; x_wconf 88' lang='lat' dir='ltr'><strong>sunt,</strong></span> <span class='ocrx_word' id='word_1_76' title='bbox 917 1269 972 1314; x_wconf 87' lang='lat' dir='ltr'><strong>ut</strong></span> <span class='ocrx_word' id='word_1_77' title='bbox 997 1274 1129 1329; x_wconf 89' lang='lat' dir='ltr'><strong>pene</strong></span> <span class='ocrx_word' id='word_1_78' title='bbox 1157 1258 1259 1312; x_wconf 90' lang='lat' dir='ltr'><strong>vivi</strong></span> <span class='ocrx_word' id='word_1_79' title='bbox 1287 1257 1668 1324; x_wconf 85' lang='lat' dir='ltr'><strong>consentirent,</strong></span> <span class='ocrx_word' id='word_1_80' title='bbox 1694 1264 1750 1310; x_wconf 89' lang='lat' dir='ltr'><strong>ut</strong></span> <span class='ocrx_word' id='word_1_81' title='bbox 1776 1271 1909 1325; x_wconf 91' lang='lat' dir='ltr'><strong>pene</strong></span> <span class='ocrx_word' id='word_1_82' title='bbox 1927 1255 2028 1308; x_wconf 87' lang='lat' dir='ltr'><strong>vivi</strong></span> 
     </span>
    </p>
   </div>
   <div class='ocr_carea' id='block_1_11' title="bbox 449 1343 2028 1420">
    <p class='ocr_par' dir='ltr' id='par_1_11' title="bbox 449 1343 2028 1420">
     <span class='ocr_line' id='line_1_11' title="bbox 449 1343 2028 1420; baseline -0.003 -16"><span class='ocrx_word' id='word_1_83' title='bbox 449 1351 864 1406; x_wconf 87' lang='lat' dir='ltr'><strong>absorberentur</strong></span> <span class='ocrx_word' id='word_1_84' title='bbox 887 1367 899 1401; x_wconf 88' lang='lat'>:</span> <span class='ocrx_word' id='word_1_85' title='bbox 920 1349 1026 1420; x_wconf 84' lang='lat' dir='ltr'><strong>jam</strong></span> <span class='ocrx_word' id='word_1_86' title='bbox 1058 1363 1185 1418; x_wconf 87' lang='lat' dir='ltr'><strong>ergo</strong></span> <span class='ocrx_word' id='word_1_87' title='bbox 1213 1347 1517 1410; x_wconf 85' lang='lat' dir='ltr'><strong>evadentes,</strong></span> <span class='ocrx_word' id='word_1_88' title='bbox 1545 1346 1653 1415; x_wconf 86' lang='lat' dir='ltr'><strong>jam</strong></span> <span class='ocrx_word' id='word_1_89' title='bbox 1694 1346 1903 1412; x_wconf 87' lang='lat' dir='ltr'><strong>securi,</strong></span> <span class='ocrx_word' id='word_1_90' title='bbox 1935 1343 2028 1399; x_wconf 89' lang='lat' dir='ltr'><strong>sed</strong></span> 
     </span>
    </p>
   </div>
   <div class='ocr_carea' id='block_1_12' title="bbox 450 1435 2025 1513">
    <p class='ocr_par' dir='ltr' id='par_1_12' title="bbox 450 1435 2025 1513">
     <span class='ocr_line' id='line_1_12' title="bbox 450 1435 2025 1513; baseline -0.006 -16"><span class='ocrx_word' id='word_1_91' title='bbox 450 1442 618 1513; x_wconf 87' lang='lat' dir='ltr'><strong>ipsius</strong></span> <span class='ocrx_word' id='word_1_92' title='bbox 662 1440 878 1511; x_wconf 85' lang='lat' dir='ltr'><strong>periculi</strong></span> <span class='ocrx_word' id='word_1_93' title='bbox 932 1437 1348 1509; x_wconf 80' lang='lat' dir='ltr'><strong>magnitudinem</strong></span> <span class='ocrx_word' id='word_1_94' title='bbox 1398 1436 1775 1502; x_wconf 84' lang='lat' dir='ltr'><strong>recordantes,</strong></span> <span class='ocrx_word' id='word_1_95' title='bbox 1827 1435 2025 1500; x_wconf 88' lang='lat' dir='ltr'><strong>Putas,</strong></span> 
     </span>
    </p>
   </div>
   <div class='ocr_carea' id='block_1_13' title="bbox 452 1526 2027 1606">
    <p class='ocr_par' dir='ltr' id='par_1_13' title="bbox 452 1526 2027 1606">
     <span class='ocr_line' id='line_1_13' title="bbox 452 1526 2027 1606; baseline -0.005 -16"><span class='ocrx_word' id='word_1_96' title='bbox 452 1536 698 1606; x_wconf 80' lang='lat' dir='ltr'><strong>inquiunt</strong></span> <span class='ocrx_word' id='word_1_97' title='bbox 729 1575 744 1601; x_wconf 90' lang='lat'><strong>,</strong></span> <span class='ocrx_word' id='word_1_98' title='bbox 791 1533 1080 1603; x_wconf 76' lang='lat' dir='ltr'><strong>pertransiit</strong></span> <span class='ocrx_word' id='word_1_99' title='bbox 1117 1533 1288 1586; x_wconf 86' lang='lat' dir='ltr'><strong>anima</strong></span> <span class='ocrx_word' id='word_1_100' title='bbox 1325 1539 1496 1585; x_wconf 78' lang='lat' dir='ltr'><strong>nostra</strong></span> <span class='ocrx_word' id='word_1_101' title='bbox 1541 1545 1723 1599; x_wconf 85' lang='lat' dir='ltr'><strong>aquam</strong></span> <span class='ocrx_word' id='word_1_102' title='bbox 1759 1529 1868 1583; x_wconf 83' lang='lat' dir='ltr'><strong>sine</strong></span> <span class='ocrx_word' id='word_1_103' title='bbox 1908 1526 2027 1583; x_wconf 84' lang='lat' dir='ltr'><strong>sub-</strong></span> 
     </span>
    </p>
   </div>
   <div class='ocr_carea' id='block_1_14' title="bbox 453 1629 1684 1682">
    <p class='ocr_par' dir='ltr' id='par_1_14' title="bbox 453 1629 1684 1682">
     <span class='ocr_line' id='line_1_14' title="bbox 453 1629 1684 1682; baseline 0.003 0"><span class='ocrx_word' id='word_1_104' title='bbox 453 1629 636 1682; x_wconf 76' lang='lat' dir='ltr'><strong>stantia</strong></span> <span class='ocrx_word' id='word_1_105' title='bbox 657 1629 684 1681; x_wconf 83' lang='lat'><strong>?</strong></span> <span class='ocrx_word' id='word_1_106' title='bbox 1682 1629 1684 1631; x_wconf 58' lang='grc'><em>’</em></span> 
     </span>
    </p>
   </div>
   <div class='ocr_carea' id='block_1_15' title="bbox 526 1713 2027 1789">
    <p class='ocr_par' dir='ltr' id='par_1_15' title="bbox 526 1713 2027 1789">
     <span class='ocr_line' id='line_1_15' title="bbox 526 1713 2027 1789; baseline -0.004 -16"><span class='ocrx_word' id='word_1_107' title='bbox 526 1720 580 1774; x_wconf 85' lang='grc'><strong>9.</strong></span> <span class='ocrx_word' id='word_1_108' title='bbox 613 1720 740 1788; x_wconf 76' lang='lat' dir='ltr'><strong>Qua:</strong></span> <span class='ocrx_word' id='word_1_109' title='bbox 768 1726 848 1773; x_wconf 92' lang='lat' dir='ltr'><strong>est</strong></span> <span class='ocrx_word' id='word_1_110' title='bbox 872 1734 1004 1789; x_wconf 82' lang='lat' dir='ltr'><strong>aqua</strong></span> <span class='ocrx_word' id='word_1_111' title='bbox 1031 1717 1146 1772; x_wconf 90' lang='lat' dir='ltr'><strong>sine</strong></span> <span class='ocrx_word' id='word_1_112' title='bbox 1182 1715 1473 1771; x_wconf 83' lang='lat' dir='ltr'><strong>substantia</strong></span> <span class='ocrx_word' id='word_1_113' title='bbox 1500 1757 1513 1782; x_wconf 91' lang='lat'><strong>,</strong></span> <span class='ocrx_word' id='word_1_114' title='bbox 1547 1713 1646 1768; x_wconf 90' lang='lat' dir='ltr'><strong>nisi</strong></span> <span class='ocrx_word' id='word_1_115' title='bbox 1673 1729 1805 1784; x_wconf 89' lang='lat' dir='ltr'><strong>aqua</strong></span> <span class='ocrx_word' id='word_1_116' title='bbox 1838 1727 2027 1784; x_wconf 87' lang='lat' dir='ltr'><strong>pecca-</strong></span> 
     </span>
    </p>
   </div>
   <div class='ocr_carea' id='block_1_16' title="bbox 459 1802 2031 1877">
    <p class='ocr_par' dir='ltr' id='par_1_16' title="bbox 459 1802 2031 1877">
     <span class='ocr_line' id='line_1_16' title="bbox 459 1802 2031 1877; baseline -0.004 -14"><span class='ocrx_word' id='word_1_117' title='bbox 459 1819 627 1863; x_wconf 86' lang='lat' dir='ltr'><strong>torum</strong></span> <span class='ocrx_word' id='word_1_118' title='bbox 656 1809 770 1877; x_wconf 83' lang='lat' dir='ltr'><strong>sine</strong></span> <span class='ocrx_word' id='word_1_119' title='bbox 797 1807 1122 1861; x_wconf 72' lang='lat' dir='ltr'><strong>substantia?</strong></span> <span class='ocrx_word' id='word_1_120' title='bbox 1142 1806 1360 1860; x_wconf 88' lang='lat' dir='ltr'><strong>Peccata</strong></span> <span class='ocrx_word' id='word_1_121' title='bbox 1385 1805 1524 1860; x_wconf 88' lang='lat' dir='ltr'><strong>enim</strong></span> <span class='ocrx_word' id='word_1_122' title='bbox 1556 1819 1658 1859; x_wconf 93' lang='lat' dir='ltr'><strong>non</strong></span> <span class='ocrx_word' id='word_1_123' title='bbox 1691 1803 1886 1858; x_wconf 82' lang='lat' dir='ltr'><strong>habent</strong></span> <span class='ocrx_word' id='word_1_124' title='bbox 1906 1802 2031 1857; x_wconf 83' lang='lat' dir='ltr'><strong>sub-</strong></span> 
     </span>
    </p>
   </div>
   <div class='ocr_carea' id='block_1_17' title="bbox 458 1895 2034 1967">
    <p class='ocr_par' dir='ltr' id='par_1_17' title="bbox 458 1895 2034 1967">
     <span class='ocr_line' id='line_1_17' title="bbox 458 1895 2034 1967; baseline -0.004 -12"><span class='ocrx_word' id='word_1_125' title='bbox 458 1901 702 1955; x_wconf 84' lang='lat' dir='ltr'><strong>stantiam</strong></span> <span class='ocrx_word' id='word_1_126' title='bbox 737 1917 749 1952; x_wconf 88' lang='lat'>:</span> <span class='ocrx_word' id='word_1_127' title='bbox 783 1898 1010 1967; x_wconf 88' lang='lat' dir='ltr'><strong>inopiam</strong></span> <span class='ocrx_word' id='word_1_128' title='bbox 1041 1896 1257 1957; x_wconf 85' lang='lat' dir='ltr'><strong>habent,</strong></span> <span class='ocrx_word' id='word_1_129' title='bbox 1283 1912 1387 1951; x_wconf 89' lang='lat' dir='ltr'><strong>non</strong></span> <span class='ocrx_word' id='word_1_130' title='bbox 1417 1895 1802 1960; x_wconf 89' lang='lat' dir='ltr'><strong>substantiam;</strong></span> <span class='ocrx_word' id='word_1_131' title='bbox 1835 1901 2034 1964; x_wconf 87' lang='lat' dir='ltr'><strong>egesta-</strong></span> 
     </span>
    </p>
   </div>
   <div class='ocr_carea' id='block_1_18' title="bbox 462 1984 2030 2055">
    <p class='ocr_par' dir='ltr' id='par_1_18' title="bbox 462 1984 2030 2055">
     <span class='ocr_line' id='line_1_18' title="bbox 462 1984 2030 2055; baseline -0.003 -11"><span class='ocrx_word' id='word_1_132' title='bbox 462 2000 564 2044; x_wconf 88' lang='lat' dir='ltr'><strong>tetn</strong></span> <span class='ocrx_word' id='word_1_133' title='bbox 591 1989 820 2052; x_wconf 87' lang='lat' dir='ltr'><strong>habent,</strong></span> <span class='ocrx_word' id='word_1_134' title='bbox 866 2005 969 2042; x_wconf 91' lang='lat' dir='ltr'><strong>non</strong></span> <span class='ocrx_word' id='word_1_135' title='bbox 997 1987 1366 2042; x_wconf 87' lang='lat' dir='ltr'><strong>substantiam.</strong></span> <span class='ocrx_word' id='word_1_136' title='bbox 1397 1985 1449 2040; x_wconf 93' lang='lat' dir='ltr'><strong>In</strong></span> <span class='ocrx_word' id='word_1_137' title='bbox 1479 1989 1575 2040; x_wconf 89' lang='lat' dir='ltr'><strong>ista</strong></span> <span class='ocrx_word' id='word_1_138' title='bbox 1604 2001 1738 2055; x_wconf 82' lang='lat' dir='ltr'><strong>aqua</strong></span> <span class='ocrx_word' id='word_1_139' title='bbox 1764 1985 1879 2039; x_wconf 90' lang='lat' dir='ltr'><strong>sine</strong></span> <span class='ocrx_word' id='word_1_140' title='bbox 1903 1984 2030 2040; x_wconf 87' lang='lat' dir='ltr'><strong>sub-</strong></span> 
     </span>
    </p>
   </div>
   <div class='ocr_carea' id='block_1_19' title="bbox 462 2076 2030 2148">
    <p class='ocr_par' dir='ltr' id='par_1_19' title="bbox 462 2076 2030 2148">
     <span class='ocr_line' id='line_1_19' title="bbox 462 2076 2030 2148; baseline -0.004 -13"><span class='ocrx_word' id='word_1_141' title='bbox 462 2081 650 2135; x_wconf 83' lang='lat' dir='ltr'><strong>Stantia</strong></span> <span class='ocrx_word' id='word_1_142' title='bbox 673 2121 688 2146; x_wconf 91' lang='lat'><strong>,</strong></span> <span class='ocrx_word' id='word_1_143' title='bbox 719 2077 946 2148; x_wconf 84' lang='lat' dir='ltr'><strong>perdidit</strong></span> <span class='ocrx_word' id='word_1_144' title='bbox 989 2079 1076 2132; x_wconf 91' lang='lat' dir='ltr'><strong>ille</strong></span> <span class='ocrx_word' id='word_1_145' title='bbox 1115 2078 1286 2132; x_wconf 90' lang='lat' dir='ltr'><strong>minor</strong></span> <span class='ocrx_word' id='word_1_146' title='bbox 1329 2077 1466 2131; x_wconf 88' lang='lat' dir='ltr'><strong>ﬁlius</strong></span> <span class='ocrx_word' id='word_1_147' title='bbox 1495 2085 1654 2131; x_wconf 88' lang='lat' dir='ltr'><strong>lotam</strong></span> <span class='ocrx_word' id='word_1_148' title='bbox 1682 2076 2030 2130; x_wconf 86' lang='lat' dir='ltr'><strong>substantiam</strong></span> 
     </span>
    </p>
   </div>
   <div class='ocr_carea' id='block_1_20' title="bbox 464 2168 2027 2237">
    <p class='ocr_par' dir='ltr' id='par_1_20' title="bbox 464 2168 2027 2237">
     <span class='ocr_line' id='line_1_20' title="bbox 464 2168 2027 2237; baseline -0.004 -11"><span class='ocrx_word' id='word_1_149' title='bbox 464 2189 629 2226; x_wconf 90' lang='lat' dir='ltr'><strong>suam.</strong></span> <span class='ocrx_word' id='word_1_150' title='bbox 660 2170 838 2226; x_wconf 83' lang='lat' dir='ltr'><strong>Nostis</strong></span> <span class='ocrx_word' id='word_1_151' title='bbox 866 2169 1005 2225; x_wconf 91' lang='lat' dir='ltr'><strong>enim</strong></span> <span class='ocrx_word' id='word_1_152' title='bbox 1034 2169 1152 2237; x_wconf 83' lang='lat' dir='ltr'><strong>quia</strong></span> <span class='ocrx_word' id='word_1_153' title='bbox 1179 2169 1351 2222; x_wconf 88' lang='lat' dir='ltr'><strong>minor</strong></span> <span class='ocrx_word' id='word_1_154' title='bbox 1377 2168 1516 2222; x_wconf 88' lang='lat' dir='ltr'><strong>ﬁlius</strong></span> <span class='ocrx_word' id='word_1_155' title='bbox 1539 2168 1902 2237; x_wconf 84' lang='lat' dir='ltr'><strong>peregrinatus</strong></span> <span class='ocrx_word' id='word_1_156' title='bbox 1925 2175 2027 2235; x_wconf 90' lang='lat' dir='ltr'><strong>est,</strong></span> 
     </span>
    </p>
   </div>
   <div class='ocr_carea' id='block_1_21' title="bbox 465 2257 2032 2331">
    <p class='ocr_par' dir='ltr' id='par_1_21' title="bbox 465 2257 2032 2331">
     <span class='ocr_line' id='line_1_21' title="bbox 465 2257 2032 2331; baseline -0.004 -15"><span class='ocrx_word' id='word_1_157' title='bbox 465 2272 513 2317; x_wconf 91' lang='lat' dir='ltr'><strong>et</strong></span> <span class='ocrx_word' id='word_1_158' title='bbox 527 2263 655 2316; x_wconf 78' lang='lat' dir='ltr'><strong>dixit</strong></span> <span class='ocrx_word' id='word_1_159' title='bbox 678 2261 809 2331; x_wconf 90' lang='lat' dir='ltr'><strong>patri</strong></span> <span class='ocrx_word' id='word_1_160' title='bbox 829 2277 840 2312; x_wconf 90' lang='lat'>:</span> <span class='ocrx_word' id='word_1_161' title='bbox 862 2259 943 2312; x_wconf 91' lang='lat' dir='ltr'><strong>Da</strong></span> <span class='ocrx_word' id='word_1_162' title='bbox 962 2259 1084 2312; x_wconf 82' lang='lat' dir='ltr'><strong>mihi</strong></span> <span class='ocrx_word' id='word_1_163' title='bbox 1097 2259 1372 2330; x_wconf 85' lang='lat' dir='ltr'><strong>portionem</strong></span> <span class='ocrx_word' id='word_1_164' title='bbox 1393 2257 1679 2311; x_wconf 80' lang='lat' dir='ltr'><strong>substantia:</strong></span> <span class='ocrx_word' id='word_1_165' title='bbox 1696 2273 1899 2326; x_wconf 67' lang='lat' dir='ltr'><strong>quaerite</strong></span> <span class='ocrx_word' id='word_1_166' title='bbox 1920 2273 2032 2310; x_wconf 87' lang='lat' dir='ltr'><strong>con-</strong></span> 
     </span>
    </p>
   </div>
   <div class='ocr_carea' id='block_1_22' title="bbox 465 2348 2026 2426">
    <p class='ocr_par' dir='ltr' id='par_1_22' title="bbox 465 2348 2026 2426">
     <span class='ocr_line' id='line_1_22' title="bbox 465 2348 2026 2426; baseline -0.003 -20"><span class='ocrx_word' id='word_1_167' title='bbox 465 2355 622 2426; x_wconf 85' lang='lat' dir='ltr'><strong>tingit.</strong></span> <span class='ocrx_word' id='word_1_168' title='bbox 656 2352 790 2420; x_wconf 86' lang='lat' dir='ltr'><strong>Quid</strong></span> <span class='ocrx_word' id='word_1_169' title='bbox 839 2351 930 2405; x_wconf 91' lang='lat' dir='ltr'><strong>tibi</strong></span> <span class='ocrx_word' id='word_1_170' title='bbox 963 2349 1084 2404; x_wconf 86' lang='lat' dir='ltr'><strong>vis?</strong></span> <span class='ocrx_word' id='word_1_171' title='bbox 1126 2349 1311 2403; x_wconf 85' lang='lat' dir='ltr'><strong>Melius</strong></span> <span class='ocrx_word' id='word_1_172' title='bbox 1340 2348 1477 2417; x_wconf 91' lang='lat' dir='ltr'><strong>apud</strong></span> <span class='ocrx_word' id='word_1_173' title='bbox 1523 2357 1723 2418; x_wconf 90' lang='lat' dir='ltr'><strong>patrem</strong></span> <span class='ocrx_word' id='word_1_174' title='bbox 1752 2355 2026 2412; x_wconf 81' lang='lat' dir='ltr'><strong>servatur;</strong></span> 
     </span>
    </p>
   </div>
   <div class='ocr_carea' id='block_1_23' title="bbox 467 2439 2026 2512">
    <p class='ocr_par' dir='ltr' id='par_1_23' title="bbox 467 2439 2026 2512">
     <span class='ocr_line' id='line_1_23' title="bbox 467 2439 2026 2512; baseline -0.003 -14"><span class='ocrx_word' id='word_1_175' title='bbox 467 2456 549 2499; x_wconf 89' lang='lat' dir='ltr'><strong>tua</strong></span> <span class='ocrx_word' id='word_1_176' title='bbox 589 2453 670 2498; x_wconf 84' lang='lat' dir='ltr'><strong>est</strong></span> <span class='ocrx_word' id='word_1_177' title='bbox 701 2462 713 2496; x_wconf 91' lang='lat'><strong>:</strong></span> <span class='ocrx_word' id='word_1_178' title='bbox 746 2442 1035 2512; x_wconf 87' lang='lat' dir='ltr'><strong>ddapidare</strong></span> <span class='ocrx_word' id='word_1_179' title='bbox 1060 2441 1199 2496; x_wconf 90' lang='lat' dir='ltr'><strong>illam</strong></span> <span class='ocrx_word' id='word_1_180' title='bbox 1241 2441 1356 2506; x_wconf 85' lang='lat' dir='ltr'><strong>vis;</strong></span> <span class='ocrx_word' id='word_1_181' title='bbox 1390 2439 1652 2510; x_wconf 87' lang='lat' dir='ltr'><strong>proﬁcisci</strong></span> <span class='ocrx_word' id='word_1_182' title='bbox 1694 2440 1774 2495; x_wconf 92' lang='lat' dir='ltr'><strong>vis</strong></span> <span class='ocrx_word' id='word_1_183' title='bbox 1803 2440 2026 2509; x_wconf 84' lang='lat' dir='ltr'><strong>longius.</strong></span> 
     </span>
    </p>
   </div>
   <div class='ocr_carea' id='block_1_24' title="bbox 465 2531 2029 2602">
    <p class='ocr_par' dir='ltr' id='par_1_24' title="bbox 465 2531 2029 2602">
     <span class='ocr_line' id='line_1_24' title="bbox 465 2531 2029 2602; baseline -0.003 -12"><span class='ocrx_word' id='word_1_184' title='bbox 465 2536 544 2590; x_wconf 86' lang='lat' dir='ltr'><strong>Da</strong></span> <span class='ocrx_word' id='word_1_185' title='bbox 571 2537 731 2601; x_wconf 84' lang='lat' dir='ltr'><strong>mihi;</strong></span> <span class='ocrx_word' id='word_1_186' title='bbox 759 2535 852 2589; x_wconf 86' lang='lat' dir='ltr'><strong>sed</strong></span> <span class='ocrx_word' id='word_1_187' title='bbox 891 2534 957 2587; x_wconf 89' lang='lat' dir='ltr'><strong>da</strong></span> <span class='ocrx_word' id='word_1_188' title='bbox 986 2534 1126 2587; x_wconf 81' lang='lat' dir='ltr'><strong>mihi.</strong></span> <span class='ocrx_word' id='word_1_189' title='bbox 1158 2532 1312 2587; x_wconf 88' lang='lat' dir='ltr'><strong>Dedit</strong></span> <span class='ocrx_word' id='word_1_190' title='bbox 1351 2531 1447 2586; x_wconf 86' lang='lat' dir='ltr'><strong>illi.</strong></span> <span class='ocrx_word' id='word_1_191' title='bbox 1477 2531 1750 2587; x_wconf 88' lang='lat' dir='ltr'><strong>Profectus</strong></span> <span class='ocrx_word' id='word_1_192' title='bbox 1775 2533 1825 2586; x_wconf 79' lang='lat' dir='ltr'><strong>in</strong></span> <span class='ocrx_word' id='word_1_193' title='bbox 1855 2533 2029 2602; x_wconf 87' lang='lat' dir='ltr'><strong>regio-</strong></span> 
     </span>
    </p>
   </div>
   <div class='ocr_carea' id='block_1_25' title="bbox 466 2623 2026 2696">
    <p class='ocr_par' dir='ltr' id='par_1_25' title="bbox 466 2623 2026 2696">
     <span class='ocr_line' id='line_1_25' title="bbox 466 2623 2026 2696; baseline -0.002 -14"><span class='ocrx_word' id='word_1_194' title='bbox 466 2645 581 2682; x_wconf 87' lang='lat' dir='ltr'><strong>nem</strong></span> <span class='ocrx_word' id='word_1_195' title='bbox 625 2628 961 2696; x_wconf 88' lang='lat' dir='ltr'><strong>longinquam</strong></span> <span class='ocrx_word' id='word_1_196' title='bbox 990 2626 1172 2680; x_wconf 89' lang='lat' dir='ltr'><strong>vivens</strong></span> <span class='ocrx_word' id='word_1_197' title='bbox 1212 2623 1431 2695; x_wconf 80' lang='lat' dir='ltr'><strong>prodige</strong></span> <span class='ocrx_word' id='word_1_198' title='bbox 1469 2639 1588 2678; x_wconf 89' lang='lat' dir='ltr'><strong>eum</strong></span> <span class='ocrx_word' id='word_1_199' title='bbox 1623 2624 1988 2679; x_wconf 89' lang='lat' dir='ltr'><strong>meretricibus</strong></span> <span class='ocrx_word' id='word_1_200' title='bbox 2011 2666 2026 2691; x_wconf 94' lang='lat'><strong>,</strong></span> 
     </span>
    </p>
   </div>
   <div class='ocr_carea' id='block_1_26' title="bbox 466 2714 2029 2789">
    <p class='ocr_par' dir='ltr' id='par_1_26' title="bbox 466 2714 2029 2789">
     <span class='ocr_line' id='line_1_26' title="bbox 466 2714 2029 2789; baseline -0.001 -19"><span class='ocrx_word' id='word_1_201' title='bbox 466 2719 686 2789; x_wconf 84' lang='lat' dir='ltr'><strong>perdidit</strong></span> <span class='ocrx_word' id='word_1_202' title='bbox 715 2726 876 2771; x_wconf 90' lang='lat' dir='ltr'><strong>totam</strong></span> <span class='ocrx_word' id='word_1_203' title='bbox 904 2716 1254 2770; x_wconf 90' lang='lat' dir='ltr'><strong>substantiam</strong></span> <span class='ocrx_word' id='word_1_204' title='bbox 1290 2731 1302 2766; x_wconf 93' lang='lat'><strong>:</strong></span> <span class='ocrx_word' id='word_1_205' title='bbox 1334 2728 1494 2784; x_wconf 89' lang='lat' dir='ltr'><strong>egens</strong></span> <span class='ocrx_word' id='word_1_206' title='bbox 1523 2714 1777 2768; x_wconf 88' lang='lat' dir='ltr'><strong>remansit</strong></span> <span class='ocrx_word' id='word_1_207' title='bbox 1799 2755 1813 2780; x_wconf 96' lang='lat'><strong>,</strong></span> <span class='ocrx_word' id='word_1_208' title='bbox 1842 2729 2029 2783; x_wconf 90' lang='lat' dir='ltr'><strong>porcos</strong></span> 
     </span>
    </p>
   </div>
   <div class='ocr_carea' id='block_1_27' title="bbox 467 2802 2024 2878">
    <p class='ocr_par' dir='ltr' id='par_1_27' title="bbox 467 2802 2024 2878">
     <span class='ocr_line' id='line_1_27' title="bbox 467 2802 2024 2878; baseline -0.003 -18"><span class='ocrx_word' id='word_1_209' title='bbox 467 2811 602 2878; x_wconf 86' lang='lat' dir='ltr'><strong>pavit</strong></span> <span class='ocrx_word' id='word_1_210' title='bbox 626 2824 642 2872; x_wconf 95' lang='lat'><strong>;</strong></span> <span class='ocrx_word' id='word_1_211' title='bbox 674 2808 724 2861; x_wconf 90' lang='lat' dir='ltr'><strong>in</strong></span> <span class='ocrx_word' id='word_1_212' title='bbox 751 2815 986 2877; x_wconf 80' lang='lat' dir='ltr'><strong>egestate</strong></span> <span class='ocrx_word' id='word_1_213' title='bbox 1012 2820 1104 2860; x_wconf 89' lang='lat' dir='ltr'><strong>sua</strong></span> <span class='ocrx_word' id='word_1_214' title='bbox 1130 2804 1294 2874; x_wconf 89' lang='lat' dir='ltr'><strong>patris</strong></span> <span class='ocrx_word' id='word_1_215' title='bbox 1314 2803 1524 2858; x_wconf 89' lang='lat' dir='ltr'><strong>divitias</strong></span> <span class='ocrx_word' id='word_1_216' title='bbox 1550 2802 1855 2857; x_wconf 87' lang='lat' dir='ltr'><strong>recordatur</strong></span> <span class='ocrx_word' id='word_1_217' title='bbox 1875 2802 2024 2873; x_wconf 85' lang='lat' dir='ltr'><strong>(Luc.</strong></span> 
     </span>
    </p>
   </div>
   <div class='ocr_carea' id='block_1_28' title="bbox 463 2893 2027 2966">
    <p class='ocr_par' dir='ltr' id='par_1_28' title="bbox 463 2893 2027 2966">
     <span class='ocr_line' id='line_1_28' title="bbox 463 2893 2027 2966; baseline -0.002 -14"><span class='ocrx_word' id='word_1_218' title='bbox 463 2915 526 2952; x_wconf 79' lang='lat' dir='ltr'><strong>xv</strong></span> <span class='ocrx_word' id='word_1_219' title='bbox 548 2940 564 2964; x_wconf 92' lang='lat'><strong>,</strong></span> <span class='ocrx_word' id='word_1_220' title='bbox 600 2898 803 2966; x_wconf 77' lang='lat' dir='ltr'><strong>l2-l7).</strong></span> <span class='ocrx_word' id='word_1_221' title='bbox 835 2897 939 2951; x_wconf 81' lang='lat' dir='ltr'><strong>Nisi</strong></span> <span class='ocrx_word' id='word_1_222' title='bbox 972 2912 1092 2951; x_wconf 91' lang='lat' dir='ltr'><strong>cum</strong></span> <span class='ocrx_word' id='word_1_223' title='bbox 1135 2904 1340 2966; x_wconf 78' lang='lat' dir='ltr'><strong>egestas</strong></span> <span class='ocrx_word' id='word_1_224' title='bbox 1371 2895 1630 2964; x_wconf 90' lang='lat' dir='ltr'><strong>pulsasset</strong></span> <span class='ocrx_word' id='word_1_225' title='bbox 1655 2936 1669 2961; x_wconf 94' lang='lat'><strong>,</strong></span> <span class='ocrx_word' id='word_1_226' title='bbox 1698 2893 1842 2948; x_wconf 88' lang='lat' dir='ltr'><strong>illam</strong></span> <span class='ocrx_word' id='word_1_227' title='bbox 1867 2893 2027 2949; x_wconf 89' lang='lat' dir='ltr'><strong>satie-</strong></span> 
     </span>
    </p>
   </div>
   <div class='ocr_carea' id='block_1_29' title="bbox 464 2985 2030 3054">
    <p class='ocr_par' dir='ltr' id='par_1_29' title="bbox 464 2985 2030 3054">
     <span class='ocr_line' id='line_1_29' title="bbox 464 2985 2030 3054; baseline -0.003 -11"><span class='ocrx_word' id='word_1_228' title='bbox 464 3000 618 3044; x_wconf 86' lang='lat' dir='ltr'><strong>tatem</strong></span> <span class='ocrx_word' id='word_1_229' title='bbox 653 3004 758 3042; x_wconf 91' lang='lat' dir='ltr'><strong>non</strong></span> <span class='ocrx_word' id='word_1_230' title='bbox 786 2987 1125 3042; x_wconf 89' lang='lat' dir='ltr'><strong>desideraret.</strong></span> <span class='ocrx_word' id='word_1_231' title='bbox 1159 2985 1507 3041; x_wconf 85' lang='lat' dir='ltr'><strong>Considerent</strong></span> <span class='ocrx_word' id='word_1_232' title='bbox 1535 2999 1662 3054; x_wconf 87' lang='lat' dir='ltr'><strong>ergo</strong></span> <span class='ocrx_word' id='word_1_233' title='bbox 1691 2999 1876 3038; x_wconf 88' lang='lat' dir='ltr'><strong>omnes</strong></span> <span class='ocrx_word' id='word_1_234' title='bbox 1906 2999 2030 3054; x_wconf 85' lang='lat' dir='ltr'><strong>pec-</strong></span> 
     </span>
    </p>
   </div>
   <div class='ocr_carea' id='block_1_30' title="bbox 461 3075 2024 3144">
    <p class='ocr_par' dir='ltr' id='par_1_30' title="bbox 461 3075 2024 3144">
     <span class='ocr_line' id='line_1_30' title="bbox 461 3075 2024 3144; baseline -0.006 -9"><span class='ocrx_word' id='word_1_235' title='bbox 461 3091 570 3135; x_wconf 83' lang='lat' dir='ltr'><strong>cata</strong></span> <span class='ocrx_word' id='word_1_236' title='bbox 601 3097 715 3144; x_wconf 88' lang='lat' dir='ltr'><strong>sua,</strong></span> <span class='ocrx_word' id='word_1_237' title='bbox 741 3079 954 3133; x_wconf 79' lang='lat' dir='ltr'><strong>videant</strong></span> <span class='ocrx_word' id='word_1_238' title='bbox 979 3079 1023 3132; x_wconf 91' lang='lat' dir='ltr'><strong>si</strong></span> <span class='ocrx_word' id='word_1_239' title='bbox 1056 3077 1250 3132; x_wconf 78' lang='lat' dir='ltr'><strong>habent</strong></span> <span class='ocrx_word' id='word_1_240' title='bbox 1273 3076 1618 3131; x_wconf 86' lang='lat' dir='ltr'><strong>substantiam</strong></span> <span class='ocrx_word' id='word_1_241' title='bbox 1648 3075 1760 3144; x_wconf 90' lang='lat' dir='ltr'><strong>ipsa</strong></span> <span class='ocrx_word' id='word_1_242' title='bbox 1790 3084 2024 3144; x_wconf 85' lang='lat' dir='ltr'><strong>peccata.</strong></span> 
     </span>
    </p>
   </div>
   <div class='ocr_carea' id='block_1_31' title="bbox 463 3165 2028 3240">
    <p class='ocr_par' dir='ltr' id='par_1_31' title="bbox 463 3165 2028 3240">
     <span class='ocr_line' id='line_1_31' title="bbox 463 3165 2028 3240; baseline -0.006 -13"><span class='ocrx_word' id='word_1_243' title='bbox 463 3173 682 3240; x_wconf 83' lang='lat' dir='ltr'><strong>Propter</strong></span> <span class='ocrx_word' id='word_1_244' title='bbox 712 3170 834 3240; x_wconf 90' lang='lat' dir='ltr'><strong>quid</strong></span> <span class='ocrx_word' id='word_1_245' title='bbox 862 3169 1090 3223; x_wconf 80' lang='lat' dir='ltr'><strong>irritavit</strong></span> <span class='ocrx_word' id='word_1_246' title='bbox 1114 3168 1279 3223; x_wconf 88' lang='lat' dir='ltr'><strong>Deum</strong></span> <span class='ocrx_word' id='word_1_247' title='bbox 1305 3175 1550 3238; x_wconf 89' lang='lat' dir='ltr'><strong>peccator</strong></span> <span class='ocrx_word' id='word_1_248' title='bbox 1572 3165 1739 3235; x_wconf 81' lang='lat' dir='ltr'><strong>(Psal.</strong></span> <span class='ocrx_word' id='word_1_249' title='bbox 1768 3182 1820 3219; x_wconf 84' lang='lat' dir='ltr'><strong>ix</strong></span> <span class='ocrx_word' id='word_1_250' title='bbox 1846 3207 1859 3232; x_wconf 95' lang='lat'><strong>,</strong></span> <span class='ocrx_word' id='word_1_251' title='bbox 1893 3166 1980 3235; x_wconf 75' lang='grc'><strong>15)</strong></span> <span class='ocrx_word' id='word_1_252' title='bbox 2005 3166 2028 3218; x_wconf 85' lang='lat'><strong>?</strong></span> 
     </span>
    </p>
   </div>
   <div class='ocr_carea' id='block_1_32' title="bbox 460 3257 2026 3332">
    <p class='ocr_par' dir='ltr' id='par_1_32' title="bbox 460 3257 2026 3332">
     <span class='ocr_line' id='line_1_32' title="bbox 460 3257 2026 3332; baseline -0.006 -12"><span class='ocrx_word' id='word_1_253' title='bbox 460 3265 510 3320; x_wconf 90' lang='lat' dir='ltr'><strong>Si</strong></span> <span class='ocrx_word' id='word_1_254' title='bbox 539 3282 643 3319; x_wconf 91' lang='lat' dir='ltr'><strong>non</strong></span> <span class='ocrx_word' id='word_1_255' title='bbox 666 3264 810 3318; x_wconf 83' lang='lat' dir='ltr'><strong>vides</strong></span> <span class='ocrx_word' id='word_1_256' title='bbox 838 3272 1106 3332; x_wconf 89' lang='lat' dir='ltr'><strong>peccatum</strong></span> <span class='ocrx_word' id='word_1_257' title='bbox 1136 3271 1280 3315; x_wconf 91' lang='lat' dir='ltr'><strong>tuum</strong></span> <span class='ocrx_word' id='word_1_258' title='bbox 1306 3269 1584 3328; x_wconf 89' lang='lat' dir='ltr'><strong>antequam</strong></span> <span class='ocrx_word' id='word_1_259' title='bbox 1613 3258 1795 3323; x_wconf 90' lang='lat' dir='ltr'><strong>facias,</strong></span> <span class='ocrx_word' id='word_1_260' title='bbox 1817 3257 2026 3326; x_wconf 88' lang='lat' dir='ltr'><strong>veljam</strong></span> 
     </span>
    </p>
   </div>
   <div class='ocr_carea' id='block_1_33' title="bbox 460 3347 2024 3419">
    <p class='ocr_par' dir='ltr' id='par_1_33' title="bbox 460 3347 2024 3419">
     <span class='ocr_line' id='line_1_33' title="bbox 460 3347 2024 3419; baseline -0.006 -9"><span class='ocrx_word' id='word_1_261' title='bbox 460 3373 575 3410; x_wconf 90' lang='lat' dir='ltr'><strong>cum</strong></span> <span class='ocrx_word' id='word_1_262' title='bbox 608 3355 773 3409; x_wconf 90' lang='lat' dir='ltr'><strong>fecisti</strong></span> <span class='ocrx_word' id='word_1_263' title='bbox 817 3352 1110 3408; x_wconf 89' lang='lat' dir='ltr'><strong>considera.</strong></span> <span class='ocrx_word' id='word_1_264' title='bbox 1139 3349 1373 3407; x_wconf 90' lang='lat' dir='ltr'><strong>Dulcedo</strong></span> <span class='ocrx_word' id='word_1_265' title='bbox 1401 3349 1555 3419; x_wconf 89' lang='lat' dir='ltr'><strong>hujus</strong></span> <span class='ocrx_word' id='word_1_266' title='bbox 1581 3348 1758 3402; x_wconf 70' lang='lat' dir='ltr'><strong>sreculi</strong></span> <span class='ocrx_word' id='word_1_267' title='bbox 1784 3347 1850 3401; x_wconf 89' lang='lat' dir='ltr'><strong>ad</strong></span> <span class='ocrx_word' id='word_1_268' title='bbox 1892 3358 2024 3402; x_wconf 85' lang='lat' dir='ltr'><strong>tem-</strong></span> 
     </span>
    </p>
   </div>
   <div class='ocr_carea' id='block_1_34' title="bbox 461 3439 2024 3518">
    <p class='ocr_par' dir='ltr' id='par_1_34' title="bbox 461 3439 2024 3518">
     <span class='ocr_line' id='line_1_34' title="bbox 461 3439 2024 3518; baseline -0.004 -19"><span class='ocrx_word' id='word_1_269' title='bbox 461 3465 556 3518; x_wconf 85' lang='lat' dir='ltr'><strong>pus</strong></span> <span class='ocrx_word' id='word_1_270' title='bbox 585 3449 761 3501; x_wconf 60' lang='lat' dir='ltr'><strong>[truces</strong></span> <span class='ocrx_word' id='word_1_271' title='bbox 787 3446 1048 3508; x_wconf 87' lang='lat' dir='ltr'><strong>indulcat;</strong></span> <span class='ocrx_word' id='word_1_272' title='bbox 1069 3445 1118 3498; x_wconf 91' lang='lat' dir='ltr'><strong>in</strong></span> <span class='ocrx_word' id='word_1_273' title='bbox 1145 3457 1385 3512; x_wconf 83' lang='lat' dir='ltr'><strong>magnam</strong></span> <span class='ocrx_word' id='word_1_274' title='bbox 1411 3439 1815 3494; x_wconf 87' lang='lat' dir='ltr'><strong>amaritudinem</strong></span> <span class='ocrx_word' id='word_1_275' title='bbox 1845 3446 2024 3508; x_wconf 87' lang='lat' dir='ltr'><strong>postea</strong></span> 
     </span>
    </p>
   </div>
   <div class='ocr_carea' id='block_1_35' title="bbox 459 3529 2025 3606">
    <p class='ocr_par' dir='ltr' id='par_1_35' title="bbox 459 3529 2025 3606">
     <span class='ocr_line' id='line_1_35' title="bbox 459 3529 2025 3606; baseline -0.007 -11"><span class='ocrx_word' id='word_1_276' title='bbox 459 3549 810 3595; x_wconf 78' lang='lat' dir='ltr'><strong>enavertetur.</strong></span> <span class='ocrx_word' id='word_1_277' title='bbox 843 3539 976 3592; x_wconf 85' lang='lat' dir='ltr'><strong>Ecce</strong></span> <span class='ocrx_word' id='word_1_278' title='bbox 1022 3535 1246 3606; x_wconf 80' lang='lat' dir='ltr'><strong>peccasti</strong></span> <span class='ocrx_word' id='word_1_279' title='bbox 1270 3574 1285 3598; x_wconf 88' lang='lat'><strong>,</strong></span> <span class='ocrx_word' id='word_1_280' title='bbox 1318 3541 1372 3588; x_wconf 91' lang='lat' dir='ltr'><strong>et</strong></span> <span class='ocrx_word' id='word_1_281' title='bbox 1409 3533 1615 3587; x_wconf 88' lang='lat' dir='ltr'><strong>lucrum</strong></span> <span class='ocrx_word' id='word_1_282' title='bbox 1655 3531 1822 3585; x_wconf 83' lang='lat' dir='ltr'><strong>fecisti</strong></span> <span class='ocrx_word' id='word_1_283' title='bbox 1857 3547 1869 3584; x_wconf 93' lang='lat'><strong>:</strong></span> <span class='ocrx_word' id='word_1_284' title='bbox 1901 3529 2025 3600; x_wconf 84' lang='lat' dir='ltr'><strong>quid</strong></span> 
     </span>
    </p>
   </div>
   <div class='ocr_carea' id='block_1_36' title="bbox 459 3621 2026 3699">
    <p class='ocr_par' dir='ltr' id='par_1_36' title="bbox 459 3621 2026 3699">
     <span class='ocr_line' id='line_1_36' title="bbox 459 3621 2026 3699; baseline -0.008 -13"><span class='ocrx_word' id='word_1_285' title='bbox 459 3641 576 3695; x_wconf 72' lang='lat' dir='ltr'><strong>est,</strong></span> <span class='ocrx_word' id='word_1_286' title='bbox 607 3630 746 3699; x_wconf 82' lang='lat' dir='ltr'><strong>quod</strong></span> <span class='ocrx_word' id='word_1_287' title='bbox 777 3629 947 3683; x_wconf 84' lang='lat' dir='ltr'><strong>fecisti</strong></span> <span class='ocrx_word' id='word_1_288' title='bbox 974 3624 1218 3682; x_wconf 85' lang='lat' dir='ltr'><strong>lucrum?</strong></span> <span class='ocrx_word' id='word_1_289' title='bbox 1242 3623 1312 3680; x_wconf 89' lang='lat' dir='ltr'><strong>Ut</strong></span> <span class='ocrx_word' id='word_1_290' title='bbox 1338 3623 1542 3678; x_wconf 88' lang='lat' dir='ltr'><strong>lucrum</strong></span> <span class='ocrx_word' id='word_1_291' title='bbox 1585 3621 1791 3678; x_wconf 83' lang='lat' dir='ltr'><strong>faceres</strong></span> <span class='ocrx_word' id='word_1_292' title='bbox 1811 3661 1828 3686; x_wconf 94' lang='lat'><strong>,</strong></span> <span class='ocrx_word' id='word_1_293' title='bbox 1862 3621 2026 3678; x_wconf 79' lang='lat' dir='ltr'><strong>Deum</strong></span> 
     </span>
    </p>
   </div>
   <div class='ocr_carea' id='block_1_37' title="bbox 461 3714 2024 3790">
    <p class='ocr_par' dir='ltr' id='par_1_37' title="bbox 461 3714 2024 3790">
     <span class='ocr_line' id='line_1_37' title="bbox 461 3714 2024 3790; baseline -0.006 -10"><span class='ocrx_word' id='word_1_294' title='bbox 461 3724 722 3780; x_wconf 70' lang='lat' dir='ltr'><strong>oﬁendisti</strong></span> <span class='ocrx_word' id='word_1_295' title='bbox 746 3764 761 3787; x_wconf 90' lang='lat'><strong>,</strong></span> <span class='ocrx_word' id='word_1_296' title='bbox 792 3734 849 3776; x_wconf 90' lang='lat' dir='ltr'><strong>ut</strong></span> <span class='ocrx_word' id='word_1_297' title='bbox 869 3734 1096 3790; x_wconf 80' lang='lat' dir='ltr'><strong>augeres</strong></span> <span class='ocrx_word' id='word_1_298' title='bbox 1111 3716 1384 3788; x_wconf 74' lang='lat' dir='ltr'><strong>pewniam</strong></span> <span class='ocrx_word' id='word_1_299' title='bbox 1409 3756 1424 3780; x_wconf 91' lang='lat'><strong>,</strong></span> <span class='ocrx_word' id='word_1_300' title='bbox 1453 3714 1592 3770; x_wconf 79' lang='lat' dir='ltr'><strong>ﬁdes</strong></span> <span class='ocrx_word' id='word_1_301' title='bbox 1608 3714 1890 3771; x_wconf 81' lang='lat' dir='ltr'><strong>deminuta-</strong></span> <span class='ocrx_word' id='word_1_302' title='bbox 1905 3722 1987 3770; x_wconf 67' lang='grc' dir='ltr'><strong>θαι</strong></span> <span class='ocrx_word' id='word_1_303' title='bbox 2010 3754 2024 3779; x_wconf 86' lang='grc'><em>,</em></span> 
     </span>
    </p>
   </div>
   <div class='ocr_carea' id='block_1_38' title="bbox 460 3803 2027 3878">
    <p class='ocr_par' dir='ltr' id='par_1_38' title="bbox 460 3803 2027 3878">
     <span class='ocr_line' id='line_1_38' title="bbox 460 3803 2027 3878; baseline -0.009 -7"><span class='ocrx_word' id='word_1_304' title='bbox 460 3826 516 3871; x_wconf 86' lang='lat' dir='ltr'><strong>et</strong></span> <span class='ocrx_word' id='word_1_305' title='bbox 550 3830 739 3870; x_wconf 84' lang='lat' dir='ltr'><strong>aurum</strong></span> <span class='ocrx_word' id='word_1_306' title='bbox 764 3813 954 3867; x_wconf 84' lang='lat' dir='ltr'><strong>erevit.</strong></span> <span class='ocrx_word' id='word_1_307' title='bbox 975 3808 1111 3875; x_wconf 86' lang='lat' dir='ltr'><strong>Quid</strong></span> <span class='ocrx_word' id='word_1_308' title='bbox 1135 3806 1416 3878; x_wconf 85' lang='lat' dir='ltr'><strong>perdidisti</strong></span> <span class='ocrx_word' id='word_1_309' title='bbox 1437 3845 1452 3872; x_wconf 94' lang='lat'><strong>,</strong></span> <span class='ocrx_word' id='word_1_310' title='bbox 1483 3814 1537 3860; x_wconf 86' lang='lat' dir='ltr'><strong>et</strong></span> <span class='ocrx_word' id='word_1_311' title='bbox 1563 3804 1689 3875; x_wconf 85' lang='lat' dir='ltr'><strong>quid</strong></span> <span class='ocrx_word' id='word_1_312' title='bbox 1717 3803 2027 3875; x_wconf 84' lang='lat' dir='ltr'><strong>acquisisti?</strong></span> 
     </span>
    </p>
   </div>
   <div class='ocr_carea' id='block_1_39' title="bbox 461 3894 2028 3974">
    <p class='ocr_par' dir='ltr' id='par_1_39' title="bbox 461 3894 2028 3974">
     <span class='ocr_line' id='line_1_39' title="bbox 461 3894 2028 3974; baseline -0.006 -14"><span class='ocrx_word' id='word_1_313' title='bbox 461 3905 612 3972; x_wconf 80' lang='lat' dir='ltr'><strong>Quod</strong></span> <span class='ocrx_word' id='word_1_314' title='bbox 639 3903 928 3974; x_wconf 78' lang='lat' dir='ltr'><strong>aequisisti,</strong></span> <span class='ocrx_word' id='word_1_315' title='bbox 951 3915 1139 3955; x_wconf 86' lang='lat' dir='ltr'><strong>aurum</strong></span> <span class='ocrx_word' id='word_1_316' title='bbox 1165 3906 1402 3961; x_wconf 79' lang='lat' dir='ltr'><strong>vocatur,</strong></span> <span class='ocrx_word' id='word_1_317' title='bbox 1421 3896 1562 3965; x_wconf 88' lang='lat' dir='ltr'><strong>quod</strong></span> <span class='ocrx_word' id='word_1_318' title='bbox 1584 3895 1876 3965; x_wconf 88' lang='lat' dir='ltr'><strong>perdidisti,</strong></span> <span class='ocrx_word' id='word_1_319' title='bbox 1899 3894 2028 3950; x_wconf 86' lang='lat' dir='ltr'><strong>ﬁdes</strong></span> 
     </span>
    </p>
   </div>
   <div class='ocr_carea' id='block_1_40' title="bbox 463 3989 2031 4063">
    <p class='ocr_par' dir='ltr' id='par_1_40' title="bbox 463 3989 2031 4063">
     <span class='ocr_line' id='line_1_40' title="bbox 463 3989 2031 4063; baseline -0.006 -11"><span class='ocrx_word' id='word_1_320' title='bbox 463 4007 678 4052; x_wconf 74' lang='lat' dir='ltr'><strong>voeattr</strong></span> <span class='ocrx_word' id='word_1_321' title='bbox 700 4014 712 4048; x_wconf 92' lang='lat'>:</span> <span class='ocrx_word' id='word_1_322' title='bbox 737 4008 988 4063; x_wconf 80' lang='lat' dir='ltr'><strong>compara</strong></span> <span class='ocrx_word' id='word_1_323' title='bbox 1011 3992 1174 4046; x_wconf 82' lang='lat' dir='ltr'><strong>fidem</strong></span> <span class='ocrx_word' id='word_1_324' title='bbox 1186 4005 1348 4054; x_wconf 77' lang='lat' dir='ltr'><strong>auro;</strong></span> <span class='ocrx_word' id='word_1_325' title='bbox 1363 3991 1410 4042; x_wconf 79' lang='lat' dir='ltr'><strong>si</strong></span> <span class='ocrx_word' id='word_1_326' title='bbox 1437 3989 1638 4044; x_wconf 84' lang='lat' dir='ltr'><strong>venalis</strong></span> <span class='ocrx_word' id='word_1_327' title='bbox 1661 3996 1802 4042; x_wconf 84' lang='lat' dir='ltr'><strong>esset</strong></span> <span class='ocrx_word' id='word_1_328' title='bbox 1828 3989 1880 4041; x_wconf 91' lang='lat' dir='ltr'><strong>in</strong></span> <span class='ocrx_word' id='word_1_329' title='bbox 1897 4002 2031 4042; x_wconf 88' lang='lat' dir='ltr'><strong>nun-</strong></span> 
     </span>
    </p>
   </div>
   <div class='ocr_carea' id='block_1_41' title="bbox 462 4077 2032 4151">
    <p class='ocr_par' dir='ltr' id='par_1_41' title="bbox 462 4077 2032 4151">
     <span class='ocr_line' id='line_1_41' title="bbox 462 4077 2032 4151; baseline -0.005 -9"><span class='ocrx_word' id='word_1_330' title='bbox 462 4087 773 4149; x_wconf 68' lang='lat' dir='ltr'><strong>dinisﬁdes,</strong></span> <span class='ocrx_word' id='word_1_331' title='bbox 796 4084 1014 4140; x_wconf 87' lang='lat' dir='ltr'><strong>haberet</strong></span> <span class='ocrx_word' id='word_1_332' title='bbox 1041 4081 1311 4151; x_wconf 75' lang='lat' dir='ltr'><strong>pretium?</strong></span> <span class='ocrx_word' id='word_1_333' title='bbox 1337 4080 1506 4136; x_wconf 87' lang='lat' dir='ltr'><strong>Lucra</strong></span> <span class='ocrx_word' id='word_1_334' title='bbox 1531 4086 1622 4133; x_wconf 25' lang='lat' dir='ltr'><strong>tua.</strong></span> <span class='ocrx_word' id='word_1_335' title='bbox 1641 4078 1861 4146; x_wconf 74' lang='lat' dir='ltr'><strong>cogitas,</strong></span> <span class='ocrx_word' id='word_1_336' title='bbox 1883 4077 2032 4134; x_wconf 84' lang='lat' dir='ltr'><strong>dam-</strong></span> 
     </span>
    </p>
   </div>
   <div class='ocr_carea' id='block_1_42' title="bbox 465 4167 2032 4244">
    <p class='ocr_par' dir='ltr' id='par_1_42' title="bbox 465 4167 2032 4244">
     <span class='ocr_line' id='line_1_42' title="bbox 465 4167 2032 4244; baseline -0.004 -12"><span class='ocrx_word' id='word_1_337' title='bbox 465 4174 1010 4244; x_wconf 73' lang='lat' dir='ltr'><strong>iia.tiia.-nonmgitas?</strong></span> <span class='ocrx_word' id='word_1_338' title='bbox 1032 4174 1102 4228; x_wconf 92' lang='lat' dir='ltr'><strong>De</strong></span> <span class='ocrx_word' id='word_1_339' title='bbox 1122 4187 1244 4228; x_wconf 84' lang='lat' dir='ltr'><strong>arca</strong></span> <span class='ocrx_word' id='word_1_340' title='bbox 1263 4170 1482 4241; x_wconf 76' lang='lat' dir='ltr'><strong>gaudes,</strong></span> <span class='ocrx_word' id='word_1_341' title='bbox 1500 4169 1567 4224; x_wconf 90' lang='lat' dir='ltr'><strong>de</strong></span> <span class='ocrx_word' id='word_1_342' title='bbox 1581 4168 1744 4224; x_wconf 87' lang='lat' dir='ltr'><strong>corde</strong></span> <span class='ocrx_word' id='word_1_343' title='bbox 1769 4183 1874 4224; x_wconf 83' lang='lat' dir='ltr'><strong>non</strong></span> <span class='ocrx_word' id='word_1_344' title='bbox 1893 4167 2032 4235; x_wconf 76' lang='lat' dir='ltr'><strong>ulan-</strong></span> 
     </span>
    </p>
   </div>
   <div class='ocr_carea' id='block_1_43' title="bbox 463 4255 2031 4338">
    <p class='ocr_par' dir='ltr' id='par_1_43' title="bbox 463 4255 2031 4338">
     <span class='ocr_line' id='line_1_43' title="bbox 463 4255 2031 4338; baseline -0.008 -15"><span class='ocrx_word' id='word_1_345' title='bbox 463 4269 584 4338; x_wconf 80' lang='lat' dir='ltr'><strong>gis?</strong></span> <span class='ocrx_word' id='word_1_346' title='bbox 612 4263 1062 4322; x_wconf 72' lang='lat' dir='ltr'><strong>Asbundatnescio</strong></span> <span class='ocrx_word' id='word_1_347' title='bbox 1089 4261 1216 4332; x_wconf 86' lang='lat' dir='ltr'><strong>quid</strong></span> <span class='ocrx_word' id='word_1_348' title='bbox 1258 4262 1311 4319; x_wconf 87' lang='lat' dir='ltr'><strong>in</strong></span> <span class='ocrx_word' id='word_1_349' title='bbox 1337 4275 1458 4316; x_wconf 86' lang='lat' dir='ltr'><strong>area</strong></span> <span class='ocrx_word' id='word_1_350' title='bbox 1487 4268 1572 4314; x_wconf 89' lang='lat' dir='ltr'><strong>tua</strong></span> <span class='ocrx_word' id='word_1_351' title='bbox 1597 4275 1612 4321; x_wconf 84' lang='lat'><strong>;</strong></span> <span class='ocrx_word' id='word_1_352' title='bbox 1640 4257 1730 4314; x_wconf 79' lang='lat' dir='ltr'><strong>sed</strong></span> <span class='ocrx_word' id='word_1_353' title='bbox 1762 4257 1878 4314; x_wconf 77' lang='lat' dir='ltr'><strong>vide</strong></span> <span class='ocrx_word' id='word_1_354' title='bbox 1905 4255 2031 4325; x_wconf 85' lang='lat' dir='ltr'><strong>quid</strong></span> 
     </span>
    </p>
   </div>
   <div class='ocr_carea' id='block_1_44' title="bbox 465 4349 2028 4418">
    <p class='ocr_par' dir='ltr' id='par_1_44' title="bbox 465 4349 2028 4418">
     <span class='ocr_line' id='line_1_44' title="bbox 465 4349 2028 4418; baseline -0.007 -3"><span class='ocrx_word' id='word_1_355' title='bbox 465 4360 798 4415; x_wconf 85' lang='lat' dir='ltr'><strong>imiuutum</strong></span> <span class='ocrx_word' id='word_1_356' title='bbox 824 4358 895 4412; x_wconf 87' lang='lat' dir='ltr'><strong>sit</strong></span> <span class='ocrx_word' id='word_1_357' title='bbox 921 4356 973 4410; x_wconf 92' lang='lat' dir='ltr'><strong>in</strong></span> <span class='ocrx_word' id='word_1_358' title='bbox 1002 4354 1165 4411; x_wconf 71' lang='lat' dir='ltr'><strong>corde</strong></span> <span class='ocrx_word' id='word_1_359' title='bbox 1192 4363 1298 4409; x_wconf 83' lang='lat' dir='ltr'><strong>tuo.</strong></span> <span class='ocrx_word' id='word_1_360' title='bbox 1340 4352 1474 4407; x_wconf 82' lang='lat' dir='ltr'><strong>Cum</strong></span> <span class='ocrx_word' id='word_1_361' title='bbox 1500 4349 1773 4418; x_wconf 78' lang='lat' dir='ltr'><strong>aperueris</strong></span> <span class='ocrx_word' id='word_1_362' title='bbox 1811 4363 1987 4404; x_wconf 88' lang='lat' dir='ltr'><strong>aream</strong></span> <span class='ocrx_word' id='word_1_363' title='bbox 2014 4389 2028 4414; x_wconf 93' lang='lat'><strong>,</strong></span> 
     </span>
    </p>
   </div>
   <div class='ocr_carea' id='block_1_45' title="bbox 466 4440 2033 4516">
    <p class='ocr_par' dir='ltr' id='par_1_45' title="bbox 466 4440 2033 4516">
     <span class='ocr_line' id='line_1_45' title="bbox 466 4440 2033 4516; baseline -0.008 -9"><span class='ocrx_word' id='word_1_364' title='bbox 466 4454 703 4508; x_wconf 82' lang='lat' dir='ltr'><strong>invenies</strong></span> <span class='ocrx_word' id='word_1_365' title='bbox 729 4449 928 4504; x_wconf 88' lang='lat' dir='ltr'><strong>solidos</strong></span> <span class='ocrx_word' id='word_1_366' title='bbox 974 4447 1064 4516; x_wconf 85' lang='lat' dir='ltr'><strong>qui</strong></span> <span class='ocrx_word' id='word_1_367' title='bbox 1096 4460 1200 4500; x_wconf 84' lang='lat' dir='ltr'><strong>non</strong></span> <span class='ocrx_word' id='word_1_368' title='bbox 1246 4453 1399 4499; x_wconf 85' lang='lat' dir='ltr'><strong>erant</strong></span> <span class='ocrx_word' id='word_1_369' title='bbox 1429 4459 1442 4495; x_wconf 90' lang='lat'><strong>:</strong></span> <span class='ocrx_word' id='word_1_370' title='bbox 1477 4442 1614 4497; x_wconf 88' lang='lat' dir='ltr'><strong>bene</strong></span> <span class='ocrx_word' id='word_1_371' title='bbox 1637 4481 1652 4505; x_wconf 88' lang='lat'><strong>,</strong></span> <span class='ocrx_word' id='word_1_372' title='bbox 1685 4441 1808 4510; x_wconf 83' lang='lat' dir='ltr'><strong>quia</strong></span> <span class='ocrx_word' id='word_1_373' title='bbox 1836 4440 2033 4510; x_wconf 80' lang='lat' dir='ltr'><strong>gaudes</strong></span> 
     </span>
    </p>
   </div>
   <div class='ocr_carea' id='block_1_46' title="bbox 465 4532 2035 4612">
    <p class='ocr_par' dir='ltr' id='par_1_46' title="bbox 465 4532 2035 4612">
     <span class='ocr_line' id='line_1_46' title="bbox 465 4532 2035 4612; baseline -0.01 -12"><span class='ocrx_word' id='word_1_374' title='bbox 465 4561 582 4600; x_wconf 74' lang='lat' dir='ltr'><strong>esse</strong></span> <span class='ocrx_word' id='word_1_375' title='bbox 610 4541 836 4612; x_wconf 82' lang='lat' dir='ltr'><strong>ibiqued</strong></span> <span class='ocrx_word' id='word_1_376' title='bbox 864 4541 935 4594; x_wconf 90' lang='lat' dir='ltr'><strong>ibi</strong></span> <span class='ocrx_word' id='word_1_377' title='bbox 962 4554 1066 4594; x_wconf 90' lang='lat' dir='ltr'><strong>non</strong></span> <span class='ocrx_word' id='word_1_378' title='bbox 1094 4546 1229 4593; x_wconf 86' lang='lat' dir='ltr'><strong>erat.</strong></span> <span class='ocrx_word' id='word_1_379' title='bbox 1248 4535 1476 4591; x_wconf 85' lang='lat' dir='ltr'><strong>Attende</strong></span> <span class='ocrx_word' id='word_1_380' title='bbox 1501 4532 1897 4594; x_wconf 85' lang='lat' dir='ltr'><strong>areameordis;</strong></span> <span class='ocrx_word' id='word_1_381' title='bbox 1921 4539 2035 4586; x_wconf 89' lang='lat' dir='ltr'><strong>erat</strong></span> 
     </span>
    </p>
   </div>
   <div class='ocr_carea' id='block_1_47' title="bbox 467 4622 2032 4696">
    <p class='ocr_par' dir='ltr' id='par_1_47' title="bbox 467 4622 2032 4696">
     <span class='ocr_line' id='line_1_47' title="bbox 467 4622 2032 4696; baseline -0.009 -8"><span class='ocrx_word' id='word_1_382' title='bbox 467 4637 534 4689; x_wconf 87' lang='lat' dir='ltr'><strong>ibi</strong></span> <span class='ocrx_word' id='word_1_383' title='bbox 565 4634 698 4688; x_wconf 81' lang='lat' dir='ltr'><strong>fides</strong></span> <span class='ocrx_word' id='word_1_384' title='bbox 717 4675 732 4696; x_wconf 90' lang='lat'><strong>,</strong></span> <span class='ocrx_word' id='word_1_385' title='bbox 766 4642 819 4686; x_wconf 83' lang='lat' dir='ltr'><strong>et</strong></span> <span class='ocrx_word' id='word_1_386' title='bbox 855 4646 959 4684; x_wconf 90' lang='lat' dir='ltr'><strong>non</strong></span> <span class='ocrx_word' id='word_1_387' title='bbox 999 4638 1098 4682; x_wconf 89' lang='lat' dir='ltr'><strong>est.</strong></span> <span class='ocrx_word' id='word_1_388' title='bbox 1130 4627 1184 4682; x_wconf 84' lang='lat' dir='ltr'><strong>Si</strong></span> <span class='ocrx_word' id='word_1_389' title='bbox 1211 4626 1309 4683; x_wconf 79' lang='lat' dir='ltr'><strong>hac</strong></span> <span class='ocrx_word' id='word_1_390' title='bbox 1350 4625 1547 4694; x_wconf 77' lang='lat' dir='ltr'><strong>gaudes</strong></span> <span class='ocrx_word' id='word_1_391' title='bbox 1571 4664 1586 4688; x_wconf 93' lang='lat'><strong>,</strong></span> <span class='ocrx_word' id='word_1_392' title='bbox 1618 4639 1779 4692; x_wconf 86' lang='lat' dir='ltr'><strong>quare</strong></span> <span class='ocrx_word' id='word_1_393' title='bbox 1808 4622 1904 4675; x_wconf 88' lang='lat' dir='ltr'><strong>hac</strong></span> <span class='ocrx_word' id='word_1_394' title='bbox 1932 4637 2032 4675; x_wconf 89' lang='lat' dir='ltr'><strong>non</strong></span> 
     </span>
    </p>
   </div>
   <div class='ocr_carea' id='block_1_48' title="bbox 468 4710 2036 4794">
    <p class='ocr_par' dir='ltr' id='par_1_48' title="bbox 468 4710 2036 4794">
     <span class='ocr_line' id='line_1_48' title="bbox 468 4710 2036 4794; baseline -0.01 -16"><span class='ocrx_word' id='word_1_395' title='bbox 468 4725 709 4794; x_wconf 77' lang='lat' dir='ltr'><strong>plangis“!</strong></span> <span class='ocrx_word' id='word_1_396' title='bbox 741 4722 864 4777; x_wconf 82' lang='lat' dir='ltr'><strong>Pius</strong></span> <span class='ocrx_word' id='word_1_397' title='bbox 909 4719 1181 4789; x_wconf 85' lang='lat' dir='ltr'><strong>perdidisti</strong></span> <span class='ocrx_word' id='word_1_398' title='bbox 1205 4731 1362 4786; x_wconf 79' lang='lat' dir='ltr'><strong>quam</strong></span> <span class='ocrx_word' id='word_1_399' title='bbox 1404 4713 1693 4782; x_wconf 86' lang='lat' dir='ltr'><strong>aequisisti.</strong></span> <span class='ocrx_word' id='word_1_400' title='bbox 1741 4710 2036 4770; x_wconf 72' lang='lat' dir='ltr'><strong>Visvidare</strong></span> 
     </span>
    </p>
   </div>
   <div class='ocr_carea' id='block_1_49' title="bbox 469 4800 2037 4883">
    <p class='ocr_par' dir='ltr' id='par_1_49' title="bbox 469 4800 2037 4883">
     <span class='ocr_line' id='line_1_49' title="bbox 469 4800 2037 4883; baseline -0.008 -17"><span class='ocrx_word' id='word_1_401' title='bbox 469 4816 590 4882; x_wconf 80' lang='lat' dir='ltr'><strong>quid</strong></span> <span class='ocrx_word' id='word_1_402' title='bbox 609 4811 932 4883; x_wconf 85' lang='lat' dir='ltr'><strong>perdideris?</strong></span> <span class='ocrx_word' id='word_1_403' title='bbox 952 4809 1060 4864; x_wconf 85' lang='lat' dir='ltr'><strong>Nec</strong></span> <span class='ocrx_word' id='word_1_404' title='bbox 1085 4806 1354 4876; x_wconf 80' lang='lat' dir='ltr'><strong>naufragio</strong></span> <span class='ocrx_word' id='word_1_405' title='bbox 1373 4805 1464 4862; x_wconf 88' lang='lat' dir='ltr'><strong>tibi</strong></span> <span class='ocrx_word' id='word_1_406' title='bbox 1483 4813 1658 4872; x_wconf 75' lang='lat' dir='ltr'><strong>posset</strong></span> <span class='ocrx_word' id='word_1_407' title='bbox 1677 4801 1888 4856; x_wconf 85' lang='lat' dir='ltr'><strong>auferri.</strong></span> <span class='ocrx_word' id='word_1_408' title='bbox 1907 4800 2037 4856; x_wconf 84' lang='lat' dir='ltr'><strong>Nam</strong></span> 
     </span>
    </p>
   </div>
   <div class='ocr_carea' id='block_1_50' title="bbox 469 4891 2038 4972">
    <p class='ocr_par' dir='ltr' id='par_1_50' title="bbox 469 4891 2038 4972">
     <span class='ocr_line' id='line_1_50' title="bbox 469 4891 2038 4972; baseline -0.008 -15"><span class='ocrx_word' id='word_1_409' title='bbox 469 4903 754 4972; x_wconf 82' lang='lat' dir='ltr'><strong>aliquando</strong></span> <span class='ocrx_word' id='word_1_410' title='bbox 783 4901 1007 4971; x_wconf 85' lang='lat' dir='ltr'><strong>perdunt</strong></span> <span class='ocrx_word' id='word_1_411' title='bbox 1035 4899 1210 4954; x_wconf 89' lang='lat' dir='ltr'><strong>omnia</strong></span> <span class='ocrx_word' id='word_1_412' title='bbox 1239 4898 1288 4950; x_wconf 91' lang='lat' dir='ltr'><strong>in</strong></span> <span class='ocrx_word' id='word_1_413' title='bbox 1315 4895 1466 4958; x_wconf 89' lang='lat' dir='ltr'><strong>mari,</strong></span> <span class='ocrx_word' id='word_1_414' title='bbox 1499 4893 1625 4948; x_wconf 87' lang='lat' dir='ltr'><strong>nudi</strong></span> <span class='ocrx_word' id='word_1_415' title='bbox 1658 4899 1867 4948; x_wconf 72' lang='lat' dir='ltr'><strong>exeunt.</strong></span> <span class='ocrx_word' id='word_1_416' title='bbox 1892 4891 2038 4946; x_wconf 76' lang='lat' dir='ltr'><strong>Multi</strong></span> 
     </span>
    </p>
   </div>
   <div class='ocr_carea' id='block_1_51' title="bbox 471 4983 2039 5065">
    <p class='ocr_par' dir='ltr' id='par_1_51' title="bbox 471 4983 2039 5065">
     <span class='ocr_line' id='line_1_51' title="bbox 471 4983 2039 5065; baseline -0.01 -15"><span class='ocrx_word' id='word_1_417' title='bbox 471 4996 911 5065; x_wconf 76' lang='lat' dir='ltr'><strong>naufragaverunt</strong></span> <span class='ocrx_word' id='word_1_418' title='bbox 938 5006 1058 5046; x_wconf 88' lang='lat' dir='ltr'><strong>cum</strong></span> <span class='ocrx_word' id='word_1_419' title='bbox 1084 4988 1246 5044; x_wconf 88' lang='lat' dir='ltr'><strong>Paulo</strong></span> <span class='ocrx_word' id='word_1_420' title='bbox 1274 4988 1407 5058; x_wconf 74' lang='lat' dir='ltr'><strong>(Act.</strong></span> <span class='ocrx_word' id='word_1_421' title='bbox 1443 4999 1600 5046; x_wconf 74' lang='lat' dir='ltr'><strong>xxvn,</strong></span> <span class='ocrx_word' id='word_1_422' title='bbox 1626 4983 1712 5048; x_wconf 75' lang='lat' dir='ltr'><strong>lii)</strong></span> <span class='ocrx_word' id='word_1_423' title='bbox 1741 4990 2039 5042; x_wconf 64' lang='lat' dir='ltr'><strong>:amatot‘cs</strong></span> 
     </span>
    </p>
   </div>
   <div class='ocr_carea' id='block_1_52' title="bbox 471 5071 2040 5153">
    <p class='ocr_par' dir='ltr' id='par_1_52' title="bbox 471 5071 2040 5153">
     <span class='ocr_line' id='line_1_52' title="bbox 471 5071 2040 5153; baseline -0.009 -15"><span class='ocrx_word' id='word_1_424' title='bbox 471 5086 628 5153; x_wconf 80' lang='lat' dir='ltr'><strong>hujus</strong></span> <span class='ocrx_word' id='word_1_425' title='bbox 650 5083 828 5139; x_wconf 68' lang='lat' dir='ltr'><strong>steculi</strong></span> <span class='ocrx_word' id='word_1_426' title='bbox 871 5081 1009 5152; x_wconf 84' lang='lat' dir='ltr'><strong>passi</strong></span> <span class='ocrx_word' id='word_1_427' title='bbox 1036 5087 1164 5134; x_wconf 85' lang='lat' dir='ltr'><strong>sunt</strong></span> <span class='ocrx_word' id='word_1_428' title='bbox 1207 5075 1574 5144; x_wconf 83' lang='lat' dir='ltr'><strong>naufragium,</strong></span> <span class='ocrx_word' id='word_1_429' title='bbox 1605 5081 1656 5126; x_wconf 90' lang='lat' dir='ltr'><strong>ct</strong></span> <span class='ocrx_word' id='word_1_430' title='bbox 1684 5071 1808 5126; x_wconf 88' lang='lat' dir='ltr'><strong>nudi</strong></span> <span class='ocrx_word' id='word_1_431' title='bbox 1854 5084 2040 5130; x_wconf 75' lang='lat' dir='ltr'><strong>ontnes</strong></span> 
     </span>
    </p>
   </div>
   <div class='ocr_carea' id='block_1_53' title="bbox 469 5159 2042 5241">
    <p class='ocr_par' dir='ltr' id='par_1_53' title="bbox 469 5159 2042 5241">
     <span class='ocr_line' id='line_1_53' title="bbox 469 5159 2042 5241; baseline -0.011 -10"><span class='ocrx_word' id='word_1_432' title='bbox 469 5177 743 5240; x_wconf 80' lang='lat' dir='ltr'><strong>exierunt;</strong></span> <span class='ocrx_word' id='word_1_433' title='bbox 767 5173 844 5232; x_wconf 88' lang='lat' dir='ltr'><strong>illi</strong></span> <span class='ocrx_word' id='word_1_434' title='bbox 868 5181 922 5227; x_wconf 89' lang='lat' dir='ltr'><strong>et</strong></span> <span class='ocrx_word' id='word_1_435' title='bbox 943 5169 1083 5241; x_wconf 89' lang='lat' dir='ltr'><strong>quod</strong></span> <span class='ocrx_word' id='word_1_436' title='bbox 1111 5168 1240 5224; x_wconf 87' lang='lat' dir='ltr'><strong>foris</strong></span> <span class='ocrx_word' id='word_1_437' title='bbox 1266 5165 1529 5220; x_wconf 87' lang='lat' dir='ltr'><strong>habebant</strong></span> <span class='ocrx_word' id='word_1_438' title='bbox 1555 5165 1866 5226; x_wconf 88' lang='lat' dir='ltr'><strong>amiserunt,</strong></span> <span class='ocrx_word' id='word_1_439' title='bbox 1887 5168 1939 5216; x_wconf 90' lang='lat' dir='ltr'><strong>et</strong></span> <span class='ocrx_word' id='word_1_440' title='bbox 1953 5159 2042 5220; x_wconf 63' lang='grc' dir='ltr'><strong>(ιο.</strong></span> 
     </span>
    </p>
   </div>
   <div class='ocr_carea' id='block_1_54' title="bbox 473 5249 2043 5323">
    <p class='ocr_par' dir='ltr' id='par_1_54' title="bbox 473 5249 2043 5323">
     <span class='ocr_line' id='line_1_54' title="bbox 473 5249 2043 5323; baseline -0.012 -1"><span class='ocrx_word' id='word_1_441' title='bbox 473 5283 613 5322; x_wconf 87' lang='lat' dir='ltr'><strong>tuum</strong></span> <span class='ocrx_word' id='word_1_442' title='bbox 645 5265 823 5323; x_wconf 85' lang='lat' dir='ltr'><strong>cordis</strong></span> <span class='ocrx_word' id='word_1_443' title='bbox 847 5263 926 5319; x_wconf 91' lang='lat' dir='ltr'><strong>sui</strong></span> <span class='ocrx_word' id='word_1_444' title='bbox 959 5263 1272 5316; x_wconf 87' lang='lat' dir='ltr'><strong>invenerunt</strong></span> <span class='ocrx_word' id='word_1_445' title='bbox 1298 5258 1504 5310; x_wconf 87' lang='lat' dir='ltr'><strong>inanem</strong></span> <span class='ocrx_word' id='word_1_446' title='bbox 1535 5249 2043 5310; x_wconf 11' lang='lat' dir='ltr'><strong>:Paulusqautemjn</strong></span> 
     </span>
    </p>
   </div>
   <div class='ocr_carea' id='block_1_55' title="bbox 473 5339 2038 5424">
    <p class='ocr_par' dir='ltr' id='par_1_55' title="bbox 473 5339 2038 5424">
     <span class='ocr_line' id='line_1_55' title="bbox 473 5339 2038 5424; baseline -0.013 -11"><span class='ocrx_word' id='word_1_447' title='bbox 473 5357 632 5418; x_wconf 82' lang='lat' dir='ltr'><strong>corde</strong></span> <span class='ocrx_word' id='word_1_448' title='bbox 660 5354 862 5414; x_wconf 80' lang='lat' dir='ltr'><strong>ferebat</strong></span> <span class='ocrx_word' id='word_1_449' title='bbox 883 5349 1254 5424; x_wconf 80' lang='lat' dir='ltr'><strong>patrimonium</strong></span> <span class='ocrx_word' id='word_1_450' title='bbox 1282 5344 1400 5406; x_wconf 80' lang='lat' dir='ltr'><strong>ﬁdei</strong></span> <span class='ocrx_word' id='word_1_451' title='bbox 1431 5358 1572 5407; x_wconf 68' lang='lat' dir='ltr'><strong>sum;</strong></span> <span class='ocrx_word' id='word_1_452' title='bbox 1598 5342 1754 5400; x_wconf 86' lang='lat' dir='ltr'><strong>nullis</strong></span> <span class='ocrx_word' id='word_1_453' title='bbox 1775 5339 2038 5404; x_wconf 84' lang='lat' dir='ltr'><strong>ﬂuctibus,</strong></span> 
     </span>
    </p>
   </div>
   <div class='ocr_carea' id='block_1_56' title="bbox 477 5430 2046 5516">
    <p class='ocr_par' dir='ltr' id='par_1_56' title="bbox 477 5430 2046 5516">
     <span class='ocr_line' id='line_1_56' title="bbox 477 5430 2046 5516; baseline -0.014 -11"><span class='ocrx_word' id='word_1_454' title='bbox 477 5451 633 5505; x_wconf 88' lang='lat' dir='ltr'><strong>nullis</strong></span> <span class='ocrx_word' id='word_1_455' title='bbox 661 5445 1062 5516; x_wconf 85' lang='lat' dir='ltr'><strong>tempestatibus</strong></span> <span class='ocrx_word' id='word_1_456' title='bbox 1089 5440 1255 5511; x_wconf 90' lang='lat' dir='ltr'><strong>potuit</strong></span> <span class='ocrx_word' id='word_1_457' title='bbox 1284 5435 1514 5499; x_wconf 88' lang='lat' dir='ltr'><strong>auferri;</strong></span> <span class='ocrx_word' id='word_1_458' title='bbox 1541 5433 1712 5487; x_wconf 91' lang='lat' dir='ltr'><strong>nudus</strong></span> <span class='ocrx_word' id='word_1_459' title='bbox 1738 5433 1886 5496; x_wconf 79' lang='lat' dir='ltr'><strong>exiit,</strong></span> <span class='ocrx_word' id='word_1_460' title='bbox 1903 5440 1953 5484; x_wconf 86' lang='lat' dir='ltr'><strong>et</strong></span> <span class='ocrx_word' id='word_1_461' title='bbox 1973 5430 2046 5484; x_wconf 91' lang='lat' dir='ltr'><strong>di-</strong></span> 
     </span>
    </p>
   </div>
   <div class='ocr_carea' id='block_1_57' title="bbox 478 5520 2046 5600">
    <p class='ocr_par' dir='ltr' id='par_1_57' title="bbox 478 5520 2046 5600">
     <span class='ocr_line' id='line_1_57' title="bbox 478 5520 2046 5600; baseline -0.015 -4"><span class='ocrx_word' id='word_1_462' title='bbox 478 5557 570 5595; x_wconf 86' lang='lat' dir='ltr'><strong>ves</strong></span> <span class='ocrx_word' id='word_1_463' title='bbox 593 5539 740 5595; x_wconf 67' lang='lat' dir='ltr'><strong>exiit.</strong></span> <span class='ocrx_word' id='word_1_464' title='bbox 759 5536 912 5590; x_wconf 76' lang='lat' dir='ltr'><strong>&#39;I‘ales</strong></span> <span class='ocrx_word' id='word_1_465' title='bbox 927 5533 1136 5588; x_wconf 82' lang='lat' dir='ltr'><strong>divitias</strong></span> <span class='ocrx_word' id='word_1_466' title='bbox 1154 5541 1393 5600; x_wconf 68' lang='lat' dir='ltr'><strong>quaerere</strong></span> <span class='ocrx_word' id='word_1_467' title='bbox 1408 5524 1682 5579; x_wconf 81' lang='lat' dir='ltr'><strong>debemus.</strong></span> <span class='ocrx_word' id='word_1_468' title='bbox 1703 5520 1807 5576; x_wconf 82' lang='lat' dir='ltr'><strong>Sed</strong></span> <span class='ocrx_word' id='word_1_469' title='bbox 1832 5536 1936 5574; x_wconf 91' lang='lat' dir='ltr'><strong>non</strong></span> <span class='ocrx_word' id='word_1_470' title='bbox 1952 5534 2046 5573; x_wconf 81' lang='lat' dir='ltr'><strong>eas</strong></span> 
     </span>
    </p>
   </div>
   <div class='ocr_carea' id='block_1_58' title="bbox 482 5611 2047 5696">
    <p class='ocr_par' dir='ltr' id='par_1_58' title="bbox 482 5611 2047 5696">
     <span class='ocr_line' id='line_1_58' title="bbox 482 5611 2047 5696; baseline -0.016 -8"><span class='ocrx_word' id='word_1_471' title='bbox 482 5634 653 5696; x_wconf 65' lang='lat' dir='ltr'><strong>video,</strong></span> <span class='ocrx_word' id='word_1_472' title='bbox 685 5631 817 5685; x_wconf 86' lang='lat' dir='ltr'><strong>dicis</strong></span> <span class='ocrx_word' id='word_1_473' title='bbox 847 5626 994 5682; x_wconf 89' lang='lat' dir='ltr'><strong>mihi.</strong></span> <span class='ocrx_word' id='word_1_474' title='bbox 1029 5623 1204 5679; x_wconf 85' lang='lat' dir='ltr'><strong>Stulta</strong></span> <span class='ocrx_word' id='word_1_475' title='bbox 1230 5620 1428 5683; x_wconf 83' lang='lat' dir='ltr'><strong>anima,</strong></span> <span class='ocrx_word' id='word_1_476' title='bbox 1458 5633 1563 5672; x_wconf 88' lang='lat' dir='ltr'><strong>non</strong></span> <span class='ocrx_word' id='word_1_477' title='bbox 1592 5630 1681 5670; x_wconf 84' lang='lat' dir='ltr'><strong>eas</strong></span> <span class='ocrx_word' id='word_1_478' title='bbox 1709 5613 1853 5668; x_wconf 89' lang='lat' dir='ltr'><strong>vides</strong></span> <span class='ocrx_word' id='word_1_479' title='bbox 1880 5611 2047 5667; x_wconf 89' lang='lat' dir='ltr'><strong>oculis</strong></span> 
     </span>
    </p>
   </div>
   <div class='ocr_carea' id='block_1_59' title="bbox 481 5700 2048 5786">
    <p class='ocr_par' dir='ltr' id='par_1_59' title="bbox 481 5700 2048 5786">
     <span class='ocr_line' id='line_1_59' title="bbox 481 5700 2048 5786; baseline -0.017 -5"><span class='ocrx_word' id='word_1_480' title='bbox 481 5726 656 5782; x_wconf 79' lang='lat' dir='ltr'><strong>carnis</strong></span> <span class='ocrx_word' id='word_1_481' title='bbox 682 5732 784 5776; x_wconf 72' lang='lat' dir='ltr'><strong>tua:</strong></span> <span class='ocrx_word' id='word_1_482' title='bbox 809 5737 823 5786; x_wconf 93' lang='lat'><strong>;</strong></span> <span class='ocrx_word' id='word_1_483' title='bbox 855 5718 1048 5774; x_wconf 80' lang='lat' dir='ltr'><strong>habeto</strong></span> <span class='ocrx_word' id='word_1_484' title='bbox 1073 5713 1284 5769; x_wconf 90' lang='lat' dir='ltr'><strong>oculum</strong></span> <span class='ocrx_word' id='word_1_485' title='bbox 1309 5710 1484 5766; x_wconf 87' lang='lat' dir='ltr'><strong>cordis</strong></span> <span class='ocrx_word' id='word_1_486' title='bbox 1507 5754 1522 5775; x_wconf 83' lang='lat'><strong>,</strong></span> <span class='ocrx_word' id='word_1_487' title='bbox 1554 5716 1608 5764; x_wconf 90' lang='lat' dir='ltr'><strong>et</strong></span> <span class='ocrx_word' id='word_1_488' title='bbox 1631 5706 1778 5761; x_wconf 89' lang='lat' dir='ltr'><strong>vides</strong></span> <span class='ocrx_word' id='word_1_489' title='bbox 1803 5719 1913 5759; x_wconf 87' lang='lat' dir='ltr'><strong>eas.</strong></span> <span class='ocrx_word' id='word_1_490' title='bbox 1944 5700 2048 5757; x_wconf 90' lang='lat' dir='ltr'><strong>Sed</strong></span> 
     </span>
    </p>
   </div>
   <div class='ocr_carea' id='block_1_60' title="bbox 484 5793 2050 5873">
    <p class='ocr_par' dir='ltr' id='par_1_60' title="bbox 484 5793 2050 5873">
     <span class='ocr_line' id='line_1_60' title="bbox 484 5793 2050 5873; baseline -0.017 -2"><span class='ocrx_word' id='word_1_491' title='bbox 484 5833 586 5871; x_wconf 89' lang='lat' dir='ltr'><strong>non</strong></span> <span class='ocrx_word' id='word_1_492' title='bbox 612 5814 753 5869; x_wconf 75' lang='lat' dir='ltr'><strong>vides</strong></span> <span class='ocrx_word' id='word_1_493' title='bbox 781 5810 959 5865; x_wconf 86' lang='lat' dir='ltr'><strong>ﬁdem.</strong></span> <span class='ocrx_word' id='word_1_494' title='bbox 986 5806 1160 5873; x_wconf 82' lang='lat' dir='ltr'><strong>Quare</strong></span> <span class='ocrx_word' id='word_1_495' title='bbox 1202 5802 1343 5856; x_wconf 87' lang='lat' dir='ltr'><strong>illam</strong></span> <span class='ocrx_word' id='word_1_496' title='bbox 1385 5799 1532 5854; x_wconf 89' lang='lat' dir='ltr'><strong>vides</strong></span> <span class='ocrx_word' id='word_1_497' title='bbox 1561 5799 1612 5852; x_wconf 91' lang='lat' dir='ltr'><strong>in</strong></span> <span class='ocrx_word' id='word_1_498' title='bbox 1642 5795 1849 5850; x_wconf 87' lang='lat' dir='ltr'><strong>altero?</strong></span> <span class='ocrx_word' id='word_1_499' title='bbox 1877 5793 2050 5864; x_wconf 82' lang='lat' dir='ltr'><strong>Quare</strong></span> 
     </span>
    </p>
   </div>
   <div class='ocr_carea' id='block_1_61' title="bbox 455 5884 2050 5975">
    <p class='ocr_par' dir='ltr' id='par_1_61' title="bbox 455 5884 2050 5975">
     <span class='ocr_line' id='line_1_61' title="bbox 455 5884 2050 5975; baseline -0.016 -11"><span class='ocrx_word' id='word_1_500' title='bbox 455 5940 460 5943; x_wconf 94' lang='lat'><em>-</em></span> <span class='ocrx_word' id='word_1_501' title='bbox 485 5908 680 5963; x_wconf 80' lang='lat' dir='ltr'><strong>clamas</strong></span> <span class='ocrx_word' id='word_1_502' title='bbox 706 5900 917 5975; x_wconf 86' lang='lat' dir='ltr'><strong>quando</strong></span> <span class='ocrx_word' id='word_1_503' title='bbox 945 5898 1034 5954; x_wconf 85' lang='lat' dir='ltr'><strong>tibi</strong></span> <span class='ocrx_word' id='word_1_504' title='bbox 1063 5895 1337 5964; x_wconf 84' lang='lat' dir='ltr'><strong>frangitur,</strong></span> <span class='ocrx_word' id='word_1_505' title='bbox 1357 5893 1398 5947; x_wconf 90' lang='lat' dir='ltr'><strong>si</strong></span> <span class='ocrx_word' id='word_1_506' title='bbox 1423 5907 1528 5946; x_wconf 87' lang='lat' dir='ltr'><strong>non</strong></span> <span class='ocrx_word' id='word_1_507' title='bbox 1555 5905 1669 5945; x_wconf 83' lang='lat' dir='ltr'><strong>eam</strong></span> <span class='ocrx_word' id='word_1_508' title='bbox 1697 5887 1875 5943; x_wconf 80' lang='lat' dir='ltr'><strong>vides?</strong></span> <span class='ocrx_word' id='word_1_509' title='bbox 1892 5884 2050 5940; x_wconf 83' lang='lat' dir='ltr'><strong>Fran-</strong></span> 
     </span>
    </p>
   </div>
   <div class='ocr_carea' id='block_1_62' title="bbox 1523 413 2640 471">
    <p class='ocr_par' dir='ltr' id='par_1_62' title="bbox 1523 413 2640 471">
     <span class='ocr_line' id='line_1_62' title="bbox 1523 413 2640 471; baseline 0.001 -4"><span class='ocrx_word' id='word_1_510' title='bbox 1523 413 1914 469; x_wconf 73' lang='lat' dir='ltr'><strong>ENAI‘tRATIO</strong></span> <span class='ocrx_word' id='word_1_511' title='bbox 1954 414 2014 468; x_wconf 78' lang='lat' dir='ltr'>IN</span> <span class='ocrx_word' id='word_1_512' title='bbox 2059 415 2372 470; x_wconf 72' lang='lat' dir='ltr'><strong>PSALMUM</strong></span> <span class='ocrx_word' id='word_1_513' title='bbox 2415 416 2640 471; x_wconf 72' lang='lat' dir='ltr'>CXXIII.</span> 
     </span>
    </p>
   </div>
   <div class='ocr_carea' id='block_1_63' title="bbox 2141 528 3706 606">
    <p class='ocr_par' dir='ltr' id='par_1_63' title="bbox 2141 528 3706 606">
     <span class='ocr_line' id='line_1_63' title="bbox 2141 528 3706 606; baseline 0.008 -25"><span class='ocrx_word' id='word_1_514' title='bbox 2141 538 2225 599; x_wconf 83' lang='lat' dir='ltr'><strong>gat</strong></span> <span class='ocrx_word' id='word_1_515' title='bbox 2251 528 2340 582; x_wconf 89' lang='lat' dir='ltr'><strong>tibi</strong></span> <span class='ocrx_word' id='word_1_516' title='bbox 2369 529 2555 598; x_wconf 85' lang='lat' dir='ltr'><strong>aliquis</strong></span> <span class='ocrx_word' id='word_1_517' title='bbox 2587 529 2773 592; x_wconf 88' lang='lat' dir='ltr'><strong>ﬁdem;</strong></span> <span class='ocrx_word' id='word_1_518' title='bbox 2808 530 3021 585; x_wconf 77' lang='lat' dir='ltr'><strong>clamas.</strong></span> <span class='ocrx_word' id='word_1_519' title='bbox 3053 531 3142 586; x_wconf 87' lang='lat' dir='ltr'><strong>Vis</strong></span> <span class='ocrx_word' id='word_1_520' title='bbox 3171 547 3297 602; x_wconf 83' lang='lat' dir='ltr'><strong>ergo</strong></span> <span class='ocrx_word' id='word_1_521' title='bbox 3327 533 3419 588; x_wconf 91' lang='lat' dir='ltr'><strong>tibi</strong></span> <span class='ocrx_word' id='word_1_522' title='bbox 3447 535 3706 606; x_wconf 77' lang='lat' dir='ltr'><strong>exhiberi,</strong></span> 
     </span>
    </p>
   </div>
   <div class='ocr_carea' id='block_1_64' title="bbox 2140 619 3706 690">
    <p class='ocr_par' dir='ltr' id='par_1_64' title="bbox 2140 619 3706 690">
     <span class='ocr_line' id='line_1_64' title="bbox 2140 619 3706 690; baseline 0.006 -18"><span class='ocrx_word' id='word_1_523' title='bbox 2140 629 2191 672; x_wconf 90' lang='lat' dir='ltr'><strong>et</strong></span> <span class='ocrx_word' id='word_1_524' title='bbox 2214 629 2336 672; x_wconf 90' lang='lat' dir='ltr'><strong>tunc</strong></span> <span class='ocrx_word' id='word_1_525' title='bbox 2366 619 2540 680; x_wconf 85' lang='lat' dir='ltr'><strong>vides;</strong></span> <span class='ocrx_word' id='word_1_526' title='bbox 2566 635 2684 673; x_wconf 91' lang='lat' dir='ltr'><strong>cum</strong></span> <span class='ocrx_word' id='word_1_527' title='bbox 2715 621 2927 688; x_wconf 88' lang='lat' dir='ltr'><strong>petitur,</strong></span> <span class='ocrx_word' id='word_1_528' title='bbox 2956 632 3012 674; x_wconf 92' lang='lat' dir='ltr'><strong>ut</strong></span> <span class='ocrx_word' id='word_1_529' title='bbox 3042 622 3310 690; x_wconf 74' lang='lat' dir='ltr'><strong>exhibeas,</strong></span> <span class='ocrx_word' id='word_1_530' title='bbox 3346 635 3469 679; x_wconf 91' lang='lat' dir='ltr'><strong>tunc</strong></span> <span class='ocrx_word' id='word_1_531' title='bbox 3497 643 3599 681; x_wconf 90' lang='lat' dir='ltr'><strong>non</strong></span> <span class='ocrx_word' id='word_1_532' title='bbox 3633 629 3706 682; x_wconf 85' lang='lat' dir='ltr'><strong>vi-</strong></span> 
     </span>
    </p>
   </div>
   <div class='ocr_carea' id='block_1_65' title="bbox 2137 706 3707 788">
    <p class='ocr_par' dir='ltr' id='par_1_65' title="bbox 2137 706 3707 788">
     <span class='ocr_line' id='line_1_65' title="bbox 2137 706 3707 788; baseline 0.006 -26"><span class='ocrx_word' id='word_1_533' title='bbox 2137 706 2273 762; x_wconf 89' lang='lat' dir='ltr'><strong>des?</strong></span> <span class='ocrx_word' id='word_1_534' title='bbox 2315 707 2462 773; x_wconf 89' lang='lat' dir='ltr'><strong>Quod</strong></span> <span class='ocrx_word' id='word_1_535' title='bbox 2488 709 2682 762; x_wconf 85' lang='lat' dir='ltr'><strong>clamas</strong></span> <span class='ocrx_word' id='word_1_536' title='bbox 2705 709 2866 764; x_wconf 90' lang='lat' dir='ltr'><strong>alium</strong></span> <span class='ocrx_word' id='word_1_537' title='bbox 2893 726 2996 764; x_wconf 90' lang='lat' dir='ltr'><strong>non</strong></span> <span class='ocrx_word' id='word_1_538' title='bbox 3025 710 3222 766; x_wconf 89' lang='lat' dir='ltr'><strong>habere</strong></span> <span class='ocrx_word' id='word_1_539' title='bbox 3250 730 3370 782; x_wconf 86' lang='lat' dir='ltr'><strong>erga</strong></span> <span class='ocrx_word' id='word_1_540' title='bbox 3399 724 3448 769; x_wconf 91' lang='lat' dir='ltr'><strong>te</strong></span> <span class='ocrx_word' id='word_1_541' title='bbox 3471 757 3486 781; x_wconf 95' lang='lat'><strong>,</strong></span> <span class='ocrx_word' id='word_1_542' title='bbox 3519 717 3707 788; x_wconf 86' lang='lat' dir='ltr'><strong>plange</strong></span> 
     </span>
    </p>
   </div>
   <div class='ocr_carea' id='block_1_66' title="bbox 2138 798 3707 878">
    <p class='ocr_par' dir='ltr' id='par_1_66' title="bbox 2138 798 3707 878">
     <span class='ocr_line' id='line_1_66' title="bbox 2138 798 3707 878; baseline 0.008 -28"><span class='ocrx_word' id='word_1_543' title='bbox 2138 807 2189 852; x_wconf 90' lang='lat' dir='ltr'><strong>te</strong></span> <span class='ocrx_word' id='word_1_544' title='bbox 2216 813 2319 852; x_wconf 88' lang='lat' dir='ltr'><strong>non</strong></span> <span class='ocrx_word' id='word_1_545' title='bbox 2348 798 2544 853; x_wconf 89' lang='lat' dir='ltr'><strong>habere</strong></span> <span class='ocrx_word' id='word_1_546' title='bbox 2565 815 2686 870; x_wconf 88' lang='lat' dir='ltr'><strong>erga</strong></span> <span class='ocrx_word' id='word_1_547' title='bbox 2709 801 2890 854; x_wconf 86' lang='lat' dir='ltr'><strong>alium.</strong></span> <span class='ocrx_word' id='word_1_548' title='bbox 2913 801 2978 854; x_wconf 84' lang='lat' dir='ltr'><strong>Et</strong></span> <span class='ocrx_word' id='word_1_549' title='bbox 2996 803 3112 858; x_wconf 87' lang='lat' dir='ltr'><strong>vide</strong></span> <span class='ocrx_word' id='word_1_550' title='bbox 3129 805 3250 873; x_wconf 89' lang='lat' dir='ltr'><strong>quia</strong></span> <span class='ocrx_word' id='word_1_551' title='bbox 3279 818 3549 874; x_wconf 88' lang='lat' dir='ltr'><strong>peccatum</strong></span> <span class='ocrx_word' id='word_1_552' title='bbox 3567 810 3707 878; x_wconf 91' lang='lat' dir='ltr'><strong>quod</strong></span> 
     </span>
    </p>
   </div>
   <div class='ocr_carea' id='block_1_67' title="bbox 2135 888 3706 970">
    <p class='ocr_par' dir='ltr' id='par_1_67' title="bbox 2135 888 3706 970">
     <span class='ocr_line' id='line_1_67' title="bbox 2135 888 3706 970; baseline 0.009 -28"><span class='ocrx_word' id='word_1_553' title='bbox 2135 888 2285 956; x_wconf 88' lang='lat' dir='ltr'><strong>facis,</strong></span> <span class='ocrx_word' id='word_1_554' title='bbox 2305 890 2418 944; x_wconf 92' lang='lat' dir='ltr'><strong>sine</strong></span> <span class='ocrx_word' id='word_1_555' title='bbox 2437 891 2727 945; x_wconf 88' lang='lat' dir='ltr'><strong>substantia</strong></span> <span class='ocrx_word' id='word_1_556' title='bbox 2745 902 2845 946; x_wconf 92' lang='lat' dir='ltr'><strong>est.</strong></span> <span class='ocrx_word' id='word_1_557' title='bbox 2867 894 3014 960; x_wconf 82' lang='lat' dir='ltr'><strong>Quod</strong></span> <span class='ocrx_word' id='word_1_558' title='bbox 3034 895 3170 948; x_wconf 86' lang='lat' dir='ltr'><strong>enim</strong></span> <span class='ocrx_word' id='word_1_559' title='bbox 3199 898 3488 967; x_wconf 88' lang='lat' dir='ltr'><strong>acquiritur</strong></span> <span class='ocrx_word' id='word_1_560' title='bbox 3509 901 3572 953; x_wconf 93' lang='lat' dir='ltr'><strong>de</strong></span> <span class='ocrx_word' id='word_1_561' title='bbox 3597 917 3706 970; x_wconf 77' lang='lat' dir='ltr'><strong>pec~</strong></span> 
     </span>
    </p>
   </div>
   <div class='ocr_carea' id='block_1_68' title="bbox 2135 980 3704 1060">
    <p class='ocr_par' dir='ltr' id='par_1_68' title="bbox 2135 980 3704 1060">
     <span class='ocr_line' id='line_1_68' title="bbox 2135 980 3704 1060; baseline 0.009 -27"><span class='ocrx_word' id='word_1_562' title='bbox 2135 988 2273 1045; x_wconf 89' lang='lat' dir='ltr'><strong>cato,</strong></span> <span class='ocrx_word' id='word_1_563' title='bbox 2297 980 2503 1034; x_wconf 90' lang='lat' dir='ltr'><strong>videtur</strong></span> <span class='ocrx_word' id='word_1_564' title='bbox 2531 997 2649 1036; x_wconf 90' lang='lat' dir='ltr'><strong>esse</strong></span> <span class='ocrx_word' id='word_1_565' title='bbox 2678 982 2990 1038; x_wconf 87' lang='lat' dir='ltr'><strong>substantia.</strong></span> <span class='ocrx_word' id='word_1_566' title='bbox 3023 983 3125 1039; x_wconf 90' lang='lat' dir='ltr'><strong>Sed</strong></span> <span class='ocrx_word' id='word_1_567' title='bbox 3152 995 3204 1042; x_wconf 92' lang='lat' dir='ltr'><strong>et</strong></span> <span class='ocrx_word' id='word_1_568' title='bbox 3233 988 3330 1042; x_wconf 90' lang='lat' dir='ltr'><strong>hoc</strong></span> <span class='ocrx_word' id='word_1_569' title='bbox 3357 1005 3461 1044; x_wconf 92' lang='lat' dir='ltr'><strong>non</strong></span> <span class='ocrx_word' id='word_1_570' title='bbox 3487 993 3704 1060; x_wconf 79' lang='lat' dir='ltr'><strong>acquiri-</strong></span> 
     </span>
    </p>
   </div>
   <div class='ocr_carea' id='block_1_69' title="bbox 2137 1069 3688 1156">
    <p class='ocr_par' dir='ltr' id='par_1_69' title="bbox 2137 1069 3688 1156">
     <span class='ocr_line' id='line_1_69' title="bbox 2137 1069 3688 1156; baseline 0.01 -34"><span class='ocrx_word' id='word_1_571' title='bbox 2137 1079 2238 1125; x_wconf 91' lang='lat' dir='ltr'><strong>tur.</strong></span> <span class='ocrx_word' id='word_1_572' title='bbox 2269 1069 2360 1125; x_wconf 90' lang='lat' dir='ltr'><strong>Ille</strong></span> <span class='ocrx_word' id='word_1_573' title='bbox 2383 1072 2522 1126; x_wconf 91' lang='lat' dir='ltr'><strong>enim</strong></span> <span class='ocrx_word' id='word_1_574' title='bbox 2549 1071 2708 1127; x_wconf 89' lang='lat' dir='ltr'><strong>habet</strong></span> <span class='ocrx_word' id='word_1_575' title='bbox 2733 1089 2937 1156; x_wconf 47' lang='lat' dir='ltr'><strong>ausum,</strong></span> <span class='ocrx_word' id='word_1_576' title='bbox 2959 1077 3047 1144; x_wconf 90' lang='lat' dir='ltr'><strong>qui</strong></span> <span class='ocrx_word' id='word_1_577' title='bbox 3074 1079 3218 1130; x_wconf 82' lang='lat' dir='ltr'><strong>novit</strong></span> <span class='ocrx_word' id='word_1_578' title='bbox 3241 1080 3313 1133; x_wconf 92' lang='lat' dir='ltr'><strong>uti</strong></span> <span class='ocrx_word' id='word_1_579' title='bbox 3339 1096 3468 1135; x_wconf 90' lang='lat' dir='ltr'><strong>auro</strong></span> <span class='ocrx_word' id='word_1_580' title='bbox 3489 1084 3604 1152; x_wconf 90' lang='lat' dir='ltr'><strong>:qui</strong></span> <span class='ocrx_word' id='word_1_581' title='bbox 3621 1099 3688 1138; x_wconf 91' lang='lat' dir='ltr'><strong>au</strong></span> 
     </span>
    </p>
   </div>
   <div class='ocr_carea' id='block_1_70' title="bbox 2137 1166 3703 1244">
    <p class='ocr_par' dir='ltr' id='par_1_70' title="bbox 2137 1166 3703 1244">
     <span class='ocr_line' id='line_1_70' title="bbox 2137 1166 3703 1244; baseline 0.009 -28"><span class='ocrx_word' id='word_1_582' title='bbox 2137 1173 2240 1218; x_wconf 82' lang='lat' dir='ltr'><strong>tem</strong></span> <span class='ocrx_word' id='word_1_583' title='bbox 2271 1180 2400 1218; x_wconf 87' lang='lat' dir='ltr'><strong>auro</strong></span> <span class='ocrx_word' id='word_1_584' title='bbox 2429 1166 2501 1220; x_wconf 91' lang='lat' dir='ltr'><strong>uti</strong></span> <span class='ocrx_word' id='word_1_585' title='bbox 2531 1183 2636 1220; x_wconf 93' lang='lat' dir='ltr'><strong>non</strong></span> <span class='ocrx_word' id='word_1_586' title='bbox 2664 1167 2810 1220; x_wconf 88' lang='lat' dir='ltr'><strong>novit</strong></span> <span class='ocrx_word' id='word_1_587' title='bbox 2832 1210 2846 1232; x_wconf 94' lang='lat'><strong>,</strong></span> <span class='ocrx_word' id='word_1_588' title='bbox 2878 1167 3099 1222; x_wconf 90' lang='lat' dir='ltr'><strong>habetur</strong></span> <span class='ocrx_word' id='word_1_589' title='bbox 3123 1211 3136 1234; x_wconf 97' lang='lat'><strong>,</strong></span> <span class='ocrx_word' id='word_1_590' title='bbox 3166 1185 3271 1224; x_wconf 92' lang='lat' dir='ltr'><strong>non</strong></span> <span class='ocrx_word' id='word_1_591' title='bbox 3312 1171 3502 1238; x_wconf 89' lang='lat' dir='ltr'><strong>habet;</strong></span> <span class='ocrx_word' id='word_1_592' title='bbox 3534 1176 3703 1244; x_wconf 88' lang='lat' dir='ltr'><strong>possi-</strong></span> 
     </span>
    </p>
   </div>
   <div class='ocr_carea' id='block_1_71' title="bbox 2133 1255 3704 1328">
    <p class='ocr_par' dir='ltr' id='par_1_71' title="bbox 2133 1255 3704 1328">
     <span class='ocr_line' id='line_1_71' title="bbox 2133 1255 3704 1328; baseline 0.008 -18"><span class='ocrx_word' id='word_1_593' title='bbox 2133 1255 2305 1322; x_wconf 90' lang='lat' dir='ltr'><strong>detur,</strong></span> <span class='ocrx_word' id='word_1_594' title='bbox 2340 1274 2444 1311; x_wconf 92' lang='lat' dir='ltr'><strong>non</strong></span> <span class='ocrx_word' id='word_1_595' title='bbox 2473 1259 2728 1327; x_wconf 85' lang='lat' dir='ltr'><strong>possidet.</strong></span> <span class='ocrx_word' id='word_1_596' title='bbox 2762 1259 2944 1314; x_wconf 89' lang='lat' dir='ltr'><strong>Estotc</strong></span> <span class='ocrx_word' id='word_1_597' title='bbox 2973 1259 3174 1315; x_wconf 90' lang='lat' dir='ltr'><strong>domini</strong></span> <span class='ocrx_word' id='word_1_598' title='bbox 3198 1264 3332 1328; x_wconf 90' lang='lat' dir='ltr'><strong>auri,</strong></span> <span class='ocrx_word' id='word_1_599' title='bbox 3356 1274 3409 1318; x_wconf 91' lang='lat' dir='ltr'><strong>et</strong></span> <span class='ocrx_word' id='word_1_600' title='bbox 3437 1281 3539 1318; x_wconf 92' lang='lat' dir='ltr'><strong>non</strong></span> <span class='ocrx_word' id='word_1_601' title='bbox 3567 1268 3704 1322; x_wconf 88' lang='lat' dir='ltr'><strong>servi</strong></span> 
     </span>
    </p>
   </div>
   <div class='ocr_carea' id='block_1_72' title="bbox 2133 1347 3704 1426">
    <p class='ocr_par' dir='ltr' id='par_1_72' title="bbox 2133 1347 3704 1426">
     <span class='ocr_line' id='line_1_72' title="bbox 2133 1347 3704 1426; baseline 0.008 -26"><span class='ocrx_word' id='word_1_602' title='bbox 2133 1347 2244 1401; x_wconf 88' lang='lat' dir='ltr'><strong>auri</strong></span> <span class='ocrx_word' id='word_1_603' title='bbox 2279 1365 2291 1400; x_wconf 93' lang='lat'><strong>:</strong></span> <span class='ocrx_word' id='word_1_604' title='bbox 2323 1348 2443 1418; x_wconf 92' lang='lat' dir='ltr'><strong>quia</strong></span> <span class='ocrx_word' id='word_1_605' title='bbox 2474 1357 2528 1402; x_wconf 89' lang='lat' dir='ltr'><strong>et</strong></span> <span class='ocrx_word' id='word_1_606' title='bbox 2571 1365 2756 1403; x_wconf 90' lang='lat' dir='ltr'><strong>aurum</strong></span> <span class='ocrx_word' id='word_1_607' title='bbox 2786 1350 2921 1404; x_wconf 90' lang='lat' dir='ltr'><strong>Deus</strong></span> <span class='ocrx_word' id='word_1_608' title='bbox 2967 1351 3091 1405; x_wconf 89' lang='lat' dir='ltr'><strong>fecit</strong></span> <span class='ocrx_word' id='word_1_609' title='bbox 3115 1393 3127 1414; x_wconf 91' lang='lat'><strong>,</strong></span> <span class='ocrx_word' id='word_1_610' title='bbox 3160 1364 3213 1407; x_wconf 92' lang='lat' dir='ltr'><strong>ct</strong></span> <span class='ocrx_word' id='word_1_611' title='bbox 3254 1362 3303 1408; x_wconf 91' lang='lat' dir='ltr'><strong>te</strong></span> <span class='ocrx_word' id='word_1_612' title='bbox 3333 1370 3492 1426; x_wconf 90' lang='lat' dir='ltr'><strong>super</strong></span> <span class='ocrx_word' id='word_1_613' title='bbox 3521 1373 3704 1413; x_wconf 90' lang='lat' dir='ltr'><strong>aurum</strong></span> 
     </span>
    </p>
   </div>
   <div class='ocr_carea' id='block_1_73' title="bbox 2134 1438 3705 1511">
    <p class='ocr_par' dir='ltr' id='par_1_73' title="bbox 2134 1438 3705 1511">
     <span class='ocr_line' id='line_1_73' title="bbox 2134 1438 3705 1511; baseline 0.008 -21"><span class='ocrx_word' id='word_1_614' title='bbox 2134 1438 2245 1508; x_wconf 87' lang='lat' dir='ltr'><strong>ipse</strong></span> <span class='ocrx_word' id='word_1_615' title='bbox 2274 1438 2394 1493; x_wconf 86' lang='lat' dir='ltr'><strong>fecit</strong></span> <span class='ocrx_word' id='word_1_616' title='bbox 2418 1455 2432 1504; x_wconf 93' lang='lat'><strong>;</strong></span> <span class='ocrx_word' id='word_1_617' title='bbox 2466 1454 2651 1493; x_wconf 89' lang='lat' dir='ltr'><strong>aurum</strong></span> <span class='ocrx_word' id='word_1_618' title='bbox 2681 1440 2800 1494; x_wconf 72' lang='lat' dir='ltr'><strong>fecit</strong></span> <span class='ocrx_word' id='word_1_619' title='bbox 2841 1441 2906 1494; x_wconf 90' lang='lat' dir='ltr'><strong>ad</strong></span> <span class='ocrx_word' id='word_1_620' title='bbox 2935 1441 3224 1496; x_wconf 88' lang='lat' dir='ltr'><strong>subsidium</strong></span> <span class='ocrx_word' id='word_1_621' title='bbox 3253 1453 3396 1499; x_wconf 89' lang='lat' dir='ltr'><strong>tuum</strong></span> <span class='ocrx_word' id='word_1_622' title='bbox 3423 1487 3436 1511; x_wconf 93' lang='lat'><strong>,</strong></span> <span class='ocrx_word' id='word_1_623' title='bbox 3481 1456 3534 1502; x_wconf 89' lang='lat' dir='ltr'><strong>et</strong></span> <span class='ocrx_word' id='word_1_624' title='bbox 3565 1459 3615 1503; x_wconf 91' lang='lat' dir='ltr'><strong>te</strong></span> <span class='ocrx_word' id='word_1_625' title='bbox 3640 1448 3705 1503; x_wconf 89' lang='lat' dir='ltr'><strong>ad</strong></span> 
     </span>
    </p>
   </div>
   <div class='ocr_carea' id='block_1_74' title="bbox 2133 1527 3703 1600">
    <p class='ocr_par' dir='ltr' id='par_1_74' title="bbox 2133 1527 3703 1600">
     <span class='ocr_line' id='line_1_74' title="bbox 2133 1527 3703 1600; baseline 0.008 -21"><span class='ocrx_word' id='word_1_626' title='bbox 2133 1527 2410 1597; x_wconf 80' lang='lat' dir='ltr'><strong>imaginem</strong></span> <span class='ocrx_word' id='word_1_627' title='bbox 2439 1544 2606 1582; x_wconf 87' lang='lat' dir='ltr'><strong>suam.</strong></span> <span class='ocrx_word' id='word_1_628' title='bbox 2638 1529 2766 1582; x_wconf 78' lang='lat' dir='ltr'><strong>Vide</strong></span> <span class='ocrx_word' id='word_1_629' title='bbox 2795 1530 2935 1599; x_wconf 92' lang='lat' dir='ltr'><strong>quod</strong></span> <span class='ocrx_word' id='word_1_630' title='bbox 2964 1547 3121 1600; x_wconf 87' lang='lat' dir='ltr'><strong>supra</strong></span> <span class='ocrx_word' id='word_1_631' title='bbox 3151 1543 3199 1587; x_wconf 91' lang='lat' dir='ltr'><strong>te</strong></span> <span class='ocrx_word' id='word_1_632' title='bbox 3241 1544 3320 1588; x_wconf 91' lang='lat' dir='ltr'><strong>est</strong></span> <span class='ocrx_word' id='word_1_633' title='bbox 3344 1576 3358 1598; x_wconf 97' lang='lat'><strong>,</strong></span> <span class='ocrx_word' id='word_1_634' title='bbox 3387 1544 3441 1589; x_wconf 91' lang='lat' dir='ltr'><strong>et</strong></span> <span class='ocrx_word' id='word_1_635' title='bbox 3481 1538 3653 1593; x_wconf 85' lang='lat' dir='ltr'><strong>calcas</strong></span> <span class='ocrx_word' id='word_1_636' title='bbox 3685 1539 3703 1568; x_wconf 72' lang='grc' dir='ltr'>ί</span> 
     </span>
    </p>
   </div>
   <div class='ocr_carea' id='block_1_75' title="bbox 2134 1619 3704 1698">
    <p class='ocr_par' dir='ltr' id='par_1_75' title="bbox 2134 1619 3704 1698">
     <span class='ocr_line' id='line_1_75' title="bbox 2134 1619 3704 1698; baseline 0.008 -27"><span class='ocrx_word' id='word_1_637' title='bbox 2134 1619 2270 1687; x_wconf 91' lang='lat' dir='ltr'><strong>quod</strong></span> <span class='ocrx_word' id='word_1_638' title='bbox 2292 1619 2421 1672; x_wconf 86' lang='lat' dir='ltr'><strong>infra</strong></span> <span class='ocrx_word' id='word_1_639' title='bbox 2447 1629 2495 1674; x_wconf 90' lang='lat' dir='ltr'><strong>te</strong></span> <span class='ocrx_word' id='word_1_640' title='bbox 2509 1630 2608 1674; x_wconf 91' lang='lat' dir='ltr'><strong>est.</strong></span> <span class='ocrx_word' id='word_1_641' title='bbox 2629 1621 2763 1687; x_wconf 86' lang='lat' dir='ltr'><strong>Quid</strong></span> <span class='ocrx_word' id='word_1_642' title='bbox 2783 1638 2908 1692; x_wconf 88' lang='lat' dir='ltr'><strong>ergo</strong></span> <span class='ocrx_word' id='word_1_643' title='bbox 2927 1626 3228 1692; x_wconf 89' lang='lat' dir='ltr'><strong>acquisisti?</strong></span> <span class='ocrx_word' id='word_1_644' title='bbox 3247 1627 3335 1679; x_wconf 86' lang='lat' dir='ltr'><strong>Vis</strong></span> <span class='ocrx_word' id='word_1_645' title='bbox 3351 1628 3529 1683; x_wconf 89' lang='lat' dir='ltr'><strong>videre</strong></span> <span class='ocrx_word' id='word_1_646' title='bbox 3547 1645 3704 1698; x_wconf 90' lang='lat' dir='ltr'><strong>quam</strong></span> 
     </span>
    </p>
   </div>
   <div class='ocr_carea' id='block_1_76' title="bbox 2134 1715 3704 1794">
    <p class='ocr_par' dir='ltr' id='par_1_76' title="bbox 2134 1715 3704 1794">
     <span class='ocr_line' id='line_1_76' title="bbox 2134 1715 3704 1794; baseline 0.01 -29"><span class='ocrx_word' id='word_1_647' title='bbox 2134 1728 2267 1783; x_wconf 87' lang='lat' dir='ltr'><strong>aqua</strong></span> <span class='ocrx_word' id='word_1_648' title='bbox 2294 1715 2407 1768; x_wconf 89' lang='lat' dir='ltr'><strong>sine</strong></span> <span class='ocrx_word' id='word_1_649' title='bbox 2432 1715 2722 1769; x_wconf 87' lang='lat' dir='ltr'><strong>sobstantia</strong></span> <span class='ocrx_word' id='word_1_650' title='bbox 2750 1716 2850 1770; x_wconf 83' lang='lat' dir='ltr'><strong>sit?</strong></span> <span class='ocrx_word' id='word_1_651' title='bbox 2873 1717 3017 1772; x_wconf 86' lang='lat' dir='ltr'><strong>Tolle</strong></span> <span class='ocrx_word' id='word_1_652' title='bbox 3049 1730 3218 1773; x_wconf 90' lang='lat' dir='ltr'><strong>tecum</strong></span> <span class='ocrx_word' id='word_1_653' title='bbox 3243 1721 3306 1773; x_wconf 89' lang='lat' dir='ltr'><strong>ad</strong></span> <span class='ocrx_word' id='word_1_654' title='bbox 3341 1721 3537 1777; x_wconf 84' lang='lat' dir='ltr'><strong>inferos</strong></span> <span class='ocrx_word' id='word_1_655' title='bbox 3564 1725 3704 1794; x_wconf 88' lang='lat' dir='ltr'><strong>quod</strong></span> 
     </span>
    </p>
   </div>
   <div class='ocr_carea' id='block_1_77' title="bbox 2134 1806 3704 1888">
    <p class='ocr_par' dir='ltr' id='par_1_77' title="bbox 2134 1806 3704 1888">
     <span class='ocr_line' id='line_1_77' title="bbox 2134 1806 3704 1888; baseline 0.01 -32"><span class='ocrx_word' id='word_1_656' title='bbox 2134 1806 2401 1875; x_wconf 87' lang='lat' dir='ltr'><strong>acquisisti</strong></span> <span class='ocrx_word' id='word_1_657' title='bbox 2435 1823 2446 1856; x_wconf 91' lang='lat'>:</span> <span class='ocrx_word' id='word_1_658' title='bbox 2482 1806 2607 1877; x_wconf 89' lang='lat' dir='ltr'><strong>quid</strong></span> <span class='ocrx_word' id='word_1_659' title='bbox 2636 1806 2867 1864; x_wconf 89' lang='lat' dir='ltr'><strong>facturus</strong></span> <span class='ocrx_word' id='word_1_660' title='bbox 2895 1811 2994 1863; x_wconf 87' lang='lat' dir='ltr'><strong>es?</strong></span> <span class='ocrx_word' id='word_1_661' title='bbox 3023 1811 3306 1880; x_wconf 72' lang='lat' dir='ltr'><strong>Acquisisti</strong></span> <span class='ocrx_word' id='word_1_662' title='bbox 3336 1829 3520 1868; x_wconf 89' lang='lat' dir='ltr'><strong>aurum</strong></span> <span class='ocrx_word' id='word_1_663' title='bbox 3546 1857 3559 1880; x_wconf 93' lang='lat'><strong>,</strong></span> <span class='ocrx_word' id='word_1_664' title='bbox 3592 1832 3704 1888; x_wconf 84' lang='lat' dir='ltr'><strong>per-</strong></span> 
     </span>
    </p>
   </div>
   <div class='ocr_carea' id='block_1_78' title="bbox 2133 1893 3704 1971">
    <p class='ocr_par' dir='ltr' id='par_1_78' title="bbox 2133 1893 3704 1971">
     <span class='ocr_line' id='line_1_78' title="bbox 2133 1893 3704 1971; baseline 0.01 -24"><span class='ocrx_word' id='word_1_665' title='bbox 2133 1893 2310 1948; x_wconf 88' lang='lat' dir='ltr'><strong>didisti</strong></span> <span class='ocrx_word' id='word_1_666' title='bbox 2341 1895 2492 1948; x_wconf 85' lang='lat' dir='ltr'><strong>ﬁdem</strong></span> <span class='ocrx_word' id='word_1_667' title='bbox 2529 1913 2541 1948; x_wconf 93' lang='lat'>:</span> <span class='ocrx_word' id='word_1_668' title='bbox 2575 1905 2694 1966; x_wconf 82' lang='lat' dir='ltr'><strong>post</strong></span> <span class='ocrx_word' id='word_1_669' title='bbox 2719 1913 2912 1967; x_wconf 87' lang='lat' dir='ltr'><strong>paucos</strong></span> <span class='ocrx_word' id='word_1_670' title='bbox 2936 1899 3047 1953; x_wconf 88' lang='lat' dir='ltr'><strong>dies</strong></span> <span class='ocrx_word' id='word_1_671' title='bbox 3077 1901 3190 1954; x_wconf 77' lang='lat' dir='ltr'><strong>exis</strong></span> <span class='ocrx_word' id='word_1_672' title='bbox 3220 1901 3283 1954; x_wconf 88' lang='lat' dir='ltr'><strong>de</strong></span> <span class='ocrx_word' id='word_1_673' title='bbox 3312 1901 3409 1956; x_wconf 87' lang='lat' dir='ltr'><strong>liae</strong></span> <span class='ocrx_word' id='word_1_674' title='bbox 3437 1905 3539 1957; x_wconf 90' lang='lat' dir='ltr'><strong>vita</strong></span> <span class='ocrx_word' id='word_1_675' title='bbox 3566 1946 3580 1971; x_wconf 92' lang='lat'><strong>,</strong></span> <span class='ocrx_word' id='word_1_676' title='bbox 3610 1923 3704 1962; x_wconf 86' lang='lat' dir='ltr'><strong>au-</strong></span> 
     </span>
    </p>
   </div>
   <div class='ocr_carea' id='block_1_79' title="bbox 2134 1985 3703 2057">
    <p class='ocr_par' dir='ltr' id='par_1_79' title="bbox 2134 1985 3703 2057">
     <span class='ocr_line' id='line_1_79' title="bbox 2134 1985 3703 2057; baseline 0.01 -20"><span class='ocrx_word' id='word_1_677' title='bbox 2134 2000 2249 2038; x_wconf 91' lang='lat' dir='ltr'><strong>rum</strong></span> <span class='ocrx_word' id='word_1_678' title='bbox 2276 1985 2413 2054; x_wconf 92' lang='lat' dir='ltr'><strong>quod</strong></span> <span class='ocrx_word' id='word_1_679' title='bbox 2441 1987 2709 2056; x_wconf 82' lang='lat' dir='ltr'><strong>acquisiin</strong></span> <span class='ocrx_word' id='word_1_680' title='bbox 2739 1989 2937 2057; x_wconf 81' lang='lat' dir='ltr'><strong>perdita</strong></span> <span class='ocrx_word' id='word_1_681' title='bbox 2983 1990 3085 2044; x_wconf 89' lang='lat' dir='ltr'><strong>ﬁde</strong></span> <span class='ocrx_word' id='word_1_682' title='bbox 3112 2032 3126 2056; x_wconf 98' lang='lat'><strong>,</strong></span> <span class='ocrx_word' id='word_1_683' title='bbox 3159 1991 3367 2047; x_wconf 89' lang='lat' dir='ltr'><strong>auferre</strong></span> <span class='ocrx_word' id='word_1_684' title='bbox 3397 2004 3566 2048; x_wconf 77' lang='lat' dir='ltr'><strong>tecum</strong></span> <span class='ocrx_word' id='word_1_685' title='bbox 3602 2014 3703 2052; x_wconf 84' lang='lat' dir='ltr'><strong>non</strong></span> 
     </span>
    </p>
   </div>
   <div class='ocr_carea' id='block_1_80' title="bbox 2136 2081 3706 2158">
    <p class='ocr_par' dir='ltr' id='par_1_80' title="bbox 2136 2081 3706 2158">
     <span class='ocr_line' id='line_1_80' title="bbox 2136 2081 3706 2158; baseline 0.008 -27"><span class='ocrx_word' id='word_1_686' title='bbox 2136 2087 2304 2148; x_wconf 89' lang='lat' dir='ltr'><strong>potes;</strong></span> <span class='ocrx_word' id='word_1_687' title='bbox 2329 2095 2421 2133; x_wconf 89' lang='lat' dir='ltr'><strong>cor</strong></span> <span class='ocrx_word' id='word_1_688' title='bbox 2452 2089 2596 2134; x_wconf 91' lang='lat' dir='ltr'><strong>tuum</strong></span> <span class='ocrx_word' id='word_1_689' title='bbox 2627 2081 2780 2135; x_wconf 90' lang='lat' dir='ltr'><strong>inane</strong></span> <span class='ocrx_word' id='word_1_690' title='bbox 2809 2081 2948 2146; x_wconf 89' lang='lat' dir='ltr'><strong>ﬁdei,</strong></span> <span class='ocrx_word' id='word_1_691' title='bbox 2976 2082 3039 2135; x_wconf 89' lang='lat' dir='ltr'><strong>ad</strong></span> <span class='ocrx_word' id='word_1_692' title='bbox 3074 2098 3256 2151; x_wconf 73' lang='lat' dir='ltr'><strong>pmiias</strong></span> <span class='ocrx_word' id='word_1_693' title='bbox 3286 2087 3408 2149; x_wconf 77' lang='lat' dir='ltr'><strong>exit,</strong></span> <span class='ocrx_word' id='word_1_694' title='bbox 3447 2089 3581 2154; x_wconf 89' lang='lat' dir='ltr'><strong>quod</strong></span> <span class='ocrx_word' id='word_1_695' title='bbox 3608 2090 3706 2158; x_wconf 76' lang='lat' dir='ltr'><strong>ple~</strong></span> 
     </span>
    </p>
   </div>
   <div class='ocr_carea' id='block_1_81' title="bbox 2135 2168 3703 2248">
    <p class='ocr_par' dir='ltr' id='par_1_81' title="bbox 2135 2168 3703 2248">
     <span class='ocr_line' id='line_1_81' title="bbox 2135 2168 3703 2248; baseline 0.01 -28"><span class='ocrx_word' id='word_1_696' title='bbox 2135 2183 2258 2221; x_wconf 90' lang='lat' dir='ltr'><strong>num</strong></span> <span class='ocrx_word' id='word_1_697' title='bbox 2279 2168 2380 2224; x_wconf 89' lang='lat' dir='ltr'><strong>ﬁde</strong></span> <span class='ocrx_word' id='word_1_698' title='bbox 2398 2169 2460 2222; x_wconf 89' lang='lat' dir='ltr'><strong>ad</strong></span> <span class='ocrx_word' id='word_1_699' title='bbox 2478 2185 2724 2224; x_wconf 81' lang='lat' dir='ltr'><strong>coronam</strong></span> <span class='ocrx_word' id='word_1_700' title='bbox 2742 2173 2930 2225; x_wconf 78' lang='lat' dir='ltr'><strong>exiret.</strong></span> <span class='ocrx_word' id='word_1_701' title='bbox 2951 2172 3088 2227; x_wconf 81' lang='lat' dir='ltr'><strong>Ecce</strong></span> <span class='ocrx_word' id='word_1_702' title='bbox 3115 2174 3238 2228; x_wconf 85' lang='lat' dir='ltr'><strong>nihil</strong></span> <span class='ocrx_word' id='word_1_703' title='bbox 3260 2181 3496 2246; x_wconf 87' lang='lat' dir='ltr'><strong>estquod</strong></span> <span class='ocrx_word' id='word_1_704' title='bbox 3517 2180 3703 2248; x_wconf 78' lang='lat' dir='ltr'><strong>fecisti,</strong></span> 
     </span>
    </p>
   </div>
   <div class='ocr_carea' id='block_1_82' title="bbox 2133 2261 3703 2336">
    <p class='ocr_par' dir='ltr' id='par_1_82' title="bbox 2133 2261 3703 2336">
     <span class='ocr_line' id='line_1_82' title="bbox 2133 2261 3703 2336; baseline 0.008 -22"><span class='ocrx_word' id='word_1_705' title='bbox 2133 2269 2187 2314; x_wconf 85' lang='lat' dir='ltr'><strong>et</strong></span> <span class='ocrx_word' id='word_1_706' title='bbox 2210 2270 2425 2332; x_wconf 88' lang='lat' dir='ltr'><strong>propter</strong></span> <span class='ocrx_word' id='word_1_707' title='bbox 2453 2261 2580 2316; x_wconf 91' lang='lat' dir='ltr'><strong>nihil</strong></span> <span class='ocrx_word' id='word_1_708' title='bbox 2612 2264 2771 2317; x_wconf 87' lang='lat' dir='ltr'><strong>Deum</strong></span> <span class='ocrx_word' id='word_1_709' title='bbox 2795 2264 3078 2318; x_wconf 73' lang='lat' dir='ltr'><strong>offendisti.</strong></span> <span class='ocrx_word' id='word_1_710' title='bbox 3107 2267 3252 2336; x_wconf 80' lang='lat' dir='ltr'><strong>Aqua</strong></span> <span class='ocrx_word' id='word_1_711' title='bbox 3279 2269 3393 2322; x_wconf 88' lang='lat' dir='ltr'><strong>sine</strong></span> <span class='ocrx_word' id='word_1_712' title='bbox 3419 2273 3703 2327; x_wconf 76' lang='lat' dir='ltr'><strong>substantia</strong></span> 
     </span>
    </p>
   </div>
   <div class='ocr_carea' id='block_1_83' title="bbox 2133 2353 3689 2431">
    <p class='ocr_par' dir='ltr' id='par_1_83' title="bbox 2133 2353 3689 2431">
     <span class='ocr_line' id='line_1_83' title="bbox 2133 2353 3689 2431; baseline 0.008 -27"><span class='ocrx_word' id='word_1_713' title='bbox 2133 2360 2215 2405; x_wconf 89' lang='lat' dir='ltr'><strong>est</strong></span> <span class='ocrx_word' id='word_1_714' title='bbox 2242 2369 2356 2422; x_wconf 71' lang='lat' dir='ltr'><strong>qua:</strong></span> <span class='ocrx_word' id='word_1_715' title='bbox 2381 2361 2430 2407; x_wconf 89' lang='lat' dir='ltr'><strong>te</strong></span> <span class='ocrx_word' id='word_1_716' title='bbox 2451 2353 2723 2408; x_wconf 88' lang='lat' dir='ltr'><strong>demersit.</strong></span> <span class='ocrx_word' id='word_1_717' title='bbox 2757 2355 2977 2424; x_wconf 85' lang='lat' dir='ltr'><strong>Propter</strong></span> <span class='ocrx_word' id='word_1_718' title='bbox 3002 2355 3126 2426; x_wconf 87' lang='lat' dir='ltr'><strong>quid</strong></span> <span class='ocrx_word' id='word_1_719' title='bbox 3150 2357 3371 2411; x_wconf 80' lang='lat' dir='ltr'><strong>irritavit</strong></span> <span class='ocrx_word' id='word_1_720' title='bbox 3400 2360 3562 2414; x_wconf 77' lang='lat' dir='ltr'><strong>lleuui</strong></span> <span class='ocrx_word' id='word_1_721' title='bbox 3595 2380 3689 2431; x_wconf 87' lang='lat' dir='ltr'><strong>pec</strong></span> 
     </span>
    </p>
   </div>
   <div class='ocr_carea' id='block_1_84' title="bbox 2133 2443 3701 2520">
    <p class='ocr_par' dir='ltr' id='par_1_84' title="bbox 2133 2443 3701 2520">
     <span class='ocr_line' id='line_1_84' title="bbox 2133 2443 3701 2520; baseline 0.006 -23"><span class='ocrx_word' id='word_1_722' title='bbox 2133 2443 2310 2497; x_wconf 86' lang='lat' dir='ltr'><strong>calor?</strong></span> <span class='ocrx_word' id='word_1_723' title='bbox 2331 2443 2727 2498; x_wconf 87' lang='lat' dir='ltr'><strong>Confundautur</strong></span> <span class='ocrx_word' id='word_1_724' title='bbox 2747 2443 2925 2515; x_wconf 90' lang='lat' dir='ltr'><strong>inique</strong></span> <span class='ocrx_word' id='word_1_725' title='bbox 2957 2447 3207 2502; x_wconf 86' lang='lat' dir='ltr'><strong>facientes</strong></span> <span class='ocrx_word' id='word_1_726' title='bbox 3227 2464 3356 2503; x_wconf 79' lang='lat' dir='ltr'><strong>vane</strong></span> <span class='ocrx_word' id='word_1_727' title='bbox 3375 2450 3540 2520; x_wconf 83' lang='lat' dir='ltr'><strong>(f’sal.</strong></span> <span class='ocrx_word' id='word_1_728' title='bbox 3564 2469 3701 2517; x_wconf 68' lang='lat' dir='ltr'><strong>XXIV,</strong></span> 
     </span>
    </p>
   </div>
   <div class='ocr_carea' id='block_1_85' title="bbox 2132 2532 3704 2606">
    <p class='ocr_par' dir='ltr' id='par_1_85' title="bbox 2132 2532 3704 2606">
     <span class='ocr_line' id='line_1_85' title="bbox 2132 2532 3704 2606; baseline 0.006 -20"><span class='ocrx_word' id='word_1_729' title='bbox 2132 2532 2208 2606; x_wconf 76' lang='grc'><strong>4).</strong></span> <span class='ocrx_word' id='word_1_730' title='bbox 2228 2533 2391 2588; x_wconf 88' lang='lat' dir='ltr'><strong>Nemo</strong></span> <span class='ocrx_word' id='word_1_731' title='bbox 2408 2534 2670 2589; x_wconf 89' lang='lat' dir='ltr'><strong>enimnon</strong></span> <span class='ocrx_word' id='word_1_732' title='bbox 2690 2535 3104 2605; x_wconf 90' lang='lat' dir='ltr'><strong>inanitcriuique</strong></span> <span class='ocrx_word' id='word_1_733' title='bbox 3126 2536 3275 2602; x_wconf 88' lang='lat' dir='ltr'><strong>facit;</strong></span> <span class='ocrx_word' id='word_1_734' title='bbox 3301 2538 3393 2592; x_wconf 90' lang='lat' dir='ltr'><strong>scd</strong></span> <span class='ocrx_word' id='word_1_735' title='bbox 3413 2556 3568 2594; x_wconf 88' lang='lat' dir='ltr'><strong>nemo</strong></span> <span class='ocrx_word' id='word_1_736' title='bbox 3586 2558 3704 2596; x_wconf 86' lang='lat' dir='ltr'><strong>cou-</strong></span> 
     </span>
    </p>
   </div>
   <div class='ocr_carea' id='block_1_86' title="bbox 2133 2624 2347 2679">
    <p class='ocr_par' dir='ltr' id='par_1_86' title="bbox 2133 2624 2347 2679">
     <span class='ocr_line' id='line_1_86' title="bbox 2133 2624 2347 2679; baseline -0.005 -1"><span class='ocrx_word' id='word_1_737' title='bbox 2133 2624 2347 2679; x_wconf 90' lang='lat' dir='ltr'><strong>siderat.</strong></span> 
     </span>
    </p>
   </div>
   <div class='ocr_carea' id='block_1_87' title="bbox 2204 2715 3704 2786">
    <p class='ocr_par' dir='ltr' id='par_1_87' title="bbox 2204 2715 3704 2786">
     <span class='ocr_line' id='line_1_87' title="bbox 2204 2715 3704 2786; baseline 0.005 -17"><span class='ocrx_word' id='word_1_738' title='bbox 2204 2716 2290 2770; x_wconf 84' lang='grc'><strong>10.</strong></span> <span class='ocrx_word' id='word_1_739' title='bbox 2323 2717 2461 2770; x_wconf 84' lang='lat' dir='ltr'><strong>Eunt</strong></span> <span class='ocrx_word' id='word_1_740' title='bbox 2487 2717 2726 2770; x_wconf 89' lang='lat' dir='ltr'><strong>homines</strong></span> <span class='ocrx_word' id='word_1_741' title='bbox 2747 2758 2761 2783; x_wconf 92' lang='lat'><strong>,</strong></span> <span class='ocrx_word' id='word_1_742' title='bbox 2791 2715 3010 2771; x_wconf 88' lang='lat' dir='ltr'><strong>audiunt</strong></span> <span class='ocrx_word' id='word_1_743' title='bbox 3053 2719 3386 2786; x_wconf 88' lang='lat' dir='ltr'><strong>proverbium</strong></span> <span class='ocrx_word' id='word_1_744' title='bbox 3425 2721 3549 2776; x_wconf 91' lang='lat' dir='ltr'><strong>illud</strong></span> <span class='ocrx_word' id='word_1_745' title='bbox 3585 2725 3704 2777; x_wconf 82' lang='lat' dir='ltr'><strong>vul-</strong></span> 
     </span>
    </p>
   </div>
   <div class='ocr_carea' id='block_1_88' title="bbox 2131 2806 3702 2880">
    <p class='ocr_par' dir='ltr' id='par_1_88' title="bbox 2131 2806 3702 2880">
     <span class='ocr_line' id='line_1_88' title="bbox 2131 2806 3702 2880; baseline 0.005 -20"><span class='ocrx_word' id='word_1_746' title='bbox 2131 2821 2284 2876; x_wconf 86' lang='lat' dir='ltr'><strong>gare;</strong></span> <span class='ocrx_word' id='word_1_747' title='bbox 2312 2816 2366 2861; x_wconf 90' lang='lat' dir='ltr'><strong>et</strong></span> <span class='ocrx_word' id='word_1_748' title='bbox 2401 2807 2679 2876; x_wconf 86' lang='lat' dir='ltr'><strong>proverbia</strong></span> <span class='ocrx_word' id='word_1_749' title='bbox 2712 2806 2803 2861; x_wconf 91' lang='lat' dir='ltr'><strong>Dei</strong></span> <span class='ocrx_word' id='word_1_750' title='bbox 2830 2807 3117 2863; x_wconf 87' lang='lat' dir='ltr'><strong>dormitaut</strong></span> <span class='ocrx_word' id='word_1_751' title='bbox 3144 2808 3196 2862; x_wconf 94' lang='lat' dir='ltr'><strong>in</strong></span> <span class='ocrx_word' id='word_1_752' title='bbox 3227 2810 3306 2864; x_wconf 90' lang='lat' dir='ltr'><strong>eis</strong></span> <span class='ocrx_word' id='word_1_753' title='bbox 3327 2813 3366 2861; x_wconf 79' lang='grc'><strong>¹.</strong></span> <span class='ocrx_word' id='word_1_754' title='bbox 3397 2811 3544 2878; x_wconf 82' lang='lat' dir='ltr'><strong>Quod</strong></span> <span class='ocrx_word' id='word_1_755' title='bbox 3579 2829 3702 2880; x_wconf 88' lang='lat' dir='ltr'><strong>pro-</strong></span> 
     </span>
    </p>
   </div>
   <div class='ocr_carea' id='block_1_89' title="bbox 2132 2898 3706 2969">
    <p class='ocr_par' dir='ltr' id='par_1_89' title="bbox 2132 2898 3706 2969">
     <span class='ocr_line' id='line_1_89' title="bbox 2132 2898 3706 2969; baseline 0.004 -18"><span class='ocrx_word' id='word_1_756' title='bbox 2132 2899 2405 2953; x_wconf 85' lang='lat' dir='ltr'><strong>verbium?</strong></span> <span class='ocrx_word' id='word_1_757' title='bbox 2431 2898 2567 2953; x_wconf 84' lang='lat' dir='ltr'><strong>Malo</strong></span> <span class='ocrx_word' id='word_1_758' title='bbox 2588 2898 2730 2968; x_wconf 90' lang='lat' dir='ltr'><strong>quod</strong></span> <span class='ocrx_word' id='word_1_759' title='bbox 2758 2907 2933 2962; x_wconf 87' lang='lat' dir='ltr'><strong>teneo,</strong></span> <span class='ocrx_word' id='word_1_760' title='bbox 2961 2915 3115 2967; x_wconf 86' lang='lat' dir='ltr'><strong>quam</strong></span> <span class='ocrx_word' id='word_1_761' title='bbox 3139 2900 3278 2968; x_wconf 90' lang='lat' dir='ltr'><strong>quod</strong></span> <span class='ocrx_word' id='word_1_762' title='bbox 3308 2917 3482 2969; x_wconf 83' lang='lat' dir='ltr'><strong>spero.</strong></span> <span class='ocrx_word' id='word_1_763' title='bbox 3508 2903 3549 2957; x_wconf 93' lang='lat'>0</span> <span class='ocrx_word' id='word_1_764' title='bbox 3577 2903 3706 2958; x_wconf 85' lang='lat' dir='ltr'><strong>infe-</strong></span> 
     </span>
    </p>
   </div>
   <div class='ocr_carea' id='block_1_90' title="bbox 2132 2989 3705 3059">
    <p class='ocr_par' dir='ltr' id='par_1_90' title="bbox 2132 2989 3705 3059">
     <span class='ocr_line' id='line_1_90' title="bbox 2132 2989 3705 3059; baseline 0.004 -17"><span class='ocrx_word' id='word_1_765' title='bbox 2132 2990 2236 3056; x_wconf 82' lang='lat' dir='ltr'><strong>lix,</strong></span> <span class='ocrx_word' id='word_1_766' title='bbox 2271 2990 2394 3058; x_wconf 89' lang='lat' dir='ltr'><strong>quid</strong></span> <span class='ocrx_word' id='word_1_767' title='bbox 2436 2991 2620 3043; x_wconf 78' lang='lat' dir='ltr'><strong>tenes?</strong></span> <span class='ocrx_word' id='word_1_768' title='bbox 2660 2989 2798 3044; x_wconf 87' lang='lat' dir='ltr'><strong>Ecce</strong></span> <span class='ocrx_word' id='word_1_769' title='bbox 2833 2989 2999 3054; x_wconf 90' lang='lat' dir='ltr'><strong>dicis,</strong></span> <span class='ocrx_word' id='word_1_770' title='bbox 3034 2989 3168 3043; x_wconf 74' lang='lat' dir='ltr'><strong>Malo</strong></span> <span class='ocrx_word' id='word_1_771' title='bbox 3198 2991 3337 3059; x_wconf 92' lang='lat' dir='ltr'><strong>quod</strong></span> <span class='ocrx_word' id='word_1_772' title='bbox 3368 3002 3553 3055; x_wconf 92' lang='lat' dir='ltr'><strong>teneo;</strong></span> <span class='ocrx_word' id='word_1_773' title='bbox 3589 3006 3705 3048; x_wconf 87' lang='lat' dir='ltr'><strong>tene</strong></span> 
     </span>
    </p>
   </div>
   <div class='ocr_carea' id='block_1_91' title="bbox 2131 3080 3702 3151">
    <p class='ocr_par' dir='ltr' id='par_1_91' title="bbox 2131 3080 3702 3151">
     <span class='ocr_line' id='line_1_91' title="bbox 2131 3080 3702 3151; baseline 0.002 -17"><span class='ocrx_word' id='word_1_774' title='bbox 2131 3081 2209 3134; x_wconf 91' lang='lat' dir='ltr'><strong>sic</strong></span> <span class='ocrx_word' id='word_1_775' title='bbox 2237 3089 2290 3134; x_wconf 93' lang='lat' dir='ltr'><strong>ut</strong></span> <span class='ocrx_word' id='word_1_776' title='bbox 2317 3095 2422 3134; x_wconf 90' lang='lat' dir='ltr'><strong>non</strong></span> <span class='ocrx_word' id='word_1_777' title='bbox 2449 3082 2677 3144; x_wconf 88' lang='lat' dir='ltr'><strong>amittas,</strong></span> <span class='ocrx_word' id='word_1_778' title='bbox 2705 3090 2758 3134; x_wconf 90' lang='lat' dir='ltr'><strong>et</strong></span> <span class='ocrx_word' id='word_1_779' title='bbox 2784 3080 2887 3144; x_wconf 88' lang='lat' dir='ltr'><strong>dic,</strong></span> <span class='ocrx_word' id='word_1_780' title='bbox 2918 3081 3052 3134; x_wconf 82' lang='lat' dir='ltr'><strong>Malo</strong></span> <span class='ocrx_word' id='word_1_781' title='bbox 3077 3081 3213 3151; x_wconf 89' lang='lat' dir='ltr'><strong>quod</strong></span> <span class='ocrx_word' id='word_1_782' title='bbox 3245 3097 3415 3137; x_wconf 88' lang='lat' dir='ltr'><strong>teneo.</strong></span> <span class='ocrx_word' id='word_1_783' title='bbox 3447 3085 3498 3138; x_wconf 88' lang='lat' dir='ltr'><strong>Si</strong></span> <span class='ocrx_word' id='word_1_784' title='bbox 3530 3097 3702 3138; x_wconf 67' lang='lat' dir='ltr'><strong>autem</strong></span> 
     </span>
    </p>
   </div>
   <div class='ocr_carea' id='block_1_92' title="bbox 2131 3171 3707 3245">
    <p class='ocr_par' dir='ltr' id='par_1_92' title="bbox 2131 3171 3707 3245">
     <span class='ocr_line' id='line_1_92' title="bbox 2131 3171 3707 3245; baseline 0.005 -21"><span class='ocrx_word' id='word_1_785' title='bbox 2131 3186 2235 3225; x_wconf 93' lang='lat' dir='ltr'><strong>non</strong></span> <span class='ocrx_word' id='word_1_786' title='bbox 2267 3181 2433 3237; x_wconf 89' lang='lat' dir='ltr'><strong>tenes,</strong></span> <span class='ocrx_word' id='word_1_787' title='bbox 2460 3187 2620 3241; x_wconf 90' lang='lat' dir='ltr'><strong>quare</strong></span> <span class='ocrx_word' id='word_1_788' title='bbox 2646 3186 2749 3224; x_wconf 93' lang='lat' dir='ltr'><strong>non</strong></span> <span class='ocrx_word' id='word_1_789' title='bbox 2775 3171 2898 3224; x_wconf 91' lang='lat' dir='ltr'><strong>illud</strong></span> <span class='ocrx_word' id='word_1_790' title='bbox 2926 3181 3071 3226; x_wconf 77' lang='lat' dir='ltr'><strong>tenes</strong></span> <span class='ocrx_word' id='word_1_791' title='bbox 3093 3173 3228 3241; x_wconf 88' lang='lat' dir='ltr'><strong>quod</strong></span> <span class='ocrx_word' id='word_1_792' title='bbox 3258 3191 3361 3228; x_wconf 87' lang='lat' dir='ltr'><strong>non</strong></span> <span class='ocrx_word' id='word_1_793' title='bbox 3386 3187 3534 3245; x_wconf 89' lang='lat' dir='ltr'><strong>potes</strong></span> <span class='ocrx_word' id='word_1_794' title='bbox 3562 3179 3707 3232; x_wconf 85' lang='lat' dir='ltr'><strong>amit-</strong></span> 
     </span>
    </p>
   </div>
   <div class='ocr_carea' id='block_1_93' title="bbox 2134 3263 3702 3336">
    <p class='ocr_par' dir='ltr' id='par_1_93' title="bbox 2134 3263 3702 3336">
     <span class='ocr_line' id='line_1_93' title="bbox 2134 3263 3702 3336; baseline 0.003 -19"><span class='ocrx_word' id='word_1_795' title='bbox 2134 3263 2278 3318; x_wconf 90' lang='lat' dir='ltr'><strong>tere?</strong></span> <span class='ocrx_word' id='word_1_796' title='bbox 2302 3263 2434 3331; x_wconf 87' lang='lat' dir='ltr'><strong>Quid</strong></span> <span class='ocrx_word' id='word_1_797' title='bbox 2467 3278 2594 3333; x_wconf 87' lang='lat' dir='ltr'><strong>ergo</strong></span> <span class='ocrx_word' id='word_1_798' title='bbox 2623 3265 2806 3317; x_wconf 91' lang='lat' dir='ltr'><strong>tenes?</strong></span> <span class='ocrx_word' id='word_1_799' title='bbox 2833 3267 3050 3318; x_wconf 83' lang='lat' dir='ltr'><strong>Aurum.</strong></span> <span class='ocrx_word' id='word_1_800' title='bbox 3084 3265 3228 3319; x_wconf 87' lang='lat' dir='ltr'><strong>Tene</strong></span> <span class='ocrx_word' id='word_1_801' title='bbox 3260 3282 3415 3336; x_wconf 88' lang='lat' dir='ltr'><strong>ergo;</strong></span> <span class='ocrx_word' id='word_1_802' title='bbox 3450 3267 3490 3319; x_wconf 68' lang='lat' dir='ltr'><strong>si</strong></span> <span class='ocrx_word' id='word_1_803' title='bbox 3521 3277 3667 3322; x_wconf 84' lang='lat' dir='ltr'><strong>tenes</strong></span> <span class='ocrx_word' id='word_1_804' title='bbox 3687 3311 3702 3334; x_wconf 94' lang='lat'><strong>,</strong></span> 
     </span>
    </p>
   </div>
   <div class='ocr_carea' id='block_1_94' title="bbox 2133 3353 3703 3424">
    <p class='ocr_par' dir='ltr' id='par_1_94' title="bbox 2133 3353 3703 3424">
     <span class='ocr_line' id='line_1_94' title="bbox 2133 3353 3703 3424; baseline 0.004 -19"><span class='ocrx_word' id='word_1_805' title='bbox 2133 3369 2234 3407; x_wconf 91' lang='lat' dir='ltr'><strong>non</strong></span> <span class='ocrx_word' id='word_1_806' title='bbox 2263 3353 2352 3407; x_wconf 89' lang='lat' dir='ltr'><strong>tibi</strong></span> <span class='ocrx_word' id='word_1_807' title='bbox 2383 3353 2648 3408; x_wconf 89' lang='lat' dir='ltr'><strong>auferatur</strong></span> <span class='ocrx_word' id='word_1_808' title='bbox 2675 3353 2856 3408; x_wconf 89' lang='lat' dir='ltr'><strong>invito.</strong></span> <span class='ocrx_word' id='word_1_809' title='bbox 2888 3355 2942 3408; x_wconf 92' lang='lat' dir='ltr'><strong>Si</strong></span> <span class='ocrx_word' id='word_1_810' title='bbox 2972 3365 3145 3408; x_wconf 90' lang='lat' dir='ltr'><strong>autem</strong></span> <span class='ocrx_word' id='word_1_811' title='bbox 3175 3364 3226 3410; x_wconf 93' lang='lat' dir='ltr'><strong>et</strong></span> <span class='ocrx_word' id='word_1_812' title='bbox 3255 3372 3347 3424; x_wconf 88' lang='lat' dir='ltr'><strong>per</strong></span> <span class='ocrx_word' id='word_1_813' title='bbox 3373 3373 3555 3410; x_wconf 88' lang='lat' dir='ltr'><strong>aurum</strong></span> <span class='ocrx_word' id='word_1_814' title='bbox 3596 3368 3703 3410; x_wconf 82' lang='lat' dir='ltr'><strong>tra-</strong></span> 
     </span>
    </p>
   </div>
   <div class='ocr_carea' id='block_1_95' title="bbox 2132 3441 3702 3516">
    <p class='ocr_par' dir='ltr' id='par_1_95' title="bbox 2132 3441 3702 3516">
     <span class='ocr_line' id='line_1_95' title="bbox 2132 3441 3702 3516; baseline 0.003 -21"><span class='ocrx_word' id='word_1_815' title='bbox 2132 3441 2275 3496; x_wconf 89' lang='lat' dir='ltr'><strong>heris</strong></span> <span class='ocrx_word' id='word_1_816' title='bbox 2295 3457 2399 3512; x_wconf 89' lang='lat' dir='ltr'><strong>quo</strong></span> <span class='ocrx_word' id='word_1_817' title='bbox 2421 3458 2525 3496; x_wconf 92' lang='lat' dir='ltr'><strong>non</strong></span> <span class='ocrx_word' id='word_1_818' title='bbox 2547 3442 2642 3507; x_wconf 87' lang='lat' dir='ltr'><strong>vis,</strong></span> <span class='ocrx_word' id='word_1_819' title='bbox 2667 3452 2720 3497; x_wconf 92' lang='lat' dir='ltr'><strong>et</strong></span> <span class='ocrx_word' id='word_1_820' title='bbox 2748 3443 2865 3498; x_wconf 91' lang='lat' dir='ltr'><strong>ideo</strong></span> <span class='ocrx_word' id='word_1_821' title='bbox 2889 3453 2937 3496; x_wconf 90' lang='lat' dir='ltr'><strong>te</strong></span> <span class='ocrx_word' id='word_1_822' title='bbox 2959 3444 3146 3513; x_wconf 65' lang='lat' dir='ltr'><strong>qumrit</strong></span> <span class='ocrx_word' id='word_1_823' title='bbox 3170 3446 3340 3514; x_wconf 84' lang='lat' dir='ltr'><strong>major</strong></span> <span class='ocrx_word' id='word_1_824' title='bbox 3365 3455 3556 3516; x_wconf 88' lang='lat' dir='ltr'><strong>raptor,</strong></span> <span class='ocrx_word' id='word_1_825' title='bbox 3584 3449 3702 3516; x_wconf 86' lang='lat' dir='ltr'><strong>quia</strong></span> 
     </span>
    </p>
   </div>
   <div class='ocr_carea' id='block_1_96' title="bbox 2133 3523 3706 3607">
    <p class='ocr_par' dir='ltr' id='par_1_96' title="bbox 2133 3523 3706 3607">
     <span class='ocr_line' id='line_1_96' title="bbox 2133 3523 3706 3607; baseline 0.003 -20"><span class='ocrx_word' id='word_1_826' title='bbox 2133 3535 2331 3588; x_wconf 83' lang='lat' dir='ltr'><strong>invenit</strong></span> <span class='ocrx_word' id='word_1_827' title='bbox 2379 3536 2636 3589; x_wconf 90' lang='lat' dir='ltr'><strong>minorem</strong></span> <span class='ocrx_word' id='word_1_828' title='bbox 2686 3545 2992 3604; x_wconf 88' lang='lat' dir='ltr'><strong>raptorem;</strong></span> <span class='ocrx_word' id='word_1_829' title='bbox 3042 3536 3160 3589; x_wconf 91' lang='lat' dir='ltr'><strong>ideo</strong></span> <span class='ocrx_word' id='word_1_830' title='bbox 3206 3545 3257 3590; x_wconf 91' lang='lat' dir='ltr'><strong>te</strong></span> <span class='ocrx_word' id='word_1_831' title='bbox 3302 3539 3490 3606; x_wconf 72' lang='lat' dir='ltr'><strong>qnmrit</strong></span> <span class='ocrx_word' id='word_1_832' title='bbox 3539 3523 3706 3607; x_wconf 70' lang='lat' dir='ltr'><strong>major</strong></span> 
     </span>
    </p>
   </div>
   <div class='ocr_carea' id='block_1_97' title="bbox 2132 3626 3707 3697">
    <p class='ocr_par' dir='ltr' id='par_1_97' title="bbox 2132 3626 3707 3697">
     <span class='ocr_line' id='line_1_97' title="bbox 2132 3626 3707 3697; baseline 0 -17"><span class='ocrx_word' id='word_1_833' title='bbox 2132 3628 2323 3697; x_wconf 91' lang='lat' dir='ltr'><strong>aquila,</strong></span> <span class='ocrx_word' id='word_1_834' title='bbox 2350 3627 2470 3696; x_wconf 90' lang='lat' dir='ltr'><strong>quia</strong></span> <span class='ocrx_word' id='word_1_835' title='bbox 2497 3627 2643 3696; x_wconf 90' lang='lat' dir='ltr'><strong>prior</strong></span> <span class='ocrx_word' id='word_1_836' title='bbox 2667 3626 2849 3695; x_wconf 87' lang='lat' dir='ltr'><strong>cepisti</strong></span> <span class='ocrx_word' id='word_1_837' title='bbox 2877 3626 3108 3697; x_wconf 89' lang='lat' dir='ltr'><strong>leporem</strong></span> <span class='ocrx_word' id='word_1_838' title='bbox 3137 3645 3148 3680; x_wconf 93' lang='lat'>:</span> <span class='ocrx_word' id='word_1_839' title='bbox 3173 3628 3346 3696; x_wconf 66' lang='lat' dir='ltr'><strong>prteda</strong></span> <span class='ocrx_word' id='word_1_840' title='bbox 3375 3629 3462 3682; x_wconf 83' lang='lat' dir='ltr'><strong>tibi</strong></span> <span class='ocrx_word' id='word_1_841' title='bbox 3492 3629 3585 3682; x_wconf 86' lang='lat' dir='ltr'><strong>fuit</strong></span> <span class='ocrx_word' id='word_1_842' title='bbox 3612 3633 3707 3681; x_wconf 87' lang='lat' dir='ltr'><strong>uti-</strong></span> 
     </span>
    </p>
   </div>
   <div class='ocr_carea' id='block_1_98' title="bbox 2133 3716 3702 3785">
    <p class='ocr_par' dir='ltr' id='par_1_98' title="bbox 2133 3716 3702 3785">
     <span class='ocr_line' id='line_1_98' title="bbox 2133 3716 3702 3785; baseline 0 -14"><span class='ocrx_word' id='word_1_843' title='bbox 2133 3732 2262 3781; x_wconf 90' lang='lat' dir='ltr'><strong>nor,</strong></span> <span class='ocrx_word' id='word_1_844' title='bbox 2297 3716 2471 3785; x_wconf 72' lang='lat' dir='ltr'><strong>prceda</strong></span> <span class='ocrx_word' id='word_1_845' title='bbox 2503 3716 2611 3770; x_wconf 90' lang='lat' dir='ltr'><strong>eris</strong></span> <span class='ocrx_word' id='word_1_846' title='bbox 2645 3717 2850 3784; x_wconf 83' lang='lat' dir='ltr'><strong>majori.</strong></span> <span class='ocrx_word' id='word_1_847' title='bbox 2881 3716 3004 3770; x_wconf 60' lang='lat' dir='ltr'><strong>&quot;me</strong></span> <span class='ocrx_word' id='word_1_848' title='bbox 3039 3733 3142 3770; x_wconf 91' lang='lat' dir='ltr'><strong>non</strong></span> <span class='ocrx_word' id='word_1_849' title='bbox 3179 3718 3357 3770; x_wconf 86' lang='lat' dir='ltr'><strong>vident</strong></span> <span class='ocrx_word' id='word_1_850' title='bbox 3388 3719 3626 3772; x_wconf 86' lang='lat' dir='ltr'><strong>homines</strong></span> <span class='ocrx_word' id='word_1_851' title='bbox 3653 3720 3702 3771; x_wconf 88' lang='lat' dir='ltr'><strong>in</strong></span> 
     </span>
    </p>
   </div>
   <div class='ocr_carea' id='block_1_99' title="bbox 2133 3806 3706 3876">
    <p class='ocr_par' dir='ltr' id='par_1_99' title="bbox 2133 3806 3706 3876">
     <span class='ocr_line' id='line_1_99' title="bbox 2133 3806 3706 3876; baseline -0.001 -14"><span class='ocrx_word' id='word_1_852' title='bbox 2133 3809 2290 3862; x_wconf 91' lang='lat' dir='ltr'><strong>rebus</strong></span> <span class='ocrx_word' id='word_1_853' title='bbox 2331 3807 2610 3870; x_wconf 88' lang='lat' dir='ltr'><strong>humanis;</strong></span> <span class='ocrx_word' id='word_1_854' title='bbox 2648 3815 2791 3860; x_wconf 88' lang='lat' dir='ltr'><strong>tanta</strong></span> <span class='ocrx_word' id='word_1_855' title='bbox 2829 3806 3114 3876; x_wconf 89' lang='lat' dir='ltr'><strong>cupiditate</strong></span> <span class='ocrx_word' id='word_1_856' title='bbox 3151 3819 3432 3862; x_wconf 71' lang='lat' dir='ltr'><strong>emcantur.</strong></span> <span class='ocrx_word' id='word_1_857' title='bbox 3464 3809 3588 3860; x_wconf 86' lang='lat' dir='ltr'><strong>Mira</strong></span> <span class='ocrx_word' id='word_1_858' title='bbox 3621 3825 3706 3861; x_wconf 90' lang='lat' dir='ltr'><strong>res</strong></span> 
     </span>
    </p>
   </div>
   <div class='ocr_carea' id='block_1_100' title="bbox 2133 3895 3708 3964">
    <p class='ocr_par' dir='ltr' id='par_1_100' title="bbox 2133 3895 3708 3964">
     <span class='ocr_line' id='line_1_100' title="bbox 2133 3895 3708 3964; baseline -0.001 -13"><span class='ocrx_word' id='word_1_859' title='bbox 2133 3905 2245 3958; x_wconf 85' lang='lat' dir='ltr'><strong>est,</strong></span> <span class='ocrx_word' id='word_1_860' title='bbox 2276 3898 2492 3958; x_wconf 82' lang='lat' dir='ltr'><strong>fratres;</strong></span> <span class='ocrx_word' id='word_1_861' title='bbox 2524 3897 2741 3950; x_wconf 87' lang='lat' dir='ltr'><strong>horrent</strong></span> <span class='ocrx_word' id='word_1_862' title='bbox 2777 3896 2865 3964; x_wconf 87' lang='lat' dir='ltr'><strong>qui</strong></span> <span class='ocrx_word' id='word_1_863' title='bbox 2907 3895 3262 3949; x_wconf 89' lang='lat' dir='ltr'><strong>considerant.</strong></span> <span class='ocrx_word' id='word_1_864' title='bbox 3297 3897 3496 3961; x_wconf 75' lang='lat' dir='ltr'><strong>Quzerit</strong></span> <span class='ocrx_word' id='word_1_865' title='bbox 3523 3907 3708 3964; x_wconf 87' lang='lat' dir='ltr'><strong>poten-</strong></span> 
     </span>
    </p>
   </div>
   <div class='ocr_carea' id='block_1_101' title="bbox 2135 3986 3704 4054">
    <p class='ocr_par' dir='ltr' id='par_1_101' title="bbox 2135 3986 3704 4054">
     <span class='ocr_line' id='line_1_101' title="bbox 2135 3986 3704 4054; baseline 0 -13"><span class='ocrx_word' id='word_1_866' title='bbox 2135 3989 2236 4041; x_wconf 92' lang='lat' dir='ltr'><strong>tior</strong></span> <span class='ocrx_word' id='word_1_867' title='bbox 2275 3987 2614 4040; x_wconf 90' lang='lat' dir='ltr'><strong>inﬁrmiorem</strong></span> <span class='ocrx_word' id='word_1_868' title='bbox 2641 4029 2654 4050; x_wconf 87' lang='lat'><strong>,</strong></span> <span class='ocrx_word' id='word_1_869' title='bbox 2687 3995 2735 4040; x_wconf 90' lang='lat' dir='ltr'><strong>et</strong></span> <span class='ocrx_word' id='word_1_870' title='bbox 2767 3987 2956 4054; x_wconf 70' lang='lat' dir='ltr'><strong>qumrit</strong></span> <span class='ocrx_word' id='word_1_871' title='bbox 2985 4002 3102 4038; x_wconf 92' lang='lat' dir='ltr'><strong>cum</strong></span> <span class='ocrx_word' id='word_1_872' title='bbox 3133 3986 3462 4052; x_wconf 85' lang='lat' dir='ltr'><strong>Oppritnere,</strong></span> <span class='ocrx_word' id='word_1_873' title='bbox 3496 4002 3598 4039; x_wconf 90' lang='lat' dir='ltr'><strong>non</strong></span> <span class='ocrx_word' id='word_1_874' title='bbox 3637 3988 3704 4041; x_wconf 91' lang='lat' dir='ltr'><strong>ob</strong></span> 
     </span>
    </p>
   </div>
   <div class='ocr_carea' id='block_1_102' title="bbox 2133 4075 3704 4146">
    <p class='ocr_par' dir='ltr' id='par_1_102' title="bbox 2133 4075 3704 4146">
     <span class='ocr_line' id='line_1_102' title="bbox 2133 4075 3704 4146; baseline 0 -15"><span class='ocrx_word' id='word_1_875' title='bbox 2133 4077 2307 4144; x_wconf 83' lang='lat' dir='ltr'><strong>aliud,</strong></span> <span class='ocrx_word' id='word_1_876' title='bbox 2339 4078 2439 4131; x_wconf 90' lang='lat' dir='ltr'><strong>nisi</strong></span> <span class='ocrx_word' id='word_1_877' title='bbox 2466 4077 2586 4146; x_wconf 88' lang='lat' dir='ltr'><strong>quia</strong></span> <span class='ocrx_word' id='word_1_878' title='bbox 2623 4077 2779 4131; x_wconf 88' lang='lat' dir='ltr'><strong>habet</strong></span> <span class='ocrx_word' id='word_1_879' title='bbox 2811 4076 2950 4145; x_wconf 91' lang='lat' dir='ltr'><strong>quod</strong></span> <span class='ocrx_word' id='word_1_880' title='bbox 2991 4077 3061 4130; x_wconf 92' lang='lat' dir='ltr'><strong>illi</strong></span> <span class='ocrx_word' id='word_1_881' title='bbox 3102 4075 3305 4129; x_wconf 83' lang='lat' dir='ltr'><strong>auferat</strong></span> <span class='ocrx_word' id='word_1_882' title='bbox 3334 4094 3346 4129; x_wconf 91' lang='lat'><strong>:</strong></span> <span class='ocrx_word' id='word_1_883' title='bbox 3380 4075 3519 4129; x_wconf 87' lang='lat' dir='ltr'><strong>videt</strong></span> <span class='ocrx_word' id='word_1_884' title='bbox 3558 4076 3704 4131; x_wconf 85' lang='lat' dir='ltr'><strong>il&#39;um</strong></span> 
     </span>
    </p>
   </div>
   <div class='ocr_carea' id='block_1_103' title="bbox 2136 4165 3708 4238">
    <p class='ocr_par' dir='ltr' id='par_1_103' title="bbox 2136 4165 3708 4238">
     <span class='ocr_line' id='line_1_103' title="bbox 2136 4165 3708 4238; baseline 0.003 -20"><span class='ocrx_word' id='word_1_885' title='bbox 2136 4170 2240 4238; x_wconf 87' lang='lat' dir='ltr'><strong>pati</strong></span> <span class='ocrx_word' id='word_1_886' title='bbox 2269 4169 2365 4222; x_wconf 87' lang='lat' dir='ltr'><strong>sub</strong></span> <span class='ocrx_word' id='word_1_887' title='bbox 2395 4183 2452 4222; x_wconf 90' lang='lat' dir='ltr'><strong>se</strong></span> <span class='ocrx_word' id='word_1_888' title='bbox 2481 4168 2902 4232; x_wconf 89' lang='lat' dir='ltr'><strong>tribulationem,</strong></span> <span class='ocrx_word' id='word_1_889' title='bbox 2931 4183 3033 4219; x_wconf 89' lang='lat' dir='ltr'><strong>non</strong></span> <span class='ocrx_word' id='word_1_890' title='bbox 3063 4167 3130 4219; x_wconf 89' lang='lat' dir='ltr'><strong>ob</strong></span> <span class='ocrx_word' id='word_1_891' title='bbox 3160 4165 3299 4219; x_wconf 87' lang='lat' dir='ltr'><strong>aliud</strong></span> <span class='ocrx_word' id='word_1_892' title='bbox 3322 4208 3334 4229; x_wconf 93' lang='lat'><strong>,</strong></span> <span class='ocrx_word' id='word_1_893' title='bbox 3365 4167 3462 4220; x_wconf 91' lang='lat' dir='ltr'><strong>nisi</strong></span> <span class='ocrx_word' id='word_1_894' title='bbox 3495 4178 3708 4236; x_wconf 84' lang='lat' dir='ltr'><strong>pr0p1cr</strong></span> 
     </span>
    </p>
   </div>
   <div class='ocr_carea' id='block_1_104' title="bbox 2135 4258 3708 4328">
    <p class='ocr_par' dir='ltr' id='par_1_104' title="bbox 2135 4258 3708 4328">
     <span class='ocr_line' id='line_1_104' title="bbox 2135 4258 3708 4328; baseline 0.001 -18"><span class='ocrx_word' id='word_1_895' title='bbox 2135 4259 2273 4328; x_wconf 91' lang='lat' dir='ltr'><strong>quod</strong></span> <span class='ocrx_word' id='word_1_896' title='bbox 2313 4258 2503 4321; x_wconf 88' lang='lat' dir='ltr'><strong>habet;</strong></span> <span class='ocrx_word' id='word_1_897' title='bbox 2541 4265 2596 4311; x_wconf 87' lang='lat' dir='ltr'><strong>ct</strong></span> <span class='ocrx_word' id='word_1_898' title='bbox 2635 4258 2735 4311; x_wconf 91' lang='lat' dir='ltr'><strong>hoc</strong></span> <span class='ocrx_word' id='word_1_899' title='bbox 2775 4258 2921 4325; x_wconf 86' lang='lat' dir='ltr'><strong>ipse,</strong></span> <span class='ocrx_word' id='word_1_900' title='bbox 2959 4268 3176 4326; x_wconf 88' lang='lat' dir='ltr'><strong>propter</strong></span> <span class='ocrx_word' id='word_1_901' title='bbox 3212 4259 3351 4326; x_wconf 92' lang='lat' dir='ltr'><strong>quod</strong></span> <span class='ocrx_word' id='word_1_902' title='bbox 3391 4259 3474 4310; x_wconf 91' lang='lat' dir='ltr'><strong>ille</strong></span> <span class='ocrx_word' id='word_1_903' title='bbox 3515 4261 3708 4328; x_wconf 86' lang='lat' dir='ltr'><strong>patitur</strong></span> 
     </span>
    </p>
   </div>
   <div class='ocr_carea' id='block_1_105' title="bbox 2138 4349 3706 4419">
    <p class='ocr_par' dir='ltr' id='par_1_105' title="bbox 2138 4349 3706 4419">
     <span class='ocr_line' id='line_1_105' title="bbox 2138 4349 3706 4419; baseline -0.002 -13"><span class='ocrx_word' id='word_1_904' title='bbox 2138 4353 2548 4412; x_wconf 89' lang='lat' dir='ltr'><strong>tribulationem,</strong></span> <span class='ocrx_word' id='word_1_905' title='bbox 2580 4350 2646 4403; x_wconf 90' lang='lat' dir='ltr'><strong>ad</strong></span> <span class='ocrx_word' id='word_1_906' title='bbox 2676 4367 2734 4403; x_wconf 87' lang='lat' dir='ltr'><strong>se</strong></span> <span class='ocrx_word' id='word_1_907' title='bbox 2762 4351 3015 4418; x_wconf 84' lang='lat' dir='ltr'><strong>congerit.</strong></span> <span class='ocrx_word' id='word_1_908' title='bbox 3045 4349 3156 4402; x_wconf 83' lang='lat' dir='ltr'><strong>Non</strong></span> <span class='ocrx_word' id='word_1_909' title='bbox 3189 4349 3514 4416; x_wconf 88' lang='lat' dir='ltr'><strong>attendebat,</strong></span> <span class='ocrx_word' id='word_1_910' title='bbox 3543 4366 3706 4419; x_wconf 87' lang='lat' dir='ltr'><strong>quan-</strong></span> 
     </span>
    </p>
   </div>
   <div class='ocr_carea' id='block_1_106' title="bbox 2137 4441 3708 4513">
    <p class='ocr_par' dir='ltr' id='par_1_106' title="bbox 2137 4441 3708 4513">
     <span class='ocr_line' id='line_1_106' title="bbox 2137 4441 3708 4513; baseline -0.001 -15"><span class='ocrx_word' id='word_1_911' title='bbox 2137 4446 2204 4498; x_wconf 91' lang='lat' dir='ltr'><strong>do</strong></span> <span class='ocrx_word' id='word_1_912' title='bbox 2233 4445 2378 4498; x_wconf 90' lang='lat' dir='ltr'><strong>illum</strong></span> <span class='ocrx_word' id='word_1_913' title='bbox 2410 4441 2855 4513; x_wconf 89' lang='lat' dir='ltr'><strong>persequebatur;</strong></span> <span class='ocrx_word' id='word_1_914' title='bbox 2889 4441 2976 4494; x_wconf 90' lang='lat' dir='ltr'><strong>ille</strong></span> <span class='ocrx_word' id='word_1_915' title='bbox 3015 4441 3271 4510; x_wconf 86' lang='lat' dir='ltr'><strong>fugiebat,</strong></span> <span class='ocrx_word' id='word_1_916' title='bbox 3304 4443 3392 4497; x_wconf 89' lang='lat' dir='ltr'><strong>ille</strong></span> <span class='ocrx_word' id='word_1_917' title='bbox 3427 4444 3708 4512; x_wconf 86' lang='lat' dir='ltr'><strong>torqueba-</strong></span> 
     </span>
    </p>
   </div>
   <div class='ocr_carea' id='block_1_107' title="bbox 2139 4533 3706 4602">
    <p class='ocr_par' dir='ltr' id='par_1_107' title="bbox 2139 4533 3706 4602">
     <span class='ocr_line' id='line_1_107' title="bbox 2139 4533 3706 4602; baseline -0.001 -12"><span class='ocrx_word' id='word_1_918' title='bbox 2139 4547 2221 4591; x_wconf 89' lang='lat' dir='ltr'><strong>tur</strong></span> <span class='ocrx_word' id='word_1_919' title='bbox 2241 4581 2253 4602; x_wconf 92' lang='lat'><strong>,</strong></span> <span class='ocrx_word' id='word_1_920' title='bbox 2283 4537 2373 4590; x_wconf 92' lang='lat' dir='ltr'><strong>ille</strong></span> <span class='ocrx_word' id='word_1_921' title='bbox 2410 4536 2661 4599; x_wconf 87' lang='lat' dir='ltr'><strong>timebat,</strong></span> <span class='ocrx_word' id='word_1_922' title='bbox 2696 4534 2782 4587; x_wconf 93' lang='lat' dir='ltr'><strong>ille</strong></span> <span class='ocrx_word' id='word_1_923' title='bbox 2809 4533 2894 4586; x_wconf 91' lang='lat' dir='ltr'><strong>ubi</strong></span> <span class='ocrx_word' id='word_1_924' title='bbox 2925 4547 2982 4586; x_wconf 90' lang='lat' dir='ltr'><strong>se</strong></span> <span class='ocrx_word' id='word_1_925' title='bbox 3019 4533 3367 4587; x_wconf 70' lang='lat' dir='ltr'><strong>abswnderet</strong></span> <span class='ocrx_word' id='word_1_926' title='bbox 3397 4536 3662 4602; x_wconf 71' lang='lat' dir='ltr'><strong>qumrcbal</strong></span> <span class='ocrx_word' id='word_1_927' title='bbox 3693 4553 3706 4589; x_wconf 91' lang='lat'><strong>:</strong></span> 
     </span>
    </p>
   </div>
   <div class='ocr_carea' id='block_1_108' title="bbox 2141 4625 3707 4699">
    <p class='ocr_par' dir='ltr' id='par_1_108' title="bbox 2141 4625 3707 4699">
     <span class='ocr_line' id='line_1_108' title="bbox 2141 4625 3707 4699; baseline -0.003 -17"><span class='ocrx_word' id='word_1_928' title='bbox 2141 4630 2279 4683; x_wconf 88' lang='lat' dir='ltr'><strong>unde</strong></span> <span class='ocrx_word' id='word_1_929' title='bbox 2316 4637 2586 4699; x_wconf 88' lang='lat' dir='ltr'><strong>pateretur</strong></span> <span class='ocrx_word' id='word_1_930' title='bbox 2621 4627 2716 4678; x_wconf 87' lang='lat' dir='ltr'><strong>ista</strong></span> <span class='ocrx_word' id='word_1_931' title='bbox 2753 4625 2923 4690; x_wconf 89' lang='lat' dir='ltr'><strong>mala,</strong></span> <span class='ocrx_word' id='word_1_932' title='bbox 2953 4625 3051 4678; x_wconf 87' lang='lat' dir='ltr'><strong>nisi</strong></span> <span class='ocrx_word' id='word_1_933' title='bbox 3091 4626 3208 4695; x_wconf 88' lang='lat' dir='ltr'><strong>quia</strong></span> <span class='ocrx_word' id='word_1_934' title='bbox 3252 4625 3510 4679; x_wconf 83' lang='lat' dir='ltr'><strong>habebat?</strong></span> <span class='ocrx_word' id='word_1_935' title='bbox 3535 4625 3626 4678; x_wconf 81' lang='lat' dir='ltr'><strong>Vel</strong></span> <span class='ocrx_word' id='word_1_936' title='bbox 3657 4625 3707 4678; x_wconf 89' lang='lat' dir='ltr'><strong>in</strong></span> 
     </span>
    </p>
   </div>
   <div class='ocr_carea' id='block_1_109' title="bbox 2140 4713 3706 4786">
    <p class='ocr_par' dir='ltr' id='par_1_109' title="bbox 2140 4713 3706 4786">
     <span class='ocr_line' id='line_1_109' title="bbox 2140 4713 3706 4786; baseline -0.005 -14"><span class='ocrx_word' id='word_1_937' title='bbox 2140 4719 2230 4772; x_wconf 93' lang='lat' dir='ltr'><strong>illo</strong></span> <span class='ocrx_word' id='word_1_938' title='bbox 2257 4717 2398 4770; x_wconf 85' lang='lat' dir='ltr'><strong>disce</strong></span> <span class='ocrx_word' id='word_1_939' title='bbox 2429 4715 2550 4786; x_wconf 91' lang='lat' dir='ltr'><strong>quid</strong></span> <span class='ocrx_word' id='word_1_940' title='bbox 2583 4716 2748 4784; x_wconf 85' lang='lat' dir='ltr'><strong>fugias</strong></span> <span class='ocrx_word' id='word_1_941' title='bbox 2783 4733 2795 4768; x_wconf 94' lang='lat'>:</span> <span class='ocrx_word' id='word_1_942' title='bbox 2825 4714 2942 4783; x_wconf 88' lang='lat' dir='ltr'><strong>quia</strong></span> <span class='ocrx_word' id='word_1_943' title='bbox 2974 4729 3060 4768; x_wconf 89' lang='lat' dir='ltr'><strong>res</strong></span> <span class='ocrx_word' id='word_1_944' title='bbox 3087 4730 3203 4782; x_wconf 67' lang='lat' dir='ltr'><strong>qua:</strong></span> <span class='ocrx_word' id='word_1_945' title='bbox 3233 4714 3378 4766; x_wconf 92' lang='lat' dir='ltr'><strong>illum</strong></span> <span class='ocrx_word' id='word_1_946' title='bbox 3413 4713 3706 4781; x_wconf 81' lang='lat' dir='ltr'><strong>torquebat,</strong></span> 
     </span>
    </p>
   </div>
   <div class='ocr_carea' id='block_1_110' title="bbox 2142 4803 3710 4877">
    <p class='ocr_par' dir='ltr' id='par_1_110' title="bbox 2142 4803 3710 4877">
     <span class='ocr_line' id='line_1_110' title="bbox 2142 4803 3710 4877; baseline -0.003 -15"><span class='ocrx_word' id='word_1_947' title='bbox 2142 4818 2194 4862; x_wconf 90' lang='lat' dir='ltr'><strong>te</strong></span> <span class='ocrx_word' id='word_1_948' title='bbox 2220 4818 2588 4877; x_wconf 87' lang='lat' dir='ltr'><strong>persequente,</strong></span> <span class='ocrx_word' id='word_1_949' title='bbox 2613 4822 2678 4860; x_wconf 91' lang='lat' dir='ltr'><strong>ne</strong></span> <span class='ocrx_word' id='word_1_950' title='bbox 2701 4807 2998 4860; x_wconf 89' lang='lat' dir='ltr'><strong>auferretur</strong></span> <span class='ocrx_word' id='word_1_951' title='bbox 3018 4821 3046 4858; x_wconf 92' lang='lat' dir='ltr'><strong>a</strong></span> <span class='ocrx_word' id='word_1_952' title='bbox 3075 4813 3144 4866; x_wconf 89' lang='lat' dir='ltr'><strong>te,</strong></span> <span class='ocrx_word' id='word_1_953' title='bbox 3169 4813 3219 4858; x_wconf 89' lang='lat' dir='ltr'><strong>ct</strong></span> <span class='ocrx_word' id='word_1_954' title='bbox 3243 4813 3292 4858; x_wconf 88' lang='lat' dir='ltr'><strong>te</strong></span> <span class='ocrx_word' id='word_1_955' title='bbox 3315 4804 3391 4857; x_wconf 92' lang='lat' dir='ltr'><strong>sic</strong></span> <span class='ocrx_word' id='word_1_956' title='bbox 3420 4803 3576 4857; x_wconf 83' lang='lat' dir='ltr'><strong>habet</strong></span> <span class='ocrx_word' id='word_1_957' title='bbox 3605 4813 3710 4858; x_wconf 86' lang='lat' dir='ltr'><strong>tor-</strong></span> 
     </span>
    </p>
   </div>
   <div class='ocr_carea' id='block_1_111' title="bbox 2142 4893 3711 4970">
    <p class='ocr_par' dir='ltr' id='par_1_111' title="bbox 2142 4893 3711 4970">
     <span class='ocr_line' id='line_1_111' title="bbox 2142 4893 3711 4970; baseline -0.003 -17"><span class='ocrx_word' id='word_1_958' title='bbox 2142 4915 2305 4970; x_wconf 89' lang='lat' dir='ltr'><strong>quere</strong></span> <span class='ocrx_word' id='word_1_959' title='bbox 2333 4899 2436 4952; x_wconf 87' lang='lat' dir='ltr'><strong>alio</strong></span> <span class='ocrx_word' id='word_1_960' title='bbox 2465 4905 2830 4967; x_wconf 86' lang='lat' dir='ltr'><strong>persequente.</strong></span> <span class='ocrx_word' id='word_1_961' title='bbox 2860 4894 3101 4949; x_wconf 83' lang='lat' dir='ltr'><strong>Attendis</strong></span> <span class='ocrx_word' id='word_1_962' title='bbox 3127 4895 3245 4962; x_wconf 88' lang='lat' dir='ltr'><strong>quia</strong></span> <span class='ocrx_word' id='word_1_963' title='bbox 3280 4893 3485 4962; x_wconf 88' lang='lat' dir='ltr'><strong>pinguis</strong></span> <span class='ocrx_word' id='word_1_964' title='bbox 3515 4905 3594 4947; x_wconf 85' lang='lat' dir='ltr'><strong>est</strong></span> <span class='ocrx_word' id='word_1_965' title='bbox 3623 4912 3635 4947; x_wconf 93' lang='lat'>:</span> <span class='ocrx_word' id='word_1_966' title='bbox 3666 4895 3711 4948; x_wconf 74' lang='lat' dir='ltr'><strong>si</strong></span> 
     </span>
    </p>
   </div>
   <div class='ocr_carea' id='block_1_112' title="bbox 2144 4985 3711 5062">
    <p class='ocr_par' dir='ltr' id='par_1_112' title="bbox 2144 4985 3711 5062">
     <span class='ocr_line' id='line_1_112' title="bbox 2144 4985 3711 5062; baseline -0.004 -16"><span class='ocrx_word' id='word_1_967' title='bbox 2144 5002 2419 5062; x_wconf 81' lang='lat' dir='ltr'><strong>prepterea</strong></span> <span class='ocrx_word' id='word_1_968' title='bbox 2455 4991 2603 5044; x_wconf 92' lang='lat' dir='ltr'><strong>illum</strong></span> <span class='ocrx_word' id='word_1_969' title='bbox 2641 4989 2866 5058; x_wconf 62' lang='lat' dir='ltr'><strong>quaeris,</strong></span> <span class='ocrx_word' id='word_1_970' title='bbox 2899 4987 3018 5056; x_wconf 88' lang='lat' dir='ltr'><strong>quia</strong></span> <span class='ocrx_word' id='word_1_971' title='bbox 3058 4985 3262 5055; x_wconf 90' lang='lat' dir='ltr'><strong>pinguis</strong></span> <span class='ocrx_word' id='word_1_972' title='bbox 3291 4993 3403 5049; x_wconf 91' lang='lat' dir='ltr'><strong>cst;</strong></span> <span class='ocrx_word' id='word_1_973' title='bbox 3437 4986 3564 5038; x_wconf 87' lang='lat' dir='ltr'><strong>time</strong></span> <span class='ocrx_word' id='word_1_974' title='bbox 3593 4987 3711 5054; x_wconf 84' lang='lat' dir='ltr'><strong>pin—</strong></span> 
     </span>
    </p>
   </div>
   <div class='ocr_carea' id='block_1_113' title="bbox 2143 5076 3709 5154">
    <p class='ocr_par' dir='ltr' id='par_1_113' title="bbox 2143 5076 3709 5154">
     <span class='ocr_line' id='line_1_113' title="bbox 2143 5076 3709 5154; baseline -0.004 -16"><span class='ocrx_word' id='word_1_975' title='bbox 2143 5098 2415 5154; x_wconf 82' lang='lat' dir='ltr'><strong>guescere,</strong></span> <span class='ocrx_word' id='word_1_976' title='bbox 2435 5099 2510 5136; x_wconf 82' lang='lat' dir='ltr'><strong>ne</strong></span> <span class='ocrx_word' id='word_1_977' title='bbox 2535 5083 2672 5135; x_wconf 85' lang='lat' dir='ltr'><strong>alter</strong></span> <span class='ocrx_word' id='word_1_978' title='bbox 2692 5091 2740 5133; x_wconf 90' lang='lat' dir='ltr'><strong>te</strong></span> <span class='ocrx_word' id='word_1_979' title='bbox 2762 5085 2980 5148; x_wconf 67' lang='lat' dir='ltr'><strong>quierat.</strong></span> <span class='ocrx_word' id='word_1_980' title='bbox 3006 5078 3069 5130; x_wconf 80' lang='lat' dir='ltr'><strong>Et</strong></span> <span class='ocrx_word' id='word_1_981' title='bbox 3094 5076 3268 5129; x_wconf 89' lang='lat' dir='ltr'><strong>omnia</strong></span> <span class='ocrx_word' id='word_1_982' title='bbox 3296 5077 3520 5130; x_wconf 87' lang='lat' dir='ltr'><strong>inaniter</strong></span> <span class='ocrx_word' id='word_1_983' title='bbox 3542 5079 3709 5133; x_wconf 89' lang='lat' dir='ltr'><strong>ﬁunt:</strong></span> 
     </span>
    </p>
   </div>
   <div class='ocr_carea' id='block_1_114' title="bbox 2145 5171 3712 5248">
    <p class='ocr_par' dir='ltr' id='par_1_114' title="bbox 2145 5171 3712 5248">
     <span class='ocr_line' id='line_1_114' title="bbox 2145 5171 3712 5248; baseline -0.005 -16"><span class='ocrx_word' id='word_1_984' title='bbox 2145 5193 2322 5248; x_wconf 67' lang='lat' dir='ltr'><strong>qumre</strong></span> <span class='ocrx_word' id='word_1_985' title='bbox 2349 5176 2538 5239; x_wconf 90' lang='lat' dir='ltr'><strong>ﬁnem;</strong></span> <span class='ocrx_word' id='word_1_986' title='bbox 2565 5172 2792 5227; x_wconf 58' lang='lat' dir='ltr'><strong>tenebras</strong></span> <span class='ocrx_word' id='word_1_987' title='bbox 2815 5178 3094 5223; x_wconf 81' lang='lat' dir='ltr'><strong>occurrunt</strong></span> <span class='ocrx_word' id='word_1_988' title='bbox 3121 5187 3134 5221; x_wconf 93' lang='lat'><em>:</em></span> <span class='ocrx_word' id='word_1_989' title='bbox 3157 5183 3336 5237; x_wconf 64' lang='lat' dir='ltr'><strong>qua-re</strong></span> <span class='ocrx_word' id='word_1_990' title='bbox 3361 5184 3522 5238; x_wconf 89' lang='lat' dir='ltr'><strong>quare</strong></span> <span class='ocrx_word' id='word_1_991' title='bbox 3544 5171 3712 5240; x_wconf 89' lang='lat' dir='ltr'><strong>;_nihil</strong></span> 
     </span>
    </p>
   </div>
   <div class='ocr_carea' id='block_1_115' title="bbox 2147 5267 2390 5322">
    <p class='ocr_par' dir='ltr' id='par_1_115' title="bbox 2147 5267 2390 5322">
     <span class='ocr_line' id='line_1_115' title="bbox 2147 5267 2390 5322; baseline -0.025 1"><span class='ocrx_word' id='word_1_992' title='bbox 2147 5267 2390 5322; x_wconf 86' lang='lat' dir='ltr'><strong>occurrit.</strong></span> 
     </span>
    </p>
   </div>
   <div class='ocr_carea' id='block_1_116' title="bbox 2221 5349 3716 5428">
    <p class='ocr_par' dir='ltr' id='par_1_116' title="bbox 2221 5349 3716 5428">
     <span class='ocr_line' id='line_1_116' title="bbox 2221 5349 3716 5428; baseline -0.007 -16"><span class='ocrx_word' id='word_1_993' title='bbox 2221 5360 2302 5413; x_wconf 80' lang='lat' dir='ltr'><strong>ll.</strong></span> <span class='ocrx_word' id='word_1_994' title='bbox 2335 5355 2482 5428; x_wconf 65' lang='lat' dir='ltr'><strong>[rem</strong></span> <span class='ocrx_word' id='word_1_995' title='bbox 2511 5351 2588 5424; x_wconf 85' lang='lat'><strong>6.]</strong></span> <span class='ocrx_word' id='word_1_996' title='bbox 2617 5351 2751 5420; x_wconf 83' lang='lat' dir='ltr'><strong>Ergo</strong></span> <span class='ocrx_word' id='word_1_997' title='bbox 2779 5349 3038 5403; x_wconf 78' lang='lat' dir='ltr'><strong>exsultent</strong></span> <span class='ocrx_word' id='word_1_998' title='bbox 3063 5357 3115 5404; x_wconf 91' lang='lat' dir='ltr'><strong>et</strong></span> <span class='ocrx_word' id='word_1_999' title='bbox 3145 5349 3387 5406; x_wconf 69' lang='lat' dir='ltr'><strong>laetentur</strong></span> <span class='ocrx_word' id='word_1_1000' title='bbox 3415 5351 3465 5406; x_wconf 92' lang='lat' dir='ltr'><strong>in</strong></span> <span class='ocrx_word' id='word_1_1001' title='bbox 3500 5353 3716 5407; x_wconf 79' lang='lat' dir='ltr'><strong>Doznino</strong></span> 
     </span>
    </p>
   </div>
   <div class='ocr_carea' id='block_1_117' title="bbox 2149 5443 3717 5520">
    <p class='ocr_par' dir='ltr' id='par_1_117' title="bbox 2149 5443 3717 5520">
     <span class='ocr_line' id='line_1_117' title="bbox 2149 5443 3717 5520; baseline -0.004 -17"><span class='ocrx_word' id='word_1_1002' title='bbox 2149 5450 2236 5520; x_wconf 87' lang='lat' dir='ltr'><strong>qui</strong></span> <span class='ocrx_word' id='word_1_1003' title='bbox 2262 5450 2473 5512; x_wconf 86' lang='lat' dir='ltr'><strong>dicunt,</strong></span> <span class='ocrx_word' id='word_1_1004' title='bbox 2506 5443 2802 5496; x_wconf 84' lang='lat' dir='ltr'><strong>Pertransiit</strong></span> <span class='ocrx_word' id='word_1_1005' title='bbox 2842 5443 3011 5493; x_wconf 87' lang='lat' dir='ltr'><strong>anima</strong></span> <span class='ocrx_word' id='word_1_1006' title='bbox 3048 5455 3218 5496; x_wconf 86' lang='lat' dir='ltr'><strong>nostra</strong></span> <span class='ocrx_word' id='word_1_1007' title='bbox 3247 5462 3427 5513; x_wconf 80' lang='lat' dir='ltr'><strong>aquam</strong></span> <span class='ocrx_word' id='word_1_1008' title='bbox 3457 5447 3562 5500; x_wconf 78' lang='lat' dir='ltr'><strong>sine</strong></span> <span class='ocrx_word' id='word_1_1009' title='bbox 3597 5446 3717 5496; x_wconf 75' lang='lat' dir='ltr'><strong>sul)-</strong></span> 
     </span>
    </p>
   </div>
   <div class='ocr_carea' id='block_1_118' title="bbox 2149 5518 3722 5605">
    <p class='ocr_par' dir='ltr' id='par_1_118' title="bbox 2149 5518 3722 5605">
     <span class='ocr_line' id='line_1_118' title="bbox 2149 5518 3722 5605; baseline -0.004 -12"><span class='ocrx_word' id='word_1_1010' title='bbox 2149 5518 2365 5605; x_wconf 66' lang='lat' dir='ltr'><strong>stantia,</strong></span> <span class='ocrx_word' id='word_1_1011' title='bbox 2397 5545 2450 5591; x_wconf 86' lang='lat' dir='ltr'><strong>et</strong></span> <span class='ocrx_word' id='word_1_1012' title='bbox 2491 5533 2745 5603; x_wconf 86' lang='lat' dir='ltr'><strong>recipiant</strong></span> <span class='ocrx_word' id='word_1_1013' title='bbox 2783 5533 3129 5586; x_wconf 88' lang='lat' dir='ltr'><strong>substantiam</strong></span> <span class='ocrx_word' id='word_1_1014' title='bbox 3169 5548 3337 5587; x_wconf 88' lang='lat' dir='ltr'><strong>suam.</strong></span> <span class='ocrx_word' id='word_1_1015' title='bbox 3378 5518 3722 5588; x_wconf 84' lang='lat' dir='ltr'><strong>Perdiderunt</strong></span> 
     </span>
    </p>
   </div>
   <div class='ocr_carea' id='block_1_119' title="bbox 2217 5684 3469 5752">
    <p class='ocr_par' dir='ltr' id='par_1_119' title="bbox 2217 5684 3469 5752">
     <span class='ocr_line' id='line_1_119' title="bbox 2217 5684 3469 5752; baseline -0.007 -8"><span class='ocrx_word' id='word_1_1016' title='bbox 2217 5699 2231 5729; x_wconf 76' lang='grc' dir='ltr'><strong><em>ι</em></strong></span> <span class='ocrx_word' id='word_1_1017' title='bbox 2259 5703 2386 5752; x_wconf 59' lang='lat' dir='ltr'><strong>nov,</strong></span> <span class='ocrx_word' id='word_1_1018' title='bbox 2407 5691 2538 5742; x_wconf 81' lang='lat' dir='ltr'><strong>calca</strong></span> <span class='ocrx_word' id='word_1_1019' title='bbox 2564 5703 2578 5740; x_wconf 93' lang='lat'><strong><em>:</em></strong></span> <span class='ocrx_word' id='word_1_1020' title='bbox 2608 5687 3008 5738; x_wconf 86' lang='lat' dir='ltr'><strong>dissentientibus</strong></span> <span class='ocrx_word' id='word_1_1021' title='bbox 3023 5686 3136 5736; x_wconf 81' lang='lat' dir='ltr'><strong>Edd.</strong></span> <span class='ocrx_word' id='word_1_1022' title='bbox 3164 5684 3269 5752; x_wconf 78' lang='lat' dir='ltr'><strong>aliis</strong></span> <span class='ocrx_word' id='word_1_1023' title='bbox 3298 5694 3469 5752; x_wconf 88' lang='lat' dir='ltr'><strong>et</strong></span> 
     </span>
    </p>
   </div>
   <div class='ocr_carea' id='block_1_120' title="bbox 2216 5746 3722 5808">
    <p class='ocr_par' dir='ltr' id='par_1_120' title="bbox 2216 5746 3722 5808">
     <span class='ocr_line' id='line_1_120' title="bbox 2216 5746 3722 5808; baseline -0.004 -1"><span class='ocrx_word' id='word_1_1024' title='bbox 2216 5761 2236 5791; x_wconf 68' lang='grc' dir='ltr'>ί</span> <span class='ocrx_word' id='word_1_1025' title='bbox 2260 5760 2332 5808; x_wconf 87' lang='lat' dir='ltr'><strong>sic</strong></span> <span class='ocrx_word' id='word_1_1026' title='bbox 2353 5746 2450 5804; x_wconf 62' lang='lat' dir='ltr'><strong>tim.</strong></span> <span class='ocrx_word' id='word_1_1027' title='bbox 2479 5761 2522 5803; x_wconf 91' lang='lat' dir='ltr'><strong>et</strong></span> <span class='ocrx_word' id='word_1_1028' title='bbox 2551 5760 2655 5802; x_wconf 76' lang='lat' dir='ltr'><strong>Mss.</strong></span> <span class='ocrx_word' id='word_1_1029' title='bbox 2686 5758 2738 5800; x_wconf 76' lang='lat' dir='ltr'><strong>At.</strong></span> <span class='ocrx_word' id='word_1_1030' title='bbox 2761 5757 2834 5798; x_wconf 72' lang='lat' dir='ltr'><strong>Er.</strong></span> <span class='ocrx_word' id='word_1_1031' title='bbox 2874 5757 2927 5798; x_wconf 89' lang='lat' dir='ltr'><strong>et</strong></span> <span class='ocrx_word' id='word_1_1032' title='bbox 2960 5756 3088 5806; x_wconf 84' lang='lat' dir='ltr'><strong>t.ov.,</strong></span> <span class='ocrx_word' id='word_1_1033' title='bbox 3123 5747 3326 5797; x_wconf 80' lang='lat' dir='ltr'><strong>audiunt</strong></span> <span class='ocrx_word' id='word_1_1034' title='bbox 3356 5748 3550 5798; x_wconf 77' lang='lat' dir='ltr'><strong>verbum</strong></span> <span class='ocrx_word' id='word_1_1035' title='bbox 3577 5746 3660 5798; x_wconf 80' lang='lat' dir='ltr'><strong>Dei</strong></span> <span class='ocrx_word' id='word_1_1036' title='bbox 3683 5755 3722 5801; x_wconf 79' lang='lat' dir='ltr'><strong>et</strong></span> 
     </span>
    </p>
   </div>
   <div class='ocr_carea' id='block_1_121' title="bbox 2154 5807 3723 5885">
    <p class='ocr_par' dir='ltr' id='par_1_121' title="bbox 2154 5807 3723 5885">
     <span class='ocr_line' id='line_1_121' title="bbox 2154 5807 3723 5885; baseline -0.008 -15"><span class='ocrx_word' id='word_1_1037' title='bbox 2154 5819 2405 5885; x_wconf 71' lang='lat' dir='ltr'><strong>proverbia</strong></span> <span class='ocrx_word' id='word_1_1038' title='bbox 2439 5814 2549 5874; x_wconf 86' lang='lat' dir='ltr'><strong>Dei,</strong></span> <span class='ocrx_word' id='word_1_1039' title='bbox 2573 5811 2932 5885; x_wconf 36' lang='lat' dir='ltr'><strong>_et.d_qrntitant</strong></span> <span class='ocrx_word' id='word_1_1040' title='bbox 2953 5809 3108 5885; x_wconf 44' lang='lat' dir='ltr'><strong>areis</strong></span> <span class='ocrx_word' id='word_1_1041' title='bbox 3139 5820 3155 5856; x_wconf 92' lang='lat'><strong><em>:</em></strong></span> <span class='ocrx_word' id='word_1_1042' title='bbox 3191 5807 3392 5885; x_wconf 67' lang='lat' dir='ltr'><strong>audiam</strong></span> <span class='ocrx_word' id='word_1_1043' title='bbox 3428 5811 3723 5885; x_wconf 68' lang='lat' dir='ltr'><strong>proverbium</strong></span> 
     </span>
    </p>
   </div>
   <div class='ocr_carea' id='block_1_122' title="bbox 2159 5870 3713 5942">
    <p class='ocr_par' dir='ltr' id='par_1_122' title="bbox 2159 5870 3713 5942">
     <span class='ocr_line' id='line_1_122' title="bbox 2159 5870 3713 5942; baseline -0.009 -8"><span class='ocrx_word' id='word_1_1044' title='bbox 2159 5870 2282 5936; x_wconf 69' lang='lat' dir='ltr'><strong>illud</strong></span> <span class='ocrx_word' id='word_1_1045' title='bbox 2304 5879 2514 5942; x_wconf 68' lang='lat' dir='ltr'><strong>vulgare,</strong></span> <span class='ocrx_word' id='word_1_1046' title='bbox 2537 5870 2582 5926; x_wconf 74' lang='lat' dir='ltr'><strong>et</strong></span> <span class='ocrx_word' id='word_1_1047' title='bbox 2603 5873 2794 5936; x_wconf 81' lang='lat' dir='ltr'><strong>vigilant</strong></span> <span class='ocrx_word' id='word_1_1048' title='bbox 2813 5871 2859 5921; x_wconf 86' lang='lat' dir='ltr'><strong>in</strong></span> <span class='ocrx_word' id='word_1_1049' title='bbox 2885 5883 2955 5920; x_wconf 83' lang='lat' dir='ltr'><strong>ce.</strong></span> <span class='ocrx_word' id='word_1_1050' title='bbox 2975 5871 3104 5929; x_wconf 85' lang='lat' dir='ltr'><strong>Quod</strong></span> <span class='ocrx_word' id='word_1_1051' title='bbox 3125 5870 3417 5932; x_wconf 75' lang='lat' dir='ltr'><strong>proverbium</strong></span> <span class='ocrx_word' id='word_1_1052' title='bbox 3431 5870 3458 5920; x_wconf 64' lang='grc' dir='ltr'><strong>’ξ’</strong></span> <span class='ocrx_word' id='word_1_1053' title='bbox 3473 5872 3612 5931; x_wconf 57' lang='grc' dir='ltr'><strong>παίω,</strong></span> <span class='ocrx_word' id='word_1_1054' title='bbox 3636 5882 3713 5924; x_wconf 81' lang='lat' dir='ltr'><strong>etc</strong></span> 
     </span>
    </p>
   </div>
  </div>
