4160 6458
1808 358 1865 413 s.
1907 340 2271 411 AUGUSTINI
2310 336 2608 413 EPISCOPI
3670 361 3792 424 tots

2258 469 2576 539 Adjutorium
2599 479 2822 525 nostrum
2844 472 2899 525 in
2922 471 3122 527 nomine
3149 467 3373 541 Domini,
3402 473 3484 544 qui
3510 474 3620 545 fecit
3640 482 3793 536 calum

2254 570 2299 613 et
2325 569 2530 617 terram.

2327 652 2411 706 M.
2446 653 2686 709 Psalmus
2714 662 2968 709 tractatus
2991 663 3093 721 est,
3118 662 3172 709 et
3192 664 3444 726 quantum
3468 656 3702 712 Dominus
3718 660 3796 715 ad-

2254 746 2436 817 juvare
2457 746 2699 818 dignatus
2718 757 2820 815 est,
2844 758 2901 803 ut
2924 758 3071 819 puto,
3095 744 3386 819 expasitus.
3408 749 3644 819 Crastino
3662 752 3800 808 etiam

2257 837 2343 893 die
2366 853 2669 894 sermonem
2698 839 2881 895 deberi
2908 839 3162 895 Charitati
3192 850 3379 896 vestrae
3406 840 3599 911 optime
3621 844 3799 909 nostis;

2257 927 2496 983 adestote
2514 969 2531 994 ,
2557 937 2609 983 et
2639 918 2886 998 adjuvate
2912 944 3009 984 nos
3033 929 3361 985 orationibus
3389 931 3593 985 vestris.
3619 931 3804 988 Pollici-

2261 1019 2473 1074 tationis
2493 1020 2635 1075 enim
2662 1029 2857 1075 nostrae
2884 1020 3191 1076 meminisse
3217 1019 3459 1088 debetis;
3483 1036 3580 1077 nec
3599 1021 3804 1079 dicerem

2259 1109 2384 1180 quid
2413 1125 2588 1166 essent
2629 1120 2981 1177 tractaturus,
3024 1111 3124 1166 nisi
3166 1110 3405 1181 adjuvari
3445 1112 3622 1167 volens
3653 1114 3808 1169 studio

564 494 713 551 illam
751 488 988 543 viventes
1028 480 1273 555 prodige;
1319 476 1413 531 sed
1453 488 1576 528 num
1620 486 1817 542 pauper
1859 466 2025 523 factus
2066 475 2147 520 est

565 582 765 641 Pater?
792 579 1053 640 Redeunt,
1079 582 1133 628 et
1161 568 1430 625 invenient
1460 566 1528 621 ibi
1555 563 1765 619 divitias
1790 576 1922 631 quas
1951 560 2005 613 in
2032 559 2150 612 lon-

564 678 761 748 ginqua
794 666 1213 743 peregrinatione
1241 677 1363 717 cum
1400 657 1766 714 meretricibus
1798 666 2147 721 consumpse-

568 743 726 831 runt;
755 762 981 820 evadant
1005 773 1193 828 aquam
1220 755 1337 811 sine
1365 750 1659 807 substantia
1680 790 1695 815 ,
1726 755 1781 803 et
1808 747 1985 802 dicant
2013 762 2026 797 :
2056 743 2151 797 Be-

567 858 794 912 nedictus
836 851 1115 915 Dominus,
1160 848 1250 921 qui
1291 863 1394 900 non
1437 844 1574 897 dedit
1614 858 1705 896 nos
1746 841 1799 894 in
1843 838 2152 893 venationem

565 944 795 1002 dentibus
818 959 1009 997 eorum.
1038 939 1307 995 Venantes
1327 936 1468 992 enim
1492 942 1645 990 erant
1668 938 2070 1003 persequentes,
2100 936 2155 982 et

568 1044 860 1108 posuerunt
889 1046 1066 1089 escam
1094 1030 1147 1085 in
1183 1027 1496 1108 muscipula.
1522 1025 1691 1093 Quam
1720 1024 1934 1078 escam?
1959 1020 2153 1074 Dulce-

568 1107 749 1183 dinem
773 1124 897 1179 vita:
924 1122 1100 1191 hujus,
1126 1128 1183 1175 ut
1204 1107 1562 1187 unusquﬁque
1589 1122 1802 1185 propter
1821 1110 2153 1165 dulcedinem

570 1220 730 1289 hujus
758 1219 879 1273 vitae
913 1217 1087 1271 mittat
1124 1222 1281 1284 caput
1320 1212 1374 1265 in
1414 1209 1698 1279 nequitiam
1724 1247 1738 1273 ,
1772 1214 1826 1261 et
1861 1203 2155 1272 muscipula

516 1318 521 1353 ῖ
571 1312 974 1381 comprimatur.
1013 1306 1129 1361 Non
1164 1305 1237 1359 illi
1260 1306 1277 1335 ί
1307 1304 1360 1357 in
1390 1301 1581 1371 quibus
1613 1308 1729 1355 erat
1767 1297 2049 1361 Dominus,
2082 1293 2154 1349 illi

572 1403 664 1473 qui
690 1402 892 1466 dicunt,
922 1398 1036 1452 Nisi
1056 1396 1173 1465 quia
1198 1393 1446 1448 Dominus
1468 1401 1577 1446 erat
1602 1391 1654 1443 in
1684 1389 1859 1450 nobis;
1886 1401 1989 1441 non
2015 1383 2156 1453 capti

574 1501 701 1547 sunt
730 1492 782 1546 in
809 1488 1123 1557 muscipula.
1156 1486 1237 1541 Sit
1274 1485 1325 1539 in
1363 1492 1414 1538 te
1458 1480 1710 1536 Dominus
1732 1521 1745 1543 ,
1774 1487 1827 1532 et
1857 1492 1955 1531 nec
1985 1487 2039 1530 tu
2064 1488 2155 1529 ca.

574 1585 739 1657 pieris
773 1583 823 1637 in
861 1579 1187 1649 muscipula;
1214 1578 1381 1630 clama
1399 1616 1413 1640 ,
1442 1572 1739 1627 Benedictus
1768 1569 2047 1633 Dominus,
2074 1566 2159 1637 qui

520 1690 523 1691 '
576 1693 679 1731 non
704 1674 840 1729 dedit
869 1690 958 1727 nos
987 1672 1038 1724 in
1066 1669 1376 1724 venationem
1403 1663 1633 1718 dentibus
1658 1678 1849 1715 eorum.

651 1766 738 1819 {2.
774 1764 921 1836 [vers.
950 1760 1029 1832 7.]
1065 1760 1247 1812 Anima
1270 1766 1443 1810 nostra
1466 1756 1595 1808 sicut
1623 1768 1793 1822 passer
1827 1758 1970 1805 eruta
2000 1756 2071 1801 est
2100 1746 2163 1800 de

577 1855 859 1924 muscipula
902 1851 1208 1906 venantium.
1258 1848 1390 1913 Quia
1431 1846 1483 1899 in
1530 1844 1642 1913 ipsa
1686 1842 1861 1895 anima
1907 1838 2162 1893 Dominus

578 1957 695 2005 erat
714 1989 728 2011 ,
758 1946 877 2000 ideo
905 1945 1039 1998 sicut
1069 1956 1252 2011 passer
1284 1946 1433 1992 eruta
1462 1944 1544 1991 est
1571 1933 1747 1988 anima
1776 1932 1843 1986 de
1873 1928 2161 1994 muscipula

579 2038 906 2095 venantium.
936 2036 1111 2102 Quare
1139 2031 1277 2085 sicut
1312 2026 1532 2098 passer?
1560 2024 1692 2090 Quia
1718 2023 1926 2076 incauta
1954 2017 2162 2073 cecide-

581 2145 661 2189 rat
692 2133 827 2186 sicut
855 2143 1074 2200 passer;
1102 2134 1156 2180 et
1186 2128 1394 2194 poterat
1419 2120 1601 2175 dicere
1632 2124 1848 2187 postea,
1884 2114 2123 2184 Ignoscet
2143 2113 2162 2142 ³

580 2225 710 2280 mihi
743 2224 899 2277 Deus.
932 2220 974 2275 Ο
1002 2233 1184 2289 passer
1212 2212 1507 2279 instabilis,
1541 2213 1642 2281 ﬁge
1672 2209 1849 2279 potius
1876 2206 2040 2277 pedes
2060 2204 2081 2235 ³
2112 2204 2163 2258 in

580 2326 751 2387 petra,
782 2313 887 2367 noli
914 2312 991 2365 ire
1015 2309 1081 2365 ad
1107 2304 1477 2376 muscipulam.
1506 2300 1725 2372 Caperis
1743 2298 1784 2363 ³,
1812 2293 2162 2355 consulueris,

579 2384 898 2464 obtereris“.
927 2404 1007 2459 Sit
1040 2403 1092 2457 in
1124 2411 1173 2456 te
1200 2400 1483 2463 Dominus,
1512 2392 1657 2449 etde
1693 2388 1983 2459 majoribus
2008 2384 2167 2439 minis

581 2510 733 2558 eruet
759 2510 829 2565 te,
858 2499 926 2554 de
951 2494 1243 2565 muscipula
1272 2490 1597 2547 venantium.
1623 2481 1898 2554 Quomodo
1920 2480 1963 2535 si
1987 2476 2168 2532 videas

580 2613 732 2650 avem
752 2594 912 2648 veluti
935 2592 1043 2661 jam
1064 2590 1254 2645 cadere
1281 2587 1331 2641 in
1360 2583 1730 2653 muscipulam,
1754 2574 1885 2635 meis
1912 2571 2167 2640 majorem

582 2690 857 2758 strepitum
880 2728 892 2750 ,
923 2694 980 2739 ut
1008 2683 1148 2739 volet
1175 2681 1241 2736 de
1267 2677 1558 2747 muscipula
1590 2693 1603 2729 :
1636 2673 1714 2729 sic
1741 2682 1793 2728 et
1825 2674 2090 2758 martyres
2111 2662 2163 2758 ,

582 2754 707 2849 jam-
726 2782 857 2832 forte
886 2777 1043 2845 aliqui
1075 2775 1308 2843 ipsorum
1349 2767 1694 2825 intendebant
1731 2764 1925 2819 collum
1965 2757 2015 2811 in
2049 2754 2169 2849 dul-

584 2845 825 2925 cedinem
864 2864 986 2919 vitae
1023 2863 1208 2933 hujus;
1240 2860 1493 2915 Dominus
1521 2858 1609 2928 qui
1644 2866 1755 2912 erat
1785 2856 1836 2908 in
1877 2852 2010 2909 illis.
2046 2845 2171 2901 fecit

586 2962 864 3030 strepitum
895 2957 1286 3028 gehennarum,
1316 2962 1371 3008 et
1407 2959 1590 3008 erutus
1627 2958 1709 3005 est
1739 2963 1922 3018 passer
1955 2947 2022 3002 de
2054 2956 2169 2995 mu-

586 3050 787 3119 scipula
810 3047 1115 3103 venantium
1147 3063 1158 3099 :
1185 3043 1367 3097 Anima
1392 3051 1563 3096 nostra
1584 3041 1709 3095 sicut
1734 3054 1907 3109 passer
1928 3044 2070 3090 eruta
2098 3037 2170 3083 est

584 3143 648 3196 de
671 3139 947 3209 nmscipula
971 3136 1272 3191 venantium.
1300 3133 1369 3188 Et
1393 3131 1551 3201 quid?
1576 3144 1786 3199 semper
1809 3128 1909 3181 erit
1936 3126 2025 3180 illa
2050 3142 2170 3180 mue

583 3232 825 3301 scipnla?
862 3228 1147 3297 Mnacipula
1176 3234 1290 3281 erat
1323 3223 1545 3279 dulcedo
1574 3222 1694 3276 vita:
1729 3220 1883 3290 hujus
1910 3237 1923 3272 :
1958 3219 2028 3273 illi
2059 3232 2164 3274 non
2264 3272 2268 3276 .

585 3322 854 3376 haeserunt
892 3320 945 3373 in
985 3317 1307 3386 muscipula,
1338 3322 1391 3369 et
1433 3313 1591 3368 occisi
1636 3319 1795 3375 sunt;
1835 3309 1939 3363 illis
1975 3306 2166 3364 occisis

584 3410 876 3481 muscipula
907 3409 1070 3464 fracta
1097 3418 1209 3471 est;
1234 3406 1342 3476 jam
1373 3420 1478 3460 non
1510 3402 1763 3459 remansit
1790 3399 2015 3457 dulcedo
2043 3398 2166 3454 vitae

582 3501 760 3571 hujus,
790 3516 885 3571 per
910 3514 1065 3569 quam
1097 3498 1300 3567 possint
1327 3497 1517 3551 iterum
1547 3493 1686 3563 capi,
1710 3491 1803 3547 sed
1829 3492 1914 3545 illa
1940 3490 2164 3546 contrita

583 3603 708 3649 est:
752 3590 1003 3662 nunquid
1043 3598 1097 3644 et
1142 3603 1324 3658 passer
1369 3586 1630 3640 contritus
1663 3584 1781 3638 est?
1817 3584 2003 3647 Absit;
2044 3582 2165 3652 quia

583 3702 688 3739 non
715 3693 830 3739 erat
859 3683 909 3736 in
943 3680 1230 3749 muscipula
1262 3697 1275 3728 :
1307 3676 1595 3747 Muscipula
1628 3674 1839 3729 contrita
1868 3682 1972 3740 est,
2001 3683 2047 3727 et
2074 3688 2166 3727 nos

583 3776 708 3829 eruti
734 3792 926 3828 sumus.

656 3869 741 3921 l5.
773 3864 920 3938 [vers.
946 3863 1023 3935 8.]
1052 3861 1293 3918 Clament
1317 3876 1465 3931 ergo,
1490 3860 1609 3930 quia
1640 3858 1774 3913 eruti
1803 3866 1959 3923 sunt;
1987 3858 2164 3912 volent

584 3959 649 4012 ad
681 3958 840 4012 Deum
865 3999 878 4020 ,
908 3954 1230 4023 triumphent
1266 3954 1316 4006 in
1353 3953 1487 4017 [)co,
1518 3951 1637 4021 quia
1668 3949 1806 4004 eruti
1840 3958 1962 4003 sunt
1994 3966 2005 3999 :
2034 3964 2165 4018 quo-

584 4051 725 4105 niam
757 4050 1008 4102 Dominus
1034 4055 1147 4101 erat
1174 4046 1223 4100 in
1248 4046 1346 4107 eis,
1372 4061 1436 4097 ne
1456 4059 1485 4096 a
1512 4043 1805 4112 muscipula
1824 4049 2159 4109 caperentur.

584 4142 758 4208 Quare
783 4139 1068 4207 muscipula
1094 4137 1317 4191 contrita
1346 4146 1447 4201 est,
1470 4144 1523 4189 et
1551 4149 1648 4189 nos
1672 4134 1806 4187 eruti
1834 4132 2048 4187 sumus?
2074 4132 2164 4187 Vis

585 4232 723 4284 scire
763 4232 958 4298 quare?
1004 4229 1323 4298 Adjutorium
1361 4237 1586 4280 nostrum
1614 4226 1666 4279 in
1700 4225 1898 4279 nomine
1929 4224 2159 4290 Domini,

583 4322 667 4390 qui
695 4321 809 4390 fecit
835 4323 1010 4373 coelum
1037 4331 1081 4371 et
1112 4328 1314 4371 terram.
1343 4317 1472 4371 Nam
1500 4318 1543 4371 si
1574 4316 1892 4386 adjutorium
1925 4315 2027 4370 hoc
2056 4329 2161 4369 non

585 4420 753 4475 esset,
786 4425 889 4462 non
930 4409 1140 4479 quidem
1185 4417 1380 4463 aeterna
1424 4419 1659 4462 maneret
1696 4407 2025 4476 muscipula;
2066 4404 2159 4461 sed

586 4516 705 4555 cum
736 4508 920 4568 captus
946 4509 1119 4563 esset,
1148 4507 1513 4553 conteri-retur
1540 4513 1739 4567 passer.
1770 4496 1814 4551 N
1834 4514 1899 4551 .nt
1930 4499 2032 4551 vita
2063 4498 2159 4551 ista

585 4591 869 4645 transitura
900 4598 1013 4655 est;
1047 4596 1102 4643 et
1129 4588 1217 4657 qui
1248 4587 1527 4642 dulcedine
1552 4587 1666 4656 ejus
1690 4590 1823 4656 capti
1855 4587 2079 4654 fuerint,
2108 4598 2163 4643 et

584 4697 679 4752 per
707 4681 841 4736 hanc
867 4680 1199 4736 dulcedinem
1225 4678 1539 4734 oﬂ‘enderiut
1566 4679 1751 4745 Deum,
1784 4695 1902 4734 eum
1931 4681 2027 4733 ista
2056 4682 2159 4733 vita

583 4775 899 4831 transibunt.
927 4773 1059 4829 Nam
1085 4780 1387 4827 conteretur
1425 4771 1712 4841 muscipula
1739 4788 1752 4837 ;
1780 4772 1907 4826 certi
1944 4780 2112 4826 estote
2143 4790 2155 4826 :

583 4870 757 4923 omnis
784 4866 1005 4921 dulcedo
1034 4866 1154 4919 vita:
1180 4865 1330 4919 istius
1361 4864 1635 4934 prmsentis
1662 4879 1766 4917 non
1794 4864 1914 4928 erit,
1946 4863 2157 4933 impleta

581 4973 725 5021 sorte
753 4963 853 5019 loci
881 4963 997 5028 sui;
1029 4960 1123 5017 sed
1165 4974 1298 5029 Opus
1335 4968 1417 5013 est
1453 4974 1557 5013 non
1600 4958 1833 5023 hmrere,
1866 4967 1922 5010 ut
1950 4957 2159 5027 quando

584 5063 886 5109 conteretur
912 5051 1201 5121 muscipula
1218 5092 1234 5117 ,
1266 5059 1389 5105 tunc
1413 5049 1648 5104 exsultes
1673 5057 1727 5102 et
1750 5048 1894 5103 dicas
1912 5090 1927 5113 ,
1963 5047 2157 5102 Musei-

582 5145 705 5216 pula
731 5145 943 5198 contrita
963 5152 1055 5206 est,
1083 5151 1129 5196 et
1158 5159 1249 5196 nos
1271 5142 1398 5196 eruti
1421 5156 1614 5195 sumus.
1642 5138 1747 5194 Sed
1782 5155 1846 5194 ne
1877 5148 2029 5209 putes
2059 5140 2159 5196 hoc

582 5233 783 5288 viribus
812 5234 917 5289 tuis
942 5245 995 5290 te
1022 5248 1198 5304 posse,
1228 5232 1441 5289 attende
1473 5233 1622 5301 cujus
1648 5240 1730 5287 est
1757 5246 1888 5302 opus
1914 5242 1973 5287 ut
1999 5248 2157 5288 crua-

585 5323 658 5378 ris
678 5322 697 5353 ⁷
722 5322 866 5393 (nam
893 5323 935 5377 si
958 5322 1301 5392 superbieris,
1325 5322 1379 5377 in
1399 5322 1745 5393 muscipulam
1767 5319 1957 5394 cadis),
1980 5331 2034 5378 et
2051 5322 2156 5392 die,

646 5454 663 5522 ξ
686 5459 822 5512 Lov.,
846 5464 959 5522 nam
980 5449 1069 5502 illi.
1148 5460 1221 5522 7M.

644 5518 665 5546 ²
690 5522 818 5572 t.ov.,
841 5518 1048 5573 ignosce.
1146 5521 1202 5563 M.

647 5578 668 5647 ξ
688 5567 820 5647 l.ov.,
839 5567 957 5646 ﬁdei
974 5577 1138 5647 pedes.
1153 5582 1279 5647 vox,
1300 5572 1435 5639 ﬁdei,
1460 5587 1489 5623 a
1510 5576 1703 5625 ctcteris
1726 5573 1861 5625 libris
1876 5577 2031 5628 abest.

642 5640 664 5670 ‘*
684 5646 813 5697 Lov.,
837 5640 1055 5698 capieris.
1153 5644 1207 5698 Μ.

643 5701 664 5762 β
688 5707 760 5749 Er.
787 5695 928 5762 Lugd.
954 5707 1095 5757 Ven.,
1124 5695 1363 5749 obtineris.
1462 5706 1515 5745 Μ.

645 5761 666 5823 ξ
692 5768 761 5807 Fr.
782 5761 925 5823 Lugd.
951 5768 1068 5809 Ven.
1095 5765 1523 5823 Lov.,nmrtyrwu.
1623 5768 1677 5823 at.

646 5821 663 5853 ¹
691 5824 760 5868 sic
784 5810 1001 5883 plerique
1027 5830 1128 5869 \tss.
1153 5810 1234 5869 alii
1260 5810 1466 5883 quidam,
1484 5821 1688 5880 attende,
1708 5828 1807 5870 esto
1828 5820 1933 5882 pius
1949 5829 1997 5873 ut
2012 5836 2153 5873 armt-

2260 1200 2383 1257 ﬁdei
2422 1210 2478 1257 et
2516 1202 2817 1258 orationum
2862 1212 3181 1259 vestrarum.
3224 1202 3537 1258 Meministis
3573 1206 3702 1260 enim
3736 1221 3810 1261 me

2260 1292 2569 1364 promisisse
2606 1295 2759 1351 vobis
2796 1294 2862 1350 de
2899 1294 2998 1350 hoc
3032 1302 3259 1351 tractare
3287 1294 3430 1365 quod
3458 1294 3647 1351 dictum
3670 1297 3809 1352 estin

2262 1386 2550 1457 Evangelio
2567 1428 2583 1455 ,
2610 1386 2719 1442 Lex
2743 1404 2831 1457 per
2859 1387 3069 1458 Moysen
3097 1388 3217 1441 data
3251 1396 3361 1451 est;
3391 1385 3567 1442 Gratia
3589 1397 3630 1441 et
3657 1389 3812 1444 veritas

2262 1494 2351 1547 per
2372 1476 2548 1532 Iesum
2573 1478 2824 1533 Christum
2850 1483 2985 1549 facta
3004 1488 3076 1534 est
3099 1478 3274 1548 (Joan.
3302 1493 3341 1544 ι,
3368 1478 3481 1549 17).
3502 1478 3675 1536 Solent
3691 1480 3813 1535 enim

2263 1566 2507 1623 homines
2535 1567 2771 1624 haeretici
2795 1569 2836 1635 ι,
2861 1569 3091 1624 maxime
3126 1568 3424 1635 Manichaei,
3456 1568 3814 1639 reprehendere

2263 1660 2460 1731 Legem
2485 1703 2499 1727 ,
2528 1669 2582 1717 et
2604 1660 2785 1717 dicere
2810 1662 2930 1730 quia
2973 1662 3111 1716 Deus
3151 1662 3292 1716 illam
3320 1677 3432 1716 non
3460 1660 3620 1724 dedit,
3658 1661 3818 1731 Expo-

2266 1750 2471 1807 neudus
2507 1760 2591 1806 est
2631 1752 2772 1806 enim
2817 1752 2965 1808 locus
3005 1753 3138 1818 iste,
3179 1762 3237 1806 ut
3270 1761 3621 1822 cognoscatur
3644 1753 3751 1823 quia
3773 1762 3818 1808 et

2266 1843 2461 1913 Legem
2496 1844 2635 1899 Deus
2660 1844 2837 1911 dedit,
2864 1853 2919 1899 et
2956 1844 3070 1901 Lex
3113 1859 3207 1914 per
3244 1844 3465 1915 Moysen
3499 1843 3619 1898 data
3645 1853 3750 1908 est;
3774 1853 3821 1899 ut

2268 1948 2373 1988 non
2400 1934 2629 1989 salvaret
2649 1937 2669 1966 ’
2688 1977 2703 2001 ,
2735 1944 2950 2006 propter
2977 1944 3176 1991 certam
3206 1950 3448 1991 causam.
3482 1934 3596 1991 Non
3632 1937 3821 1991 salvavit

2269 2025 2399 2092 Lex,
2429 2034 2487 2080 ut
2509 2027 2646 2081 lator
2672 2026 2831 2097 Legis
2855 2026 2968 2096 ipse
3004 2024 3296 2097 Imperator
3324 2026 3727 2093 desideraretur,
3749 2028 3822 2096 qui

2270 2118 2646 2188 indulgentiam
2672 2117 2826 2174 daret
2863 2119 3233 2188 peccantibus;
3260 2128 3315 2174 et
3348 2118 3471 2174 data
3498 2118 3697 2189 quidem
3722 2108 3822 2173 Lex

2270 2219 2410 2264 esset
2448 2226 2543 2278 per
2570 2209 2817 2280 Moysen,
2848 2208 3025 2264 Gratia
3054 2219 3228 2264 autem
3254 2218 3307 2265 et
3337 2210 3535 2264 veritas
3563 2225 3650 2280 per
3670 2208 3822 2265 Iesum

2268 2300 2536 2355 Christum
2564 2302 2731 2356 tieret.
2760 2301 2839 2355 Ad
2867 2301 2967 2355 hoc
2991 2302 3220 2356 intentos
3243 2316 3345 2355 vos
3371 2300 3547 2357 facere
3570 2301 3715 2356 volui.
3736 2302 3823 2355 Ad-

2270 2389 2372 2445 erit
2402 2389 2609 2443 Domini
2639 2390 3023 2457 misericordia,
3056 2406 3160 2445 uou
3191 2405 3257 2447 ex
3284 2391 3498 2446 meritis
3528 2392 3724 2455 nostris,
3748 2390 3823 2445 sed

2272 2479 2411 2537 forte
2451 2497 2549 2551 pro
2585 2483 2777 2538 merito
2802 2482 3050 2538 desiderii
3080 2484 3279 2543 vestri:
3312 2499 3493 2553 neque
3517 2499 3577 2539 ex
3605 2483 3823 2537 facultati.

2274 2570 2373 2627 bus
2397 2572 2594 2627 nostris
2613 2614 2626 2637 ,
2654 2572 2748 2627 sed
2775 2588 2838 2627 ex
2868 2572 3190 2628 abundantia
3218 2574 3491 2629 donorum
3520 2589 3719 2628 suorum
3747 2591 3757 2626 :
3780 2580 3822 2625 ut

2273 2665 2352 2720 sic
2377 2673 2631 2721 tractetur
2653 2682 2740 2720 res
2768 2666 2896 2721 satis
2925 2667 3223 2721 necessaria
3254 2665 3565 2722 hominibus
3593 2665 3757 2736 positis
3780 2664 3820 2718 in

2274 2772 2417 2812 novo
2444 2765 2759 2812 testamento
2781 2800 2794 2823 ,
2822 2766 2879 2812 ut
2916 2760 3132 2812 omnino
3163 2758 3341 2813 nullas
3382 2758 3604 2812 latebras
3628 2756 3821 2811 inveniat

2275 2845 2540 2914 inimicus,
2572 2850 2658 2904 ubi
2683 2863 2741 2903 se
2765 2848 2993 2903 occultet
3016 2846 3081 2901 ad
3108 2848 3463 2918 decipiendos
3485 2848 3674 2903 ﬁdeles.

2647 3054 2729 3117 IN
2778 3055 3154 3118 PSALMUM
3198 3056 3471 3119 CXXIV

2864 3196 3282 3252 ENARRATIO.

2792 3323 2960 3365 διεκδιο
2989 3325 3057 3364 ΔΙ)
3086 3324 3340 3365 ΡΟΡυιυΜ.

2342 3433 2395 3487 1,
2423 3424 2574 3503 [pars
2612 3424 2657 3489 l,
2681 3419 2759 3493 2.]
2783 3422 3023 3475 Psalmns
3044 3421 3162 3485 iste,
3189 3420 3468 3490 pertinens
3492 3419 3554 3475 ad
3582 3433 3820 3475 numerum

2268 3523 2597 3577 canticorum
2625 3514 2885 3591 graduum
2914 3512 3002 3588 (de
3027 3528 3131 3580 quo
3160 3513 3309 3566 titulo
3339 3514 3398 3567 in
3424 3514 3539 3567 aliis
3560 3514 3659 3581 jam
3688 3511 3819 3565 multa

2268 3612 2515 3675 diximus,
2548 3620 2602 3667 et
2627 3622 2866 3680 repetere
2891 3611 3157 3676 nolumus,
3180 3624 3247 3667 ne
3267 3625 3370 3668 vos
3391 3605 3725 3668 obtundamus
3743 3627 3819 3683 po-

2269 3705 2373 3759 tius
2396 3719 2553 3774 quam
2583 3703 2982 3771 instruamus),
3012 3703 3168 3758 docet
3192 3717 3290 3758 nos
3314 3704 3663 3761 ascendentes
3687 3713 3734 3760 et
3756 3704 3817 3758 le-

2268 3805 2451 3851 vantes
2486 3794 2690 3850 animas
2726 3804 2935 3850 nostras
2966 3793 3031 3849 ad
3072 3794 3361 3851 Dominum
3407 3797 3571 3853 Deum
3610 3806 3816 3853 nostrum

2267 3886 2456 3942 aliectu
2480 3886 2753 3941 ebaritatis
2781 3894 2939 3955 atque
2968 3885 3198 3957 pietatis,
3226 3901 3332 3942 non
3379 3886 3649 3943 intendere
3673 3887 3717 3942 in
3739 3885 3817 3939 bo-

2268 3980 2440 4035 mines
2463 3979 2553 4050 qui
2580 3987 2957 4049 prosperantur
2981 3978 3034 4033 in
3068 3977 3172 4033 hoc
3206 3980 3414 4036 saeculo
3451 3979 3690 4037 felicitate
3711 3976 3817 4033 falsa

2265 4079 2424 4142 atque
2459 4078 2677 4125 ventosa
2717 4078 2771 4123 et
2807 4082 3024 4139 prorsus
3061 4068 3404 4138 seductoria;
3432 4070 3520 4126 ubi
3556 4070 3677 4125 nihil
3699 4065 3816 4124 aliud

2266 4164 2506 4220 nutriunt
2539 4177 2698 4233 quam
2736 4161 3069 4233 superbiam,
3097 4170 3154 4218 et
3185 4177 3281 4217 cor
3315 4178 3508 4219 eorum
3532 4160 3817 4235 congelascit

2266 4256 2519 4312 adversus
2544 4255 2733 4317 Deum.
2760 4264 2812 4310 et
2839 4256 2897 4309 tit
2920 4254 3111 4309 durum
3136 4254 3401 4311 adversus
3426 4256 3640 4311 imbrem
3663 4251 3814 4325 gratia:

2265 4346 2464 4417 ipsius,
2505 4360 2571 4400 ne
2612 4345 2838 4400 fructum
2880 4342 3035 4400 ferat.
3079 4343 3479 4401 Praesumeutes
3506 4345 3639 4400 enim
3667 4340 3812 4399 omnia

2264 4437 2365 4492 sibi
2395 4435 2683 4501 abundare,
2714 4450 2834 4506 qua:
2862 4434 3109 4490 videntur
3147 4434 3270 4490 huic
3297 4435 3422 4492 vitm
3452 4436 3747 4496 necessaria,
3770 4439 3812 4486 et

2234 4554 2237 4555 ν
2264 4528 2399 4582 ultra
2420 4543 2578 4597 quam
2600 4528 2920 4590 necessaria,
2944 4526 3302 4593 extolluntur;
3332 4538 3387 4583 et
3411 4543 3530 4583 cum
3554 4527 3653 4582 siut
3672 4522 3811 4579 homi-

2264 4633 2359 4673 nes
2400 4633 2496 4689 per
2540 4618 2867 4688 iniquitatem
2911 4617 3189 4674 inferiores
3230 4619 3481 4674 omnibus
3517 4615 3807 4676 hominibus,

2262 4726 2359 4782 per
2384 4711 2683 4782 superbiam
2710 4711 3013 4781 superiores
3041 4726 3101 4767 se
3128 4720 3313 4782 putant
3339 4711 3585 4766 omnibus
3611 4704 3808 4763 homini-

2262 4802 2380 4858 bus.
2426 4803 2600 4873 Atque
2644 4801 2841 4857 utinam
2884 4802 2969 4858 vel
3010 4802 3148 4858 sicut
3182 4803 3316 4857 alios
3355 4802 3595 4858 homines
3628 4813 3680 4854 se
3710 4808 3807 4851 esse

2261 4895 2595 4966 deputarent.
2638 4896 2744 4950 Hos
2784 4904 2959 4951 autem
3004 4896 3287 4967 aliquando
3326 4895 3578 4951 intuendo
3600 4901 3650 4948 et
3676 4887 3807 4945 nimis

2260 4986 2584 5043 attendendo
2606 5027 2621 5051 ,
2652 4987 2810 5041 etiam
2842 4987 2917 5041 illi
2946 4987 3036 5056 qui
3074 4988 3235 5043 Deum
3262 4988 3475 5051 colunt,
3506 4985 3740 5039 ﬂuctuant
3762 4986 3805 5034 et

2261 5088 2470 5145 nutant,
2496 5079 2644 5150 quasi
2673 5079 2888 5149 perierit
2919 5095 3122 5135 merces
3144 5095 3326 5135 eorum
3354 5094 3522 5150 quare
3551 5078 3702 5132 Deum
3728 5085 3805 5126 co—

2260 5170 2396 5239 lunt,
2422 5185 2544 5225 cum
2569 5186 2626 5225 se
2653 5170 2833 5226 vident
2859 5171 2910 5225 in
2939 5172 3226 5238 laboribus,
3257 5173 3305 5226 in
3336 5179 3586 5243 egestate,
3615 5168 3662 5221 in
3685 5178 3803 5218 teru-

2261 5276 2418 5328 mna,
2450 5262 2503 5317 in
2533 5261 2750 5328 morbo,
2782 5262 2832 5316 in
2858 5262 3078 5329 dolore,
3109 5264 3161 5317 in
3200 5263 3372 5333 aliqua
3410 5260 3737 5319 necessitate,
3760 5258 3803 5305 ei

2262 5352 2444 5410 vident
2460 5353 2595 5408 alios
2616 5353 2811 5409 habere
2836 5354 3113 5409 sanitatem
3133 5354 3387 5424 corporis,
3410 5350 3669 5407 abundare
3689 5354 3801 5400 tem‘

2261 5511 2348 5563 ris.
2368 5518 2424 5561 At
2443 5519 2561 5571 Am,
2586 5510 2776 5573 attende
2813 5510 2953 5573 cujus
2975 5516 3045 5561 est
3067 5510 3189 5573 opis,
3218 5516 3269 5559 ut
3301 5504 3504 5573 eruatis
3524 5511 3617 5562 ετσν

2262 5561 2400 5636 dle
2446 5561 2654 5636 εδξρρὶε,
2678 5578 2776 5622 esto
2796 5561 2902 5635 piu's
2926 5576 2977 5621 ut
2998 5561 3205 5636 cruoris.
3244 5570 3468 5631 Denique
3486 5561 3615 5625 hom,
3642 5561 3700 5611 ad
3719 5561 3807 5619 ejus

2260 5630 2372 5700 faue
2389 5630 2650 5700 auxilium,
2661 5630 2805 5700 cujus
2821 5639 2889 5684 est
2912 5639 2963 5683 ut
2984 5630 3191 5700 eruatis.

2328 5692 2344 5729 ί
2370 5700 2443 5745 sic
2462 5704 2565 5745 Mss.
2592 5692 2867 5761 Eddfvcro,
2884 5707 3043 5745 omnes
3057 5692 3289 5744 hwretici.
3397 5751 3416 5761 υ
3558 5749 3588 5761 Δ,

2290 5824 2299 5833 _
2328 5762 2500 5870 ’ltlov”
2528 5765 2577 5809 ut
2601 5772 2683 5809 nos
2703 5745 2925 5808 salvtu‘et‘.
2950 5763 3166 5820 Propter,
3188 5763 3298 5811 etc..
3321 5748 3674 5813 refragantibus
3688 5745 3812 5792 cete-

2290 5838 2329 5870 IS
2370 5836 2503 5869 lll'ls.

2262 5836 2329 5871 n5
2355 5836 2503 5870 Illll‘lS.
