4160 6436
350 334 499 397 1649

350 448 652 523 poralibus,
676 448 1040 505 incolumitate
1060 462 1278 505 suorum
1299 447 1550 519 gaudere,
1575 447 1748 503 nitore
1774 446 1939 502 bono-

350 558 477 597 rum
501 540 695 596 ﬂorere
718 556 813 596 eos
835 540 923 610 qui
951 555 1055 596 non
1080 542 1249 596 solum
1276 541 1442 597 Deum
1470 556 1574 595 non
1604 541 1786 595 colunt
1804 579 1821 605 ,
1850 538 1943 594 sed

348 645 411 688 et
438 633 681 687 omnibus
712 631 1014 687 hominibus
1037 632 1421 697 adversantur;
1453 631 1785 687 attendentes
1814 646 1940 697 eos,

350 733 563 788 nutant,
586 730 641 779 et
663 722 850 778 dicunt
875 722 1015 793 apud
1041 738 1101 779 se
1127 724 1264 794 quod
1294 733 1476 795 aperte
1501 724 1756 793 scriptum
1783 730 1865 777 est
1888 723 1941 777 in

347 816 582 886 quodam
608 815 814 885 psalmo
840 833 852 867 :
880 814 1141 882 Quomodo
1164 815 1302 869 scivit
1324 814 1481 881 Deus,
1511 823 1558 868 et
1578 814 1623 868 si
1646 823 1717 867 est
1736 814 1941 867 scientia

343 911 403 962 in
432 908 690 963 Altissimo
708 907 735 961 .9
758 905 892 961 Ecce
918 907 1017 977 ipsi
1044 916 1327 976 peccatores
1353 916 1401 959 et
1430 905 1743 960 abundantes
1768 907 1819 959 in
1846 921 1941 958 ste-

345 1000 466 1053 culo
495 1000 814 1052 obtinuerunt
847 998 1065 1052 diuitias.
1105 997 1172 1052 Et
1209 999 1447 1067 sequitur
1476 1015 1489 1052 :
1524 996 1788 1061 Numquid
1814 1011 1940 1050 vane

336 1089 621 1161 iustiﬁcari
639 1105 728 1143 cor
743 1105 927 1154 meum,
948 1097 995 1142 et
1014 1087 1114 1143 lavi
1131 1088 1185 1141 in
1206 1088 1550 1142 innocentibus
1572 1104 1752 1141 manus
1774 1087 1939 1141 meas?

338 1179 615 1250 Numquid
640 1179 777 1235 forte
804 1194 970 1234 vanus
994 1178 1089 1244 fui,
1112 1180 1199 1249 qui
1227 1179 1367 1233 volui
1388 1178 1530 1249 juste
1556 1179 1753 1242 vivere,
1779 1186 1833 1233 et
1858 1178 1939 1232 in-

341 1282 608 1329 nocenter
643 1273 783 1328 inter
820 1272 1063 1327 homines
1097 1271 1438 1334 conversari,
1467 1271 1678 1341 quando
1708 1270 1818 1325 scio
1842 1285 1936 1325 eos

338 1366 435 1435 qui
467 1367 656 1423 nolunt
684 1380 901 1421 servare
941 1366 1329 1426 innocentiam,
1362 1364 1555 1419 habere
1586 1374 1781 1419 tantam
1812 1363 1934 1419 feli-

336 1459 585 1524 citatem,
611 1467 666 1512 et
690 1456 945 1512 insultare
962 1456 1121 1525 justis
1146 1470 1241 1525 per
1261 1456 1586 1525 iniquitatem
1612 1457 1628 1488 ⁸
1654 1454 1864 1510 felices?

414 1549 472 1603 2.
502 1549 608 1605 Sed
634 1549 754 1619 quis
776 1547 903 1603 illud
922 1548 1056 1603 dixit
1084 1548 1155 1603 ibi
1179 1548 1230 1603 in
1257 1547 1492 1617 psalmo?
1510 1547 1672 1616 Cujus
1698 1546 1932 1602 nondum

336 1650 461 1695 erat
484 1649 690 1696 rectum
718 1656 830 1696 cor.
864 1640 953 1695 Sic
981 1642 1123 1695 enim
1150 1640 1312 1708 C(Bpil
1340 1640 1440 1694 iste
1472 1638 1709 1709 psalmus
1733 1639 1801 1693 de
1828 1653 1934 1709 quo

336 1732 511 1787 modo
540 1734 897 1788 testimonium
924 1731 1187 1796 dedimus,
1226 1747 1333 1786 non
1362 1732 1461 1786 iste
1487 1745 1646 1802 quem
1674 1730 1927 1785 conside-

336 1824 573 1879 randum
602 1833 657 1879 et
684 1823 1014 1878 tractandum
1046 1821 1204 1877 modo
1228 1821 1578 1891 suscepimus,
1612 1820 1706 1875 sed
1735 1820 1823 1875 ubi
1850 1819 1931 1874 di-

336 1922 488 1970 ctum
522 1922 623 1978 est,
661 1932 679 1965 ι
707 1913 985 1981 Quomodo
1014 1913 1168 1968 scivit
1199 1913 1357 1977 Deus,
1392 1920 1446 1967 et
1489 1912 1534 1966 si
1582 1921 1658 1966 est
1707 1911 1929 1967 scientia

334 2007 392 2061 in
433 2007 751 2061 Altissimo?
796 2007 930 2060 Ecce
959 2006 1059 2076 ipsi
1088 2017 1391 2076 peccatores
1425 2013 1479 2060 et
1516 2004 1844 2059 abundantes
1874 2004 1929 2058 in

332 2096 543 2151 smculo
566 2098 906 2151 obtinuerunt
933 2096 1163 2151 divitias.
1194 2095 1458 2165 Numquid
1486 2111 1618 2149 vane
1640 2094 1929 2165 justiﬁcavi

328 2201 438 2243 cor
466 2203 666 2253 meum,
689 2196 742 2243 et
767 2188 864 2241 lavi
893 2188 942 2241 in
975 2188 1342 2242 innocentibus
1369 2202 1557 2240 manus
1578 2187 1764 2241 meas?
1783 2206 1801 2238 ι
1838 2187 1929 2243 ille

326 2297 471 2352 ergo
503 2282 754 2352 psalmus,
786 2282 873 2335 ubi
905 2280 1097 2336 videtis
1123 2282 1243 2351 quia
1267 2280 1594 2350 periclitatur
1612 2281 1807 2344 anima,
1840 2280 1926 2335 ubi

324 2375 535 2433 videtis
572 2377 693 2445 quia
736 2384 922 2429 nutant
966 2374 1162 2445 pedes,
1212 2374 1288 2428 sic
1325 2373 1527 2443 coepit:
1561 2374 1727 2441 Quam
1768 2373 1927 2428 bonus

325 2467 481 2523 Deus
512 2466 676 2521 Israel
697 2469 842 2521 rectis
868 2466 1053 2520 corde!
1077 2465 1184 2520 Mei
1205 2474 1393 2533 autem,
1426 2465 1616 2536 inquit,
1646 2482 1772 2536 pene
1792 2482 1926 2519 com-

323 2563 461 2614 moti
482 2569 598 2615 sunt
625 2562 791 2631 pedes,
824 2561 978 2627 paulo
1016 2560 1182 2614 minus
1225 2559 1373 2626 e/fusi
1409 2568 1525 2613 sunt
1567 2576 1765 2628 gressus
1806 2560 1922 2613 mei.

322 2652 550 2721 Quare?
592 2652 722 2719 Quia
747 2652 906 2705 celavi
928 2652 980 2705 in
1010 2650 1372 2721 peccatoribus,
1406 2665 1577 2719 pacem
1606 2657 1925 2717 peccatorum

324 2746 538 2799 intuens
568 2743 737 2815 (Psal.
765 2760 931 2807 vatt,
962 2742 1134 2815 1-15).
1168 2742 1295 2798 Inde
1317 2757 1445 2813 ergo
1472 2741 1605 2796 dixit
1625 2750 1923 2797 commotos

327 2838 503 2907 pedes
529 2851 657 2891 suos
677 2846 730 2891 et
754 2852 886 2907 pene
911 2836 1106 2892 ell‘usos
1132 2850 1365 2907 gressus,
1396 2835 1546 2905 lapsu
1571 2834 1638 2891 ad
1665 2835 1869 2891 ruinam
1892 2850 1922 2890 a

329 2929 467 2991 Deo,
496 2930 619 3000 quia
648 2930 867 2984 intuitus
890 2938 974 2984 est
1002 2937 1057 2985 et
1092 2928 1319 2997 inspexit
1347 2927 1649 2983 felicitatem
1674 2936 1923 2997 peccato-

325 3036 453 3079 rum
479 3062 494 3082 ,
531 3029 586 3074 et
612 3020 744 3074 Vidit
771 3036 866 3075 eos
891 3019 1089 3075 habere
1118 3034 1324 3089 pacem,
1361 3034 1420 3074 se
1456 3026 1633 3074 autem
1662 3017 1918 3073 laborem.

326 3113 582 3168 Narravit
602 3121 778 3168 autem
806 3113 909 3168 hoc
934 3127 1054 3168 cum
1080 3112 1190 3183 jam
1217 3112 1496 3179 evasisset,
1515 3126 1637 3167 cum
1660 3111 1770 3181 jam
1799 3124 1923 3166 cor-

325 3216 489 3262 recto
512 3205 675 3260 corde
704 3206 814 3260 Deo
840 3204 1159 3271 inhaesisset,
1200 3205 1435 3259 narravit
1471 3203 1739 3273 praeterita
1781 3201 1924 3271 peri-

324 3299 451 3354 cula
482 3312 599 3353 sua.
632 3296 793 3367 Ergo,
828 3296 998 3351 Bonus
1038 3295 1172 3349 Deus
1206 3294 1411 3350 Israel:
1440 3294 1534 3350 sed
1560 3292 1790 3364 quibus?
1818 3291 1923 3346 Re-

324 3391 423 3445 ctis
472 3388 642 3442 corde.
688 3386 788 3456 Qui
818 3397 941 3442 sunt
962 3387 1092 3442 recti
1116 3386 1316 3442 corde?
1358 3385 1456 3453 Qui
1500 3400 1604 3440 non
1634 3382 1925 3455 reprehen-

325 3481 473 3536 dunt
511 3480 700 3534 Deum.
747 3479 847 3546 Qui
893 3489 1014 3534 sunt
1059 3478 1189 3533 recti
1227 3476 1429 3533 corde?
1470 3476 1571 3545 Qui
1602 3475 1922 3530 voluntatem

327 3588 491 3627 suam
531 3570 599 3626 ad
641 3571 965 3625 voluntatem
1016 3569 1108 3625 Dei
1151 3568 1419 3639 dirigunt;
1458 3583 1566 3623 non
1598 3569 1922 3623 voluntatem

329 3666 430 3721 Dei
479 3664 548 3718 ad
588 3664 912 3717 voluntatem
959 3676 1109 3716 suam
1157 3675 1380 3717 curvare
1426 3669 1704 3716 conantur.
1760 3660 1925 3715 Breve

328 3765 665 3826 praeceptum
692 3763 793 3817 est,
818 3764 875 3808 ut
901 3752 1064 3807 homo
1088 3752 1280 3823 dirigat
1302 3766 1397 3806 cor
1415 3767 1588 3807 suum.
1615 3750 1707 3806 Vis
1730 3750 1927 3805 habere

329 3856 550 3901 rectum
580 3844 709 3900 cor?
738 3844 816 3899 Tu
846 3844 929 3899 fac
955 3843 1096 3913 quod
1120 3844 1232 3898 vult
1253 3843 1424 3908 Deus;
1458 3843 1562 3896 nuli
1599 3843 1759 3897 Deum
1787 3841 1927 3896 velle

330 3937 520 3991 facere
545 3934 684 4005 quod
716 3936 795 3989 vis
824 3945 897 3988 tu.
929 3932 1274 3988 Pravicordes
1300 3946 1428 4000 ergo
1453 3941 1597 3995 sunt,
1630 3931 1679 3984 id
1707 3941 1809 3995 est,
1835 3930 1925 3999 qui

332 4036 546 4081 rectum
576 4040 671 4081 eor
699 4041 802 4080 non
839 4024 1055 4091 habent,
1092 4023 1180 4095 qui
1216 4023 1404 4078 sedent
1424 4031 1479 4078 et
1502 4021 1773 4090 disputant
1795 4036 1927 4091 quo-

332 4116 505 4171 modo
533 4114 716 4169 debuit
741 4114 915 4170 facere
938 4114 1114 4178 Dens;
1159 4127 1265 4167 non
1302 4110 1566 4166 laudando
1591 4110 1731 4180 quod
1771 4109 1923 4177 fecit,

333 4209 436 4263 sed
483 4205 947 4275 reprehendendo.
1000 4206 1281 4276 Corrigere
1310 4204 1456 4258 illum
1487 4203 1671 4257 volunt
1698 4219 1709 4255 :
1742 4217 1926 4272 parum

334 4313 424 4357 est
456 4301 579 4370 quia
608 4300 797 4370 corrigi
828 4298 896 4354 ab
923 4313 989 4354 eo
1014 4297 1238 4362 nolunt;
1280 4305 1333 4351 et
1370 4296 1572 4361 dicunt,
1602 4294 1716 4349 Non
1746 4293 1929 4348 debuit

336 4392 488 4448 Deus
512 4389 689 4444 facere
709 4403 989 4460 pauperes,
1008 4388 1101 4444 sed
1123 4387 1222 4443 soli
1241 4387 1438 4441 divites
1459 4401 1577 4441 esse
1598 4385 1924 4449 debuerunt;

333 4494 396 4541 et
441 4483 545 4554 ipsi
578 4482 675 4537 soli
703 4482 965 4536 viverent.
1004 4478 1201 4550 thuid
1236 4478 1405 4534 factus
1445 4487 1527 4533 est
1566 4477 1797 4548 pauper?
1842 4484 1959 4544 ut-.

337 4576 474 4648 quid
515 4574 679 4630 vivit?
727 4571 1092 4643 Reprehendit
1130 4572 1295 4627 Deum
1336 4574 1681 4642 pauperum’.
1722 4570 1930 4639 Quanto

339 4666 541 4722 melius
578 4671 721 4719 esset
758 4677 960 4734 pauper
996 4662 1113 4727 Dei,
1144 4670 1197 4716 et
1221 4661 1372 4716 dives
1398 4671 1541 4716 esset
1566 4662 1634 4715 de
1654 4660 1797 4724 Deo;
1831 4660 1932 4713 hoc

339 4765 450 4822 est,
485 4762 799 4826 sequeretur
823 4750 1144 4808 voluntatem
1172 4753 1264 4808 Dei
1292 4795 1307 4820 ,
1339 4760 1393 4807 et
1420 4751 1625 4807 videret
1653 4760 1932 4822 pauperta-

342 4859 456 4904 tem
492 4862 643 4903 suam
682 4847 1031 4919 temporalem
1062 4862 1215 4909 esse,
1245 4855 1298 4902 et
1328 4846 1691 4911 transituram,
1719 4846 1931 4901 divitias

340 4947 525 4994 autem
574 4939 675 4995 sibi
728 4938 1031 5010 spirituales
1069 4938 1141 4993 ita
1186 4946 1457 5003 venturas,
1486 4947 1541 4991 ut
1587 4936 1733 4990 nullo
1778 4943 1931 5005 pacto

342 5040 571 5101 possent
590 5032 894 5101 prmterire;
922 5038 977 5086 et
1004 5029 1224 5085 haberet
1252 5027 1303 5083 in
1330 5027 1528 5083 divitiis
1550 5026 1727 5082 cordis
1751 5025 1930 5093 tidem,

346 5121 392 5175 si
424 5122 476 5177 ei
506 5136 614 5177 non
639 5122 900 5193 contingit
917 5136 1103 5176 aurum
1127 5119 1323 5175 habere
1352 5119 1404 5173 in
1426 5118 1583 5173 arca?
1610 5116 1743 5185 Quia
1771 5119 1815 5171 si
1839 5132 1935 5173 au-

348 5229 470 5268 rum
515 5213 737 5269 haberet
778 5214 831 5268 in
870 5227 1015 5277 arca,
1065 5211 1234 5267 iurem
1280 5210 1512 5277 timeret,
1543 5217 1598 5264 et
1637 5223 1824 5265 aurum
1868 5207 1936 5264 de

349 5323 472 5363 arca
519 5310 680 5363 etiam
721 5307 908 5363 nolens
945 5305 1227 5377 perderet;
1274 5304 1432 5359 ﬁdem
1469 5312 1648 5358 autem
1671 5302 1740 5359 de
1772 5300 1935 5358 corde

356 5415 460 5456 non
492 5400 770 5470 perderet,
810 5399 853 5454 si
886 5399 999 5470 ipse
1023 5398 1164 5453 illam
1195 5396 1318 5452 inde
1343 5411 1450 5451 non
1478 5395 1788 5467 expelleret.
1818 5394 1938 5450 Cito

351 5499 532 5550 autem
557 5489 864 5561 responderi
900 5496 1094 5561 potest,
1124 5487 1445 5545 charissimi.
1478 5485 1625 5545 Fecit
1649 5486 1790 5543 Deus
1809 5500 1939 5557 pau-

420 5672 439 5707 ι
465 5675 567 5731 Am.
594 5676 650 5719 et
670 5674 801 5728 uss,
826 5668 1116 5731 iniquitates.

420 5731 442 5764 ο
465 5728 690 5795 Plerique
713 5738 838 5786 3133.:
868 5728 1183 5801 reprehendit
1216 5737 1369 5791 Deum
1391 5741 1589 5803 pauper.
1628 5730 1940 5789 Fossatensis.

354 5804 408 5853 in
430 5805 661 5865 paupere.

1432 326 1822 389 ENARRATIO
1850 326 1917 384 IN
1953 327 2275 392 PSALMUM
2310 334 2544 395 CXXIV.

3497 347 3636 408 i650

2049 464 2252 519 penem,
2280 464 2336 508 ut
2368 454 2559 525 probet
2592 455 2896 514 hominem‘
2922 476 2938 527 ;
2972 471 3029 517 et
3054 461 3184 519 fecit
3221 464 3363 521 Deus
3388 465 3631 536 divitem,

2047 553 2104 596 ut
2133 544 2321 613 probet
2347 545 2494 602 illum
2521 548 2590 605 de
2608 564 2861 622 paupere.
2885 552 3147 611 Etomnia
3170 570 3290 628 quae.
3318 558 3444 615 fecit
3466 560 3633 627 Deus,

2045 646 2191 692 recte
2238 639 2377 694 fecit.
2429 641 2497 697 Et
2544 644 2588 698 si
2639 659 2746 699 non
2794 661 3078 715 possumus
3117 648 3300 707 videre
3345 654 3630 711 consilium

2045 725 2230 797 ipsius,
2262 746 2426 800 quare
2463 733 2593 789 illud
2627 737 2706 792 sic
2750 738 2872 794 fecit
2907 750 2961 795 et
3001 738 3130 797 illud
3154 742 3265 809 sic;
3308 743 3506 802 bonum
3547 757 3635 803 est

2044 817 2200 909 nobis
2219 828 2275 874 ut
2303 821 2597 880 subdamur
2615 828 2889 897 sapientia:
2913 831 3099 903 ipsius,
3116 842 3171 889 et
3195 835 3475 894 credamus
3502 840 3630 909 quia

2043 908 2180 965 bene
2205 911 2350 979 fecit,
2375 922 2430 970 et
2449 916 2495 970 si
2521 918 2757 974 nondum
2786 923 3032 980 novimus
3063 941 3226 994 quare
3255 927 3380 985 fecit
3413 948 3425 983 :
3455 940 3509 987 et
3526 908 3630 987 ha-

2041 1000 2287 1059 bebimus
2320 1020 2417 1061 cor
2444 1017 2674 1076 rectum,
2702 1021 2759 1066 ut
2786 1027 3171 1080 praesumamus
3203 1026 3259 1073 et
3295 1021 3629 1078 conﬁdamus

2041 1092 2094 1148 in
2127 1094 2370 1163 Domino,
2401 1107 2456 1154 et
2482 1115 2590 1154 nun
2617 1103 2973 1159 movebuntur
2996 1106 3161 1177 pedes
3190 1111 3376 1179 nostri,
3408 1122 3462 1168 et
3488 1114 3546 1168 ﬁt
3574 1116 3629 1171 in

2040 1187 2194 1241 nobis
2213 1191 2623 1267 ascendentibus
2644 1195 2784 1251 unde
2803 1199 2965 1266 carpit
2985 1199 3086 1255 iste
3109 1202 3365 1270 psalmus,
3393 1204 3493 1272 Qui
3515 1223 3627 1261 cono

2039 1278 2202 1346 fidunt
2222 1282 2275 1335 in
2299 1281 2546 1354 Domino,
2576 1288 2706 1342 sicut
2728 1305 2873 1345 mons
2906 1290 3066 1358 Sion,
3101 1310 3202 1347 non
3237 1299 3623 1353 commovebun-

2039 1373 2161 1423 tur'
2192 1372 2245 1425 in
2274 1382 2538 1429 wternum.

2108 1462 2291 1531 3.,Qui
2321 1476 2445 1522 sunt
2469 1468 2594 1523 isti?
2617 1470 2717 1538 Qui
2737 1472 3017 1527 inhabitant
3041 1474 3328 1532 Jerusalem
3351 1496 3370 1533 :
3393 1481 3494 1550 ipsi
3521 1499 3622 1537 non

2036 1557 2477 1613 commovebuntur
2504 1562 2556 1615 in
2580 1571 2823 1617 internum
2841 1606 2857 1629 ,
2881 1567 2969 1635 qui
2996 1566 3277 1622 inhabitant
3312 1568 3619 1627 Jerusalem.

2034 1647 2090 1703 Si
2136 1648 2271 1705 hanc
2310 1653 2609 1709 Jerusalem
2660 1656 3095 1726 intellexerimus,
3146 1676 3334 1718 omnes
3378 1666 3467 1735 qui
3513 1667 3621 1721 illic

2035 1737 2432 1809 inhabitabant,
2476 1743 2632 1800 bellis
2668 1756 2724 1802 et
2765 1749 3047 1805 eversione
3077 1752 3240 1821 ipsius
3269 1754 3496 1810 civitatis
3524 1772 3620 1811 ex-

2034 1832 2165 1887 clusi
2195 1843 2321 1889 sunt
2348 1854 2361 1888 :
2392 1837 2552 1891 modo
2584 1841 2780 1909 quaeris
2818 1841 3058 1897 Judaeum
3088 1845 3138 1897 in
3167 1845 3381 1901 civitate
3405 1847 3621 1903 Jerusa-

2034 1922 2172 1992 lem,
2202 1935 2257 1981 et
2283 1943 2389 1983 non
2417 1929 2643 1986 invenis.
2683 1930 2861 1998 Quare
2894 1934 3059 2004 ergo'
3088 1951 3191 1989 non
3218 1936 3543 1992 movebuntur
3567 1939 3621 1993 in

2031 2027 2293 2087 internum,
2324 2022 2412 2091 qui
2434 2023 2713 2077 inhabitant
2739 2023 3055 2091 Jerusalem,
3100 2027 3200 2082 nisi
3241 2028 3364 2098 quia
3404 2038 3487 2084 est
3515 2031 3617 2087 alia

2030 2109 2349 2176 Jerusalem,
2373 2112 2441 2166 de
2466 2128 2566 2183 qua
2594 2115 2757 2168 multa
2778 2115 2965 2170 soletis
2988 2116 3210 2172 audire?
3236 2117 3353 2188 Ipsa
3388 2129 3471 2174 est
3500 2136 3617 2175 ma-

2032 2210 2114 2256 ter
2152 2211 2355 2270 nostra,
2384 2203 2471 2259 cui
2506 2204 2833 2275 suspiramus
2870 2215 2924 2262 et
2960 2208 3225 2276 gemimus
3274 2210 3327 2263 in
3370 2212 3468 2264 ista
3498 2227 3618 2281 per-

2030 2296 2381 2365 egrinatione,
2420 2305 2478 2351 ut
2517 2298 2582 2352 ad
2625 2298 2767 2352 illam
2808 2298 3107 2355 redeamus.
3142 2301 3519 2356 Erraveramus
3546 2304 3616 2357 ab

2030 2400 2094 2442 ea
2116 2387 2159 2454 ⁵,
2182 2399 2236 2443 et
2258 2390 2396 2444 viam
2426 2405 2531 2444 non
2554 2390 2884 2446 habebamus
2907 2410 2921 2446 :
2944 2391 3060 2447 Rex
3087 2393 3250 2463 ipsius
3271 2395 3432 2458 venit,
3457 2406 3511 2449 et
3530 2398 3613 2450 via

2030 2476 2185 2531 nobis
2217 2477 2386 2533 factus
2406 2488 2505 2545 est,
2533 2490 2587 2534 ut
2615 2480 2682 2534 ad
2706 2480 2848 2535 illam
2876 2481 3051 2537 redire
3076 2484 3358 2551 possimus.
3386 2485 3502 2554 Ipsa
3534 2496 3615 2539 est

2031 2568 2138 2634 illa,
2164 2568 2248 2621 ubi
2264 2578 2451 2623 stantes
2467 2580 2609 2623 erant
2624 2572 2773 2640 pedes
2789 2572 2947 2625 nostri
2957 2572 3009 2625 in
3026 2573 3167 2627 atriis
3184 2571 3487 2640 Jerusalem,
3508 2576 3585 2629 sic
3597 2607 3614 2618 ο

2028 2670 2088 2715 ut
2123 2661 2345 2715 audistis
2367 2663 2417 2717 in
2441 2662 2647 2732 psalmo
2674 2663 3003 2718 canticorum
3026 2665 3282 2735 graduum
3304 2668 3578 2736 superiore
3594 2710 3611 2733 ,

2023 2751 2133 2822 jam
2176 2752 2327 2808 vobis
2368 2754 2613 2823 exposito
2655 2762 2709 2808 et
2748 2762 2970 2810 tractato
3007 2757 3095 2826 qui
3141 2756 3487 2823 interfuistis;
3524 2760 3611 2812 cui

2026 2843 2325 2912 suspirabat
2365 2844 2454 2898 ille
2484 2844 2575 2913 qui
2596 2844 2861 2909 cantabat,
2888 2844 3174 2899 Jerusalem
3197 2862 3309 2915 quia
3331 2847 3614 2915 aediﬁcatur

2026 2942 2080 2986 ut
2123 2933 2298 2987 ciuitas
2324 2935 2509 3004 ;cujus
2545 2934 2864 3005 participatio
2909 2935 3018 3001 ejus
3056 2938 3109 2989 in
3154 2937 3377 3006 idipsum
3422 2936 3610 3008 (Psal.

2026 3041 2169 3091 CXXI,
2196 3023 2254 3093 2,
2285 3026 2366 3097 3).
2393 3026 2493 3095 Qui
2519 3041 2649 3097 ergo
2676 3027 2749 3082 ibi
2791 3026 3030 3082 habitant
3078 3045 3177 3082 non
3211 3031 3539 3083 movebuntur
3560 3030 3613 3083 in

2026 3126 2292 3172 wternum.
2336 3116 2438 3185 Qui
2478 3127 2656 3172 autem
2703 3116 3005 3173 habitarunt
3052 3119 3105 3173 in
3146 3120 3243 3174 ista
3290 3120 3606 3186 Jerusalem,

2029 3209 2159 3263 moti
2186 3218 2340 3274 sunt;
2374 3209 2544 3279 primo
2565 3209 2750 3277 corde,
2773 3218 2955 3280 postea
2986 3210 3193 3265 exsilio.
3236 3210 3459 3280 Quando
3482 3213 3616 3267 moti

2028 3309 2153 3355 sunt
2174 3299 2337 3355 corde
2361 3309 2414 3355 et
2441 3301 2768 3365 ceciderunt,
2798 3310 2924 3356 tunc
2948 3301 3145 3371 Regem
3178 3304 3343 3372 ipsius
3366 3319 3613 3374 superna:

2027 3389 2322 3447 Jerusalem
2347 3390 2742 3446 crucilixerunt.
2770 3390 2889 3447 Jam
2910 3394 3258 3463 spiritualiter
3281 3395 3411 3450 foris
3438 3408 3610 3461 erant,

2029 3493 2083 3537 et
2122 3483 2294 3552 ipsum
2334 3482 2534 3553 Regem
2567 3484 2709 3539 fora's
2735 3484 3109 3540 excludebant.
3152 3486 3442 3556 Ejecerunt
3470 3490 3615 3543 enim

2029 3572 2178 3627 illum
2221 3582 2371 3629 extra
2416 3575 2684 3630 civitatem
2728 3589 2914 3642 suam,
2960 3585 3015 3631 et
3061 3578 3189 3632 loris
3238 3580 3617 3635 crucilixerunt

2030 3664 2211 3735 (Joan.
2240 3682 2332 3721 xix
2354 3707 2371 3735 ,
2400 3667 2489 3735 l7,
2523 3666 2633 3739 18).
2676 3668 2740 3723 Ει
2768 3670 2880 3739 ipse
2907 3670 3065 3740 ejecit
3104 3671 3222 3725 illos
3247 3682 3401 3727 extra
3426 3674 3615 3727 civita—

2030 3767 2138 3815 tem
2167 3776 2336 3824 suam,
2370 3759 2421 3814 id
2443 3768 2525 3815 est
2544 3769 2798 3815 aeternam
2819 3760 3112 3817 Jerusalem
3132 3772 3356 3818 matrem
3376 3764 3615 3819 omnium

2031 3861 2294 3918 nostrum,
2326 3865 2444 3921 quae
2468 3860 2551 3905 est
2580 3852 2631 3904 in
2661 3852 2832 3907 caelis.

2101 3943 2153 3997 4.
2204 3943 2387 4010 Qualis
2432 3951 2515 3996 est
2560 3943 2658 3996 ista
2702 3941 3036 3996 Jerusalem?
3079 3940 3319 3997 Breviter
3363 3940 3619 3998 describit

2030 4051 2170 4091 eam.
2205 4034 2403 4089 Montes
2443 4035 2495 4087 in
2525 4034 2735 4087 circuitu
2779 4034 2907 4101 eius.
2954 4033 3199 4103 Magnum
3241 4031 3474 4103 aliquid,
3515 4047 3619 4088 nos

2030 4140 2151 4182 esse
2171 4126 2226 4180 in
2246 4139 2309 4179 ea
2327 4124 2540 4179 civitate
2559 4139 2715 4194 quam
2737 4121 3204 4180 circumdederunt
3227 4122 3472 4179 montes?
3498 4122 3617 4193 ipsa

2032 4227 2114 4273 est
2152 4225 2262 4272 tota
2305 4215 2529 4271 felicitas
2558 4226 2740 4271 nostra
2764 4257 2778 4278 ,
2824 4215 2948 4286 quia
2988 4215 3301 4271 habebimus
3346 4216 3617 4272 civitatem

2031 4326 2190 4382 quam
2217 4307 2682 4365 circumdederunt
2713 4307 2961 4363 montes?
2987 4306 3124 4362 Num
3159 4308 3301 4362 enim
3332 4322 3437 4363 non
3463 4309 3617 4363 novi-

2034 4419 2154 4460 mus
2181 4403 2427 4459 montes?
2457 4413 2547 4456 aut
2569 4400 2697 4471 quid
2726 4411 2850 4455 sunt
2869 4408 3098 4466 montes,
3123 4400 3224 4454 nisi
3248 4408 3483 4456 tumores
3508 4408 3619 4456 ter-

2032 4495 2248 4552 rarum?
2277 4494 2378 4548 Alii
2410 4502 2533 4548 sunt
2557 4507 2686 4563 ergo
2729 4500 2937 4547 montes
2961 4490 3246 4558 amabiles,
3278 4499 3489 4546 montes
3520 4506 3619 4547 ex-

2033 4586 2197 4651 celsi,
2229 4584 2602 4656 pnedicatores
2628 4582 2896 4648 veritatis,
2934 4582 3047 4637 sive
3082 4580 3300 4652 Angeli,
3331 4581 3443 4636 sive
3470 4582 3619 4650 Apo-

2035 4676 2177 4739 stoli,
2210 4676 2322 4731 sive
2345 4673 2643 4743 Prophetas.
2674 4671 2777 4742 Ipsi
2807 4681 2931 4727 sunt
2953 4672 3004 4726 in
3033 4671 3256 4726 circuitu
3281 4669 3617 4734 Jerusalem;

2034 4766 2276 4822 ambiunt
2316 4765 2493 4830 illam,
2523 4775 2576 4819 et
2609 4765 2758 4835 quasi
2798 4778 3008 4821 murum
3048 4762 3125 4817 illi
3171 4760 3385 4815 faciunt.
3419 4761 3494 4815 De
3535 4759 3619 4817 his

2035 4859 2305 4916 montibus
2329 4858 2644 4913 amabilibus
2685 4864 2739 4910 et
2783 4853 3183 4911 delectabilibus
3219 4851 3431 4906 assidue
3472 4850 3619 4907 Scri-

2038 4962 2188 5024 ptura
2238 4951 2488 5021 loquitur.
2540 4949 2810 5004 Advortite
2858 4962 2977 5002 cum
3025 4943 3219 4999 auditis
3267 4943 3353 4997 vel
3406 4943 3615 5013 legitis;

2039 5044 2276 5117 pluribus
2300 5043 2432 5098 locis
2458 5040 2704 5097 invenitis
2726 5048 2932 5093 montes
2952 5035 3313 5099 delectabiles,
3342 5048 3499 5103 quam
3522 5048 3622 5088 nos

2038 5150 2322 5209 possumus
2344 5146 2785 5193 commemorare.
2821 5130 3199 5185 Verumtamen
3227 5134 3481 5197 quantum
3511 5125 3621 5181 Do-

2042 5231 2219 5286 minus
2243 5228 2509 5300 suggerit,
2537 5224 2768 5281 delectat
2797 5236 2894 5277 nos
2921 5220 2990 5277 de
3032 5220 3116 5275 his
3158 5217 3426 5274 montibus
3456 5216 3619 5272 multa

2042 5321 2258 5386 dicere;
2289 5318 2544 5375 etdivina
2574 5313 2873 5372 testimonia
2918 5312 2986 5368 de
3028 5310 3243 5366 Litteris
3285 5310 3482 5365 sanctis
3528 5323 3621 5363 oc-

2109 5480 2125 5511 ι
2151 5482 2357 5536 Quatuor
2378 5479 2505 5532 Mss,
2529 5476 2582 5520 ut
2604 5468 2767 5533 probet
2783 5466 2921 5518 illum
2946 5468 3009 5517 de
3030 5466 3194 5517 diuite.
3220 5527 3229 5536 _

2107 5541 2129 5571 !
2152 5538 2339 5600 Aliquot
2362 5535 2490 5594 libri,
2509 5529 2871 5600 commovebitur
2891 5542 2909 5579 :
2924 5530 3007 5594 qui
3030 5538 3193 5579 tamen
3217 5524 3337 5575 mira
3354 5535 3464 5573 cum
3482 5528 3620 5569 ciete.

2045 5590 2317 5665 rishabént
2340 5590 2635 5665 constanter,
2667 5590 2957 5665 inhabitant:
3035 5650 3069 5665 ,ί
3112 5661 3205 5665 ΜΔ
3252 5656 3322 5665 ὼ
3369 5643 3442 5665 ηπ

2111 5643 2597 5721 Fu'e§"iis's{.;"é[
2617 5643 2813 5707 invenis.
2837 5650 3076 5715 Quomodo
3097 5661 3227 5711 ergo,
3246 5656 3339 5697 etc.
3362 5643 3463 5704 Αιίί,
3484 5650 3619 5701 certe

2048 5737 2237 5841 culos":
2259 5784 2435 5847 aliquot
2462 5790 2565 5835 mss.
2594 5789 2646 5837 At
2669 5779 2797 5835 add;
2821 5786 3160 5831 Et't‘ttt't't'ﬂ'tms
3178 5784 3206 5824 η
3220 5768 3317 5827 νέαι
