4160 6454
560 316 583 370 1
595 315 691 369 (35.1

561 425 880 482 currerunt‘
913 425 1081 480 nobis.
1123 421 1226 491 Ipsi
1271 425 1628 473 suntmontes
1657 411 1748 484 qui
1777 409 2140 466 illuminantur

565 534 596 573 a
634 519 777 576 Deo:
807 526 859 573 et
895 517 1143 589 primitus
1185 511 1563 571 illuminantur,
1613 515 1670 561 ut
1708 506 1774 559 ab
1805 503 1932 572 ipsis
1964 502 2140 556 lumen

567 609 855 667 descendat
892 607 956 665 ad
995 606 1190 671 valles,
1229 603 1309 658 vel
1345 594 1415 656 ad
1446 600 1641 662 colles;
1687 598 1809 666 quia
1852 610 1955 648 non
1986 600 2143 647 tanta:

569 709 693 756 sunt
720 697 1040 762 altitudinis,
1085 703 1293 767 quanta:
1334 700 1457 747 sunt
1485 698 1712 748 montes.
1757 687 1860 758 Ipsi
1899 694 2022 740 sunt
2052 700 2145 754 per

572 807 704 862 quos
729 791 879 846 nobis
905 797 1230 859 pret-regatur
1259 785 1551 854 Scriptum.
1583 783 1696 838 sive
1715 781 1768 838 in
1801 779 2073 850 prophetia
2099 779 2141 844 ³,

570 884 682 937 sive
713 883 764 936 in
793 879 1077 950 Apostolis,
1111 877 1224 932 sive
1257 878 1308 934 in
1336 875 1642 945 Evangelia.
1668 873 1766 944 Ipsi
1791 880 1914 928 sunt
1937 879 2146 925 montes

571 974 636 1029 de
677 972 868 1043 quibus
898 980 1213 1036 cantamus,
1247 968 1432 1024 Levavi
1467 966 1638 1022 oculos
1665 980 1799 1020 meos
1827 963 1881 1017 in
1921 970 2143 1026 montes,

569 1066 704 1119 unde
733 1065 888 1119 veniet
915 1064 1162 1118 auxilium
1197 1063 1359 1126 milii;
1389 1059 1507 1129 quia
1536 1057 1601 1112 de
1629 1053 1915 1124 Scripturis
1951 1052 2149 1108 sanctis

569 1158 622 1211 in
656 1156 754 1211 hac
780 1156 884 1210 vita
914 1154 1170 1210 habemus
1197 1150 1473 1206 auxilium.
1507 1148 1612 1203 Sed
1640 1147 1758 1216 quia
1799 1145 1897 1213 ipsi
1943 1151 2148 1198 montes

572 1263 680 1302 non
710 1263 739 1302 a
769 1262 826 1302 se
855 1255 1220 1316 proteguntur,
1260 1258 1358 1298 nec
1379 1257 1408 1295 a
1439 1240 1625 1310 seipsis
1655 1238 1807 1292 nobis
1831 1236 2146 1300 consulunt,

572 1353 670 1392 nec
697 1351 819 1406 spes
845 1345 1021 1390 nostra
1049 1336 1206 1388 debet
1235 1348 1352 1387 esse
1386 1332 1439 1385 in
1467 1330 1730 1384 montibus
1750 1369 1765 1394 ,
1797 1343 1860 1382 ne
1885 1325 2150 1381 maledicti

573 1433 738 1487 simus
765 1431 851 1500 qui
881 1446 1024 1498 spem
1055 1431 1104 1483 in
1139 1427 1349 1481 homine
1377 1423 1618 1494 ponimus
1641 1421 1856 1491 (Jerem.
1886 1435 1992 1474 xvn
2013 1461 2028 1484 ,
2059 1417 2149 1491 5);

569 1525 677 1594 jam
706 1523 930 1587 dixerat,
963 1521 1144 1575 Levuri
1169 1520 1336 1574 oculos
1363 1534 1494 1571 meos
1521 1517 1572 1572 in
1599 1525 1809 1578 montes,
1840 1515 1973 1567 unde
1996 1513 2154 1566 veniet

574 1614 816 1667 auxilium
845 1611 1003 1678 milii;
1033 1610 1310 1672 Auxilium,
1342 1608 1527 1677 inquit,
1553 1622 1717 1658 meum
1746 1621 1776 1656 a
1803 1603 2039 1668 Domino,
2069 1602 2155 1672 qui

575 1705 689 1775 fecit
718 1703 895 1760 coelum
927 1711 972 1757 et
1004 1712 1185 1754 terram
1214 1698 1382 1771 (Psal.
1406 1714 1529 1757 cxx.
1556 1698 1606 1763 1,
1628 1695 1701 1766 2).
1731 1695 1830 1762 Ipsi
1857 1703 1978 1748 sunt
2003 1708 2155 1748 mon-

577 1807 654 1851 tes
682 1797 746 1850 de
769 1795 958 1864 quibus
987 1794 1109 1848 item
1134 1792 1257 1846 dicit
1289 1809 1301 1845 :
1335 1789 1625 1858 Suscipiunt
1653 1795 1840 1840 montes
1863 1801 2037 1855 pacem
2060 1801 2154 1852 po-

579 1889 698 1959 pulo
727 1897 844 1950 tuo,
891 1894 937 1939 et
964 1884 1113 1938 colles
1134 1882 1383 1952 justitiam
1429 1878 1596 1949 (Psul.
1637 1893 1792 1938 ιχιιι,
1832 1875 1908 1946 5).
1953 1875 2156 1930 Montes

582 1979 754 2050 magni
795 1986 917 2032 sunt
943 2017 955 2041 ,
996 1985 1048 2028 ct
1072 1974 1234 2028 colles
1263 1973 1497 2026 minores
1521 1977 1663 2023 sunt.
1692 1968 1894 2021 Montes
1919 1982 2044 2035 ergo
2075 1966 2155 2020 vi-

580 2071 725 2135 dent,
754 2069 918 2123 colles
945 2066 1202 2121 credunt:
1235 2063 1322 2134 qui
1354 2062 1566 2126 vident,
1597 2074 1779 2129 pacem
1811 2067 2159 2125 susceperunt

580 2170 631 2216 et
661 2159 948 2215 attulerunt
989 2156 1052 2212 ad
1084 2170 1174 2209 cos
1204 2155 1291 2224 qui
1324 2151 1566 2207 credunt.
1597 2150 1696 2218 Qui
1731 2149 1870 2203 enim
1899 2148 2154 2213 credunt,

579 2251 871 2321 suscipiunt
907 2248 1198 2318 justitiam;
1242 2246 1360 2316 quia
1385 2244 1562 2314 justus
1591 2258 1654 2296 ex
1686 2241 1788 2295 ﬁde
1814 2241 1943 2294 vivit
1978 2237 2153 2307 (Rom.

579 2361 617 2412 ι,
650 2342 756 2413 l'l).
788 2341 972 2411 Angeli
1003 2339 1198 2403 vident,
1228 2337 1541 2394 annuntiant
1565 2332 1704 2404 quod
1734 2333 1932 2397 vident,
1961 2340 2015 2384 et
2044 2345 2159 2385 ere-

579 2437 753 2491 dimus
791 2447 909 2489 nos.
947 2432 1176 2488 Joannes
1207 2429 1291 2485 ille
1326 2447 1339 2483 :
1371 2426 1436 2480 In
1475 2425 1720 2496 principio
1759 2433 1864 2476 erat
1911 2420 2155 2486 Verbum,

581 2537 626 2582 et
659 2525 873 2580 Verbum
896 2533 1000 2578 erat
1020 2522 1156 2592 apud
1182 2519 1355 2584 Deum,
1382 2527 1427 2572 et
1454 2517 1586 2572 Deus
1609 2524 1712 2570 erat
1743 2512 1955 2566 Verbum
1979 2511 2160 2578 (Joan.

583 2635 628 2684 ι,
663 2618 750 2688 1);
783 2615 1030 2678 videbat,
1075 2609 1378 2683 praedicavit
1421 2608 1573 2663 nobis
1606 2613 1661 2660 ut
1691 2603 2049 2658 crederemus.
2091 2602 2160 2656 Et

584 2728 678 2783 per
699 2717 907 2765 montes
927 2707 1272 2776 suscipientes
1295 2717 1498 2773 pacem,
1523 2707 1868 2766 susceperunt
1893 2695 2054 2751 colles
2077 2693 2162 2764 ju-

583 2803 778 2860 stitiam
813 2820 827 2856 :
860 2801 976 2872 quia
1009 2800 1074 2852 de
1106 2799 1232 2867 ipsis
1257 2793 1527 2850 montibus
1557 2790 1680 2859 quid
1717 2788 1822 2843 ait?
1865 2788 1975 2842 Non
2006 2787 2156 2855 dixit,

586 2898 627 2949 A
673 2909 731 2948 se
770 2890 969 2946 habent
1010 2904 1212 2959 pacem,
1249 2887 1351 2952 vel,
1385 2884 1664 2940 instituunt
1695 2895 1898 2949 pacem,
1935 2878 2034 2942 vel,
2067 2893 2159 2948 ge-

587 2995 772 3044 nerant
803 2999 1018 3055 pacem;
1067 2980 1179 3041 scd,
1222 2977 1514 3046 suscipiunt
1553 2989 1755 3044 pacem.
1811 2969 1958 3027 Unde
1987 2972 2160 3027 susci-

585 3082 733 3152 piunt
759 3091 939 3148 pacem
963 3117 977 3140 ,
1005 3072 1258 3128 Dominus
1288 3077 1386 3127 est.
1420 3067 1508 3122 Sic
1534 3080 1660 3135 ergo
1687 3064 1803 3118 leva
1830 3062 2012 3118 oculos
2043 3070 2161 3116 tuos

585 3173 650 3226 ad
696 3176 906 3224 montes
947 3172 1162 3234 prepter
1199 3175 1405 3230 pacem,
1449 3169 1505 3212 ut
1542 3157 1791 3211 auxilium
1834 3165 1978 3208 tuum
2023 3154 2091 3208 sit
2132 3169 2162 3207 a

586 3261 835 3325 Domino,
877 3256 967 3326 qui
1022 3254 1145 3310 fecit
1187 3252 1378 3308 caelum
1431 3258 1484 3304 et
1531 3258 1742 3301 terram.
1794 3245 1998 3300 Rursus
2047 3245 2163 3299 illos

590 3361 796 3406 montes
825 3357 1248 3404 commemorans
1273 3339 1495 3409 Spiritus
1521 3349 1735 3392 sanctus
1764 3337 1863 3390 hoc
1889 3337 1961 3390 ait
1986 3353 1998 3388 :
2033 3333 2165 3387 Illu-

587 3445 784 3498 miucms
810 3450 860 3493 tu
885 3433 1241 3492 admirabiliter
1265 3450 1296 3484 α
1319 3429 1564 3484 montibus
1591 3428 1786 3482 cateruis
1813 3425 1981 3497 (Psul.
2004 3440 2159 3490 Lxxv,

589 3538 622 3592 5
647 3537 682 3608 ).
715 3533 828 3589 Νοιι
860 3530 1012 3592 dixit,
1043 3525 1342 3580 llluminant
1368 3529 1606 3588 montes;
1638 3518 1752 3582 sed,
1785 3516 2085 3570 Illuwinuus
2112 3525 2164 3572 tu

589 3647 619 3683 a
645 3625 892 3682 montibus
927 3621 1124 3678 wteruis
1151 3634 1170 3673 :
1197 3632 1289 3686 per
1332 3622 1540 3669 montes
1586 3612 1715 3665 istos
1753 3625 1889 3678 quos
1936 3617 2164 3660 mlcl‘nlls

590 3735 708 3776 esse
733 3715 962 3780 voluisti,
1009 3709 1302 3780 praedicans
1343 3702 1706 3773 Evangelium,
1732 3709 1784 3752 tu
1809 3699 2098 3753 illuminaus
2120 3696 2162 3764 ³,

591 3830 694 3869 non
726 3819 951 3864 montes.
987 3806 1144 3860 Tales
1169 3816 1296 3871 ergo
1323 3807 1512 3852 montes
1534 3797 1584 3848 in
1613 3792 1820 3846 circuitu
1848 3789 2162 3845 Jerusalem.

661 3907 713 3962 5..
747 3905 812 3960 Et
841 3909 899 3955 ut
927 3897 1179 3957 noveritis
1213 3893 1394 3966 quales
1441 3891 1546 3944 sint
1592 3895 1798 3942 montes
1846 3884 1899 3937 in
1942 3883 2166 3936 circuitu

589 3999 741 4069 ejus;
781 3993 874 4048 ubi
915 3986 1350 4046 commemoravit
1389 3991 1602 4036 montes
1643 3977 1812 4032 bonos
1852 3975 2122 4044 Scriptura
2149 4015 2163 4040 ,

590 4087 742 4145 valde
773 4099 894 4138 raro
920 4091 973 4138 et
1001 4079 1233 4144 difﬁcile,
1264 4083 1353 4132 nul
1381 4073 1515 4126 forte
1550 4083 1815 4140 nunquam
1847 4081 1950 4118 non
1978 4074 2031 4118 et
2060 4073 2168 4117 sta-

593 4178 686 4234 tim
732 4174 803 4229 ibi
849 4171 1084 4226 nominat
1125 4167 1424 4229 Dominum,
1471 4155 1747 4213 autsimul
1791 4153 2068 4225 significat,
2101 4167 2168 4208 ne

593 4282 715 4338 spes
758 4270 1028 4320 remaneat
1055 4261 1106 4314 in
1140 4255 1429 4314 montibus.
1458 4253 1597 4307 Ecce
1623 4249 1798 4304 videte
1823 4262 1980 4317 quam
2007 4235 2169 4299 multa

593 4334 1023 4418 commemoravi.
1052 4348 1233 4403 Levavi
1260 4345 1429 4399 oculos
1454 4359 1586 4396 meos
1609 4341 1661 4393 in
1687 4347 1896 4404 utentes,
1929 4334 2061 4387 unde
2085 4349 2169 4388 ve-

596 4450 694 4508 niet
741 4443 988 4504 auxilium
1035 4436 1274 4492 inihi:ct
1317 4449 1381 4487 ne
1424 4432 1490 4486 ibi
1545 4441 1860 4493 remaneas,
1911 4424 2170 4479 Auxilium

595 4553 778 4601 meum,
814 4531 1002 4600 inquit,
1035 4546 1065 4582 a
1103 4526 1341 4588 Domino,
1379 4521 1464 4592 qui
1506 4521 1623 4590 fecit
1663 4519 1839 4571 caelum
1877 4526 1922 4569 et
1964 4525 2166 4568 terram.

597 4631 828 4687 Rursus,
877 4618 1170 4689 Suscipiunt
1215 4620 1404 4666 montes
1445 4625 1618 4681 pacem
1664 4605 1847 4678 papula
1889 4615 1975 4658 tuo
2006 4619 2170 4660 :cum

595 4723 746 4787 dixit,
779 4712 1092 4782 Suscipiunt,
1122 4703 1354 4764 ostendit
1392 4701 1551 4755 alium
1592 4713 1709 4752 esse
1749 4694 1988 4751 fontem‘
2026 4695 2170 4764 pacis

595 4785 741 4868 unde
768 4808 841 4866 illi
882 4800 1194 4876 suscipiunt.
1226 4794 1452 4856 Rursus,
1481 4790 1524 4843 Α
1555 4787 1800 4841 montibus
1832 4785 2124 4839 illuminuns
2154 4797 2173 4838 .'

593 4905 709 4970 sed,
739 4902 840 4961 Tu,
872 4896 1038 4958 dixit;
1078 4889 1384 4946 Illuminans
1414 4894 1464 4937 tu
1493 4880 1851 4936 admirabiliter
1870 4895 1901 4931 a
1923 4876 2172 4930 montibus

593 4967 807 5051 u-‘teruis.
838 4989 969 5044 Item
991 4985 1091 5037 hoc
1119 4983 1236 5036 loco
1256 4991 1375 5032 cum
1397 4973 1635 5036 dixisset,
1663 4968 1862 5022 Montes
1883 4968 1934 5019 in
1960 4967 2171 5019 circuitu

595 5090 738 5153 eius;
783 5098 846 5138 ne
898 5089 951 5132 tu
992 5089 1198 5130 rursum
1241 5081 1543 5125 remaneres
1582 5064 1634 5117 in
1673 5061 1911 5116 montibu
1951 5101 1966 5125 ,
1994 5059 2169 5113 statim

596 5173 865 5241 subjunxit
886 5210 898 5234 ,
932 5170 994 5223 Et
1027 5167 1271 5222 Dominus
1302 5163 1355 5215 in
1375 5159 1588 5213 circuitu
1626 5153 1780 5225 plebis
1810 5169 1952 5207 sum:
1987 5160 2045 5205 ut
2083 5161 2169 5205 tua

599 5279 717 5331 spes
749 5277 849 5313 non
887 5261 952 5310 sit
993 5257 1045 5310 in
1095 5252 1380 5315 montibus,
1421 5248 1513 5303 sed
1559 5247 1610 5300 in
1655 5245 1746 5299 illo
1786 5243 1874 5314 qui
1912 5243 2171 5296 illuminat

601 5361 826 5408 montes.
856 5349 988 5402 Cum
1015 5347 1154 5408 enim
1185 5345 1271 5397 ille
1303 5341 1502 5394 habitat
1529 5339 1581 5392 in
1611 5335 1897 5399 montibus,
1929 5333 1980 5387 id
2007 5343 2086 5388 est
2116 5333 2167 5386 in

661 5514 677 5545 ί
708 5508 840 5562 ιῖάιι.,
865 5508 1139 5567 occurrunt.
1168 5507 1221 5551 At
1243 5507 1367 5567 :u_ss_.,
1390 5499 1720 5567 occurrerunt.

660 5577 678 5605 ²
705 5549 1114 5620 iiiui'és".»iss.'.tn
1143 5549 1386 5630 Prophetis
1425 5571 1440 5608 :
1479 5565 1532 5626 et
1565 5569 1677 5608 mox
1702 5553 1954 5620 plerique,
1993 5549 2089 5604 sive
2123 5549 2174 5603 in

660 5632 825 5666 mm“.-
871 5637 915 5666 in
942 5627 1080 5666 mit-
1104 5622 1201 5666 sive
1224 5634 1273 5666 ιη
1301 5617 1528 5666 Emstolzs.

603 5632 844 5695 dpostolis.
867 5637 922 5680 At
942 5627 1080 5685 ald,
1104 5624 1201 5674 sive
1224 5624 1273 5672 in
1301 5624 1528 5682 Epistolis.

663 5700 684 5729 ³
707 5703 782 5744 Fr.
803 5691 946 5755 Lugd.
971 5697 1087 5738 Ven.
1115 5679 1526 5755 ιιοιιηῃίζιειιηίίηίιε..
1624 5685 1681 5728 M.

659 5758 681 5790 ⁸
702 5743 772 5806 sic
795 5743 1015 5818 plerique
1041 5757 1141 5802 Mss.
1165 5753 1218 5798 At
1241 5743 1372 5803 ιλιι,
1392 5746 1609 5791 montem.

1778 299 1842 356 Β.
1881 291 2247 352 ΑυϐυὲιἹΊΝΙ
2287 291 2582 352 EPISCOPI

2249 408 2608 504 sanctissipse
2629 421 2707 466 est
2737 412 2789 467 in
2817 415 3038 471 circuitu
3051 417 3482 488 .plebissuapot
3501 427 3776 497 ipse-mura-

2250 499 2354 554 vit‘,
2388 500 2596 568 plebem
2620 518 2768 558 suam
2794 506 3122 562 munimento
3145 512 3422 579 spirituali,
3453 533 3518 572 ne
3537 535 3774 583 moueatur

2250 589 2299 685 in
2326 601 2605 648 aeternum.
2653 598 2721 651 At
2755 615 2880 654 vero
2908 600 2973 656 de
3002 604 3104 658 illis
3131 609 3392 662 montibus
3424 615 3570 669 malis
3592 623 3776 685 quando

2249 682 2479 754 loquitur
2519 687 2820 758 Scriptura,
2867 709 2975 748 non
3009 697 3094 750 eis
3127 699 3276 754 addit
3315 682 3619 762 Dominum.-
3645 711 3780 771 Tales

2250 789 2477 875 montes,
2503 781 2612 852 jam
2642 801 2783 854 saepe
2819 787 3050 843 diximus
3087 792 3252 856 tubis.
3279 795 3567 865 signiﬁcant
3591 819 3780 875 ιιιειειιικ

2252 873 2504 941 quasdam
2531 875 2754 942 animas,
2783 879 2876 932 sed
2904 881 3090 935 malas.
3131 881 3244 940 Non
3286 886 3426 940 enim
3468 873 3782 958 putetis,lra-

2254 970 2360 1018 tres
2381 1003 2398 1028 ,
2427 964 2545 1033 quia
2576 975 2855 1033 potuerunt
2880 970 2991 1024 ﬁeri
3031 973 3260 1030 luereses
3285 991 3382 1043 per
3408 977 3600 1048 aliquas
3621 997 3784 1051 parvas

2253 1053 2471 1107 anitnas.
2504 1053 2617 1109 Non
2644 1055 2885 1112 fecerunt
2915 1060 3166 1127 haireses,
3195 1066 3308 1118 nisi
3339 1069 3510 1137 magni
3534 1069 3783 1132 homines:

2255 1145 2346 1201 sed
2373 1152 2627 1217 quantum
2657 1151 2851 1220 magni,
2887 1162 3084 1206 tantum
3113 1155 3233 1210 mali
3263 1168 3491 1213 tuentes.
3535 1161 3640 1218 Non
3666 1167 3786 1223 enim

2255 1249 2463 1293 montes
2489 1251 2642 1294 erant
2677 1244 2808 1296 tales
2845 1247 2932 1312 qui
2977 1249 3308 1315 susciperent
3344 1265 3628 1320 pacem-ut
3647 1259 3788 1316 colles

2255 1333 2622 1400 suscipereut'
2653 1334 2945 1402 justitiam;
2984 1339 3076 1392 sed
3113 1340 3188 1394 illi
3225 1342 3599 1405 dissensionem
3629 1366 3790 1407 susce-

2255 1431 2446 1491 perunt
2473 1439 2503 1476 a
2532 1423 2742 1479 diabolo
2777 1436 2924 1495 patre
2965 1444 3081 1484 suo.
3128 1430 3333 1488 Montes
3373 1448 3499 1505 ergo
3534 1451 3674 1493 erant
3697 1481 3709 1494 .
3733 1444 3790 1499 ad

2261 1514 2390 1568 tales
2414 1524 2620 1569 montes
2645 1531 2774 1571 cave
2802 1535 2866 1572 ne
2899 1518 3084 1588 fugias.
3109 1521 3330 1577 Venturi
3355 1528 3493 1581 enim
3516 1541 3634 1584 sunt
3657 1531 3792 1589 homi-

2258 1620 2374 1671 nes,
2407 1616 2458 1659 et
2497 1607 2684 1661 dicturi
2733 1609 2823 1662 tibi
2855 1628 2872 1664 :
2903 1611 3116 1681 Magnus
3152 1615 3238 1670 ille
3266 1617 3365 1680 vir,
3397 1626 3451 1673 et
3477 1635 3686 1690 magnus
3722 1626 3794 1682 ille

2261 1694 2438 1750 homo.
2483 1697 2664 1764 Qualis
2692 1699 2786 1753 fuit
2816 1700 2902 1756 ille
2947 1702 3214 1759 Donatus!
3257 1708 3430 1776 qualis
3454 1720 3533 1765 est
3556 1712 3793 1770 Maximia-

2260 1787 2433 1844 nus‘l
2477 1797 2530 1844 et
2565 1792 2744 1846 nescio
2783 1793 2901 1861 quis
2940 1793 3197 1850 Photinus
3213 1795 3258 1860 ⁸,
3288 1801 3459 1866 qualis
3497 1800 3615 1858 fuit!
3654 1815 3700 1860 et
3725 1808 3795 1862 illo

2261 1879 2419 1934 Arius
2441 1881 2610 1950 qualis
2648 1881 2775 1936 fuit!
2815 1882 3011 1940 Omnes
3041 1886 3171 1941 istos
3193 1900 3406 1945 montes
3427 1895 3694 1960 nominavi,
3717 1897 3794 1952 sed

2261 1969 2624 2042 naufragosos.
2662 1974 2857 2028 Videtis
2885 1979 3005 2045 quia
3027 1978 3166 2034 lucet
3187 1979 3257 2034 de
3289 1981 3394 2036 illis
3423 1984 3590 2054 aliqua
3615 1985 3795 2046 ﬂamma

2261 2065 2524 2118 sermonis
2542 2105 2555 2128 ,
2582 2074 2631 2118 et
2661 2065 2851 2135 aliquis
2875 2067 2942 2122 de
2966 2069 3094 2136 ipsis
3123 2069 3263 2139 ignis
3284 2075 3604 2131 accenditur.
3646 2077 3692 2132 Si
3715 2093 3795 2134 na-

2263 2153 2448 2223 vigatis
2480 2157 2529 2210 in
2560 2157 2718 2225 ligno,
2749 2168 2803 2212 et
2828 2170 3037 2216 noctem
3061 2163 3329 2232 patimini,
3362 2166 3410 2219 id
3433 2177 3529 2232 est,
3556 2171 3795 2238 caligine-

2235 2291 2243 2300 .
2265 2246 2419 2316 hujus
2441 2249 2591 2316 vita};
2624 2265 2726 2303 non
2750 2266 2840 2305 vos
2861 2251 3063 2320 fallant,
3087 2272 3187 2312 nec
3205 2258 3447 2328 dirigatis
3475 2261 3591 2317 illuc
3613 2263 3792 2317 navim:

2264 2340 2334 2395 ibi
2375 2351 2497 2396 sunt
2537 2359 2682 2406 saxa,
2712 2345 2781 2399 ibi
2826 2347 3095 2416 naufragia
3134 2365 3325 2420 magna
3362 2352 3507 2408 ﬁunt.
3545 2353 3670 2410 Cum
3691 2371 3796 2424 euge

2263 2431 2355 2486 tibi
2387 2432 2580 2487 laudati
2612 2434 2807 2490 fuerint
2838 2437 2921 2492 isti
2951 2451 3178 2506 minitas,
3197 2446 3490 2512 etcuaperit
3515 2445 3602 2500 tibi
3620 2447 3797 2502 suaderi

2263 2535 2320 2578 ut
2346 2526 2524 2580 venias
2560 2528 2624 2582 ad
2664 2529 2807 2598 ipsos
2832 2542 3059 2599 montes,
3095 2536 3247 2603 quasi
3287 2535 3356 2590 ad
3388 2537 3648 2605 auxilium,
3669 2548 3719 2594 et
3739 2539 3796 2592 ibi

2263 2619 2600 2686 requiescas;
2649 2623 2908 2691 responde
2940 2625 3048 2679 ειη
3085 2625 3310 2682 Domino
3327 2629 3563 2698 oon/ida;
3585 2632 3796 2698 quomodo

2265 2708 2428 2763 dicitis
2452 2712 2636 2765 auiutw
2659 2729 2798 2780 mare,
2832 2713 3153 2786 Transmigra
3195 2719 3247 2773 in
3289 2730 3477 2773 inutiles
3507 2720 3625 2774 sicut
3657 2736 3796 2789 passer

2266 2798 2436 2868 (Paul.
2470 2818 2521 2865 κ,
2554 2803 2646 2871 2)ἱ²
2675 2804 2878 2860 Bonum
2903 2815 2990 2862 est
3007 2808 3148 2864 estin)
3177 2810 3276 2864 tibi
3307 2821 3364 2866 ut
3397 2812 3448 2866 in
3479 2812 3589 2868 illos
3624 2823 3796 2870 montes

2265 2892 2409 2948 leves
2430 2895 2617 2950 oculos
2647 2898 2785 2953 unde
2807 2899 2903 2953 tibi
2925 2902 3179 2956 auxilium
3207 2918 3239 2956 a
3277 2905 3501 2960 Domino
3522 2906 3604 2970 sit,
3625 2915 3675 2960 ut
3699 2923 3797 2959 eva-

2265 2983 2360 3039 das
2381 2985 2523 3042 sicut
2555 3002 2736 3054 passer
2764 2989 2831 3046 de
2861 2993 3151 3062 muscipula
3181 2998 3512 3063 venantium,
3534 3012 3628 3054 neu
3649 3008 3795 3054 mms-

2266 3078 2461 3148 migres
2485 3079 2538 3133 in
2567 3089 2792 3136 montes.
2823 3083 3010 3141 Passer
3031 3087 3174 3140 etiim
3203 3087 3471 3143 instabilis
3490 3105 3571 3145 res
3591 3099 3692 3154 est;
3711 3090 3796 3143 cita

2266 3178 2542 3235 movetur,
2578 3171 2684 3226 cito
2717 3173 2860 3229 volat
2897 3173 3020 3230 hinc
3058 3184 3110 3230 et
3145 3175 3296 3235 inde.
3343 3179 3448 3234 Sed
3475 3189 3526 3236 tu
3548 3179 3733 3235 conlidi:
3755 3180 3796 3231 in

2269 3260 2513 3326 Domino.
2541 3270 2597 3318 et
2623 3263 2729 3320 eris
2751 3264 2891 3320 sicut
2916 3281 3071 3321 mons
3088 3265 3253 3335 Sion;
3289 3285 3401 3326 non
3425 3271 3797 3328 commoveberis

2267 3352 2320 3408 iu
2357 3361 2653 3417 attentum,
2694 3363 2749 3410 et
2779 3372 2888 3410 non
2931 3359 3337 3430 transntigrabis
3375 3362 3424 3416 in
3467 3373 3660 3418 montes
3686 3363 3796 3416 sicut

2269 3458 2472 3513 passer.
2517 3444 2783 3515 Numquid
2825 3447 2896 3506 ibi
2939 3449 3019 3506 sic
3052 3451 3354 3508 nominavit
3393 3462 3613 3520 montes,
3657 3463 3706 3509 ut
3741 3453 3796 3510 de

2269 3537 2491 3592 Domino
2517 3537 2756 3594 diceret?

2339 3630 2393 3683 6.
2421 3630 2526 3685 Sed
2551 3641 2759 3688 montes
2783 3631 2916 3690 talos
2931 3648 3052 3690 ama
3073 3676 3088 3697 ,
3138 3635 3193 3690 in
3223 3637 3420 3706 quibus
3451 3637 3685 3694 Dominus
3701 3648 3791 3692 .est.

2269 3725 2416 3780 Tunc
2439 3733 2614 3778 autem
2643 3732 2694 3782 te
2719 3737 2899 3782 amant
2925 3727 3021 3796 ipsi
3044 3737 3276 3793 montes,
3299 3731 3343 3786 si
3367 3746 3468 3784 non
3487 3731 3539 3785 in
3562 3732 3652 3785 illis
3671 3744 3794 3798 spem

2272 3820 2530 3886 posueris.
2564 3817 2746 3872 Videte
2767 3860 2780 3882 ,
2828 3817 3021 3873 fratres
3044 3859 3058 3882 ,
3106 3820 3296 3890 quales
3321 3832 3443 3876 sunt
3470 3833 3662 3877 montes
3703 3822 3792 3876 Dei.

2269 3910 2398 3964 Nam
2431 3910 2552 3964 inde
2585 3909 2661 3964 sic
2687 3911 2942 3965 nominati
2969 3920 3091 3966 sunt
3120 3911 3172 3966 in
3203 3912 3312 3966 alio
3341 3914 3456 3968 loco
3481 3935 3491 3968 :
3521 3915 3792 3968 Justitiatua

2270 4002 2395 4056 sicut
2426 4011 2612 4056 montes
2649 4001 2747 4056 Dei
2774 4000 2793 4072 (
2823 4000 2968 4058 Pul.
3001 4018 3160 4066 xxxv,
3192 4004 3225 4060 7
3250 4005 3292 4072 ).
3321 4005 3434 4060 Non
3470 4006 3654 4076 justitia
3682 4007 3796 4072 ipso-

2271 4107 2388 4147 rum
2407 4133 2422 4156 ,
2453 4091 2544 4146 sed
2559 4093 2759 4162 justitia
2782 4101 2886 4145 tua.
2908 4093 3042 4147 Audi
3063 4094 3218 4150 talem
3235 4109 3476 4152 montem
3498 4097 3791 4164 Apostolum:

2277 4182 2344 4238 Ut
2369 4184 2593 4238 inveniar
2621 4183 2672 4237 in
2696 4183 2817 4247 illo,
2846 4183 3048 4252 inquit,
3079 4200 3178 4238 non
3200 4185 3392 4241 habens
3402 4188 3641 4257 justitiam
3666 4200 3794 4236 meum

2271 4289 2384 4344 quia
2428 4290 2490 4329 ea:
2531 4273 2637 4343 lege
2682 4283 2782 4337 ut,
2830 4272 2919 4326 sed
2965 4289 3075 4326 om
3121 4289 3235 4341 quia
3269 4285 3347 4332 est
3371 4293 3458 4345 per
3481 4275 3622 4344 ﬁdem
3646 4270 3793 4326 Christi

2275 4359 2546 4434 (Philipp.
2577 4378 2654 4428 tu,
2683 4361 2716 4418 9
2750 4365 2790 4432 ).
2821 4362 2898 4418 Illi
2944 4372 3126 4420 autem
3155 4365 3246 4433 qui
3276 4381 3376 4435 per
3409 4365 3649 4434 justitiam
3673 4376 3792 4416 suam

2273 4463 2481 4509 mentes
2508 4467 2626 4508 esse
2651 4453 2960 4520 voluerunt,
2992 4453 3129 4507 sicut
3155 4452 3326 4512 Judmi
3357 4455 3561 4524 quidam
3586 4453 3657 4506 vel
3686 4449 3795 4504 Pha-

2273 4543 2416 4600 risaei
2453 4542 2718 4614 principes
2761 4557 2982 4608 eorum,
3029 4543 3108 4598 sic
3151 4544 3635 4614 reprehenduntur:
3663 4539 3792 4607 Igno-

2273 4645 2442 4690 ruutes
2469 4636 2600 4688 enim
2630 4633 2726 4690 Dei
2740 4634 3015 4704 justitiam,
3041 4644 3088 4688 et
3116 4651 3258 4690 suam
3287 4635 3504 4690 volentes
3520 4632 3792 4691 constituere,

2265 4729 2481 4800 justitiw
2507 4726 2601 4782 Dei
2619 4744 2717 4788 non
2744 4737 2861 4782 sunt
2889 4727 3099 4794 subjecti
3123 4727 3143 4798 (
3165 4725 3317 4780 Rom.
3343 4743 3393 4791 ιι,
3420 4727 3456 4784 5
3477 4726 3515 4796 ).
3541 4725 3631 4793 Qui
3650 4731 3792 4794 autem

2275 4823 2494 4886 subjecti
2531 4827 2685 4886 sunt,
2715 4820 2793 4876 sic
2817 4827 2941 4874 sunt
2962 4819 3052 4872 alti
3074 4858 3088 4883 ,
3122 4828 3179 4873 ut
3208 4817 3439 4875 humiles
3473 4817 3590 4872 sint.
3620 4815 3674 4868 Et
3696 4809 3791 4879 quia

2275 4914 2452 4985 magni
2494 4921 2645 4980 sunt,
2696 4919 2905 4967 montes
2943 4910 3223 4976 dicuntur;
3272 4909 3394 4978 quia
3443 4921 3566 4963 vero
3607 4898 3793 4971 snbju-cli

2276 5017 2398 5066 sunt
2426 5008 2566 5074 Deo,
2591 5005 2754 5061 valles
2778 5012 2903 5059 sunt
2934 5021 2950 5059 :
2991 5010 3046 5058 et
3090 5002 3213 5072 quia
3261 5000 3458 5056 habent
3496 4995 3792 5068 (atrocitatem

2275 5099 2521 5169 pietatis.
2549 5096 2839 5165 suscipiunt
2884 5092 3257 5150 abundantiam
3287 5091 3430 5160 pacis
3453 5098 3507 5150 et
3539 5082 3794 5142 inundatio.

2277 5207 2398 5249 nom
2428 5189 2791 5250 transmittunt
2809 5186 2879 5244 ad
2896 5186 3084 5244 colles.
3111 5183 3267 5242 Modo
3289 5191 3462 5242 tamen
3483 5187 3538 5235 tu
3562 5175 3670 5234 vide
3687 5181 3796 5242 quos

2340 5361 2356 5392 ι
2382 5365 2514 5416 Lor,
2529 5353 2760 5416 mutavit;
2783 5355 2920 5418 cujus
2939 5350 3044 5400 loco
3065 5347 3180 5418 editi
3203 5346 3280 5418 alii
3307 5355 3357 5397 et
3379 5335 3717 5418 διεξζιιιιξῃξῖ

2339 5423 2360 5451 ι
2383 5389 2514 5467 iiiis?
2530 5389 3293 5474 111ῗᾷξὶ’ἓόι-’ἱξίῗῶ”,“ἓῖἆᾶ“ρῖἓεῖιὶ’,
3489 5389 3549 5452 iax
3584 5405 3650 5448 In.
3671 5389 3792 5454 ιιιεά·

2279 5492 2397 5532 ven.
2424 5489 2474 5530 et
2494 5479 2604 5529 Inv.
2631 5480 2945 5529 restituimus.
3040 5481 3094 5524 tu.
3295 5539 3300 5540 ν
3377 5526 3387 5538 ,
3440 5527 3452 5538 _
3489 5524 3499 5535 ,
3531 5533 3604 5540 μ’
3654 5507 3752 5540 nm,

2342 5521 2577 5592 gilium:
2594 5521 2802 5589 etus-sv.—
2806 5521 2958 5587 11ῖῖιῆ
2998 5521 3049 5585 et
3067 5521 3212 5594 'Lov.,
3256 5524 3621 5584 Maximinianus.
3653 5521 3795 5565 Conter

2279 5612 2440 5654 Enarr.
2469 5605 2514 5650 iu
2537 5601 2652 5650 Psal.
2678 5601 2755 5659 56,
2781 5613 2929 5648 serm.
2949 5597 2995 5647 2.
3355 5652 3367 5659 _
3475 5649 3486 5659 _
3672 5631 3778 5659 _._,..

2342 5631 2514 5727 ἲῖξιὶιίἐῖ
2537 5631 3087 5723 ἰῗῖ”ἰ“ἇ“ένξιιῗ”ἰγέἰὶ.“ί,ον.
3103 5691 3120 5718 ,
3157 5664 3204 5709 ει
3238 5652 3389 5707 noscis
3429 5647 3638 5703 plurim
3665 5631 3795 5703 με*

2275 5728 2372 5790 fuit
2389 5726 2430 5777 1”
2505 5731 2545 5772 ll
