2080 3215
197 174 265 202 1855

195 233 302 260 montes
315 233 398 258 ames;
423 227 452 257 Si
477 228 517 257 vis
531 228 614 257 amari
634 237 649 256 ιι
664 228 740 256 bonis
755 227 905 263 montibus,
929 226 984 256 noli

194 286 269 314 spem
283 285 384 312 ponere
395 284 446 304 nec
454 276 481 303 in
495 275 573 304 bonis
581 277 723 303 mentibus.
736 275 801 303 Nam
812 276 898 311 qualis
908 283 986 303 mons

193 330 251 352 erat
260 323 374 351 Paulus?
388 323 494 357 quando
508 320 640 350 invenitur
652 321 732 349 talis?
744 321 795 356 (De
804 320 985 356 magnitudine

192 371 327 406 loquimur
340 367 503 404 hominum.)
519 369 609 395 Tanta:
633 368 724 403 gratiz‘e
739 367 877 402 quisquam
898 364 986 402 potest

191 417 271 444 facile
286 415 417 443 inveniri?
443 415 475 442 Et
498 419 585 441 tamen
612 413 723 441 timebat
737 413 771 441 ne
785 421 877 449 passer
891 414 937 441 ille
958 410 985 441 i'n

191 464 238 490 illo
254 465 364 498 poneret
377 468 451 497 Spem
468 470 474 488 :
492 460 524 488 Et
539 460 600 495 quid
614 459 669 499 ait?
684 458 816 495 Numquid
827 458 925 487 Paulus
939 459 985 494 pro

190 509 261 536 uobis
275 508 411 542 cruciﬁxus
424 512 459 534 est
473 507 482 542 (
495 506 505 533 1
519 506 575 533 Cor.
590 514 609 537 ι,
627 505 661 534 i3
674 504 684 541 )
695 506 706 532 τ
719 501 771 533 Sed
788 505 875 532 levate
893 502 985 532 oculos

189 555 218 582 in
233 559 338 581 montes
349 574 355 585 ,
372 553 442 580 unde
456 551 582 579 auxilium
598 552 687 579 veniat
704 550 798 583 vobis;
823 548 882 585 quia
896 572 903 583 ,
931 541 985 585 Ego

190 600 305 635 plantavi
318 620 325 633 ,
341 598 432 633 Apollo
446 598 536 633 rigavit
553 605 561 624 :
573 597 618 625 sed
628 597 754 625 auxilium
769 601 887 624 vestrum
902 593 916 624 ξι
929 595 984 624 Do-

190 647 281 678 mino,
298 645 342 680 qui
357 644 416 672 fecit
436 644 532 672 cmlum
547 648 573 671 et
595 648 709 676 terram;
735 643 795 678 quia
823 642 890 669 Deus
904 643 985 669 incre-

187 697 304 719 mentum
318 691 387 719 dedit
403 690 413 726 (
429 690 471 717 Id.
489 697 526 722 In,
553 689 602 724 6).
628 689 697 724 Ergo
717 693 812 715 montes
829 689 854 715 in
879 686 985 715 circuitu

188 738 257 772 eius.
274 736 326 765 Sed
343 734 476 772 quomodo
491 741 586 763 montes
599 736 625 762 in
639 736 744 762 circuitu
757 736 811 770 ejus
822 756 829 767 ,
844 735 881 762 sic
896 739 918 761 et
933 730 985 761 Do-

187 783 276 810 minus
289 783 315 809 in
325 782 431 809 circuitu
443 781 520 817 plebis
531 789 594 813 suat,
608 789 640 808 ea:
647 781 695 807 Itoc
706 789 772 807 nunc
785 785 807 807 et
818 780 930 814 usquein
940 788 985 807 str-

187 829 287 855 culum.
295 828 322 855 Si
330 834 393 863 ergo
403 832 497 854 montes
510 827 536 853 in
547 827 652 853 circuitu
661 827 724 862 ejus,
736 831 758 853 et
766 825 890 853 Dominus
901 826 926 852 in
936 825 985 853 cir-

187 875 260 901 cuitu
271 874 348 909 plebis
358 881 421 907 suat,
433 872 590 907 constringit
606 872 732 899 Dominus
745 872 847 907 plebem
863 879 937 899 suam
957 871 984 899 in

186 927 274 947 unum
284 919 415 948 vinculum
426 917 562 945 charitatis
574 922 601 945 et
616 918 698 953 pacis,
711 921 737 945 ul
751 917 794 952 qui
806 915 942 945 conﬁdunt
957 917 985 944 in

188 965 306 994 Domino
323 966 390 992 sicut
406 972 482 992 mons
492 963 567 997 Sion,
577 965 629 991 'non
640 964 857 991 commoveantur
868 963 893 990 in
908 968 987 990 :eter.

186 1019 254 1039 num
271 1020 277 1038 τ
293 1016 319 1038 et
332 1010 383 1038 hoc
405 1016 445 1037 est
455 1031 462 1043 ,
489 1018 519 1037 ea;
536 1009 583 1036 hoc
597 1009 620 1036 et
633 1008 710 1044 usque
724 1009 749 1035 in
762 1006 881 1036 steculum
896 1008 915 1035 ί.

224 1058 252 1084 ’1.
268 1055 351 1093 [νει-δ.
367 1055 414 1092 5.]
446 1054 571 1088 Quoniani
607 1061 657 1081 non
688 1054 842 1088 derelinquat
862 1051 985 1080 Dominus

183 1103 288 1137 virgam
310 1106 467 1138 peccatorum
490 1107 564 1135 super
588 1097 679 1126 sortem
700 1098 848 1134 iustorum,
881 1103 909 1125 ut
934 1107 984 1125 non

183 1146 328 1175 calentium
338 1147 403 1182 justi
417 1146 450 1173 ad
469 1145 625 1181 iniquitatem
639 1152 729 1172 manus
750 1152 818 1172 suas.
835 1139 913 1171 Modo
927 1144 985 1179 qni-

182 1193 252 1220 tlem
265 1192 329 1227 justi
351 1192 514 1227 aliquantum
540 1189 723 1225 laborant,et
737 1189 816 1217 modo
840 1188 984 1225 aliquando

182 1239 282 1274 injusti
295 1237 559 1273 dominanturjustis.
581 1233 683 1270 Quibus
697 1235 802 1264 mobis?
817 1231 984 1271 Aliuni‘do‘

181 1284 281 1319 iltjusti
307 1283 465 1320 perveniunt
479 1283 512 1311 ad
525 1282 641 1310 honores
656 1282 747 1310 steculi
770 1290 777 1309 :
800 1287 860 1309 cum
888 1280 984 1317 perve-

181 1331 279 1358 nerint
291 1333 318 1357 et
332 1328 393 1357 facti
404 1328 502 1356 fuerint
514 1328 555 1357 vel
568 1327 672 1363 ju‘dices
682 1349 690 1362 ,
701 1326 743 1355 vel
755 1333 849 1362 reges,
862 1328 921 1363 quia
934 1326 985 1355 hoc

183 1375 254 1404 facit
275 1376 347 1404 Deus
373 1374 483 1411 propter
507 1373 674 1410 disciplinam
689 1372 773 1409 plebis
787 1375 859 1407 suae,
875 1373 985 1408 propter

183 1421 359 1456 disciplinam
384 1418 474 1456 populi
494 1420 554 1452 sui;
578 1418 632 1447 non
644 1423 733 1455 potest
754 1418 811 1447 ﬁeri
829 1418 879 1446 nisi
893 1422 921 1446 ut
935 1426 984 1447 ex-

183 1465 375 1496 hibeatnrllii's
388 1460 474 1493 limior
488 1463 592 1493 debitus
605 1465 741 1501 potestati.
757 1464 895 1493 Ordinavit
910 1464 984 1492 enim

181 1514 224 1541 sic
237 1513 309 1541 Deus
324 1512 470 1540 Ecclesium
484 1516 559 1539 suam
570 1532 578 1546 ,
590 1507 620 1538 ut
632 1511 719 1539 omnis
732 1513 849 1546 potestas
861 1508 983 1538 ordinata

182 1559 212 1587 in
226 1559 328 1587 sarculo
342 1558 438 1586 habeat
450 1557 591 1591 honorem,
600 1562 627 1586 et
636 1555 778 1593 aliquando
791 1563 804 1584 a
817 1555 981 1584 melioribus.

182 1601 241 1633 Sed
263 1602 378 1639 exempli
392 1602 475 1639 gratia
491 1606 572 1631 unam
597 1607 652 1630 rem
677 1599 752 1635 dico;
780 1601 843 1629 hinc
860 1601 984 1637 conjicite

182 1651 288 1686 gradus
302 1649 421 1677 omnium
432 1648 605 1684 potestatum.
618 1648 707 1676 Prima
722 1651 749 1675 et
763 1645 915 1683 quotidiana
936 1652 984 1682 po-

183 1701 273 1724 testas
288 1694 404 1724 beluinis
430 1694 457 1721 in
478 1692 614 1721 hominem
638 1691 740 1721 domini
756 1696 797 1720 est
815 1692 842 1719 in
864 1699 981 1720 servum.

182 1741 276 1776 Prope
292 1744 385 1768 omnes
409 1739 505 1767 domus
529 1737 629 1766 habent
648 1737 799 1773 huiusmodi
813 1741 982 1772 potestatem.

181 1787 255 1815 Sunt
278 1786 397 1818 domini;
420 1790 483 1813 Sunt
495 1789 522 1813 et
536 1785 624 1818 servi;
639 1784 746 1811 diversa
768 1788 830 1812 sunt
850 1784 980 1811 nomina:

182 1833 234 1861 sed
252 1833 376 1859 homines
389 1835 417 1859 et
431 1831 552 1859 homines
565 1830 638 1865 paria
656 1833 717 1858 sunt
731 1830 849 1857 nomina.
865 1829 898 1856 Et
920 1829 983 1865 quid

183 1880 255 1907 dicit
269 1879 413 1913 Apestolus
425 1899 432 1911 ,
444 1878 544 1905 docens
558 1884 653 1904 servos
666 1876 783 1904 dominis
796 1877 852 1904 suis
862 1875 982 1903 subditos

183 1927 263 1954 esse?
273 1925 356 1958 Servi,
378 1924 494 1951 obnudite
507 1923 615 1950 dominis
626 1923 712 1950 vestris
725 1922 861 1950 secundum
871 1930 982 1950 carnem:

183 1972 249 2006 quia
265 1975 307 1998 est
318 1970 440 1997 dominus
457 1967 602 1996 secundum
616 1968 748 2003 spiritum.
772 1968 818 1996 ille
840 1973 881 1995 est
902 1975 982 1995 verus

184 2017 316 2043 dominus
331 2019 359 2043 et
372 2020 505 2048 :eternus;
522 2014 565 2042 isti
588 2019 676 2041 autem
700 2013 860 2049 temporales
884 2019 981 2041 secun-

185 2062 254 2088 dum
272 2066 385 2096 tempus.
400 2061 439 2087 Tu
453 2068 512 2087 cum
526 2060 646 2087 ambulas
662 2060 687 2086 in
709 2059 749 2085 via
761 2080 767 2091 ,
783 2066 843 2085 cum
865 2058 932 2085 vivis
955 2059 980 2085 in

186 2110 240 2135 hac
264 2107 333 2138 vita,
361 2114 412 2134 non
444 2107 496 2133 vult
522 2111 547 2133 te
571 2106 657 2133 facere
679 2105 824 2139 superbum
848 2104 980 2132 Christus.

185 2154 307 2189 Contigit
322 2154 366 2180 tibi
380 2158 408 2180 ut
420 2154 581 2180 Christianus
597 2152 751 2185 eiﬁcereris,
765 2156 792 2179 et
805 2151 917 2178 haberes
929 2150 979 2178 do-

185 2201 291 2228 minntn
313 2200 446 2227 hominem
465 2207 470 2225 ε
487 2207 539 2226 non
562 2198 622 2225 ideo
637 2198 797 2225 christianus
808 2197 917 2224 effectus
932 2203 961 2224 es
973 2218 980 2231 ,

186 2251 218 2273 ut
227 2245 378 2280 dedigneris
389 2245 499 2272 servire.
512 2245 576 2271 Cum
587 2244 655 2271 enim
667 2243 887 2278 Christojubente
898 2242 982 2271 servis

187 2291 313 2325 homini,
341 2298 391 2318 non
409 2291 446 2318 iili
461 2291 562 2322 servis,
590 2290 635 2317 sed
652 2290 689 2316 illi
704 2290 746 2324 qui
764 2289 851 2324 jussit.
873 2289 907 2316 Et
932 2286 982 2316 hoc

188 2338 246 2365 ait:
266 2336 390 2364 Obaudite
405 2337 512 2363 dominis
534 2336 620 2362 vestris
635 2335 771 2362 secundum
786 2341 886 2360 carnem
899 2355 906 2367 ,
922 2342 979 2360 cum

189 2384 280 2410 timore
293 2387 316 2409 et
329 2385 435 2409 tremdre
445 2403 451 2414 ,
468 2383 494 2408 in
510 2382 668 2415 simplicitate
681 2381 784 2412 cordis;
806 2387 857 2406 non
872 2380 905 2406 ad
919 2387 981 2406 ocu-

191 2429 244 2455 lum
256 2428 387 2455 sert'ienlcs
398 2449 404 2460 ,
426 2427 499 2462 quasi
524 2426 664 2452 hominibus
679 2426 804 2460 placentes
816 2446 823 2458 ,
847 2426 890 2452 sed
910 2426 982 2459 quasi

188 2475 255 2501 servi
268 2473 361 2500 Christi
373 2492 379 2504 ,
395 2473 513 2508 facientes
535 2472 686 2498 uoluntatem
700 2470 746 2497 Dei
763 2478 792 2497 ea:
805 2471 890 2496 animo
902 2491 910 2502 ,
926 2478 982 2496 cum

190 2520 257 2546 bona
272 2520 398 2546 uoluntate
415 2518 530 2554 (Ephes.
545 2525 586 2550 vn,
609 2517 635 2549 ὅ,
654 2518 669 2544 6
682 2516 700 2552 ).
723 2516 792 2544 Ecce
805 2524 857 2543 non
876 2516 936 2543 fecit
949 2516 982 2544 de

190 2565 277 2592 servis
302 2564 418 2597 liberos,
446 2564 492 2591 sed
519 2564 552 2590 de
577 2563 654 2590 malls
669 2563 753 2590 servis
780 2562 865 2590 bonos
879 2569 981 2590 servos.

191 2613 324 2644 Quantum
350 2610 448 2638 debent
462 2610 557 2637 divites
572 2609 677 2637 Christo
690 2630 696 2642 ,
711 2608 755 2643 qui
782 2607 835 2635 illis
847 2609 984 2644 componit

191 2657 318 2684 domum!
334 2657 392 2683 utsi
405 2657 454 2683 fuit
464 2656 499 2683 ibi
514 2663 608 2683 servus
619 2655 742 2687 inﬁdelis,
757 2659 894 2683 convertat
909 2656 983 2683 illum

191 2703 329 2738 Christus,
346 2707 437 2730 etnon
453 2703 477 2730 ei
491 2702 575 2735 dicat,
599 2702 705 2729 Dimitte
728 2701 863 2728 dominum
889 2706 981 2735 tuum;

225 2783 233 2799 ⁸
247 2782 359 2814 ιδιειιίιιιιθ
368 2785 422 2807 Mss.
435 2782 548 2806 omittunt.
558 2788 564 2806 :
576 2784 603 2806 Et
615 2780 658 2806 hoc
677 2783 720 2811 est,
733 2786 764 2805 cr
775 2779 818 2805 hoc
835 2783 857 2805 et
874 2786 947 2812 usque
958 2780 983 2806 in

191 2813 342 2876 ﬁatﬁat
353 2847 404 2869 tm.
418 2843 546 2876 omittunt;
560 2841 647 2876 Quibus
663 2841 741 2876 modis
751 2841 763 2867 .7
773 2842 871 2876 quidam
882 2848 942 2876 vero
949 2842 985 2868 sic

193 2875 269 2908 verba
278 2872 453 2908 interpungunt
467 2881 473 2898 :
484 2872 571 2905 Quibus
582 2872 658 2899 modis
669 2873 798 2903 aliquando
809 2873 891 2904 injuin
902 2880 983 2905 perve-

193 2906 274 2941 niunt.
287 2910 334 2930 etc.

723 172 920 200 ENARRATIO
939 171 972 199 lN
993 171 1153 202 PSALMUM
1171 174 1288 201 CXXIV.

1764 173 1833 208 1854

1040 231 1094 264 jam
1108 231 1255 266 cognovisti
1269 240 1329 259 eum
1342 233 1387 267 qui
1400 231 1480 261 verus
1493 236 1534 262 est
1547 223 1671 263 dominus
1687 245 1694 263 :
1710 235 1754 263 ille
1768 236 1835 265 forte

1041 276 1137 311 impias
1151 282 1191 305 est
1206 283 1233 305 et
1252 279 1357 313 iniquus
1369 299 1376 312 ,
1391 283 1417 306 tu
1427 279 1482 314 jam
1499 279 1583 307 ﬁdelis
1597 285 1625 308 et
1633 282 1736 315 justus;
1763 282 1833 310 indi-

1040 331 1121 358 gnum
1136 328 1176 351 est
1191 321 1219 351 ut
1231 325 1319 359 ju‘stus
1344 329 1370 352 et
1388 325 1475 353 ﬁdelis
1498 326 1597 353 serviat
1620 327 1710 362 iniquo
1727 332 1753 355 et
1775 326 1834 355 inﬁ-

1039 360 1101 396 deli.
1125 369 1182 396 Non
1195 370 1245 397 hoc
1256 370 1281 397 ei
1292 370 1358 398 dixit
1369 392 1377 405 ,
1403 369 1450 399 sed
1462 370 1546 407 magis
1556 393 1563 405 ,
1579 371 1654 400 Servi
1667 360 1680 400 -ε
1692 377 1718 400 et
1732 377 1759 400 ut
1771 380 1832 401 cor-

1039 408 1194 461 roboraret;
1212 423 1318 443 servum
1331 437 1338 448 ,
1353 416 1403 444 hoc
1415 416 1496 451 dixit,
1521 416 1651 453 Exemplo
1666 426 1726 446 meo
1741 419 1832 451 servi;

1039 460 1112 495 prior
1131 460 1227 500 servivi
1249 461 1356 497 iniquis.
1377 462 1505 490 Dominus
1534 463 1605 490 enim
1630 467 1702 491 tanta
1721 464 1747 492 in
1772 470 1834 500 pas-

1038 506 1113 534 sione
1121 500 1263 541 Sustinetts,
1275 516 1289 535 a
1302 505 1397 544 quibus
1409 508 1542 542 sustinuit,
1559 510 1609 537 nisi
1617 510 1739 538 dominus
1751 518 1765 538 a
1780 518 1833 539 ser-

1036 551 1097 580 vis?
1110 557 1137 580 et
1146 560 1160 580 a
1168 553 1272 588 quibus,
1282 552 1332 582 nisi
1342 562 1355 581 a
1363 554 1438 582 malis
1448 555 1543 583 servis?
1551 555 1615 582 Nam
1624 556 1645 583 si
1653 556 1762 584 fuissent
1770 556 1833 586 boni

1038 599 1128 633 servi,
1156 598 1318 628 honorarent
1341 600 1489 628 dominum.
1515 601 1567 629 Sed
1589 603 1650 637 quia
1674 603 1736 630 mali
1761 604 1833 631 servi

1038 649 1126 677 erant,
1143 646 1345 680 injuriaverunt.
1372 646 1418 675 ille
1432 647 1495 683 quid
1506 648 1617 675 contra?
1628 647 1754 676 Reddidit
1766 649 1833 677 dile-

1037 688 1152 718 ctiOnem
1169 690 1295 732 pro‘odio
1309 701 1315 719 :
1327 692 1364 719 ait
1378 692 1460 724 enim,
1480 692 1569 726 Pater,
1586 694 1688 729 ignosce
1699 694 1762 728 illis,
1773 695 1833 731 quia

1038 737 1153 763 nesciunt
1168 735 1229 772 quid
1253 737 1349 773 faciunt
1364 736 1449 773 (Luc.
1466 746 1541 771 xxm,
1569 739 1603 766 54
1614 739 1635 775 ).
1651 739 1679 767 Si
1705 739 1833 768 Dominus

1037 782 1099 810 omli
1115 785 1142 810 et
1157 787 1253 816 terras,
1270 791 1318 818 per
1339 791 1418 819 quem
1433 783 1501 811 facta
1524 788 1587 812 sunt
1607 785 1711 818 omnia,
1725 786 1834 814 servivit

1038 828 1170 864 indignis.
1194 829 1296 864 rogavit
1321 837 1369 864 pro
1392 830 1562 858 smvientibus
1582 836 1608 858 et
1630 831 1834 865 lurentibus,et

1039 879 1164 909 tanquam
1192 874 1324 903 medicum
1352 883 1382 903 se
1403 875 1524 903 exhibuit
1548 876 1782 912 adveniens(uam
1806 882 1834 905 et

1038 920 1134 947 medici
1149 924 1176 948 et
1189 925 1247 949 arte
1262 925 1287 948 et
1300 921 1412 949 sanitate
1425 921 1551 949 meliores
1562 922 1684 949 Serviunt
1693 923 1799 958 :egrotis
1812 922 1831 958 );

1038 969 1138 1000 quanto
1165 965 1250 1001 magis
1276 973 1328 993 non
1351 965 1431 994 debet
1455 966 1590 1002 dedignari
1607 967 1702 1000 homo,
1731 976 1762 995 ex
1779 972 1834 995 toto

1038 1012 1145 1045 animo,
1160 1017 1187 1040 et
1202 1011 1235 1040 c‘x
1261 1017 1313 1039 tota
1337 1011 1405 1040 bona
1435 1011 1589 1045 voluntate,
1611 1021 1671 1041 cum
1686 1018 1740 1041 tota
1763 1014 1830 1042 dile-

1038 1058 1127 1085 ctione
1142 1058 1244 1085 servire
1259 1057 1366 1085 domino
1376 1058 1455 1085 etiam
1467 1056 1557 1085 malo?
1569 1058 1637 1085 Ecce
1648 1059 1729 1086 servit
1740 1059 1835 1087 melior

1037 1103 1181 1136 deteriori,
1196 1103 1242 1130 seti
1256 1103 1288 1130 ad
1303 1107 1418 1138 tempus.
1429 1104 1505 1138 Quod
1517 1109 1605 1132 autem
1616 1105 1670 1132 dixi
1681 1105 1715 1133 de
1726 1105 1834 1133 domino

1037 1152 1064 1176 et
1079 1156 1156 1176 servo
1168 1169 1175 1181 ,
1192 1147 1243 1175 hoc
1255 1147 1393 1183 intelligite
1413 1148 1447 1177 de
1467 1149 1641 1185 potestatibus
1657 1153 1684 1178 et
1703 1151 1810 1187 regibus
1824 1173 1832 1185 ,

1037 1194 1071 1222 de
1083 1194 1207 1222 omnibus
1219 1194 1378 1222 culminibus
1394 1195 1472 1229 hujus
1483 1194 1583 1222 saeculi.
1600 1192 1749 1231 Aliquando
1763 1198 1833 1225 enim

1037 1238 1183 1275 potestates
1212 1241 1288 1268 bona:
1313 1245 1393 1274 sunt,
1418 1243 1445 1268 et
1466 1241 1557 1268 timent
1573 1241 1655 1268 Deum
1669 1251 1676 1273 ;
1692 1242 1834 1278 aliquando

1037 1292 1090 1313 non
1106 1283 1199 1312 timent
1215 1283 1308 1312 Deum.
1332 1284 1454 1313 Julianus
1479 1286 1580 1313 exstitit
1604 1287 1718 1314 inﬁdelis
1746 1287 1834 1323 impe-

1037 1329 1121 1365 rator,
1139 1331 1238 1358 exstitit
1254 1336 1373 1366 apostata
1387 1352 1395 1365 ,
1409 1332 1533 1366 iniquus,
1559 1330 1697 1361 idololatra
1713 1343 1720 1360 :
1735 1334 1833 1363 milites

1037 1374 1174 1405 christiani
1189 1376 1339 1404 servierunt
1361 1376 1513 1411 imperatori
1540 1374 1656 1410 lniideli;
1673 1377 1717 1406 ubi
1739 1379 1834 1407 venie-

1037 1423 1116 1450 batur
1128 1421 1162 1450 ad
1174 1429 1282 1450 causam
1298 1419 1396 1450 Christi
1408 1443 1417 1456 ,
1433 1429 1485 1449 non
1499 1419 1681 1457 agnoscebant
1695 1423 1746 1451 nisi
1758 1423 1833 1451 illum

1036 1468 1082 1506 qui
1097 1470 1124 1497 in
1137 1469 1206 1498 coelo
1217 1473 1285 1496 erat.
1302 1467 1330 1496 Si
1343 1464 1449 1504 quando
1461 1466 1567 1497 volebat
1581 1473 1610 1496 ut
1621 1469 1690 1497 idola
1704 1470 1832 1504 colerent,

1038 1520 1068 1545 ut
1084 1515 1284 1547 thurilicarent;
1309 1513 1500 1554 prmponebant
1523 1513 1561 1544 illi
1588 1508 1670 1544 Deum
1696 1525 1703 1543 :
1727 1516 1834 1552 quando

1036 1566 1124 1590 autem
1136 1562 1250 1595 dicebat,
1263 1559 1404 1589 Producit‘e
1415 1561 1511 1595 aciem,
1525 1560 1561 1589 ile
1574 1567 1664 1589 contra
1678 1562 1748 1589 illam
1759 1571 1831 1598 gen-

1036 1612 1109 1640 tem;
1123 1608 1211 1635 statim
1226 1599 1457 1642 obtemperabant.
1473 1599 1676 1642 Distingttebant
1692 1607 1832 1635 dominum

1036 1659 1166 1681 aeternum
1182 1650 1482 1687 adominotemporali;
1498 1655 1524 1680 et
1535 1657 1623 1680 tamen
1640 1652 1739 1681 subditi
1757 1658 1834 1681 erant

1036 1703 1146 1735 propter
1158 1694 1295 1726 dominum
1309 1698 1451 1730 :etertiuin,
1466 1691 1546 1725 e'tiar'n
1557 1696 1667 1726 domino
1679 1700 1831 1734 temporali.

1072 1745 1098 1772 8.
1112 1744 1164 1772 Sed
1180 1743 1306 1778 numquid
1318 1742 1357 1771 sic
1369 1743 1420 1771 erit
1429 1740 1547 1779 'se'niper,
1567 1741 1595 1771 ut
1608 1744 1691 1780 iniqui
1703 1743 1835 1781 imperent

1033 1789 1132 1826 justis?
1146 1787 1205 1822 Non
1217 1790 1256 1817 sic
1269 1787 1330 1818 erit.
1345 1789 1440 1817 Videte
1453 1788 1523 1818 enim
1538 1788 1601 1825 quid
1615 1789 1685 1819 dicat
1696 1792 1745 1819 iste
1759 1782 1833 1827 psal-

1036 1845 1095 1865 mus
1112 1845 1119 1863 :
1137 1834 1264 1870 Quoniam
1288 1834 1338 1862 non
1358 1834 1512 1871 derelinquet
1525 1833 1649 1864 Dominus
1664 1835 1760 1873 virgam
1774 1846 1819 1874 pec
1833 1854 1835 1856 -

1035 1887 1147 1909 calorum
1171 1890 1246 1917 super
1268 1887 1361 1908 sortem
1369 1883 1509 1917 justoruin.
1537 1877 1656 1910 Sentitur
1670 1883 1703 1910 ad
1726 1888 1833 1919 tempus

1035 1927 1108 1963 virga
1125 1931 1293 1962 peccatorum
1316 1925 1397 1961 super
1416 1926 1517 1955 sorter‘n‘
1539 1928 1689 1962 justorum;
1705 1928 1752 1956 sed
1777 1936 1832 1957 non

1036 1966 1071 2000 ibi
1085 1972 1258 2007 relinquitur,
1274 1979 1328 1998 non
1343 1972 1394 1999 erit
1408 1972 1434 1998 in
1450 1968 1590 1999 tutel-num.
1608 1972 1703 2000 Veniet
1716 1978 1830 2008 tempus,

1035 2017 1141 2053 quando
1154 2024 1222 2044 unus
1232 2020 1391 2051 agnoscatur
1402 2016 1482 2048 Deus;
1496 2017 1584 2044 veniet
1595 2022 1712 2053 tempus,
1724 2019 1831 2053 quando

1035 2063 1158 2091 Christus
1171 2062 1197 2089 in
1212 2062 1333 2090 claritate
1347 2070 1393 2089 sua
1409 2062 1540 2097 apparens
1562 2068 1707 2099 congreget
1720 2069 1782 2092 ante
1801 2073 1831 2094 se

1035 2115 1129 2136 omnes
1144 2112 1256 2144 gentes,
1281 2111 1308 2135 et
1328 2107 1428 2135 dividat
1455 2105 1516 2142 eas,
1543 2109 1612 2136 sicut
1633 2109 1726 2138 dividit
1740 2116 1831 2147 pastor

1036 2153 1128 2183 hredos
1143 2155 1177 2182 ab
1188 2154 1282 2182 ovibus
1296 2163 1302 2181 :
1319 2161 1383 2182 oves
1398 2159 1483 2195 ponet
1501 2152 1535 2183 ad
1549 2154 1711 2191 dexteram;
1739 2157 1832 2188 lnedos

1035 2199 1068 2228 ad
1091 2200 1226 2228 sinistram
1248 2199 1364 2236 (Matth.
1380 2208 1443 2234 xxv,
1471 2200 1515 2235 52,
1538 2201 1604 2238 55).
1621 2201 1654 2230 Ει
1678 2203 1780 2232 videbis
1795 2205 1831 2233 ibi

1035 2247 1135 2275 multos
1148 2253 1240 2274 servos
1264 2245 1335 2274 inter
1348 2253 1411 2274 Oves
1422 2268 1429 2279 ,
1455 2252 1482 2276 et
1506 2247 1604 2276 multos
1624 2246 1748 2278 dominos
1763 2250 1832 2279 inter

1036 2288 1137 2323 bmdos;
1149 2293 1176 2317 et
1190 2296 1283 2317 rursus
1297 2289 1396 2317 multos
1409 2285 1533 2318 dominos
1547 2290 1618 2319 inter
1632 2300 1699 2320 oves
1710 2314 1717 2327 ,
1732 2294 1831 2322 multos

1035 2341 1129 2363 servos
1142 2335 1210 2362 inter
1223 2334 1327 2362 haedos.
1340 2334 1397 2363 Non
1412 2336 1484 2363 enim
1498 2336 1558 2370 quia
1580 2336 1619 2364 sic
1633 2338 1762 2365 consolati
1783 2346 1830 2366 su-

1035 2387 1094 2408 mus
1108 2388 1217 2414 servos,
1232 2386 1325 2409 omnes
1338 2381 1408 2409 Servi
1423 2380 1485 2409 boni
1499 2385 1576 2415 sunt;
1591 2386 1637 2409 aut
1649 2383 1710 2417 quia
1727 2383 1765 2411 sic
1779 2392 1825 2412 re-

1036 2426 1182 2462 pressimus
1202 2426 1354 2462 superbiam
1387 2425 1576 2460 domlhorum,
1600 2434 1694 2454 omnes
1728 2427 1829 2457 domini

1037 2472 1100 2500 mali
1115 2475 1185 2499 sunt.
1202 2472 1271 2500 Sunt
1283 2472 1346 2500 boni
1362 2471 1453 2500 ﬁdeles
1473 2471 1592 2506 domini,
1607 2476 1634 2499 et
1659 2468 1721 2501 sunt
1744 2475 1826 2502 mali:

1036 2518 1169 2546 suntboni
1184 2517 1276 2546 ﬁdeles
1291 2517 1379 2549 servi,
1406 2516 1433 2545 et
1454 2520 1516 2545 sunt
1539 2514 1612 2545 mali.
1627 2518 1680 2545 Sed
1702 2520 1829 2554 quamdiu

1036 2564 1105 2592 servi
1119 2564 1180 2591 boni
1196 2561 1314 2591 serviunt
1328 2558 1405 2590 malis
1419 2555 1542 2596 demittis,
1560 2560 1646 2591 ferant
1656 2561 1689 2591 ad
1705 2565 1826 2601 tempus:

1038 2610 1105 2644 Quia
1118 2618 1168 2637 non
1180 2608 1331 2644 derelinquat
1343 2604 1468 2635 Domian
1478 2609 1574 2644 virgam
1583 2614 1741 2645 peccatorum
1753 2613 1829 2648 super

1036 2660 1129 2683 sortem
1138 2657 1276 2692 justerum.
1299 2654 1388 2689 Quare
1409 2654 1478 2684 hoc?
1502 2654 1536 2683 Ut
1550 2664 1601 2684 non
1617 2658 1752 2686 extmdant
1761 2660 1829 2695 justi

1036 2701 1070 2728 ad
1084 2701 1239 2736 iniquitatem
1257 2707 1348 2727 manus
1359 2707 1419 2727 suos
1430 2708 1440 2727 τ
1453 2704 1483 2728 ut
1492 2700 1525 2727 ad
1544 2705 1651 2737 tempus
1669 2702 1756 2730 {erant
1762 2705 1826 2738 justi

1037 2747 1141 2782 iniquos
1153 2746 1321 2774 dominantes
1331 2766 1338 2778 ,
1352 2750 1380 2773 et
1393 2741 1542 2782 intelligant
1555 2753 1607 2774 non
1619 2754 1678 2776 esse
1692 2747 1742 2775 hoc
1752 2756 1826 2776 sem-

1037 2792 1171 2828 piternum
1183 2806 1192 2826 ς
1204 2791 1250 2820 sed
1264 2795 1415 2828 νημαι-θυι
1428 2799 1458 2820 se
1476 2792 1509 2820 ad
1529 2792 1717 2828 possidendam
1729 2794 1828 2830 sempi-

1068 2872 1077 2888 ¹
1090 2872 1127 2897 sic
1137 2874 1187 2906 aut,
1200 2874 1237 2896 nr.
1251 2873 1277 2897 et
1287 2869 1371 2903 plures
1380 2871 1434 2906 uss.
1449 2874 1475 2906 at
1486 2873 1556 2906 tom,
1567 2869 1661 2906 seruat.
1671 2873 1698 2897 ut
1709 2874 1734 2897 ut
1743 2877 1826 2900 corro-

1038 2889 1610 2933 ιπαῗᾶῗῖῐίᾰιῖόιἨεὲῖῗῶῑῶἴὶιέιὶῖνᾏέσῖἷὲζ
