4160 6440
568 297 594 353 Ι
604 298 711 356 655

563 422 771 469 ternam
817 411 1206 468 baereditatem.
1255 408 1424 475 Quam
1472 405 1878 463 baereditatem?
1908 403 2006 459 Ubi
2052 403 2148 458 de—

562 513 802 559 struetur
839 504 1012 558 omnis
1061 510 1362 573 potentatus
1382 542 1397 565 ,
1428 509 1482 555 et
1515 500 1689 553 omnis
1710 507 1976 568 potestas,
1999 507 2057 551 ut
2082 496 2151 551 sit

559 597 707 654 Deus
732 598 908 652 omnia
935 598 986 650 in
1010 595 1257 650 omnibus
1296 594 1314 663 (
1340 593 1355 646 1
1385 593 1500 647 Cor.
1534 608 1621 655 xv,
1646 591 1717 645 28
1759 590 1802 663 ).
1835 591 1915 645 Ad
1942 590 2045 645 hoc
2091 604 2149 645 se

559 701 837 746 servantes
859 730 872 753 ,
902 697 955 741 ct
984 688 1086 742 hoc
1112 686 1274 741 corde
1304 684 1761 755 contemplantes,
1810 691 1863 737 et
1891 680 2064 736 adhuc
2094 681 2147 735 in

557 782 666 837 tide
697 786 711 813 ¹
743 782 1066 843 retinentes,
1100 788 1157 835 et
1182 789 1239 833 ut
1259 777 1474 833 videant
1504 777 1857 848 perdurantes
1880 819 1896 843 ,
1925 792 2027 830 non
2047 790 2146 831 ex-

565 873 790 928 tendunt
840 889 1020 927 manus
1062 888 1181 927 suas
1228 872 1280 924 in
1323 870 1656 941 iniquitatem.
1685 867 1817 924 Nam
1844 868 1889 923 si
1933 867 2148 924 videant

556 964 681 1034 quia
707 978 921 1032 semper
950 972 1033 1018 est
1079 962 1227 1032 virga
1258 971 1595 1033 peccatorum
1635 974 1797 1029 super
1822 971 2021 1015 sortem
2056 960 2146 1030 ju-

557 1064 789 1119 storum,
816 1055 1051 1123 cogitant
1076 1053 1214 1123 apud
1240 1069 1319 1120 se,
1342 1060 1396 1107 et
1416 1052 1601 1107 dicunt
1626 1068 1640 1105 :
1671 1051 1808 1118 Quid
1830 1053 1958 1107 mihi
1980 1053 2143 1123 prod-

554 1155 639 1199 est
705 1146 826 1215 quia
871 1146 1045 1213 juslus
1095 1144 1256 1199 sum?
1329 1142 1553 1213 Semper
1602 1143 1732 1197 mihi
1785 1142 2146 1198 dominabitur

555 1240 769 1308 iniquus
788 1280 802 1304 ,
831 1248 883 1292 et
908 1254 1124 1307 semper
1147 1252 1335 1292 servus
1362 1238 1498 1292 ero?
1543 1236 1757 1291 Faciam
1805 1252 1934 1306 ergo
1964 1244 2017 1291 et
2044 1250 2144 1305 ego

555 1330 890 1398 iniquitatem
918 1346 930 1393 ;
964 1330 1086 1398 quia
1118 1328 1247 1383 nihil
1278 1327 1497 1399 prodest
1541 1337 1726 1383 tenere
1751 1327 2033 1396 justitiam.
2065 1326 2145 1382 Ne

555 1428 735 1474 autem
781 1420 881 1473 hoc
903 1420 1078 1481 dicat,
1110 1419 1409 1473 insinuatur
1435 1417 1509 1472 illi
1541 1417 1674 1473 ﬁdes
1696 1458 1712 1485 ,
1741 1418 1863 1488 quia
1893 1417 1958 1472 ad
2004 1428 2141 1473 tem-

558 1527 659 1581 pus
687 1521 859 1580 potest
909 1525 1029 1564 esse
1068 1510 1213 1580 virga
1242 1518 1584 1580 peccatorum
1639 1523 1804 1577 super
1827 1516 2026 1563 sortem
2058 1509 2143 1578 ju-

551 1615 800 1657 storum:
855 1619 955 1655 non
1003 1617 1121 1656 eam
1174 1602 1419 1671 relinquet
1468 1599 1715 1654 Dominus
1763 1615 1914 1670 super
1958 1609 2140 1653 sortem

546 1694 800 1764 justorum
828 1734 841 1757 ,
874 1703 924 1745 ut
954 1710 1055 1747 non
1098 1693 1367 1747 extendant
1384 1693 1515 1763 justi
1534 1693 1586 1745 in
1612 1692 1925 1761 iniquitatem
1958 1708 2139 1746 manus

550 1802 672 1838 suas
694 1804 712 1849 ;
740 1784 832 1838 sed
867 1793 1083 1838 teneant
1111 1784 1178 1838 ab
1199 1785 1475 1854 iniquitate
1500 1798 1689 1838 manus
1709 1798 1832 1839 suas
1851 1824 1865 1848 ,
1895 1793 1949 1838 et
1970 1786 2141 1838 lerant

552 1876 913 1946 iniquitatem,
950 1892 1053 1931 non
1084 1876 1296 1931 faciant.
1327 1875 1516 1931 Melius
1538 1884 1623 1930 est
1643 1875 1785 1930 enim
1828 1875 2137 1943 iniustitiam

548 1970 691 2024 ferre
719 1986 875 2040 quam
904 1970 1097 2025 facere.
1130 1969 1282 2026 Unde
1309 1985 1415 2025 non
1441 1984 1656 2040 semper
1684 1969 1826 2025 erit?
1855 1969 1989 2037 Quia
2037 1987 2137 2024 non

548 2063 857 2133 derelinquet
886 2062 1133 2117 Dominus
1156 2063 1349 2134 virgam
1396 2071 1714 2133 peccatorum
1759 2078 1913 2131 super
1951 2071 2136 2117 sortem

540 2154 816 2225 iustorum.

608 2244 663 2299 9.
697 2240 846 2314 [vers.
873 2244 929 2311 4,
957 2242 1035 2316 5.]
1082 2242 1194 2299 Hoc
1220 2245 1455 2315 cogitant
1485 2244 1573 2314 qui
1618 2244 1751 2301 recti
1780 2253 1904 2300 sunt
1929 2244 2091 2301 corde
2112 2285 2129 2312 ,

544 2337 614 2391 de
637 2337 830 2407 quibus
868 2336 1026 2404 paulo
1049 2344 1175 2391 ante
1213 2335 1359 2402 dixi,
1407 2338 1497 2407 qui
1536 2336 1865 2393 voluntatem
1898 2338 1992 2393 Dei
2040 2353 2129 2393 se-

540 2438 795 2500 quuntur,
824 2444 928 2483 non
957 2429 1286 2484 voluntatem
1305 2444 1475 2484 suam.
1503 2429 1608 2486 Sed
1626 2430 1717 2499 qui
1741 2431 1762 2461 '
1784 2431 1932 2499 sequi
1961 2430 2128 2486 Deum

538 2521 755 2587 volunt,
790 2518 987 2575 faciunt
1008 2519 1155 2574 illum
1183 2521 1575 2590 prautedentem
1600 2561 1614 2585 ,
1644 2530 1699 2576 et
1720 2536 1781 2576 se
1809 2531 2125 2592 sequentes;

539 2626 646 2665 non
674 2620 853 2665 autem
895 2625 955 2664 se
983 2610 1383 2679 praecedentes,
1414 2620 1470 2666 et
1508 2612 1657 2667 illum
1689 2621 1997 2682 sequentem
2028 2630 2040 2666 :
2074 2623 2129 2670 et

538 2702 594 2756 in
616 2703 863 2756 omnibus
885 2717 1006 2757 eum
1032 2702 1228 2757 bonum
1250 2703 1556 2770 inveniunt,
1584 2704 1699 2759 sive
1724 2704 2122 2772 emendantem,

538 2793 650 2847 sive
678 2792 1066 2859 consolantem,
1098 2793 1212 2849 sive
1238 2802 1599 2861 exercentem,
1622 2794 1735 2850 sive
1755 2807 2120 2862 coronantem,

538 2883 651 2937 sive
680 2891 991 2953 purgantem
1019 2925 1034 2949 ,
1066 2883 1179 2939 sive
1203 2884 1589 2941 illuminantem
1611 2926 1625 2951 ,
1656 2887 1795 2941 sicut
1832 2888 2126 2958 Apostolus

536 2971 645 3039 ait,
677 2971 879 3027 Scimus
902 2974 1142 3041 quoniam
1167 2973 1487 3045 diligentibus
1516 2975 1681 3031 Deum
1705 3018 1719 3041 ,
1748 2979 1917 3031 omnia
1944 2995 2124 3049 coope-

536 3071 713 3116 rantur
730 3062 784 3116 in
812 3062 1039 3134 bonum(
1061 3064 1211 3119 Rom.
1263 3080 1373 3132 vm,
1413 3064 1484 3121 28
1512 3065 1556 3135 ).
1605 3066 1671 3121 Et
1699 3067 1819 3124 ideo
1858 3070 2118 3140 sequitur,

535 3150 756 3225 Benefac
780 3196 795 3218 ,
826 3153 1044 3209 Domine
1066 3197 1080 3221 ,
1120 3156 1262 3211 bonis
1284 3197 1299 3222 ,
1331 3167 1380 3211 et
1412 3158 1560 3214 rectis
1586 3160 1759 3214 corde.

605 3245 693 3300 lO.
724 3244 873 3301 Sicut
900 3256 1076 3302 autem
1108 3246 1397 3303 declinata
1427 3250 1599 3316 malo,
1648 3260 1701 3306 et
1749 3251 1873 3307 facit
1918 3254 2114 3309 bonum

532 3344 712 3392 rectus
757 3336 921 3392 corde
951 3336 970 3409 (
999 3336 1147 3393 Psal.
1176 3354 1334 3395 xxva
1359 3380 1375 3407 ,
1418 3338 1487 3394 27
1514 3340 1555 3408 ),
1594 3342 1717 3413 quia
1761 3358 1867 3399 non
1898 3345 2034 3401 zelat
2064 3348 2115 3401 in

532 3427 935 3498 peccatoribus,
997 3444 1184 3499 pacem
1232 3440 1574 3503 peccatorum
1643 3434 1853 3490 intuens
1897 3436 1915 3505 (
1968 3435 2115 3492 Psal.

531 3534 714 3584 Lxxn,
759 3517 861 3592 3);
913 3520 991 3574 sic
1034 3522 1183 3590 pravi
1218 3522 1397 3578 cordis
1419 3522 1461 3589 ³,
1510 3524 1600 3594 qui
1630 3524 2024 3583 scandalizatur
2063 3529 2114 3583 in

530 3610 629 3665 viis
655 3609 901 3677 Domini,
930 3610 1160 3667 declinat
1185 3627 1215 3666 a
1242 3612 1354 3668 Deo
1371 3653 1387 3679 ,
1412 3622 1467 3669 et
1489 3613 1616 3669 facit
1637 3617 1832 3672 malum
1852 3659 1868 3685 ,
1897 3627 1951 3674 et
1974 3618 2116 3675 ines-

528 3711 680 3757 catur
708 3700 994 3758 dulcedine
1043 3702 1258 3770 saaculi,
1289 3713 1344 3759 et
1373 3719 1437 3759 ea
1467 3704 1782 3775 illaqueatus
1829 3717 1884 3763 et
1928 3716 2115 3779 captus

468 3857 475 3864 ε
536 3811 748 3852 amaras
779 3810 965 3866 plenas
1008 3796 1124 3851 luit.
1161 3796 1461 3853 Declinanti
1492 3808 1669 3853 autem
1701 3816 1729 3853 a
1764 3801 1872 3855 Deo
1896 3842 1910 3863 ,
1961 3802 2115 3871 cujus

460 3894 461 3897 ‘
526 3884 863 3956 disciplinam
914 3888 1055 3942 ferre
1105 3887 1309 3955 noluit,
1359 3888 1419 3943 ﬁt
1458 3889 1534 3943 illi
1592 3905 1686 3960 per
1704 3890 1964 3959 judicium
2017 3893 2109 3948 Dei

482 4049 486 4052 ἠ
525 3992 683 4032 verus
712 3980 933 4050 laqueus
958 3979 1089 4034 falsa
1112 3979 1373 4035 malorum
1407 3981 1651 4037 felicitas.
1681 3982 1833 4038 Unde
1853 3986 2110 4040 continuo

462 4058 498 4109 ν’
525 4072 795 4142 subiungit
829 4091 843 4127 :
876 4072 1198 4131 Declinantes
1226 4084 1393 4129 autem
1438 4076 1491 4129 iu
1541 4078 1991 4146 strangulationem
2018 4079 2109 4133 ab-

477 4164 491 4171 ”
523 4162 672 4217 ducet
706 4162 727 4193 ⁸
754 4163 1004 4219 Dominus
1045 4181 1159 4217 cum
1183 4168 1505 4236 operantibus
1531 4168 1829 4238 injustitiam
1862 4186 1881 4224 :
1910 4170 1960 4225 id
1986 4180 2069 4227 est
2092 4214 2106 4235 ,

523 4270 754 4323 quorum
804 4254 941 4309 facta
994 4257 1182 4312 imitati
1226 4268 1384 4323 sunt;
1417 4260 1539 4329 quia
1586 4276 1771 4316 eorum
1817 4258 2109 4332 praisentes

459 4360 480 4420 ξ
523 4346 736 4399 laetitias
760 4358 1110 4412 amaverunt,
1146 4355 1201 4402 et
1226 4348 1397 4403 futura
1427 4351 1682 4421 supplicia
1728 4368 1833 4408 non
1864 4355 2107 4410 credide-

480 4421 484 4426 ’
523 4444 668 4490 runt.
700 4436 800 4503 Qui
826 4451 953 4505 ergo
978 4437 1113 4492 recti
1144 4446 1270 4493 sunt
1296 4439 1458 4494 corde
1481 4482 1496 4504 ,
1543 4451 1597 4496 et
1646 4458 1749 4497 non
1798 4443 2105 4511 declinant,

520 4527 651 4599 quid
678 4526 971 4582 habebunt?
995 4527 1112 4583 Jam
1130 4528 1409 4585 veniamus
1429 4530 1494 4585 ad
1515 4532 1684 4601 ipsam
1715 4530 2102 4605 haereditatem,

519 4618 751 4686 fratres,
784 4620 905 4690 quia
956 4619 1048 4674 lilii
1091 4635 1296 4676 sumus.
1342 4621 1479 4689 Quid
1519 4625 1945 4693 possidebimus?
1986 4645 2105 4699 qua:

519 4719 605 4765 est
633 4709 955 4765 limreditas?
1007 4726 1128 4782 quae
1181 4712 1350 4782 patria
1404 4717 1625 4770 nostra?
1670 4718 1797 4788 quid
1843 4723 2103 4775 vocatur?

519 4800 652 4854 Pax.
700 4802 801 4857 Per
829 4800 968 4857 hanc
997 4817 1091 4857 vos
1121 4803 1447 4873 salutamus,
1474 4805 1610 4862 hanc
1638 4809 1787 4864 vobis
1819 4814 2103 4869 annuntia-

518 4909 638 4948 mus
661 4934 677 4961 ,
713 4894 849 4949 hanc
901 4880 1198 4964 suscipiunt
1234 4904 1483 4964 montes,
1538 4907 1592 4953 et
1629 4900 1795 4957 colles
1842 4903 2101 4971 justitiam

517 4985 537 5052 (
577 4983 726 5039 Psal.
776 5000 935 5051 Lxxt,
991 4984 1095 5058 5).
1154 4984 1272 5056 Ipsa
1323 4994 1408 5042 est
1458 4985 1750 5045 Christus:
1797 4990 1920 5063 Ipse
1971 4996 2101 5049 enim

518 5088 593 5132 est
623 5094 726 5147 pax
752 5088 923 5133 nostra
945 5120 961 5145 ,
1009 5079 1092 5147 qui
1124 5080 1241 5151 fecit
1285 5089 1498 5151 utraque
1546 5097 1701 5135 unum
1722 5124 1738 5149 ,
1782 5093 1829 5137 et
1882 5086 2100 5139 medium

521 5172 762 5243 parietem
802 5172 1036 5227 maceria:
1059 5172 1205 5227 solvit
1255 5171 1494 5247 (Ephes.
1541 5190 1600 5240 ιι,
1649 5175 1783 5247 14).
1822 5175 1955 5244 Quia
2007 5178 2099 5233 lilii

583 5328 601 5393 ξ
627 5333 759 5387 Lov.,
779 5333 824 5376 et
847 5326 934 5377 hoc
960 5328 1021 5393 in
1043 5326 1142 5393 [ide
1165 5343 1183 5380 :
1204 5328 1608 5381 dissentientibus
1628 5328 1740 5393 md.
1757 5329 1869 5393 aliis
1886 5339 1937 5381 et
1961 5340 2064 5382 Mss.

582 5391 604 5456 ξ
627 5396 729 5456 Am.
756 5394 830 5436 Er.
857 5399 908 5456 et
931 5389 1238 5456 aliquotatss.
1275 5392 1521 5456 omittunt,
1556 5391 1642 5441 sed
1682 5392 1767 5456 qui
1787 5405 1806 5442 :
1828 5392 1908 5442 alii
1931 5393 2099 5456 plures

514 5450 564 5503 id
587 5451 788 5517 habent,
808 5450 895 5500 sed
920 5450 1398 5517 non'addunt,_sequi_.

582 5515 603 5545 ³
627 5519 700 5561 Er.
741 5520 797 5577 et
828 5518 918 5563 Iov
952 5528 963 5562 :
1010 5512 1085 5562 sic
1108 5512 1407 5573 praticordis
1429 5520 1524 5575 est,
1569 5515 1667 5577 qui.
1706 5514 1964 5576 Particula,
1993 5524 2093 5577 est,

514 5588 615 5625 non
637 5576 884 5642 reperitur
906 5577 1032 5642 apud
1069 5585 1168 5642 Am.
1193 5590 1358 5639 neque
1381 5578 1558 5642 iunias.
1584 5590 1789 5639 quorum
1813 5577 1961 5642 aliqui
1984 5576 2093 5628 cum

511 5646 615 5686 Am.
640 5636 839 5692 habent,
863 5636 1194 5700 pruricordius
1223 5651 1240 5687 :
1267 5636 1318 5687 et
1333 5638 1550 5700 quidam,
1576 5636 1750 5700 pravus
1770 5636 1933 5689 corde.

575 5703 607 5770 ξ
618 5709 716 5745 nm.
743 5697 891 5770 timet
916 5698 1135 5770 plerique
1150 5706 1287 5770 ﬁssa,
1324 5697 1376 5747 in
1417 5697 1836 5770 strangulatione":
1862 5701 2091 5763 adducet.

511 5766 572 5836 At
588 5765 720 5827 tum,
742 5759 960 5819 abducet.
1149 5766 1259 5815 cxx

1811 290 1871 348 S.
1912 285 2275 347 AUGUSTINI
2317 289 2619 351 EPISCOPI

3700 306 3839 367 £656

2260 418 2474 467 sumus,
2508 406 2872 469 hmreditatem
2927 413 3259 474 habebimus.
3290 419 3357 476 Et
3396 420 3524 492 quid
3571 427 3842 484 vocabitur

2259 493 2370 565 ipsa
2403 495 2686 555 hcc-reditas
2712 544 2728 567 ,
2762 505 2861 559 nisi
2894 506 3029 574 pax?
3054 507 3120 564 Et
3166 510 3342 567 videte
3370 514 3492 582 quia
3515 515 3838 575 exhaeredati

2256 596 2381 641 sunt
2407 589 2497 658 qui
2520 606 2623 645 non
2660 604 2842 650 amant
2870 612 3053 666 pacem
3089 618 3102 653 :
3134 618 3238 655 non
3288 614 3466 658 autem
3516 620 3835 681 annantpa-

2256 693 2411 750 cem,
2462 684 2550 753 qui
2578 683 2823 742 dividunt
2852 691 3129 747 unitatem.
3172 693 3279 750 Pax
3322 700 3591 767 passessio
3631 702 3837 770 piorum

2255 781 2339 827 est
2361 812 2376 836 ,
2420 776 2687 841 possessio
2717 776 3005 836 haeredum.
3037 783 3102 838 Et
3127 786 3215 854 qui
3238 798 3362 842 sunt
3387 788 3667 845 hmrt‘des?
3696 793 3834 848 Filii.

2254 861 2452 953 audite
2476 865 2817 936 Evangelium
2849 870 3030 925 :Beati
3072 876 3273 944 paciﬁci
3295 918 3309 939 ,
3339 883 3578 947 quoniam
3616 882 3716 952 ipsi
3746 886 3838 953 filii

2255 951 2349 1006 Dei
2386 957 2693 1009 vocabuntur
2721 959 2740 1029 (
2772 959 2957 1016 Matth.
2990 979 3042 1030 v,
3066 964 3163 1034 9).
3210 968 3401 1025 Audite
3439 980 3496 1026 et
3538 951 3839 1029 conclusio-

2254 1060 2376 1100 nem
2404 1046 2562 1117 hujus
2596 1052 2820 1119 psalmi:
2854 1052 2969 1108 Pax
2992 1073 3143 1128 super
3186 1059 3368 1116 Israel.
3401 1064 3563 1120 Israel
3591 1109 3605 1130 ,
3639 1066 3839 1124 Videns

2253 1137 2455 1205 Deum;
2483 1141 2817 1214 Jerusalem,
2867 1147 3009 1203 Visio
3057 1153 3201 1219 pacis
3247 1157 3646 1226 interpretatur.
3681 1161 3838 1216 Intel-

2251 1229 2379 1302 ligat
2406 1232 2651 1292 Charitas
2698 1249 2872 1295 vestra
2923 1259 2936 1295 :
2990 1241 3150 1299 Israel
3196 1247 3598 1319 interpretatur,
3639 1253 3838 1310 Videas

2252 1324 2453 1393 Deum;
2505 1328 2799 1385 Jerusalem
2855 1334 3275 1406 interpretatur,
3309 1339 3467 1401 ενίεἰο
3512 1345 3685 1413 pacis.
3740 1345 3837 1412 Qui

2249 1431 2350 1469 non
2374 1420 2810 1475 commovebuntur
2834 1423 2887 1477 in
2918 1434 3159 1481 internum
3184 1428 3208 1480 ?
3238 1429 3340 1494 Qui
3365 1432 3658 1489 inhabitants
3681 1435 3837 1491 Jeru-

2248 1506 2424 1560 salem.
2455 1506 2568 1563 Non
2598 1514 3076 1569 commovebuntur
3112 1533 3241 1589 ergo
3287 1520 3340 1575 in
3389 1532 3654 1579 aeternum
3676 1568 3695 1593 ,
3749 1530 3836 1598 qui

2248 1595 2545 1652 inhabitant
2576 1600 2834 1656 visionem
2868 1604 3031 1672 pacis.
3067 1605 3135 1660 Et
3161 1625 3264 1677 pax
3290 1626 3441 1681 super
3467 1611 3663 1669 Israel.
3697 1595 3837 1689 Ergo

2247 1686 2410 1742 Israel
2435 1690 2524 1759 qui
2564 1691 2750 1747 videns
2791 1694 2958 1749 Deum
2993 1706 3107 1761 est,
3139 1699 3324 1756 videns
3374 1718 3557 1772 pacem
3601 1720 3695 1763 est
3727 1728 3740 1764 :
3778 1686 3836 1766 et

2246 1778 2359 1849 ipse
2378 1779 2539 1835 Israel
2566 1792 2647 1836 est
2665 1792 2720 1838 et
2737 1784 3052 1851 Jerusalem;
3068 1790 3190 1859 quia
3216 1794 3440 1862 populus
3458 1796 3546 1851 ille
3566 1798 3696 1866 Dei,
3726 1802 3834 1871 ipsa

2245 1880 2327 1925 est
2355 1873 2542 1928 civitas
2565 1874 2680 1930 Dei.
2711 1876 2767 1932 Si
2793 1892 2921 1949 ergo
2948 1881 3135 1936 videns
3163 1900 3370 1954 pacem,
3406 1888 3507 1943 hoc
3531 1901 3617 1945 est
3648 1893 3835 1950 videns

2245 1960 2441 2028 Deum;
2472 1965 2663 2019 merito
2687 1976 2741 2020 et
2770 1968 2905 2023 Deus
2936 1970 3050 2040 ipse
3073 1982 3155 2026 est
3182 1990 3303 2043 pax.
3363 1977 3502 2048 Ergo
3528 1981 3660 2050 quia
3692 1983 3835 2038 Chri-

2241 2059 2356 2105 stus
2380 2051 2544 2109 Filius
2570 2056 2664 2111 Dei
2693 2072 2794 2127 pax
2817 2068 2933 2126 est,
2976 2061 3097 2118 ideo
3125 2067 3269 2120 venit
3288 2068 3538 2139 colligere
3567 2086 3707 2129 suos
3729 2114 3746 2140 ,
3784 2086 3834 2131 et

2240 2159 2521 2202 secernere
2548 2149 2616 2205 ab
2646 2149 2858 2222 iniquis.
2907 2155 2950 2208 A
2981 2155 3173 2223 quibus
3203 2158 3433 2228 iniquis?
3463 2162 3563 2229 Qui
3595 2165 3834 2223 oderunt

2238 2234 2535 2293 Jerusalem
2558 2279 2577 2307 ,
2603 2242 2694 2309 qui
2724 2241 2954 2298 oderunt
2982 2260 3164 2314 pacem
3183 2290 3195 2311 ,
3224 2250 3312 2318 qui
3340 2251 3524 2306 volunt
3570 2256 3829 2311 conscin-

2236 2327 2368 2383 dere
2394 2330 2687 2398 unitatem,
2711 2334 2801 2403 qui
2827 2349 2930 2389 non
2965 2337 3190 2393 credunt
3215 2342 3331 2409 paci
3353 2382 3369 2408 ,
3392 2345 3481 2414 qni
3511 2344 3716 2401 falsam
3738 2364 3829 2417 pa-

2236 2434 2353 2475 cem
2381 2425 2736 2491 pronuntiant
2786 2427 2838 2480 in
2890 2429 3118 2498 populo,
3151 2440 3206 2484 et
3249 2448 3355 2487 non
3408 2435 3552 2490 illam
3604 2437 3827 2495 habent.

2235 2512 2437 2581 Quibus
2484 2517 2859 2585 reSpondetur,
2888 2533 3008 2575 cum
3052 2520 3318 2589 dixerint,
3355 2526 3461 2581 Pax
3504 2529 3825 2600 vobiscum,

2234 2601 2306 2658 Et
2327 2618 2448 2660 cum
2477 2607 2667 2676 spiritu
2720 2616 2853 2679 tuo:
2893 2610 3083 2666 falsum
3122 2612 3339 2681 dicunt,
3390 2628 3445 2672 et
3498 2620 3703 2676 falsum
3733 2638 3826 2678 au-

2231 2695 2401 2751 diunt.
2431 2696 2634 2765 Quibus
2665 2698 2877 2765 dicunt,
2910 2701 3017 2756 Pax
3049 2703 3364 2761 vobiscum?
3402 2723 3537 2779 quos
3566 2724 3827 2782 separant

2230 2802 2261 2842 a
2292 2802 2424 2857 pace
2459 2788 2604 2844 orbis
2635 2798 2917 2848 terrarum.
2950 2792 3019 2848 Et
3066 2796 3260 2865 quibus
3309 2799 3525 2866 dicitur,
3577 2803 3652 2858 Et
3703 2820 3821 2861 cum

2228 2879 2418 2947 spiritu
2447 2880 2572 2935 tuo?
2591 2880 2689 2948 Qui
2710 2880 3075 2941 dissensiones
3102 2888 3516 2959 amplectuntur,
3547 2904 3603 2949 et
3631 2897 3823 2954 odiunt

2228 2984 2413 3041 pacem
2445 2972 2486 3025 ¹.
2518 2972 2573 3029 Si
2601 2974 2743 3029 enim
2767 2974 2819 3029 in
2851 2977 3043 3048 Spiritu
3073 2994 3257 3035 eorum
3279 2993 3421 3039 esset
3448 3001 3547 3054 pax
3577 3029 3590 3050 .
3640 3005 3823 3047 nonne

2228 3062 2484 3118 unitatem
2511 3062 2827 3134 diligerent,
2874 3076 2929 3123 et
2980 3069 3349 3142 relinquerent
3376 3074 3821 3137 dissensionem?

2229 3155 2444 3211 Falsum
2498 3172 2626 3228 ergo
2680 3162 3111 3228 pronuntiantes,
3162 3163 3352 3221 falsum
3406 3168 3663 3226 audiunt.
3718 3158 3819 3229 Nos

2225 3260 2410 3301 verum
2463 3253 2901 3321 pronuntiemus,
2956 3265 3012 3311 et
3058 3273 3242 3315 verum
3288 3262 3588 3319 audiamus.
3633 3265 3818 3325 Simus

2225 3336 2425 3406 Israel,
2456 3351 2508 3394 et
2537 3343 2923 3412 amplectamur
2968 3363 3186 3418 pacem;
3232 3353 3353 3422 quia
3383 3353 3699 3414 Jerusalem
3738 3370 3817 3416 est

2225 3427 2361 3483 visio
2388 3432 2532 3499 pacis
2551 3474 2565 3498 ,
2596 3443 2651 3488 et
2673 3450 2772 3490 nos
2801 3435 2962 3493 Israel
2984 3480 2999 3505 ,
3025 3449 3079 3495 et
3103 3458 3206 3513 pax
3232 3459 3385 3515 super
3405 3444 3593 3501 Israel.

2619 3642 2700 3702 IN
2743 3643 3124 3709 PSALMUM
3168 3649 3397 3712 CXXV

2786 3763 3201 3822 ENARRATIO.

2746 3893 2916 3935 SEBIIO
2942 3895 3009 3935 AD
3033 3897 3258 3939 PLEBEI.

2289 3991 2340 4045 1.
2373 3989 2522 4063 [vers.
2550 3992 2628 4065 1.]
2654 3992 2799 4050 Sicut
2817 3995 2926 4065 jam
2959 3999 3293 4065 meministis,
3324 4015 3392 4055 ex
3417 4002 3610 4059 ordine
3650 4007 3805 4063 nobis

2217 4085 2563 4140 tractantibus
2590 4085 2692 4141 iste
2735 4088 2969 4157 psalmus
3018 4101 3101 4145 est
3149 4094 3472 4150 centesimus
3516 4099 3803 4155 vicesimus

2216 4174 2453 4245 quintus,
2480 4179 2569 4248 qui
2617 4179 2753 4234 inter
2784 4180 2902 4235 illos
2928 4182 3159 4252 psalmos
3188 4194 3287 4252 est,
3317 4202 3542 4257 quorum
3564 4200 3650 4245 est
3684 4193 3803 4246 titu-

2216 4267 2320 4334 lus,
2354 4266 2616 4324 Canticum
2656 4273 2923 4342 graduum.
2964 4274 3057 4329 Est
3077 4286 3275 4341 autem,
3307 4277 3444 4332 sicut
3473 4283 3667 4345 nostis,
3703 4299 3797 4337 vox

2213 4361 2611 4417 ascendentium
2644 4379 2805 4433 :quo,
2835 4364 2932 4418 nisi
2959 4365 3023 4419 ad
3069 4366 3210 4421 illam
3254 4382 3537 4438 supernam
3581 4371 3799 4427 Jerusa-

2215 4450 2340 4516 lem,
2391 4462 2615 4507 matrem
2668 4456 2905 4509 omnium
2956 4467 3218 4523 nostrum,
3257 4474 3374 4529 quae
3417 4471 3498 4515 est
3547 4463 3601 4517 in
3646 4466 3793 4519 caelis

2212 4540 2409 4611 (Galat.
2437 4559 2511 4610 Iv,
2538 4543 2670 4616 26)?
2696 4546 2825 4613 Qua:
2869 4561 3095 4617 superna
3147 4559 3249 4616 est,
3301 4551 3410 4620 ipsa
3455 4563 3511 4608 et
3546 4565 3746 4611 {eterna
3776 4576 3789 4611 :

2212 4634 2327 4690 haec
2355 4646 2531 4691 autem
2563 4652 2679 4707 qua:
2707 4638 2759 4692 in
2789 4649 2926 4694 terra
2957 4638 3074 4706 fuit,
3103 4643 3346 4699 umbram
3373 4644 3604 4701 habebat
3632 4649 3786 4704 illius.

2210 4725 2390 4797 Itaque
2438 4728 2536 4783 ista
2595 4729 2815 4796 cecidit,
2866 4731 2951 4786 illa
3004 4744 3279 4802 permanet
3326 4754 3339 4789 :
3384 4736 3499 4793 haec
3553 4740 3790 4812 implevit

2210 4825 2418 4888 tempus
2452 4819 2860 4888 pricdicationis,
2894 4822 2983 4876 illa
3007 4831 3147 4879 tenet
3191 4828 3542 4884 :eteruitatem
3594 4844 3787 4887 nostra:

2208 4915 2573 4983 reparationis.
2606 4915 2699 4970 Δὶ)
2742 4916 2829 4971 illa
2872 4907 3270 4987 peregrinantur
3316 4922 3369 4975 in
3414 4921 3514 4978 hac
3555 4925 3681 4992 vita,
3721 4927 3785 4980 ad

2207 5006 2322 5074 ejus
2347 5006 2571 5062 reditum
2612 5009 2971 5077 suspiramus:
3006 5010 3204 5065 tamdiu
3247 5012 3427 5068 miseri
3452 5025 3507 5069 et
3538 5016 3785 5072 labamu-

2209 5106 2309 5163 tes,
2339 5097 2511 5153 donec
2538 5098 2601 5153 ad
2634 5099 2777 5154 illam
2807 5099 3108 5155 redeamus.
3138 5101 3245 5158 Nec
3285 5105 3431 5160 cives
3469 5108 3635 5162 nostri
3678 5111 3785 5162 An-

2204 5191 2307 5259 θειί
2337 5189 2651 5246 dimiserunt
2691 5206 2789 5247 nos
2829 5190 2880 5245 in
2908 5194 3356 5265 peregrinatione,
3387 5197 3481 5253 sed
3507 5201 3782 5255 annuntia-

2204 5289 2395 5335 verunt
2448 5280 2599 5335 nobis
2647 5280 2819 5351 ipsum
2867 5281 3064 5352 Regem
3111 5293 3392 5341 venturum
3442 5288 3508 5344 ad
3559 5305 3671 5345 nos.
3714 5290 3781 5345 Et

2204 5372 2351 5427 venit
2386 5371 2449 5427 ad
2480 5387 2595 5437 nos,
2626 5382 2679 5427 et
2704 5383 3041 5445 contemptus
3066 5386 3147 5431 est
3173 5377 3312 5433 inter
3346 5394 3443 5434 nos
3468 5395 3498 5434 a
3530 5382 3698 5445 nobis,
3727 5392 3781 5436 et

2203 5473 2385 5533 postea
2455 5464 2793 5519 nobiscum’:
2825 5477 2878 5520 et
2936 5466 3117 5522 docuit
3177 5484 3273 5524 nos
3329 5473 3614 5537 contemni,
3657 5474 3775 5541 quia

2265 5580 2280 5610 ι
2309 5577 2473 5645 lstluec
2496 5578 2676 5645 verba:
2705 5576 2794 5637 Qui
2818 5578 3135 5645 dissensiones
3168 5583 3533 5645 amplectuntur,
3553 5592 3599 5634 et
3618 5583 3776 5633 odium

2198 5652 2383 5711 pacem,
2407 5640 2581 5711 absunt
2612 5639 2797 5711 alium.
2842 5648 2893 5689 et
2924 5643 2985 5711 ab
3031 5639 3257 5695 omnibus
3277 5651 3402 5708 Mss,
3443 5639 3627 5700 necnon
3660 5657 3773 5701 seuc

2202 5702 2366 5754 lentim
2385 5702 2732 5763 subsequentis
2750 5714 2862 5763 vox,
2888 5702 3032 5753 enim.

2270 5766 2289 5804 ι
2317 5763 2449 5831 ειμι,
2474 5760 2716 5831 nobiscum
2732 5760 3028 5837 ριξιτλῡθςι,
3063 5764 3167 5840 Ἧι,
3192 5780 3217 5821 a
3240 5774 3343 5835 M86,
