4160 6440
312 321 451 386 Im

306 457 654 518 contemptus
705 457 826 513 est;
881 446 1063 502 docuit
1113 446 1381 509 tolerare,
1431 445 1551 515 quia
1616 444 1892 509 toleravit;

306 542 491 597 docuit
518 540 642 610 pati,
674 540 794 609 quia
827 553 1014 608 passus
1037 547 1153 605 est;
1201 546 1253 592 et
1283 536 1526 607 promisit
1565 546 1895 591 resurrectu-

304 652 419 699 ros,
447 634 569 703 quia
598 633 909 699 resurrexit,
929 633 982 686 in
1010 632 1187 701 seipse
1211 630 1500 685 ostendens
1526 628 1652 699 quid
1678 642 1896 699 sperare

302 725 620 780 debeamus.
653 722 709 778 Si
736 737 883 793 ergo,
924 720 1138 787 fratres,
1167 720 1445 790 Prophetze
1465 719 1688 790 antiqui,
1719 728 1896 788 patres

304 815 500 878 nostri,
543 825 829 884 antequam
874 813 1129 868 Dominus
1152 812 1309 867 Jesus
1336 810 1584 867 Christus
1611 811 1814 866 veniret
1839 810 1895 867 in

303 922 490 974 carne,
510 916 790 976 antequam
818 914 1058 960 mortuus
1088 904 1469 959 resurrexisset
1492 913 1547 959 et
1568 902 1895 959 ascendisset

302 999 358 1055 in
397 998 615 1061 coelum,
660 997 1000 1067 suspirabant
1043 1005 1218 1050 tamen
1256 995 1331 1050 illi
1370 994 1598 1060 civitati;
1639 1001 1892 1064 quantum

302 1103 403 1144 nos
445 1096 657 1160 oportet
700 1086 1026 1152 desiderare,
1070 1101 1175 1156 quo
1222 1099 1322 1141 nos
1365 1086 1479 1155 ipse
1505 1086 1810 1155 praecessit,
1838 1091 1895 1140 et

301 1180 447 1236 unde
514 1193 781 1249 nunquam
831 1178 1091 1233 recessit?
1149 1176 1270 1232 Non
1314 1178 1459 1233 enim
1507 1176 1764 1231 Dominus
1815 1174 1894 1232 sic

300 1273 448 1327 venit
476 1270 543 1325 ad
582 1284 698 1335 nos,
722 1278 781 1323 ut
816 1267 1090 1324 desereret
1117 1268 1351 1339 Angelos
1380 1285 1394 1322 :
1425 1276 1480 1323 et
1504 1267 1609 1323 illis
1636 1266 1890 1334 mansit’,

300 1361 445 1418 etad
500 1376 594 1415 nos
634 1363 813 1426 venit;
863 1360 965 1414 illis
1007 1360 1205 1416 mansit
1244 1360 1297 1414 in
1334 1360 1631 1430 majestate,
1679 1360 1743 1415 ad
1793 1374 1893 1417 nos

298 1455 447 1509 venit
478 1454 531 1507 in
564 1468 745 1507 carne.
791 1451 1019 1507 Eramus
1063 1460 1241 1506 autem
1281 1451 1451 1507 ubi"!
1481 1451 1536 1507 Si
1583 1450 1894 1521 redemptor

298 1556 485 1603 noster
509 1546 598 1601 ille
637 1545 833 1600 dicitur
860 1544 1058 1614 captivi
1085 1544 1418 1600 tenebamur.
1444 1542 1547 1599 Ubi
1576 1558 1704 1613 ergo
1736 1553 1889 1599 tene-

298 1637 507 1702 bamur,
537 1645 594 1691 ut
618 1636 708 1691 ille
734 1636 937 1690 veniret
961 1634 1227 1690 redimere
1250 1634 1523 1705 captivos?
1550 1633 1637 1687 ubi
1670 1633 1890 1689 teneba-

300 1730 457 1787 mur?
484 1729 645 1785 Forte
686 1727 826 1798 apud
854 1728 1151 1807 barbaros?
1189 1728 1348 1798 Pejor
1392 1735 1475 1807 est
1504 1726 1744 1782 barbaris
1771 1726 1889 1781 dia-

300 1822 453 1877 bolus
498 1830 553 1875 et
598 1821 770 1891 angeli
821 1806 958 1890 ejus.
1012 1818 1115 1889 ipsi
1181 1829 1337 1874 antea
1392 1806 1653 1875 ienebant
1717 1834 1886 1888 genus

299 1913 589 1969 humanum
631 1933 644 1967 :
683 1912 752 1967 ab
806 1913 883 1967 eis
931 1911 1158 1967 redemit
1210 1926 1328 1979 nos,
1388 1911 1478 1983 qui
1536 1925 1640 1965 non
1696 1926 1885 1965 aurum

298 2020 469 2075 neque
515 2014 814 2074 argentum,
864 2003 960 2058 sed
1006 2003 1319 2074 sanguinem
1376 2017 1532 2058 suum
1584 2017 1682 2072 pro
1735 2000 1887 2059 nobis

298 2095 459 2150 dedit.

363 2186 418 2240 2.
446 2183 727 2254 Quomodo
768 2193 945 2239 autem
990 2182 1152 2238 homo
1180 2189 1400 2238 venerat
1424 2183 1476 2237 in
1502 2182 1883 2252 captivitatem,

297 2279 514 2335 Paulum
557 2278 855 2348 apostolum
909 2277 1317 2345 interrogemus.
1342 2274 1553 2329 Etenim
1594 2275 1707 2346 ipse
1750 2290 1887 2345 prae-

296 2372 447 2439 cipue
496 2371 662 2439 gemit
713 2371 765 2424 in
817 2369 915 2423 ista
961 2368 1283 2438 captivitate,
1347 2368 1622 2437 suspirans
1669 2378 1885 2423 aeternae

296 2459 588 2517 Jerusalem
612 2477 625 2524 ;
658 2468 713 2514 et
740 2459 920 2513 docuit
946 2473 1043 2513 nos
1065 2473 1281 2528 gemere
1307 2472 1370 2511 ex
1411 2457 1527 2526 ipso
1548 2446 1749 2527 Spiritu
1778 2471 1884 2528 quo

294 2560 347 2605 et
374 2551 464 2604 ille
496 2551 747 2620 impletus
782 2549 1049 2618 gemebat.
1081 2547 1192 2603 Hoc
1221 2548 1360 2602 enim
1393 2548 1468 2601 ait
1496 2565 1508 2600 :
1541 2546 1718 2602 Omnis
1743 2565 1884 2602 crea-

294 2650 404 2695 tura
433 2642 754 2712 congemiscit
792 2650 837 2695 et
875 2640 1005 2693 dolet
1040 2655 1195 2710 usque
1233 2656 1384 2693 nunc.
1414 2639 1479 2693 Et
1504 2639 1695 2693 iterum
1724 2657 1737 2694 :
1775 2637 1882 2693 Va-

292 2735 435 2788 nitati
479 2736 611 2787 enim
648 2742 876 2787 creatura
904 2731 1129 2801 subjecta
1174 2740 1267 2794 est,
1314 2731 1408 2795 ait,
1440 2747 1540 2783 non
1568 2740 1765 2799 sponte,
1794 2732 1883 2786 sed

292 2834 497 2895 prapter
540 2840 652 2877 eum
693 2824 779 2895 qui
824 2822 1033 2893 subjecit
1080 2823 1131 2875 in
1176 2839 1283 2893 spe.
1320 2820 1544 2876 Omnem
1583 2831 1879 2878 creaturam

291 2915 421 2971 dixit
450 2916 501 2969 in
536 2915 841 2970 hominibus
870 2915 1030 2968 etiam
1060 2930 1164 2968 non
1194 2912 1556 2979 credentibus,
1581 2914 1675 2969 sed
1703 2923 1879 2970 tamen

290 3005 598 3069 creditoris,
619 3005 971 3076 ingemiscere
995 3013 1291 3059 creaturam
1324 3004 1377 3057 in
1404 3003 1692 3058 laboribus.
1718 3003 1882 3058 Nunt-

290 3098 540 3170 quidnam
565 3099 617 3152 in
649 3098 731 3152 his
761 3105 964 3153 tantum
1004 3098 1169 3167 gemit
1189 3096 1230 3163 ³,
1262 3096 1351 3166 qui
1380 3095 1611 3151 nondum
1636 3096 1881 3152 credide-

289 3191 451 3247 runt?
484 3192 594 3259 jam
634 3204 765 3245 vero
816 3190 869 3244 in
900 3188 982 3243 his
1033 3190 1120 3259 qui
1167 3188 1508 3243 crediderunt
1545 3204 1649 3242 non
1693 3189 1877 3256 gemit,

290 3297 386 3337 nec
434 3282 660 3353 parturit
700 3280 977 3335 creatura?
1008 3278 1129 3333 Non
1172 3280 1335 3333 solum
1354 3288 1541 3343 autem,
1570 3279 1759 3349 inquit,
1789 3282 1877 3334 sed

288 3385 334 3428 et
374 3391 467 3428 nos
496 3374 595 3443 ipsi
634 3373 883 3444 primitias
909 3372 1118 3442 spiritus
1144 3370 1403 3434 habentes,
1432 3370 1482 3424 id
1505 3379 1609 3438 est,
1638 3371 1725 3440 qui
1764 3370 1876 3441 jam

288 3468 476 3537 spiritu
501 3466 612 3521 Deo
637 3466 921 3533 servimus,
942 3464 1029 3534 qui
1056 3464 1164 3533 jam
1188 3472 1365 3518 mente
1384 3462 1492 3517 Deo
1531 3462 1874 3528 credidimus,

289 3560 411 3616 etin
436 3561 549 3630 ipsa
572 3559 675 3613 fide
694 3557 955 3629 primitias
976 3555 1231 3627 quasdam
1249 3554 1514 3619 dedimus,
1537 3563 1594 3609 nt
1617 3555 1877 3624 primitias

288 3660 495 3708 nostras
511 3664 798 3721 sequamur
818 3666 830 3700 :
851 3662 978 3717 ergo
997 3656 1048 3701 et
1064 3664 1154 3700 nos
1168 3646 1266 3716 ipsi
1282 3647 1331 3698 in
1349 3645 1713 3714 nobismetipsis
1732 3644 1877 3716 inge-

287 3744 561 3808 miscimus,
574 3741 895 3810 adoptionem
916 3746 1277 3809 exspectantes,
1295 3736 1687 3807 redemptionem
1705 3751 1879 3806 corpo-

287 3837 352 3890 ris
368 3837 549 3889 nostri.
573 3831 834 3887 Cemebat
852 3844 979 3899 ergo
1000 3839 1053 3883 et
1080 3828 1213 3897 ipse,
1231 3835 1285 3882 et
1300 3835 1519 3896 gemunt
1539 3841 1725 3879 omnes
1748 3824 1877 3880 ﬁde-

286 3925 383 3991 les,
442 3924 783 3994 adoptionem
838 3927 1230 3989 exspectantes,
1283 3915 1705 3985 redemptionem
1752 3930 1876 3970 cor-

286 4015 431 4086 p0ris
478 4015 581 4069 sui.
631 4012 734 4069 Ubi
776 4010 1033 4083 gemunt?
1081 4008 1138 4063 In
1183 4009 1279 4061 ista
1331 4006 1674 4061 mortalitate.
1708 4005 1875 4071 Quam

284 4106 706 4175 redemptionem
724 4101 1068 4172 exspectant?
1084 4097 1334 4168 Corporis
1355 4098 1458 4164 sui,
1472 4111 1589 4167 quae
1606 4098 1879 4165 praecessit

283 4199 333 4254 in
362 4200 610 4259 Domino,
657 4196 746 4266 qui
791 4192 1133 4249 resurrexita
1161 4188 1403 4254 mortuis,
1450 4196 1504 4242 et
1541 4186 1783 4240 ascendit
1824 4186 1876 4240 in

282 4291 498 4346 caelum.
552 4287 665 4342 Hoc
693 4284 845 4341 nobis
884 4292 1169 4352 antequam
1216 4278 1489 4341 reddatur,
1524 4291 1747 4332 necesse
1789 4285 1874 4331 est

282 4397 579 4452 gemamus,
612 4379 772 4434 etiam
812 4374 1018 4440 ﬁdeles,
1059 4373 1219 4428 etiam
1262 4378 1558 4440 sperantes.
1619 4368 1745 4424 Ideo
1792 4382 1878 4423 se-

280 4477 463 4547 quitur
511 4474 601 4538 ibi,
641 4480 696 4527 et
718 4469 879 4535 dicit;
907 4482 1028 4522 cum
1055 4465 1277 4529 diceret,
1296 4461 1359 4516 Et
1389 4462 1487 4532 ipsi
1527 4462 1579 4515 in
1608 4462 1877 4515 nobismet-

281 4567 406 4636 ipsis
446 4562 852 4633 ingemiscimus,
895 4557 1218 4627 adoptionem
1259 4562 1631 4623 exspectantes,
1684 4552 1877 4605 redem-

281 4658 504 4730 ptionem
550 4650 777 4722 corporis
822 4649 1013 4713 nostri;
1043 4646 1193 4717 quasi
1221 4645 1491 4700 diceretur
1514 4643 1586 4709 ei,
1617 4641 1755 4709 Quid
1779 4641 1875 4696 tibi

280 4762 411 4817 ergo
458 4744 653 4815 proluit
694 4741 957 4807 Christus,
997 4738 1044 4794 si
1087 4737 1260 4792 adhuc
1304 4735 1500 4806 gemis;
1530 4742 1584 4789 'et
1610 4733 1876 4804 quomodo

282 4837 527 4893 Salvator
571 4836 774 4890 salvum
820 4841 871 4887 te
913 4830 1073 4886 fecit?
1126 4827 1215 4898 qui
1267 4826 1450 4898 gemit,
1483 4824 1656 4879 adhuc
1702 4838 1875 4894 aegro-

283 4941 401 4988 tat:
436 4929 710 5000 subiunxit
766 4936 821 4981 et
860 4924 953 4989 ait,
1003 4923 1111 4992 Spe
1142 4921 1275 4975 enim
1331 4919 1457 4972 salvi
1506 4917 1626 4986 facti
1681 4933 1872 4971 sumus.

287 5024 422 5091 Spes
481 5031 650 5075 autent
680 5034 793 5086 quae
845 5016 1061 5080 videtur,
1107 5028 1207 5066 non
1254 5020 1326 5063 est
1365 5025 1478 5079 spes
1507 5023 1525 5061 :
1552 5006 1686 5078 quod
1743 5008 1876 5059 enim

284 5118 417 5172 ridet
461 5115 593 5181 quis,
645 5111 765 5183 quid
809 5107 1020 5179 sperat?
1059 5104 1122 5161 Si
1157 5113 1325 5157 autem
1366 5100 1501 5171 quod
1528 5116 1626 5153 non
1652 5098 1877 5153 videmus

282 5223 547 5280 speramus
566 5247 580 5273 ,
614 5220 701 5275 per
744 5200 1037 5273 patientiam
1066 5203 1414 5265 exspectamus
1449 5189 1629 5260 (Rom.
1648 5187 1877 5252 vm,20-

283 5301 399 5374 25).
446 5300 587 5355 Ecce
631 5311 795 5368 quare
843 5292 1124 5365 gemimus,
1169 5297 1223 5342 et
1268 5283 1536 5356 quomodo
1579 5283 1872 5353 gemimus;

286 5394 410 5467 quia
437 5390 579 5463 quod
624 5400 923 5459 Speremus,
950 5384 1059 5454 jam
1101 5379 1313 5451 quidem
1358 5386 1749 5447 exspectamus,
1778 5374 1875 5431 sed

347 5510 364 5540 ¹
393 5508 467 5558 Sic
488 5512 594 5554 uss.
621 5509 676 5552 At
699 5500 830 5550 Edd.:
859 5505 912 5549 Et
929 5509 1040 5547 cum
1060 5493 1156 5545 illis
1172 5490 1364 5563 mansit.

348 5572 370 5602 ²
394 5550 627 5627 ilic
651 5550 724 5612 llr.
748 5567 943 5627 et_t.ov.
986 5554 1234 5627 post,.u_bi,
1261 5554 1468 5627 additur,
1502 5550 1878 5627 redentptprtto-

285 5612 700 5683 star-il'le‘iieitisse
723 5622 922 5680 dicitur,
938 5612 1173 5680 et'captivi
1195 5616 1471 5687 tenebamur
1492 5626 1509 5675 ;
1538 5612 1666 5677 quod
1691 5614 1752 5660 ab
1774 5624 1873 5660 am.

287 5700 335 5727 ΔΙ
366 5701 455 5727 uec
499 5690 657 5727 ulmei-
688 5700 699 5727 τ
731 5693 781 5727 nt
808 5680 1054 5727 annuit“.
1081 5681 1280 5727 habent.
1300 5678 1381 5727 ιιη.

360 5680 471 5743 Mss.
499 5690 658 5740 abest.
688 5700 700 5737 :
731 5693 781 5737 et
808 5680 1280 5749 ante,ubt',_habent,
1647 5745 1655 5751 ν

352 5755 374 5789 ³
401 5759 447 5809 tn
471 5760 519 5803 Β.
540 5751 684 5802 deest
706 5748 929 5803 verbum,
947 5749 1107 5817 gemit,
1127 5740 1254 5817 quod
1280 5753 1343 5793 ex
1364 5746 1437 5792 Er.
1459 5737 1605 5805 Lugd.
1626 5745 1740 5789 ven.
1761 5744 1871 5792 t.ov,

291 5816 610 5891 "ullatinus.
704 5817 760 5877 ω.

1408 326 1801 383 ΕΝΑΒΒΑΤΙΟ
1838 327 1905 384 ΙΝ
1942 329 2267 389 PSALMUM
2306 336 2515 396 CXXV.

3443 354 3582 413 1658

2008 450 2241 507 nondum
2285 464 2552 524 tenemus,
2600 468 2655 515 et
2675 459 2846 519 donec
2890 473 3196 531 teneamus,
3248 468 3297 522 in
3343 480 3582 541 tempore

2002 543 2352 614 suspiramus,
2382 550 2504 619 quia
2533 550 2917 625 desideramus,
2964 560 3104 629 quod
3148 561 3380 617 nondum
3425 574 3579 623 tene-

2002 649 2142 689 mus.
2184 637 2397 704 Quare?
2444 641 2574 708 Quia
2618 661 2708 714 spe
2737 648 2863 702 salvi
2905 648 3027 719 facti
3058 667 3252 707 sumus.
3294 653 3415 711 Jam
3451 671 3581 714 caro

2002 737 2210 798 sumpta
2254 730 2320 785 de
2343 733 2496 788 nobis
2524 735 2575 790 in
2604 737 2848 805 Domino,
2874 757 2981 797 non
3032 757 3149 814 spe,
3183 746 3278 801 sed
3326 764 3387 804 re
3430 751 3579 807 salva

2000 817 2138 875 facta
2164 830 2266 877 est.
2287 822 2593 881 Resurrexit
2621 830 2762 884 enim
2783 839 2837 886 et
2859 833 3101 889 ascendit
3121 835 3172 890 in
3200 837 3371 909 capite
3395 850 3581 897 nostro

2000 925 2126 967 caro
2167 923 2348 969 nostra
2396 915 2571 983 salva;
2612 918 2664 973 in
2696 922 2947 978 membris
2983 924 3155 982 adhuc
3195 928 3444 985 salvanda
3472 941 3577 987 est.

2000 1001 2200 1059 Secura
2235 1004 2499 1075 gaudeant
2520 1010 2778 1075 membra,
2806 1013 2926 1081 quia
2954 1029 2983 1068 a
3008 1017 3182 1085 capite
3204 1034 3300 1074 suo
3327 1035 3431 1075 non
3455 1031 3581 1080 sunt

1997 1092 2228 1186 deserta.
2264 1096 2408 1151 Dixit
2444 1099 2585 1153 enim
2626 1102 2878 1157 membris
2907 1104 3265 1165 laborantibus
3292 1128 3307 1167 :
3335 1112 3468 1168 Ecce
3488 1132 3579 1186 ego

1995 1184 2246 1239 vobiscum
2272 1203 2382 1241 sum
2411 1205 2567 1261 usque
2589 1191 2658 1244 ad
2671 1196 3149 1251 consummationem
3166 1202 3338 1255 seculi
3363 1184 3576 1274 (Matth.

1995 1289 2178 1342 xxvut,
2194 1275 2308 1347 20).
2326 1276 2402 1331 lta
2433 1278 2628 1335 factum
2650 1292 2734 1337 est
2762 1293 2816 1338 ut
2836 1296 3271 1344 converteremnr
3300 1291 3364 1345 ad
3388 1293 3576 1350 Deum.

1994 1364 2155 1436 Spem
2208 1369 2351 1423 enim
2393 1386 2499 1425 non
2549 1372 2895 1444 habebamus,
2937 1379 3037 1433 nisi
3080 1380 3147 1435 ad
3198 1385 3486 1453 saeculum;
3527 1398 3581 1443 et

1994 1458 2120 1517 inde
2142 1465 2280 1517 servi
2308 1464 2510 1531 miseri,
2539 1476 2593 1521 et
2623 1467 2703 1524 bis
2742 1471 2946 1538 miseri,
2976 1474 3099 1543 quia
3143 1484 3198 1530 et
3223 1477 3275 1532 in
3322 1477 3422 1535 hac
3474 1482 3579 1537 vita

1994 1566 2142 1622 spem
2186 1559 2589 1624 posueramus‘,
2617 1568 2670 1614 et
2698 1559 2886 1617 faciem
2926 1562 3181 1621 habentes
3205 1566 3272 1622 ad
3298 1570 3576 1638 saeculum,

1993 1642 2210 1698 dorsum
2257 1655 2443 1701 contra
2491 1648 2681 1705 Deum.
2729 1652 2863 1706 Cum
2928 1668 3054 1708 vero
3105 1660 3430 1715 converterit
3480 1676 3578 1718 nos

1995 1733 2272 1803 Dominus,
2298 1747 2355 1792 ut
2377 1738 2486 1807 jam
2517 1740 2831 1810 incipiamus
2853 1742 3044 1799 faciem
3069 1745 3263 1802 habere
3289 1750 3354 1805 ad
3382 1751 3574 1821 Deum,

1992 1834 2049 1882 et
2091 1827 2309 1884 dorsum
2350 1830 2416 1885 ad
2443 1833 2720 1900 sacculum,
2750 1836 2837 1905 qui
2864 1834 3040 1891 adhuc
3064 1837 3117 1892 in
3144 1838 3225 1893 via
3256 1855 3461 1909 sumus,
3494 1852 3577 1899 ta-

1991 1932 2115 1973 men
2157 1919 2383 1989 patriam
2425 1923 2789 1979 attendimus:
2820 1934 2876 1981 et
2915 1928 3131 1998 quando
3174 1929 3312 1987 forte
3346 1934 3576 2004 aliquam

1990 2010 2385 2068 tribulationem
2416 2016 2666 2084 patimur,
2704 2016 2797 2073 sed
2826 2027 3003 2075 tamen
3052 2030 3293 2079 tenemus
3332 2026 3491 2094 viam,
3524 2038 3578 2083 et

1990 2099 2133 2172 ligno
2159 2113 2462 2173 portamur;
2481 2123 2640 2178 asper
2658 2110 2872 2179 quidem
2894 2122 3103 2180 ventus,
3119 2116 3211 2170 sed
3238 2127 3427 2173 ventus
3448 2120 3575 2190 pro-

1990 2206 2114 2263 sper
2140 2198 2295 2259 est”;
2325 2211 2447 2252 cum
2470 2198 2651 2255 labore
2694 2202 2926 2271 quidem,
2960 2202 3056 2259 sed
3102 2204 3209 2261 cito
3255 2206 3420 2275 ducit,
3467 2213 3573 2267 cito

1989 2283 2250 2354 perducit.
2274 2285 2406 2354 Quia
2430 2303 2559 2358 ergo
2583 2289 2651 2345 dc
2675 2292 2983 2362 captivitate
3010 2303 3188 2351 nostra
3203 2299 3569 2365 gemebamus,

1986 2384 2207 2445 gemunt
2232 2386 2409 2433 autem
2436 2389 2490 2433 et
2520 2380 2593 2434 illi
2621 2383 2709 2452 qui
2744 2382 2854 2452 jam
2885 2383 3261 2452 crediderunt;
3303 2391 3572 2459 quomodo

1992 2475 2168 2520 autem
2212 2466 2334 2523 lacti
2390 2484 2576 2526 sumus
2620 2472 2837 2541 captivi,
2881 2474 3030 2530 obliti
3079 2474 3295 2543 fuimus,
3338 2481 3432 2535 sed
3478 2498 3573 2552 per

1987 2556 2315 2628 Scripturam
2363 2576 2848 2618 commemoramur
2880 2582 2893 2619 :
2926 2566 3146 2621 Paulum
3197 2568 3366 2638 ipsum
3421 2573 3571 2642 Apo-

1987 2649 2181 2704 stolum
2209 2650 2630 2722 interrogemus;
2660 2655 2733 2709 ait
2757 2656 2923 2722 enim,
2969 2656 3170 2711 Scimus
3195 2659 3324 2713 enim
3348 2662 3468 2731 quia
3490 2662 3572 2716 lea:

1984 2744 2262 2811 spiritualis
2311 2755 2426 2809 est;
2465 2762 2557 2816 ego
2603 2756 2771 2800 autem
2815 2749 3036 2802 carnalis
3074 2767 3207 2815 sum,
3255 2752 3571 2808 venundatus

1984 2839 2074 2889 sub
2119 2846 2322 2905 peccato
2362 2838 2536 2907 (Rom.
2564 2854 2660 2903 vu,
2703 2840 2815 2908 14),
2850 2839 2990 2894 Ecce
3033 2842 3175 2895 unde
3220 2842 3340 2896 lacti
3386 2858 3572 2899 sumus

1985 2925 2333 2996 captivi,quia
2381 2927 2665 2982 venundati
2710 2944 2893 2983 sumus
2915 2930 3015 2983 sub
3055 2940 3297 3000 peccato.
3326 2931 3454 2999 Quis
3474 2946 3572 2988 nos

1986 3015 2258 3070 vendidit?
2286 3016 2393 3071 Nos
2421 3018 2543 3088 ipsi,
2576 3019 2665 3088 qui
2691 3020 3059 3075 consensimus
3101 3021 3390 3077 seductori.
3422 3023 3569 3078 Ven-

1985 3104 2112 3161 dere
2174 3122 2271 3161 nos
2318 3107 2610 3178 potuimus,
2652 3108 2917 3165 redimere
2967 3125 3066 3165 nos
3109 3126 3217 3165 non
3265 3127 3567 3181 possumus.

1988 3197 2329 3253 Vendidimus
2345 3213 2443 3255 nos
2454 3200 2806 3257 consensione
2821 3201 3042 3269 peccati,
3062 3202 3373 3257 redimimur
3386 3203 3437 3258 in
3468 3203 3571 3259 lide

1979 3287 2222 3357 iustitiae.
2252 3290 2479 3360 Sanguis
2504 3293 2647 3346 enim
2674 3291 2935 3347 innocens
2960 3293 3116 3347 datus
3144 3304 3227 3347 est
3267 3309 3363 3363 pro
3388 3294 3563 3361 nobis,

1985 3391 2040 3436 ut
2066 3381 2472 3438 redimeremur.
2491 3383 2512 3415 ³
2538 3385 2937 3455 Quemcumque
2975 3387 3285 3455 sanguinem
3317 3387 3407 3441 ille
3436 3386 3570 3443 fudit

1983 3475 2351 3544 persequendo
2396 3477 2590 3545 justos,
2617 3477 2831 3546 qualem
2855 3479 3166 3547 sanguinem
3193 3478 3365 3532 ludit?
3391 3478 3570 3534 iusto-

1980 3580 2101 3620 rum
2133 3566 2347 3636 quidem
2375 3568 2688 3637 sanguinem
2722 3568 2887 3632 ludit;
2922 3568 3329 3639 Prophetarum,
3361 3580 3567 3639 patrum

1983 3666 2308 3722 nostrorum,
2358 3658 2627 3729 iustorum
2653 3661 2964 3730 sanguinem
2991 3659 3125 3715 fudit
3154 3670 3206 3715 et
3230 3672 3519 3732 martyrum
3551 3678 3564 3715 :

1980 3757 2158 3804 tamen
2188 3765 2377 3805 omnes
2404 3750 2472 3806 de
2501 3752 2790 3821 propagine
2839 3753 3039 3821 peccati
3065 3752 3360 3805 venientes.
3392 3750 3565 3805 Unuut

1980 3843 2294 3912 sanguinem
2327 3843 2459 3898 ludit
2485 3844 2602 3913 ejus
2630 3846 2719 3913 qui
2748 3859 2852 3898 non
2888 3844 3229 3912 justilicatus,
3258 3843 3350 3896 sed
3388 3843 3566 3912 justus

1980 3946 2137 3990 natus
2160 3946 2239 3990 est
2273 3953 2285 3987 :
2320 3936 2410 3989 illo
2439 3936 2699 4004 sanguine
2724 3937 2859 4000 fuso,
2894 3936 3121 4005 perdidit
3148 3950 3281 4004 quos
3330 3934 3561 3989 tenebat.

1983 4029 2087 4084 Pro
2115 4028 2304 4098 quibus
2326 4028 2469 4082 enim
2499 4028 2655 4083 datus
2684 4039 2767 4084 est
2797 4029 3055 4082 innocens
3097 4027 3331 4096 sanguis.
3352 4027 3565 4082 redem-

1982 4121 2056 4191 pti
2102 4128 2259 4183 sunt;
2314 4126 2369 4173 et
2412 4119 2656 4174 conversi
2685 4134 2715 4172 a
2757 4120 3088 4189 captivitate,
3143 4125 3361 4173 cantant
3404 4117 3566 4174 istum

1980 4212 2261 4283 psalmum.

2051 4302 2106 4357 5.
2153 4300 2280 4358 Cum
2332 4310 2639 4355 converteret
2668 4308 2689 4339 ι
2736 4300 2985 4356 Dominus
3029 4302 3361 4373 captivitatem
3400 4301 3563 4372 Sion,

1981 4393 2104 4462 facti
2141 4408 2314 4446 sumus
2352 4392 2479 4445 sicut
2527 4393 2792 4447 consolati.
2842 4392 2955 4448 Hoc
2984 4392 3150 4446 voluit
3174 4392 3372 4459 dicere,
3418 4392 3567 4448 Facti
3636 4444 3645 4457 ,

1980 4497 2165 4539 sumus
2188 4484 2499 4553 gaudentes.
2531 4482 2792 4550 Quando?
2819 4483 2945 4538 Cum
2988 4494 3290 4539 converteret
3316 4485 3568 4540 Dominus

1981 4577 2319 4648 captivitatem
2359 4575 2506 4630 Sion.
2557 4575 2686 4644 Quae
2732 4576 2902 4630 Sion?
2952 4577 3066 4645 Ipsa
3119 4576 3449 4639 Jerusalem,
3512 4586 3567 4631 ct

1981 4677 2180 4723 aeterna
2200 4665 2348 4722 Sion.
2369 4665 2647 4732 Quomodo
2668 4676 2865 4721 a-terna
2887 4667 3036 4731 Sion,
3056 4668 3322 4736 quomodo
3342 4668 3561 4734 captiva

1981 4758 2145 4815 Sion?
2176 4760 2230 4812 lu
2252 4758 2453 4829 angelis
2497 4766 2717 4823 attenta,
2746 4759 2797 4811 in
2830 4757 3134 4812 hominibus
3185 4757 3416 4826 captiva.
3449 4755 3563 4810 Non

1982 4852 2123 4907 enim
2154 4864 2341 4904 omnes
2366 4849 2506 4905 illius
2531 4850 2763 4905 civitatis
2789 4850 2933 4905 cives
2962 4848 3155 4918 captivi
3176 4857 3331 4912 sunt;
3352 4847 3444 4902 sed
3475 4850 3563 4918 qui

1983 4944 2106 4998 inde
2155 4941 2580 5012 peregrinantur,
2607 4941 2707 5010 ipsi
2745 4940 2937 5010 captivi
2959 4946 3102 4993 sunt.
3135 4938 3303 4993 Homo
3331 4939 3461 4993 civis
3485 4949 3567 4992 est

1982 5037 2298 5102 Jerusalem,
2326 5036 2422 5091 sed
2462 5035 2703 5090 venditus
2724 5033 2824 5088 sub
2873 5041 3110 5102 peccato,
3144 5030 3313 5085 lactus
3340 5042 3422 5086 est
3450 5047 3566 5100 per-

1982 5131 2215 5201 egrinus.
2248 5130 2322 5184 De
2362 5127 2649 5199 propagine
2675 5125 2842 5195 ipsius
2872 5133 3052 5179 natum
3082 5132 3165 5179 est
3184 5138 3352 5194 genus
3380 5126 3566 5179 Imma-

1984 5237 2134 5288 num,
2185 5230 2240 5276 et
2288 5219 2525 5290 implevit
2577 5228 2745 5274 terras
2788 5215 3066 5287 captivitas
3114 5214 3243 5271 Sion
3261 5216 3303 5269 ⁸.
3348 5215 3417 5271 Et
3469 5216 3567 5271 iSta

2047 5358 2064 5388 ι
2094 5364 2194 5404 Am.
2223 5361 2273 5404 et
2290 5365 2463 5418 omnes
2480 5365 2631 5415 prope
2656 5353 3029 5418 siggomittunt,
3053 5365 3187 5418 spem
3208 5365 3537 5418 posueramus.

2046 5421 2066 5450 '
2090 5420 2163 5467 Sic
2186 5423 2259 5465 Er.
2289 5423 2340 5464 et
2370 5413 2552 5476 aliquot
2571 5413 2679 5466 illas.
2709 5413 2795 5462 Alii
2822 5427 2941 5462 vero
2962 5413 3090 5473 libri,
3116 5413 3272 5465 noster
3294 5422 3381 5467 est.

2049 5481 2071 5513 ³
2090 5485 2162 5528 Er.
2192 5486 2243 5527 et
2265 5484 2374 5525 Lov.
2393 5511 2408 5536 ,
2433 5484 2532 5525 Non
2552 5488 2914 5541 quemcumque.
2954 5477 3101 5527 abest
3116 5512 3131 5537 ,
3155 5490 3247 5527 non
3262 5516 3276 5537 ,
3314 5479 3376 5527 ab
3397 5487 3496 5527 Am.
3518 5484 3568 5526 et

2048 5606 2067 5635 δ
2093 5605 2167 5652 Sic
2185 5600 2502 5652 Floriacensis
2523 5608 2607 5650 Ms.
2629 5601 2725 5651 hoc
2749 5600 2870 5649 loco.
2894 5608 2949 5649 At
2988 5601 3121 5661 Edd.,
3142 5615 3252 5651 cum
3267 5600 3565 5651 converterit.

2046 5668 2067 5699 ⁸
2092 5665 2259 5713 Plures
2278 5672 2402 5727 uss”
2424 5663 2710 5727 captivitate.
2728 5724 2737 5727 _
2753 5669 2807 5713 Bt
2828 5662 3019 5727 quidam
3042 5676 3148 5727 cum
3170 5670 3265 5724 Er.,
3287 5660 3574 5727 captititatis

1983 5729 2109 5783 Sion.
2138 5734 2240 5780 Mox
2262 5723 2493 5791 rlerique'
2511 5734 2637 5791 Μῦες,
2659 5732 2704 5781 et
2720 5724 2812 5777 ista
2836 5723 3023 5791 captiin
3046 5725 3170 5791 Sion.
3198 5723 3436 5791 Quomodo
3462 5738 3543 5791 um

1879 5837 1887 5848 .
1986 5791 2089 5855 tvm,
2119 5798 2214 5855 etc.
2246 5786 2295 5847 at
2318 5786 2649 5849 Noviomensl's
2671 5795 2751 5845 us.
2770 5786 2965 5857 omittit,
2986 5796 3030 5839 et
3062 5786 3152 5849 ista
3176 5787 3423 5858 captitum
3445 5786 3572 5848 rion.
