4160 6448
621 352 759 412 1659

618 468 892 537 captivitas
946 466 1073 517 Sion
1118 461 1387 533 quomodo
1435 461 1616 512 umbra
1668 459 1806 512 illius
1863 452 2196 511 Jerusalem?

620 562 815 617 Umbra
850 558 987 613 illius
1017 557 1143 609 Sion
1189 560 1345 622 quam
1391 558 1708 618 acceperunt
1743 548 1906 602 .luds-i
1937 549 1986 600 in
2010 545 2197 616 imagi-

620 662 708 718 tte,
736 655 788 706 in
820 653 980 718 ligura
1014 646 1109 699 fuit
1138 646 1189 699 in
1228 644 1530 711 captivitate
1572 644 1622 694 in
1656 638 1964 710 Babylonia,
1995 647 2050 692 et
2079 640 2199 706 post

618 742 944 812 septuaginta
983 748 1150 790 annos
1197 735 1353 788 rediit
1398 734 1486 787 ille
1548 732 1774 802 populus
1818 730 1883 784 ad
1930 731 2197 783 civitatem

618 844 763 887 suam
792 830 1014 903 (larem.
1036 842 1182 889 xxxx,
1204 826 1300 888 10;
1328 834 1373 879 et
1398 825 1416 878 l
1438 824 1591 878 Esdr.
1619 824 1690 891 ι).
1706 823 2049 893 Septuaginta
2075 817 2200 875 anni

616 922 916 993 signiﬁcant
933 932 1093 973 omne
1113 924 1323 986 tempus
1340 916 1479 987 quod
1506 924 1709 984 septem
1733 914 1923 969 diebus
1940 916 2199 971 volvitur:

618 1030 736 1071 cum
780 1020 955 1067 autem
1006 1010 1273 1065 transierit
1299 1023 1457 1062 omne
1485 1015 1712 1075 tempus,
1736 1014 1860 1060 tunc
1888 1006 2124 1060 redimus
2147 1000 2203 1061 e't

619 1125 713 1163 nos
743 1107 807 1161 ad
838 1106 1056 1176 patriam
1098 1112 1369 1164 nostram;
1396 1100 1663 1170 quomodo
1705 1099 1793 1154 ille
1819 1100 2045 1169 populus
2080 1106 2204 1171 post

619 1201 944 1271 septuaginta
989 1206 1158 1252 annos
1188 1196 1344 1251 rediit
1368 1208 1396 1248 a
1422 1194 1725 1263 captivitate
1753 1191 2075 1264 Babylonius.
2102 1180 2202 1247 Ba-

620 1293 828 1365 bylonia
857 1299 937 1345 cst
962 1289 1101 1342 enim
1133 1286 1361 1341 mundus
1389 1286 1486 1339 iste
1518 1304 1532 1339 :
1563 1284 1849 1356 Babylonia
1877 1283 2018 1338 enim
2045 1285 2203 1339 inter-

622 1393 876 1453 pretatur,
908 1379 1179 1435 Confusio.
1224 1377 1415 1432 Videte
1458 1378 1500 1430 si
1529 1390 1634 1429 non
1683 1385 1763 1429 est
1809 1374 2050 1429 confusio
2091 1382 2200 1428 tota

620 1475 723 1528 vita
778 1475 1024 1526 humana.
1069 1468 1333 1538 Quidquid
1375 1478 1536 1537 agunt
1576 1467 1817 1521 homines
1843 1468 1893 1519 in
1922 1481 2017 1536 spe
2044 1480 2199 1531 vana,

620 1565 830 1634 quando
874 1562 1217 1633 cognoverint
1260 1559 1384 1629 'qui'd
1432 1568 1613 1628 agunt,
1657 1558 1996 1612 erubescunt.
2027 1558 2203 1624 Quare

623 1656 901 1714 laborant?
940 1656 1023 1709 cui
1057 1654 1339 1708 laborant?
1392 1651 1542 1706 Filiis
1571 1651 1738 1716 meis,
1772 1651 1961 1719 inquit.
2011 1649 2077 1703 Et
2104 1648 2203 1718 ipsi

621 1754 741 1807 cui?
770 1748 914 1807 Filiis
944 1750 1074 1802 suis.
1100 1746 1166 1800 Et
1194 1745 1289 1813 ipsi
1312 1742 1535 1813 quibus?
1555 1742 1701 1796 Filiis
1726 1742 1855 1796 suis.
1881 1741 2047 1795 Nemo
2074 1746 2204 1810 ergo

623 1845 742 1898 sibi.
777 1841 855 1896 Ab
881 1840 981 1894 ista
1012 1852 1137 1906 ergo
1166 1833 1599 1901 confttsionejam
1623 1832 1870 1885 conversi
1896 1839 2067 1893 erant,
2087 1831 2206 1899 qui-

624 1935 719 1988 bus
749 1931 876 1985 dicit
906 1926 1189 1998 Apest‘olus
1219 1944 1231 1979 :
1260 1926 1423 1992 Quam
1467 1924 1599 1976 enim
1620 1924 1833 1993 gloriam
1865 1922 2120 1975 habebatis
2150 1922 2203 1975 in

624 2023 721 2088 his,
749 2024 802 2075 in
827 2022 1001 2092 quibus
1022 2028 1154 2072 nunc
1184 2017 1468 2070 erubescitis
1490 2016 1660 2086 (Rom.
1696 2029 1766 2080 vr,
1790 2011 1925 2085 ευρ
1951 2012 2206 2068 Confusio

622 2131 750 2185 ergo
779 2122 859 2167 est
896 2114 993 2166 ista
1022 2116 1129 2165 tota
1158 2110 1263 2163 vita
1293 2122 1469 2163 rerum
1498 2107 1871 2171 humanarum,
1915 2114 2020 2159 non
2048 2106 2206 2174 perti-

622 2218 754 2262 neus
784 2203 849 2258 ad
880 2204 1063 2257 Deum.
1093 2201 1149 2254 in
1179 2200 1279 2255 hac
1306 2197 1639 2262 confdsione,
1676 2198 1726 2251 in
1759 2196 1856 2250 ista
1889 2196 2199 2267 Babylonia,

621 2297 823 2367 captiva
870 2298 1077 2351 tenetur
1094 2292 1223 2349 Sion
1253 2309 1266 2347 :
1300 2290 1394 2346 sed
1428 2287 1689 2345 convertit
1734 2286 1994 2343 Dominus
2033 2289 2203 2358 capti-

621 2388 834 2446 vitatem
864 2387 1013 2443 Sion.

697 2481 748 2535 ε.
785 2478 850 2533 Et
888 2478 1011 2547 facti
1034 2484 1236 2541 sumus,
1281 2473 1468 2544 inquit,
1520 2472 1647 2527 sicut
1686 2470 1931 2526 consolati
1963 2485 1981 2524 :
2014 2468 2066 2526 id
2093 2468 2193 2539 est,

630 2573 793 2642 gavisi
848 2584 1052 2635 sumus,
1103 2577 1353 2637 tanquam
1403 2565 1821 2621 consolationem
1862 2563 2201 2633 accipientes.

627 2660 934 2720 Consolatio
962 2677 1067 2717 non
1114 2670 1198 2717 est
1226 2659 1327 2715 nisi
1374 2660 1714 2724 miserorum,
1752 2654 2047 2711 consolatio
2097 2670 2204 2711 non

623 2766 703 2811 est
730 2756 829 2811 nisi
857 2752 1203 2825 gementium,
1229 2750 1542 2821 lugentium,
1569 2750 1743 2814 Quare
1767 2747 1912 2817 quasi
1937 2747 2202 2811 consolati,

625 2846 726 2904 nisi
763 2848 881 2917 quia
918 2844 1091 2900 adhuc
1131 2844 1412 2915 gemimus.
1444 2841 1718 2897 Gemimus
1765 2839 1816 2893 in
1847 2854 1925 2905 re,
1958 2839 2203 2895 consola-

627 2950 745 2993 mur
773 2937 825 2991 in
850 2946 944 3005 5pc
975 2953 987 2987 :
1015 2938 1137 2988 cum
1170 2931 1437 2987 transierit
1463 2941 1549 2985 res
1576 2931 1616 2996 ',
1645 2929 1711 2984 de
1730 2930 1929 3001 gemitu
1956 2929 2204 3000 gaudium

628 3034 801 3089 veniet
823 3032 1099 3094 :eternu‘m,
1130 3022 1219 3083 ubi
1244 3034 1348 3081 n'on
1372 3032 1507 3098 opus
1536 3024 1639 3081 erit
1669 3022 2055 3087 Consolatione,
2081 3024 2202 3093 quia

625 3118 764 3184 milia
795 3122 1007 3183 miseria
1048 3120 1424 3179 sauciabimur.
1456 3116 1631 3187 Quare
1660 3124 1835 3172 autem
1867 3117 1997 3170 velut
2027 3132 2205 3170 consa-

626 3221 715 3276 lati
740 3221 849 3282 ait,
878 3225 932 3272 et
960 3231 1064 3271 non
1094 3216 1194 3281 ait,
1226 3211 1525 3268 consolati?
1564 3206 1684 3266 Non
1720 3224 1933 3279 semper
1960 3209 2107 3279 quasi
2138 3208 2204 3262 ad

623 3310 1022 3366 similitudinem
1053 3307 1265 3377 ponitur
1308 3300 1408 3359 hoc
1434 3306 1678 3369 verbum,
1706 3304 1835 3357 sicut
1868 3318 1885 3355 :
1910 3300 2050 3371 quod
2073 3298 2208 3355 dici-

625 3416 763 3465 mus,
807 3402 955 3465 sicut,
999 3398 1283 3469 aliquando
1310 3396 1375 3453 ad
1404 3397 1784 3468 proprietatem
1814 3394 2073 3461 refertur,
2104 3392 2205 3448 ali-

625 3491 833 3564 quando
861 3491 926 3546 ad
966 3489 1399 3554 similitudinem;
1429 3487 1587 3541 modo
1616 3485 1680 3539 ad
1710 3485 2085 3556 prolirietatem
2116 3499 2205 3541 re—'

626 3587 789 3642 latum
837 3593 939 3641 εει.
986 3583 1090 3639 Sed
1130 3583 1373 3653 exempla
1414 3580 1570 3636 nobis
1613 3579 1771 3635 etiam
1826 3579 1892 3633 de
1939 3574 2205 3633 communi

626 3681 889 3738 locutione
910 3680 1180 3734 hominum
1211 3672 1383 3733 danda
1414 3672 1556 3741 sunt,
1593 3684 1648 3730 ut
1680 3672 1828 3729 facile
1855 3672 2195 3742 intelligatur.

626 3772 846 3842 Quando
875 3770 1120 3836 dicimus,
1152 3768 1301 3825 Sicut
1330 3766 1457 3822 vixit
1494 3777 1660 3838 pater,
1698 3766 1767 3820 ita
1820 3774 1871 3820 ct
1925 3764 2095 3829 illius;
2138 3762 2205 3819 ad

626 3862 1021 3923 similitudinem
1049 3862 1148 3918 hoc
1170 3863 1394 3918 dicimus
1428 3879 1440 3916 :
1477 3866 1548 3924 et,
1593 3858 1743 3915 Sicut
1770 3871 1934 3928 pecus
1960 3852 2201 3922 moritur,

627 3959 695 4013 ita
745 3960 904 4013 homo
947 3957 1200 4021 moritur;
1258 3954 1325 4009 ad
1376 3953 1776 4008 similitudinem
1829 3950 1931 4004 hoc
1981 3944 2200 4004 dicitur.

626 4050 847 4120 Quando
882 4050 1324 4115 autemdicimus,
1359 4034 1508 4101 Fecit
1531 4046 1669 4101 sicut
1697 4046 1779 4099 vir
1808 4042 2013 4109 bonus;
2046 4056 2201 4096 num-

628 4139 749 4212 quid
778 4158 883 4195 non
913 4150 995 4196 est
1020 4146 1097 4193 vir
1125 4141 1292 4192 bonus
1316 4181 1330 4203 ,
1364 4138 1458 4191 sed
1489 4126 1888 4191 similitudinem
1920 4132 2077 4188 habet
2106 4130 2205 4186 viri

631 4236 751 4289 bunt
771 4235 792 4287 ?
814 4234 956 4287 Fecit
982 4244 1225 4302 tanquam
1249 4232 1457 4301 justus;
1486 4231 1586 4283 hoc
1614 4238 1882 4297 tanquam,
1915 4241 2017 4280 non
2051 4231 2208 4296 negat

632 4332 749 4379 eum
772 4324 965 4394 justum
993 4337 1131 4384 esse,
1162 4319 1251 4374 sed
1282 4320 1656 4390 proprietatem
1681 4316 1797 4388 ejus
1825 4316 2076 4371 ostendit.
2105 4310 2207 4369 Fe-

541 4422 559 4440 ⁹
632 4417 748 4471 cisti
786 4416 920 4469 sicut
946 4425 1160 4467 senator
1190 4432 1203 4465 :
1235 4410 1376 4481 Ergo
1407 4427 1508 4465 non
1536 4425 1652 4464 sum
1682 4417 1913 4473 senator,
1950 4409 1992 4463 si
2023 4406 2162 4461 dicat
2188 4422 2203 4459 :

632 4506 743 4563 lino
772 4507 890 4577 quia
922 4522 1001 4569 es,
1033 4502 1166 4557 sicut
1214 4514 1426 4556 senator
1456 4499 1659 4563 fecisti;
1687 4498 1740 4553 et
1770 4498 1889 4567 quia
1924 4499 2098 4567 justus
2124 4512 2201 4563 es,

631 4600 767 4654 sicut
788 4598 963 4667 justus
987 4594 1154 4651 fecisti
1181 4611 1195 4659 ;
1223 4604 1275 4649 et
1295 4592 1413 4663 quia
1441 4593 1611 4647 bonus
1639 4607 1716 4654 es,
1765 4590 1901 4644 sicut
1928 4590 2097 4644 bonus
2128 4582 2207 4645 te-

630 4692 768 4746 cisti.
804 4691 941 4761 Ergo
971 4688 1091 4757 quia
1117 4693 1168 4741 et
1195 4685 1277 4741 isti
1307 4700 1432 4738 vere
1457 4682 1711 4738 consolati
1735 4692 1905 4748 erant,
1935 4683 2062 4735 sicut
2082 4697 2206 4735 con-

630 4780 779 4835 solati
829 4778 1161 4850 gaudebant;
1213 4774 1263 4829 id
1317 4782 1435 4839 est,
1483 4786 1731 4840 magnum
1778 4780 1892 4825 erat
1956 4770 2205 4841 gaudium

634 4874 866 4943 lpStll'lllll
894 4911 910 4937 ,
973 4878 1222 4937 tanquam
1279 4863 1672 4920 consolatorttm
1699 4903 1712 4925 ,
1760 4863 1849 4917 illo
1894 4862 2205 4917 consolante

634 4963 919 5017 morituros
978 4958 1070 5029 qui
1144 4962 1386 5011 mortuus
1456 4962 1558 5009 est.
1636 4952 1833 5006 Omnes
1896 4953 2035 5006 enitn
2096 4968 2208 5006 mo-

633 5053 818 5108 riendo
844 5051 1104 5122 gemimus
1136 5066 1149 5101 ε
1179 5048 1482 5103 consolatus
1511 5052 1591 5099 est
1618 5044 1706 5099 ille
1726 5046 1815 5114 qui
1837 5054 2077 5099 mortuus
2104 5053 2204 5109 est,

635 5161 700 5199 ne
730 5143 865 5198 mori
910 5143 1235 5197 timeremus.
1268 5132 1423 5194 Prior
1466 5136 1775 5203 resurrexit,
1810 5146 1866 5189 ut
1890 5136 2211 5192 haberemus

635 5234 775 5305 quod
814 5244 1169 5303 Speraremus.
1194 5229 1327 5298 Quia
1356 5244 1485 5301 ergo
1528 5229 1675 5299 prior
1702 5227 2028 5291 resurrexit,
2060 5243 2209 5298 spem

601 5370 607 5375 .
637 5328 793 5382 nobis
820 5326 967 5381 dedit
996 5327 1153 5396 :quia
1185 5326 1238 5379 in
1264 5324 1479 5380 miseria
1512 5323 1692 5393 positi,
1720 5338 1815 5392 spe
1833 5322 2093 5376 consolati
2121 5336 2209 5376 su-

638 5434 789 5487 mus;
819 5418 941 5474 ltinc
966 5418 1213 5487 gaudium
1244 5430 1512 5488 magnum.
1560 5415 1627 5469 Et
1657 5414 1920 5468 convertit
1961 5414 2214 5468 Dominus

639 5512 997 5582 captivitatem
1026 5519 1258 5564 nostram
1284 5550 1299 5575 ,
1333 5518 1390 5563 ut
1410 5510 1519 5579 jam
1543 5509 1609 5563 de
1637 5507 1939 5578 captivitate
1962 5507 2096 5561 viam
2134 5518 2215 5565 te-

641 5621 883 5675 neamus,
912 5613 967 5663 et
991 5619 1172 5663 eamus
1200 5602 1263 5662 ad
1286 5608 1530 5679 patriam.
1553 5604 1669 5662 lam
1691 5620 1818 5676 ergo
1842 5603 2129 5676 redempti,
2162 5604 2217 5660 in

647 5765 1146 5875 "efﬁgians:
1168 5762 1371 5886 3:91:de
1398 5760 1631 5814 canimus
1651 5762 1703 5813 in
1723 5774 1825 5826 spe,
1848 5761 2145 5813 consolantia
2166 5762 2219 5814 in

1852 342 1912 398 S.
1946 330 2309 396 AUGUSTINI
2346 324 2647 396 EPlSCOPl

2307 452 2388 507 via
2427 470 2533 509 non
2582 455 2863 511 timeamus
2902 452 3215 513 insidiantes
3252 454 3431 516 hestes
3472 462 3690 523 nostros.
3737 470 3840 531 ideo

2307 547 2448 601 enim
2474 540 2701 603 redemit
2731 563 2831 603 nos
2850 593 2865 617 ,
2899 550 3084 606 utnon
3116 549 3305 607 audeat
3328 550 3496 612 hostis
3522 558 3741 619 insidiari
3764 583 3841 623 no-

2305 632 2409 702 his,
2461 640 2506 693 si
2544 639 2611 695 de
2641 641 2722 695 via
2750 647 2854 696 non
2882 645 3280 699 recesserimus.
3314 638 3429 715 ipse
3458 650 3594 704 enim
3633 653 3842 715 Christus

2306 728 2477 783 tinctus
2499 738 2581 785 est
2607 731 2687 784 'via
2713 726 2907 805 (Joan.
2942 746 3053 802 xiv,
3083 733 3116 790 6
3135 732 3177 807 ).
3210 733 3301 791 Vis
3326 752 3435 793 non
3468 743 3571 809 pati
3599 740 3843 807 latrones?

2307 814 2395 873 ’Ait
2416 820 2509 875 tibi
2538 837 2550 873 :
2580 821 2729 877 Viam
2760 810 2851 878 tibi
2882 825 3045 879 suavi
3075 824 3141 881 ad
3168 827 3423 897 patriam;
3455 832 3559 886 noli
3585 834 3650 889 de
3672 838 3744 892 via
3770 856 3842 896 re.

2308 914 2517 970 cedere.
2541 914 2721 973 Talem
2755 917 2892 973 viam
2918 916 3138 987 munivi,
3166 929 3222 976 ut
3244 920 3380 978 latro
3405 924 3471 979 ad
3495 933 3545 982 te
3561 942 3658 983 non
3683 930 3842 991 audeat

2307 1005 2599 1073 accedere;
2630 1014 2682 1062 tu
2714 998 2779 1064 ab
2809 1011 2897 1065 illa
2923 1011 3027 1065 noli
3049 1014 3319 1075 recedere,
3349 1025 3403 1069 et
3432 1015 3567 1073 latro
3590 1019 3650 1075 ad
3678 1032 3724 1077 te
3751 1040 3839 1082 non

2308 1098 2468 1153 audet
2494 1098 2766 1155 aeaedere.
2796 1100 3018 1158 Ambula
3039 1102 3165 1176 ergo
3192 1102 3242 1159 in
3266 1106 3481 1162 Christo
3510 1117 3563 1165 et
3578 1125 3719 1168 canta
3741 1132 3845 1186 gau-

2309 1188 2463 1257 dens,
2491 1194 2639 1246 canta
2665 1201 2914 1264 tanquam
2951 1188 3292 1264 consolatus;
3325 1200 3447 1270 quia
3472 1200 3556 1257 ille
3582 1212 3629 1258 te
3654 1222 3846 1276 praeces-

2309 1282 2398 1348 sit,
2427 1283 2515 1351 qui
2540 1280 2697 1351 jussit
2726 1280 2782 1337 ut
2811 1286 3071 1356 sequaris.

2379 1377 2432 1431 5.
2462 1375 2612 1448 [vers
2644 1366 2699 1446 9,
2733 1370 2810 1452 3.]
2832 1378 2974 1434 Tunc
2997 1374 3239 1455 repletum
3259 1392 3331 1439 est
3351 1388 3540 1456 gaudio
3559 1405 3612 1443 os
3636 1402 3846 1461 nostrum,

2310 1479 2357 1522 et
2384 1469 2560 1540 lingua
2584 1462 2755 1526 nostra
2781 1472 3131 1529 exsultatione.
3152 1470 3243 1541 Os,
3263 1474 3460 1533 fratres
3488 1481 3610 1547 mei,
3638 1485 3761 1553 quod
3776 1484 3849 1540 ba~

2309 1558 2498 1617 bemus
2544 1563 2596 1618 in
2631 1570 2875 1635 corpore,
2908 1568 3174 1638 quomodo
3225 1559 3467 1641 repietur
3506 1562 3718 1644 gaudio?
3756 1576 3853 1634 Non”

2312 1650 2444 1707 solet
2486 1654 2729 1726 impleri,
2762 1656 2864 1712 nisi
2894 1665 2986 1713 aut
3013 1650 3133 1729 cibo
3155 1702 3169 1727 ,
3203 1664 3294 1715 aut
3328 1671 3456 1733 potu
3487 1706 3502 1731 ,
3532 1676 3618 1719 aut
3646 1668 3850 1741 aliquare

2314 1745 2400 1798 tali
2438 1747 2597 1801 missa
2642 1748 2692 1801 in
2719 1763 2801 1805 os.
2830 1750 3085 1820 Impletur
3123 1750 3412 1823 aliquando
3438 1770 3499 1811 os
3527 1756 3748 1815 nostrum
3770 1777 3783 1814 :
3808 1771 3850 1817 et

2313 1836 2429 1906 plus
2468 1848 2549 1893 est
2576 1836 2717 1909 quod
2748 1840 2972 1897 dicimus
2997 1842 3273 1901 Sanctitati
3318 1858 3545 1918 vestrae;
3576 1854 3767 1922 quando
3803 1871 3851 1913 os

2314 1928 2528 1999 plenum
2556 1932 2831 2001 habemus,
2864 1935 3008 2011 loqui
3036 1953 3140 1992 non
3169 1955 3472 2009 possumus.
3507 1941 3759 2003 Habemus
3779 1964 3850 2003 au-

2312 2020 2419 2076 tem
2467 2024 2608 2079 intus
2638 2040 2719 2091 os,
2749 2023 2800 2080 id
2829 2034 2911 2081 est
2938 2028 2989 2081 in
3021 2026 3206 2094 corde,
3235 2030 3382 2087 unde
3428 2034 3671 2106 quidquid
3697 2054 3851 2108 proce-

2313 2112 2410 2181 dit,
2442 2115 2483 2168 si
2511 2116 2708 2194 malum
2731 2127 2832 2183 est,
2857 2118 3097 2191 inquinat
3133 2138 3232 2176 nos
3255 2140 3269 2189 ;
3294 2124 3341 2177 si
3374 2124 3569 2180 bonum
3597 2138 3693 2196 est,
3728 2147 3851 2186 murto

2312 2201 2401 2257 dat
2427 2218 2545 2259 nos.
2578 2205 2655 2261 De
2680 2205 2794 2276 ipso
2820 2208 2959 2263 enim
2987 2224 3081 2265 ore
3109 2211 3363 2281 audistis,
3391 2213 3518 2271 dum
3550 2216 3852 2291 Evangelium

2312 2291 2598 2363 legeretur.
2646 2290 2976 2354 lnsultabant
3005 2303 3145 2357 enim
3181 2301 3352 2359 Judaei
3384 2304 3605 2363 Domino
3628 2351 3643 2377 ,
3665 2290 3770 2382 quia
3787 2312 3850 2367 di-

2313 2386 2503 2455 scipuli
2534 2387 2649 2459 ejus
2687 2390 2791 2443 non
2823 2388 2945 2445 lotis
2976 2393 3221 2449 manibus
3263 2397 3674 2455 manducabant.
3696 2402 3765 2459 illi
3790 2404 3852 2459 in-

2312 2479 2603 2549 sultabant,
2647 2482 2737 2552 qui
2788 2484 3100 2544 munditiam
3151 2487 3280 2544 foris
3329 2489 3617 2562 habebant,
3651 2506 3699 2550 et
3737 2496 3851 2555 intus

2312 2572 2534 2627 maculis
2556 2572 2696 2645 pleni
2726 2588 2915 2645 erant;
2948 2580 3023 2635 illi
3052 2579 3405 2651 insultabant,
3438 2602 3655 2657 quorum
3675 2588 3849 2659 justiti:

2312 2680 2417 2719 non
2461 2670 2594 2732 erat,
2640 2667 2738 2724 nisi
2768 2668 2817 2724 in
2862 2672 3029 2726 oculis
3059 2672 3361 2731 hominum.
3401 2675 3648 2735 Dominus
3688 2694 3834 2739 autem

2312 2756 2583 2828 quaerebat
2612 2760 2919 2816 munditiam
2944 2773 3178 2820 nostram
3197 2752 3511 2824 interiorem
3539 2785 3682 2842 ;qua:
3704 2775 3741 2827 si
3759 2772 3849 2831 fue-

2311 2849 2411 2915 rit,
2458 2867 2678 2907 necesse
2716 2862 2798 2908 est
2842 2864 2896 2909 ut
2940 2852 2994 2910 et
3039 2871 3155 2927 quae
3201 2855 3334 2915 foris
3375 2856 3499 2916 sunt
3538 2864 3716 2919 munda
3751 2864 3847 2921 sint.

2312 2936 2578 3009 Mttndate,
2612 2942 2799 3023 inquit,
2844 2961 2956 3015 quae
2990 2945 3125 3002 intus
3165 2958 3301 3016 sunt,
3346 2960 3408 3023 et
3459 2968 3570 3022 qua:
3608 2956 3721 3023 foris
3761 2966 3850 3012 sunt

2312 3033 2500 3087 munda
2538 3044 2683 3087 erunt
2715 3018 2924 3105 (Matth.
2974 3053 3126 3104 xxnt,
3154 3035 3223 3093 26
3248 3039 3287 3111 ).
3337 3018 3727 3113 ipse'Dom‘inus
3751 3046 3851 3104 dicit

2311 3124 2414 3177 alio
2465 3125 2582 3178 loco
2630 3142 2642 3177 :
2702 3123 2883 3180 Verum
2937 3126 3051 3180 date
3087 3129 3456 3201 elemosynas,
3502 3143 3672 3189 etccoe
3718 3136 3851 3189 omnia

2311 3216 2500 3269 munda
2535 3226 2650 3272 sunt
2684 3216 2818 3272 vobis
2846 3212 2993 3290 (Luc.
3025 3236 3097 3286 χι,
3124 3218 3237 3294 41).
3266 3219 3427 3279 Unde
3465 3234 3631 3281 autem
3655 3227 3851 3298 procedit

2311 3306 2651 3377 eieemosyua
2675 3304 2697 3360 ?
2727 3307 2800 3363 De
2825 3307 3006 3365 corde.
3033 3310 3089 3366 Si
3115 3313 3255 3366 enim
3280 3329 3500 3370 manum
3522 3317 3755 3388 porrigas,
3776 3331 3851 3373 nee

2312 3398 2363 3454 in
2410 3394 2570 3455 corde
2600 3400 2901 3458 miserearis
2921 3445 2935 3471 ,
2965 3400 3094 3458 nihil
3137 3398 3304 3460 fecisti
3330 3423 3348 3474 ;
3377 3407 3423 3463 si
3452 3418 3622 3464 autem
3651 3409 3700 3465 in
3720 3408 3849 3465 corde

2312 3492 2640 3565 miserearis,
2671 3497 2878 3553 etiamsi
2908 3514 3012 3554 non
3047 3494 3242 3556 habeas
3268 3500 3415 3573 quod
3456 3506 3680 3577 porrigas
3702 3514 3845 3569 manu,

2311 3595 2549 3665 acceptat
2594 3580 2733 3642 Deus
2758 3589 3150 3662 elcemosynam
3183 3597 3350 3646 tuam.
3383 3592 3463 3648 llli
3493 3603 3658 3651 autem
3697 3589 3843 3661 iniqui,

2312 3675 2440 3763 foris
2464 3678 2769 3746 qumrebant
2798 3668 3126 3736 munditiam.
3158 3682 3232 3738 De
3268 3682 3470 3742 talibus
3489 3693 3600 3741 erat
3619 3686 3756 3740 etiam
3778 3682 3845 3738 ille

2312 3766 2603 3836 pharisaeus
2634 3771 2721 3839 qui
2745 3773 3058 3827 invitaverat
3090 3773 3401 3845 Dominum,
3435 3768 3639 3851 quando
3664 3776 3846 3834 accessit

2312 3860 2502 3914 mulier
2526 3877 2643 3932 qua:
2670 3863 2720 3916 iu
2751 3864 2963 3919 civitate
2990 3867 3254 3936 peccatrix
3284 3876 3407 3922 erat
3431 3879 3487 3924 et
3510 3869 3694 3925 famosa
3715 3910 3727 3933 ,
3751 3882 3845 3937 qua:

2310 3949 2560 4022 lacrymis
2583 3952 2708 4007 lavit
2740 3952 2901 4023 pedes
2942 3955 3173 4022 Domini,
3200 3957 3354 4027 tersit
3377 3959 3593 4029 capillis,
3620 3960 3749 4014 unxit
3767 3975 3870 4032 un-g

2310 4048 2520 4115 gueuto.
2555 4044 2854 4100 Pharisaeus
2876 4062 3023 4117 ergo,
3054 4051 3142 4120 qui
3172 4050 3493 4107 invitaverat
3520 4042 3785 4119 Dominum,
3802 4059 3842 4105 et

2311 4135 2621 4189 munditiam
2679 4152 2783 4191 non
2839 4124 3065 4193 habebat
3118 4142 3214 4219 nisi
3271 4126 3567 4200 forinsecus
3617 4154 3865 4221 corpore“

2311 4226 2471 4281 corde
2517 4235 2693 4281 autem
2739 4227 2924 4298 plenus
2961 4242 3074 4285 erat
3116 4232 3397 4303 iniquitate
3446 4236 3708 4306 etrapina,
3739 4232 3863 4305 dixit,

2310 4318 2447 4387 apud
2477 4323 2818 4390 semetipsum
2841 4340 2852 4376 :
2878 4320 2983 4376 Iste
2998 4308 3040 4376 si
3063 4335 3185 4378 esset
3213 4328 3481 4397 prop/tela,
3502 4330 3844 4399 sciretqutemtto

2312 4411 2405 4466 tier
2437 4410 2514 4464 illi
2554 4414 2758 4466 accessit
2783 4414 2849 4467 ad
2875 4414 3044 4486 pedes.
3102 4414 3250 4471 Unde
3301 4428 3524 4475 noverat
3568 4430 3721 4472 utrum
3757 4416 3840 4471 sci-

2312 4511 2425 4568 ret,
2450 4519 2519 4558 an
2546 4505 2775 4560 nesciret
2792 4506 2815 4558 ?
2832 4492 2935 4561 Sed
2960 4506 3078 4562 ideo
3107 4521 3226 4565 eum
3255 4511 3464 4564 nescire
3484 4498 3740 4565 arbitratus
3761 4514 3839 4570 est,

2311 4596 2434 4666 quia
2474 4610 2578 4650 non
2616 4611 2647 4651 a
2686 4610 2744 4650 se
2772 4612 2888 4651 eam
2930 4598 3143 4668 repulit.
3177 4582 3231 4653 Si
3280 4602 3426 4653 enim
3472 4601 3753 4655 accessisset
3788 4594 3838 4649 ad

2313 4688 2483 4758 ipsum
2514 4686 2828 4757 pharisaeum
2858 4674 2976 4745 talis
3000 4689 3210 4752 mulier,
3244 4676 3330 4746 ille
3356 4680 3443 4763 qui
3471 4692 3753 4747 munditiam
3775 4697 3837 4743 te-

2314 4782 2473 4837 nebat
2501 4782 2652 4851 quasi
2682 4782 2732 4837 in
2772 4798 2950 4847 carne,
2983 4784 3285 4838 cxsuitlaret
3310 4827 3325 4851 ,
3358 4786 3648 4857 repelleret,
3674 4782 3838 4850 abjice-

2313 4885 2431 4939 ret;
2468 4890 2531 4928 ne
2561 4874 2826 4927 immunda
2870 4884 3108 4943 tangeret
3138 4876 3392 4934 mundum
3422 4919 3436 4944 ,
3480 4886 3531 4934 et
3556 4874 3838 4932 contamina-

2314 4974 2394 5020 ret
2437 4966 2549 5031 ejns
2598 4965 2926 5020 munditiam.
2966 4966 3096 5034 Quia
3145 4966 3245 5021 hoc
3290 4984 3395 5023 non
3449 4967 3567 5023 fecit
3610 4967 3837 5025 Dominus,

2315 5056 2433 5111 ideo
2461 5057 2604 5109 illum
2630 5056 2852 5111 credidit
2876 5059 3112 5114 nescisse
3136 5059 3301 5127 qualis
3324 5060 3512 5115 mulier
3536 5060 3604 5113 illi
3623 5056 3837 5113 accessis-

2316 5159 2396 5202 set
2423 5148 2486 5201 ad
2520 5147 2717 5216 pedes;
2745 5148 2995 5203 Dominus
3024 5158 3200 5204 autem
3232 5165 3335 5204 non
3362 5150 3531 5205 solum
3556 5142 3683 5204 illam
3711 5158 3839 5200 nove-

2315 5249 2418 5305 rat,
2446 5238 2539 5293 sed
2569 5247 2620 5293 et
2640 5238 2984 5309 cogitationes
3016 5224 3151 5295 illius
3172 5239 3416 5295 audiebat
3443 5260 3457 5297 :
3487 5240 3600 5311 quia
3625 5238 3711 5294 etsi
3733 5250 3837 5289 caue

2318 5339 2488 5387 tactus
2514 5332 2752 5401 corporis
2796 5332 2991 5403 aliquid
3038 5331 3177 5400 facit,
3221 5349 3252 5387 ο
3301 5331 3563 5388 immunde
3601 5329 3836 5402 pharisaee.

2318 5438 2443 5477 caro
2481 5424 2685 5478 Domini
2719 5433 2896 5493 posset
2925 5424 3085 5493 pollui
3113 5432 3356 5479 contactu
3387 5422 3632 5484 mulieris,
3656 5434 3713 5473 an
3742 5429 3838 5471 mu-

2322 5515 2419 5569 lier
2444 5514 2683 5568 mundari
2738 5520 2985 5569 contactu
3031 5511 3282 5569 Domini?
3326 5512 3657 5569 Perntitteb'at
3696 5515 3841 5563 autem

2322 5605 2559 5661 medicus
2576 5614 2824 5676 :egrotam
2852 5614 3067 5677 tangere
3086 5604 3533 5661 medicamentum
3552 5618 3570 5668 ;
3588 5608 3641 5657 et
3661 5598 3740 5654 illa
3753 5606 3850 5666 qua

2324 5708 2557 5763 venerat,
2603 5705 2824 5754 noverat
2853 5697 3151 5767 medicum;
3193 5706 3246 5754 et
3292 5709 3425 5772 quas
3462 5691 3653 5751 solebat
3684 5690 3730 5747 in
3772 5684 3851 5743 stt!

2328 5792 2675 5846 fornicatione
2706 5789 2927 5845 fortasse
2971 5805 3089 5846 esse
3125 5789 3398 5851 frontostu,
3443 5782 3703 5841 fronto'si'or
3742 5776 3855 5833 facit
