4160 6436
352 281 481 339 1661

347 405 429 450 est
470 393 540 448 ad
571 391 813 448 salutem.
842 387 1034 457 Irrupit
1068 388 1119 441 in
1148 386 1360 441 domum
1391 400 1496 455 quo
1528 398 1630 438 non
1666 394 1778 437 erat
1804 383 1936 437 invi-

350 497 456 542 tata
482 505 498 553 ;
546 484 640 537 sed
687 482 904 535 vulnera
930 476 1190 541 habebat,
1219 488 1270 559 et
1314 476 1433 531 illuc
1457 485 1675 530 venerat
1699 475 1787 528 ubi
1818 491 1933 531 me-

348 582 506 637 dicus
535 576 895 634 recumbebat.
945 573 1040 628 Ille
1080 581 1253 627 autem
1283 571 1372 643 qui
1404 573 1718 625 invuaverat
1762 569 1932 623 medi-

349 689 496 738 cum,
525 684 689 724 sanus
714 669 813 721 sibi
844 666 1147 727 videbatur;
1176 672 1455 735 propterea
1480 674 1591 716 non
1626 661 1933 716 curabatur.

347 765 466 820 .Iam
494 776 615 834 qua:
657 768 952 829 sequuntur
994 760 1048 813 in
1088 754 1378 826 Evangelia
1422 756 1611 821 nostis,
1665 755 1935 825 quomodo

347 857 606 911 confusus
632 858 715 907 est
748 853 861 922 ipse
890 851 1199 922 pharisaeus,
1232 863 1352 903 cum
1381 849 1428 902 ei
1461 847 1770 902 ostenderet
1802 847 1924 916 quia

348 957 401 1001 et
427 948 574 1001 illam
602 944 882 999 mulierem
908 952 1148 1007 noverat,
1179 952 1231 997 et
1252 941 1627 1012 cogitationem
1657 941 1825 1011 ipsius
1847 956 1938 994 au-

346 1041 520 1097 dierat
548 1039 697 1107 (Luc.
728 1054 819 1103 vn,
853 1034 1021 1092 56-50
1042 1036 1079 1106 ).

418 1131 473 1187 8.
501 1129 606 1186 Sed
635 1129 698 1184 ad
731 1128 781 1183 id
808 1134 1140 1182 revertamur
1181 1125 1321 1195 quod
1354 1123 1512 1179 modo
1554 1122 1621 1178 de
1648 1124 1935 1194 Evangelia

346 1223 546 1277 lectum
575 1229 653 1273 est
678 1261 693 1285 ,
725 1217 863 1288 quod
894 1218 1122 1287 pertinet
1149 1215 1214 1269 ad
1246 1223 1559 1284 praesentem
1589 1229 1799 1268 versum
1844 1212 1934 1271 ubi

348 1312 550 1368 dictum
582 1322 683 1374 est,
712 1308 985 1379 Impletum
1010 1317 1080 1361 est
1106 1306 1290 1378 gaudio
1316 1323 1371 1358 os
1411 1314 1657 1365 nostrum,
1691 1314 1736 1357 et
1758 1304 1934 1373 lingua

350 1417 525 1463 nostra
567 1404 899 1460 exsultatione
920 1419 939 1455 :
966 1402 1249 1471 quwrimus
1275 1398 1415 1452 enim
1445 1397 1584 1468 quod
1617 1412 1698 1455 os,
1730 1405 1783 1451 et
1813 1412 1934 1467 quae

352 1500 548 1568 lingua.
579 1493 832 1550 Attendat
870 1491 1112 1546 Charitas
1157 1500 1353 1543 vestra.
1382 1486 1691 1542 Insultatum
1716 1497 1797 1540 est
1829 1486 1928 1539 Do-

351 1592 517 1655 mino,
551 1588 672 1658 quia
698 1598 803 1640 non
826 1584 948 1640 lotis
969 1583 1212 1637 manibus
1236 1580 1478 1652 discipuli
1503 1581 1619 1648 ejus
1647 1578 1935 1633 manduca-

352 1691 486 1738 rent.
526 1678 820 1747 Respondit
851 1676 954 1730 illis
984 1675 1237 1727 Dominus
1263 1673 1399 1726 sicut
1423 1672 1720 1738 Oportebat,
1754 1679 1807 1723 et
1837 1685 1933 1722 vo-

352 1774 480 1828 catis
522 1771 690 1825 turbis
735 1770 845 1821 ait:
880 1766 1061 1819 Audite
1101 1781 1307 1826 omnes,
1354 1772 1399 1816 et
1444 1761 1721 1832 intelligite.
1775 1760 1936 1814 Omne

352 1863 483 1933 quod
529 1862 685 1916 intrat
729 1860 781 1912 in
808 1873 883 1916 os.
914 1874 1012 1910 non
1056 1856 1345 1927 coinquinat
1376 1854 1649 1918 hominem,
1689 1852 1777 1907 sed
1802 1852 1936 1923 quod

352 1956 472 2010 erit.
502 1953 640 2021 Quid
667 1961 749 2006 est
768 1950 867 2003 hoc
885 1949 909 2002 ?
928 1948 1061 2002 Cum
1084 1946 1235 2011 dixit,
1270 1944 1418 2013 Quod
1438 1944 1594 1998 intrat
1614 1944 1665 1996 in
1686 1958 1763 2008 os,
1797 1957 1929 1996 non-

354 2047 450 2101 nisi
477 2059 541 2098 os
569 2043 811 2112 corporis
834 2039 1001 2093 voluit
1040 2036 1336 2091 ostendere.
1394 2036 1593 2089 lntrant
1618 2032 1757 2089 enim
1788 2035 1891 2089 cibi
1917 2076 1932 2100 ,

352 2146 405 2193 et
428 2153 534 2191 non
562 2135 907 2205 minquinant
928 2130 1173 2185 homines
1197 2129 1335 2192 eihi;
1363 2127 1505 2197 quia,
1533 2123 1720 2180 Omnia
1744 2127 1935 2180 munda

352 2230 551 2285 arandis
573 2241 592 2290 ;
618 2237 691 2292 et,
723 2224 901 2278 Omnis
940 2231 1170 2276 creatura
1202 2218 1300 2272 Dei
1320 2220 1449 2273 bona
1479 2228 1573 2283 est,
1602 2227 1647 2271 et
1686 2218 1815 2271 nihil
1844 2215 1935 2269 ab-

351 2322 619 2399 jiciendum
640 2317 775 2391 quod
794 2333 907 2371 cum
927 2316 1206 2388 gratiarum
1227 2315 1424 2367 actione
1444 2312 1716 2381 percipitur
1733 2304 1775 2384 (I
1796 2308 1932 2365 Tim.

352 2430 422 2480 Vl,
454 2412 534 2483 4).
574 2412 629 2465 1η
659 2414 821 2480 figura
851 2408 1047 2462 .ludzris
1078 2405 1244 2476 posita
1270 2411 1423 2458 erant
1447 2403 1711 2472 qua-dam,
1741 2411 1795 2457 et
1838 2402 1937 2455 im-

352 2503 552 2561 munda
574 2502 713 2556 dicta
739 2508 861 2559 sunt
893 2496 1073 2571 (Leuit.
1096 2496 1195 2560 xu).
1213 2494 1316 2551 Sed
1329 2503 1511 2565 postea
1535 2509 1690 2564 quam
1713 2494 1802 2547 lux
1824 2493 1936 2563 ipsa

350 2598 515 2660 venit,
547 2604 767 2651 remoue
793 2602 917 2648 sunt
938 2591 1160 2656 umbrae,
1190 2604 1294 2643 non
1324 2601 1507 2641 sumus
1531 2586 1723 2641 retenti
1750 2586 1802 2639 in
1846 2585 1935 2641 lit-

351 2702 481 2756 tera,
534 2686 628 2746 sed
671 2687 919 2743 vivitieati
973 2686 1025 2740 in
1071 2684 1308 2753 spiritu:
1350 2691 1403 2737 et
1460 2697 1569 2736 non
1604 2692 1686 2736 est
1716 2681 1937 2751 imposi-

348 2793 458 2839 tum
478 2782 663 2853 jngum
688 2777 1076 2835 observationis
1094 2772 1429 2835 Christianis,
1459 2772 1599 2842 quod
1627 2770 1933 2843 impositum

351 2884 466 2930 erat
496 2872 736 2935 Judseis;
766 2871 887 2941 quia
920 2868 1175 2922 Dominus
1204 2865 1369 2928 dixit,
1402 2862 1594 2936 Jugum
1618 2864 1749 2918 enim
1773 2879 1938 2917 meum

346 2983 499 3023 mare
526 2974 619 3031 est,
644 2972 693 3019 et
717 2963 921 3018 sarcina
948 2976 1057 3015 mea
1083 2959 1205 3013 levis
1230 2968 1301 3013 est
1326 2952 1552 3027 (Matth.
1582 2971 1657 3020 χι,
1690 2955 1780 3027 30)
1818 2973 1831 3008 :
1860 2965 1933 3022 et,

350 3058 559 3121 Omnia,
594 3057 664 3109 ait
693 3052 979 3123 Apostolus
1003 3092 1018 3116 ,
1049 3050 1240 3104 munda
1266 3048 1467 3102 mundis
1496 3063 1514 3102 :
1544 3038 1936 3101 immnndis‘au-

348 3159 442 3204 tem
483 3157 531 3201 et
565 3144 886 3215 inﬁdelibus,
918 3142 1047 3197 nihil
1073 3153 1143 3196 est
1170 3140 1455 3204 mundum;
1480 3140 1565 3194 sed
1605 3139 1797 3209 polluta
1821 3148 1938 3193 sunt

347 3256 521 3295 eorum
547 3249 593 3295 et
623 3254 761 3293 mens
777 3245 844 3291 σει
871 3232 1340 3307 conscientia(Tit.
1365 3249 1403 3300 ι,
1436 3229 1562 3305 l5).
1610 3230 1745 3303 Quid
1772 3233 1939 3289 voluit

348 3330 617 3401 intelligi?
665 3322 856 3383 Mundo
903 3326 1104 3382 homini
1134 3335 1187 3380 et
1229 3324 1379 3396 panis
1412 3332 1465 3378 et
1495 3324 1710 3394 porcina
1738 3314 1934 3379 munda

347 3430 448 3485 εει,
468 3419 746 3475 immundo
763 3433 859 3474 nec
880 3416 1049 3488 panis,
1068 3431 1166 3471 nec
1187 3415 1424 3486 porcina.
1444 3412 1467 3467 1
1478 3414 1730 3467 mmundis
1745 3425 1933 3482 autem,

348 3513 538 3585 inquit,
564 3521 609 3568 et
634 3512 920 3580 infidelibus
940 3510 1065 3564 nihil
1090 3518 1162 3563 est
1189 3502 1462 3562 mundum.
1494 3505 1670 3575 Quare
1697 3506 1824 3561 nihil
1855 3516 1937 3561 est

350 3605 653 3663 mundum?
688 3602 794 3661 Sed
820 3604 1014 3675 polluta
1041 3611 1180 3667 sunt,
1214 3602 1417 3674 inquit,
1447 3618 1619 3656 eorum
1656 3610 1703 3655 et
1727 3614 1864 3654 mens
1886 3610 1935 3654 et

348 3698 651 3754 conscientia
695 3708 716 3750 :
764 3697 885 3766 quia
928 3695 971 3751 si
1015 3693 1238 3751 interius
1285 3694 1426 3765 quod
1456 3700 1557 3759 est,
1606 3692 1934 3748 immundum

349 3797 431 3845 est
451 3806 468 3853 ;
498 3786 627 3843 foris
650 3785 790 3858 quod
812 3797 914 3853 est,
934 3784 1064 3841 nihil
1088 3782 1343 3841 mundum
1364 3800 1484 3840 esse
1508 3794 1699 3856 potest.
1732 3784 1785 3840 Si
1809 3800 1936 3857 ergo

351 3881 457 3938 illis
480 3880 674 3953 quibus
697 3881 950 3935 interiora
975 3878 1247 3933 immunda
1279 3886 1421 3942 sunt,
1445 3876 1710 3931 exteriora
1736 3876 1932 3931 munda

352 3985 470 4027 esse
492 3986 599 4026 non
621 3978 877 4040 possunt;
907 3970 950 4023 si
970 3967 1199 4023 volueris
1224 3975 1280 4021 ut
1301 3967 1565 4022 exteriora
1585 3963 1781 4020 munda
1805 3966 1932 4033 sint,

352 4062 603 4119 interiora
645 4059 924 4117 mundato.
959 4060 1031 4114 lbi
1060 4067 1143 4115 est
1186 4060 1327 4114 enim
1353 4072 1416 4113 os
1442 4057 1584 4129 quod
1633 4056 1937 4128 implebitur

354 4153 441 4209 tibi
481 4152 697 4223 gaudio,
742 4160 797 4206 et
837 4149 1049 4222 quando
1085 4156 1227 4205 taces
1258 4168 1271 4204 :
1303 4148 1515 4220 quando
1539 4150 1680 4204 enim
1712 4157 1855 4204 taces
1882 4156 1937 4203 et

350 4247 566 4317 gaudes,
609 4261 671 4300 os
714 4253 858 4299 tuum
908 4242 1100 4300 clamat
1142 4242 1207 4298 ad
1255 4240 1443 4297 Deum.
1494 4232 1598 4295 Sed
1644 4238 1763 4296 vide
1793 4238 1935 4296 unde

350 4338 604 4408 gaudeas.
631 4337 687 4394 Si
714 4339 780 4392 de
805 4338 999 4392 smculo
1020 4335 1239 4406 gaudes,
1268 4333 1541 4390 immundo
1568 4334 1760 4406 gaudio
1786 4336 1935 4391 voci-

351 4430 537 4486 feraris
584 4430 649 4483 ad
701 4430 865 4484 Deum
902 4430 988 4484 :si
1032 4444 1160 4484 vero
1186 4428 1252 4483 de
1298 4427 1671 4499 redemptione
1710 4428 1932 4501 gaudes,

351 4523 618 4594 quomodo
639 4523 767 4578 dixit
800 4522 1036 4593 psalmus
1062 4521 1182 4587 iste,
1212 4518 1339 4575 Cum
1362 4530 1666 4577 converteret
1684 4519 1937 4579 Dominus

352 4614 685 4682 captivitatem
711 4611 855 4677 Sion,
888 4612 1012 4684 facti
1032 4627 1205 4665 sumus
1240 4611 1513 4681 jucundati
1537 4629 1557 4677 ;
1588 4620 1716 4667 tunc
1744 4612 1935 4682 imple-

355 4715 437 4759 tur
462 4719 593 4760 vero
616 4703 808 4775 gaudio
838 4719 897 4757 os
926 4711 1092 4767 tuum,
1124 4710 1177 4757 et
1206 4701 1382 4772 lingua
1410 4710 1496 4757 tua
1526 4700 1885 4761 exsultatione
1916 4720 1930 4758 :

351 4794 689 4852 manifestum
718 4802 800 4850 est
842 4794 965 4864 quia
997 4792 1048 4847 in
1077 4807 1171 4861 spe
1196 4790 1417 4862 gaudes,
1449 4800 1502 4846 et
1551 4801 1826 4863 acceptum
1855 4801 1938 4847 est

350 4889 601 4959 gaudium
655 4892 801 4942 tuum
840 4884 977 4956 apud
1028 4884 1216 4941 Deum.
1265 4882 1322 4938 In
1367 4883 1483 4954 ipso
1507 4883 1720 4954 gaudio,
1750 4884 1833 4940 vel
1880 4885 1935 4940 in

282 4978 291 4987 ’
352 4982 469 5050 ipso
493 4995 588 5035 ore
616 4978 756 5049 quod
800 4977 1058 5034 habemus
1083 4978 1258 5041 intus,
1292 4984 1347 5031 et
1372 4973 1752 5031 manducamus
1781 4985 1834 5031 et
1858 4976 1938 5031 hi-

353 5072 529 5128 bimus
560 5089 573 5125 :
607 5073 744 5127 sicut
776 5071 843 5128 de
868 5070 969 5126 isto
990 5086 1085 5127 ore
1111 5069 1175 5124 ad
1200 5067 1545 5124 refectionem
1574 5069 1836 5137 corporis,
1861 5071 1938 5126 sic

354 5174 408 5219 et
436 5163 503 5220 de
529 5164 619 5220 illo
644 5179 737 5220 ore
766 5164 833 5219 ad
860 5148 1204 5220 refectionem
1233 5162 1429 5217 cordis.
1463 5161 1594 5217 Nam
1624 5162 1765 5227 inde,
1794 5160 1939 5218 Beati

353 5257 437 5325 qui
485 5259 711 5312 esuriant
738 5265 787 5311 et
811 5252 987 5312 sitiunt
1004 5254 1258 5327 justitiam
1278 5294 1291 5321 ,
1341 5255 1579 5327 quoniam
1607 5254 1704 5324 ipsi
1734 5265 1936 5310 satura-

354 5351 536 5403 bitntur
565 5339 775 5421 (Matth.
807 5364 863 5416 ν,
891 5346 982 5419 6).

424 5438 477 5495 7.
507 5442 563 5497 Si
589 5449 766 5497 autem
796 5456 898 5496 non
932 5441 1055 5496 facit
1077 5438 1407 5495 immundum
1437 5439 1536 5495 nisi
1562 5439 1702 5511 quod
1727 5440 1835 5495 exit
1864 5440 1935 5499 de

356 5544 470 5597 ore,
498 5538 552 5586 et
578 5528 679 5587 hoc
704 5546 824 5585 cum
855 5524 1099 5585 audimus
1128 5532 1178 5585 in
1202 5528 1511 5600 Evangelio,
1543 5546 1647 5586 nou
1680 5529 1935 5600 intelligi-

352 5634 473 5682 mus
500 5624 602 5681 nisi
624 5640 685 5681 os
709 5623 950 5696 corporis
971 5642 986 5691 ;
1013 5625 1302 5681 absurdum
1328 5636 1410 5682 est
1429 5636 1483 5682 et
1502 5626 1662 5682 nimis
1682 5627 1927 5694 stultum,

349 5726 409 5774 ut
433 5726 564 5775 tunc
591 5726 839 5789 puto-tus
863 5730 971 5773 non
997 5716 1110 5772 ﬂeri
1136 5716 1465 5777 immundum
1493 5718 1785 5789 hominem,
1812 5730 1935 5775 cum

1447 270 1837 325 ENABRATIU
1878 271 1943 324 IN
1986 270 2308 329 PSALMUM
2345 274 2554 333 CXXV.

3497 281 3519 336 1
3532 281 3635 339 662

2055 386 2338 441 manducat
2360 430 2375 454 ,
2405 398 2529 445 tunc
2573 399 2749 448 autem
2796 401 3041 464 putemus
3070 395 3399 459 immundum
3418 440 3438 469 ,
3467 403 3513 458 si
3542 418 3638 460 vo-

2047 486 2175 530 mat.
2225 479 2312 532 Ait
2340 481 2479 534 enim
2508 481 2763 541 Deminus
2805 503 2818 538 :
2848 484 2972 542 Non
2998 490 3136 560 quod
3160 491 3313 547 intrat
3344 493 3397 548 in
3424 510 3498 562 os,
3544 497 3633 551 sed

2045 568 2182 637 quod
2223 572 2343 637 exit,
2385 575 2693 642 coinquinat.
2737 577 2964 644 Quando
3002 596 3129 654 ergo
3173 585 3479 654 manducas,
3527 604 3633 645 non

2046 657 2110 713 ﬁs
2137 660 2473 729 immundus;
2502 675 2557 721 et
2580 668 2791 737 quando
2817 672 3008 739 vomis,
3040 672 3269 731 efticeris
3292 672 3633 736 immundus?

2044 744 2269 819 Quando
2316 754 2452 810 bibis
2473 798 2487 821 ,
2522 773 2628 812 non
2678 774 2735 814 es
2765 762 3108 830 immundus;
3138 775 3192 820 et
3219 768 3433 839 quando
3460 770 3627 841 spuis,

2045 844 2349 899 immundus
2376 849 2477 903 es?
2506 849 2727 918 Quando
2768 854 2915 924 spuis
2962 856 3102 911 enim
3128 898 3146 923 ,
3177 857 3243 913 de
3268 874 3361 915 ore
3408 870 3496 916 tuo
3525 862 3631 917 exit

2044 934 2241 1005 aliquid
2267 953 2281 1001 ;
2313 939 2524 1008 quando
2553 940 2708 1007 bibis,
2754 943 2806 996 in
2836 960 2896 1000 os
2927 946 3087 1001 intrat
3125 947 3344 1019 aliquid.
3374 950 3510 1020 Quid
3535 969 3629 1007 vo-

2043 1024 2141 1079 luit
2163 1026 2340 1082 dicere
2385 1028 2661 1095 Dominus,
2693 1030 2813 1087 Non
2843 1037 2978 1106 quod
3017 1037 3173 1091 intrat
3198 1038 3252 1092 in
3282 1058 3357 1105 os,
3389 1044 3633 1115 sedquod

2045 1118 2168 1183 exit,
2216 1119 2496 1191 inquinat?
2523 1122 2749 1177 Secutus
2787 1124 2974 1181 eodem
2999 1126 3124 1184 loco
3153 1131 3628 1193 secundum_alium

2042 1210 2421 1278 evangelistam
2453 1210 2585 1266 dixit
2616 1230 2735 1283 quae
2774 1225 3045 1288 suntquae
3081 1220 3378 1287 procedunt
3407 1222 3473 1277 de
3497 1241 3626 1290 ore;

2043 1307 2100 1353 u‘t
2121 1301 2384 1372 intelligas
2413 1319 2515 1358 non
2545 1303 2611 1359 de
2631 1321 2725 1362 ore
2750 1311 2991 1380 carperis
3019 1326 3141 1365 eum
3189 1312 3411 1381 dixisse,
3447 1315 3539 1369 sed
3566 1315 3633 1371 de

2041 1406 2136 1447 ore
2160 1394 2355 1447 cordis.
2384 1396 2469 1449 Ait
2493 1398 2633 1451 enim
2666 1416 2679 1452 :
2708 1395 2786 1453 De
2821 1401 2972 1453 corde
2997 1401 3130 1456 enim
3154 1413 3339 1457 exeunt
3363 1407 3631 1476 cogitatio-

2040 1502 2129 1538 nes
2158 1487 2325 1552 malae,
2359 1489 2746 1559 fornicationes,
2772 1491 3068 1560 homicidia,
3120 1494 3475 1567 blasphemiae;
3523 1499 3632 1553 hth

2038 1585 2157 1629 sunt
2222 1594 2333 1647 qua:
2384 1580 2709 1650 coinquinant
2772 1584 3023 1637 hominem
3080 1601 3098 1640 :
3156 1604 3258 1640 non
3306 1590 3419 1644 lotis
3468 1600 3633 1647 autem

2040 1668 2269 1722 manibus
2297 1671 2623 1737 numducare,
2654 1691 2755 1727 non
2801 1676 3093 1746 coinquinat
3130 1678 3383 1734 hominem
3413 1681 3629 1751 (Matth.

2042 1774 2134 1823 xv,
2170 1760 2334 1826 1-20;
2362 1772 2410 1817 et
2443 1760 2604 1817 Marc.
2637 1782 2730 1830 vn,
2758 1766 2891 1822 5-23
2911 1766 2950 1839 ).
2987 1766 3077 1824 Illa
3103 1785 3251 1841 ergo,
3280 1770 3476 1828 fratres
3502 1775 3631 1844 mei,

2039 1852 2307 1919 quomodo
2350 1864 2547 1908 exeunt
2590 1853 2656 1908 de
2699 1870 2793 1912 ore
2817 1898 2832 1921 ,
2863 1856 2963 1912 nisi
2997 1858 3119 1930 quia
3161 1871 3343 1915 exeunt
3368 1862 3431 1917 de
3456 1866 3632 1933 corde,

2038 1942 2175 1996 sicut
2208 1943 2322 2011 ipse
2344 1944 2601 2000 Dominus
2617 1945 2781 2002 dicit?
2802 1948 2915 2003 Non
2943 1950 3085 2004 enim
3112 1952 3326 2022 quando
3346 1952 3433 2007 illa
3459 1954 3632 2025 loqui-

2040 2048 2179 2101 mur,
2209 2041 2333 2088 tum
2363 2050 2460 2089 nos
2501 2039 2785 2092 maculant.
2826 2032 2904 2094 Ne
2931 2041 3049 2111 quis
3079 2024 3221 2097 dicat
3247 2060 3259 2096 :
3288 2038 3510 2111 Quando
3532 2024 3633 2100 ilo-

2040 2123 2276 2191 quimur,
2332 2120 2399 2179 de
2426 2140 2520 2180 ore
2566 2137 2750 2181 nostro
2795 2138 3012 2197 exeunt,
3042 2131 3164 2201 quia
3189 2133 3347 2188 verba
3376 2142 3429 2189 et
3476 2150 3633 2192 voces

2039 2211 2107 2269 de
2137 2229 2229 2269 ore
2258 2224 2441 2269 nostro
2459 2228 2691 2283 exemit;
2725 2228 2776 2274 et
2802 2219 3014 2289 quando
3040 2222 3178 2276 mala
3212 2223 3500 2294 loquimur,
3530 2226 3631 2281 im-

2041 2304 2225 2358 mundi
2273 2304 2554 2361 elticimur.
2610 2308 2747 2376 Quid
2802 2308 2847 2363 si
2887 2310 3077 2381 aliquis
3131 2328 3236 2368 non
3279 2311 3548 2385 loquatur,
3578 2325 3631 2374 et

2039 2407 2241 2452 tantum
2264 2400 2460 2466 cogitet
2486 2400 2645 2464 mala,
2688 2400 2919 2457 mundus
2946 2410 3028 2458 est
3058 2446 3072 2471 ,
3105 2406 3227 2475 quia
3254 2398 3320 2460 de
3344 2423 3438 2463 ore
3468 2408 3633 2478 ipsius

2039 2491 2278 2559 corporis
2305 2490 2433 2544 nihil
2458 2490 2878 2564 processit?Sed
2912 2494 2979 2550 de
3007 2504 3100 2550 ore
3149 2496 3325 2552 cordis
3352 2498 3461 2568 jam
3492 2500 3632 2556 Deus

2039 2581 2255 2635 audivit.
2282 2574 2436 2647 Ecce,
2460 2582 2652 2638 fratres
2672 2586 2807 2651 mei,
2834 2586 3094 2643 attendite
3106 2596 3225 2659 qua:
3242 2589 3379 2647 dico.
3405 2590 3629 2649 Nomine

2040 2672 2235 2728 furtum
2267 2674 2469 2731 :smodo
2518 2678 2783 2732 nominavi
2815 2679 3045 2746 furtum;
3091 2685 3345 2753 numquid
3374 2685 3496 2757 quia
3527 2702 3628 2743 no-

2038 2766 2234 2820 minavi
2279 2765 2508 2833 furtum,
2562 2770 2943 2826 contaminavit
2994 2788 3080 2827 me
3126 2768 3366 2831 l'urtum?
3393 2774 3533 2833 Ecce
3559 2776 3629 2835 de

2038 2872 2132 2912 ore
2158 2873 2278 2912 meo
2304 2860 2451 2919 exiit,
2478 2869 2529 2914 et
2555 2875 2661 2914 non
2688 2878 2772 2915 me
2796 2862 2919 2917 fecit
2941 2863 3292 2919 immundum.
3320 2866 3428 2921 Fur
3452 2876 3629 2924 autem

2038 2951 2204 3017 surgit
2246 2949 2301 3002 in
2332 2957 2508 3018 nocte,
2542 2960 2593 3004 et
2623 2942 2754 3003 nihil
2786 2948 2915 3005 dicit
2943 2962 3037 3007 ore
3058 2994 3072 3017 ,
3100 2961 3155 3008 et
3181 2950 3423 3011 faciendo
3452 2956 3511 3011 lit
3534 2957 3630 3012 im-

2040 3040 2287 3094 mundus.
2314 3040 2425 3094 Non
2452 3034 2625 3095 solum
2658 3055 2762 3096 non
2788 3040 2935 3109 dicit,
2981 3043 3079 3098 sed
3107 3052 3162 3100 et
3190 3042 3387 3115 premit
3423 3044 3627 3105 facinus

2040 3136 2150 3185 toto
2179 3126 2419 3197 silentio;
2442 3141 2494 3185 et
2516 3144 2683 3202 usque
2711 3133 2846 3189 adeo
2869 3144 3053 3189 vocem
3073 3142 3222 3189 suam
3254 3137 3401 3192 timet
3427 3128 3627 3209 audiri,

2039 3230 2097 3274 ut
2118 3237 2217 3276 nec
2247 3223 2473 3291 vestigia
2502 3236 2595 3277 sua
2620 3223 2749 3277 velit
2779 3237 2973 3279 sonare
3003 3242 3017 3279 :
3050 3224 3310 3297 numquid
3350 3236 3478 3298 ergo
3506 3228 3627 3300 quia

2039 3311 2109 3365 ita
2132 3310 2275 3376 silet,
2310 3311 2541 3366 mundus
2578 3320 2659 3366 est
2680 3308 2704 3366 l
2729 3311 2854 3368 Plus
2880 3324 3057 3369 autem
3084 3316 3229 3382 dico,
3271 3315 3459 3374 fratres
3498 3321 3625 3375 mei.

2040 3401 2177 3457 Ecce
2201 3401 2377 3456 adhuc
2421 3404 2471 3457 in
2512 3411 2683 3458 stratu
2715 3418 2813 3460 suo
2838 3405 3002 3475 jacet,
3052 3408 3285 3463 nondum
3315 3411 3545 3467 surrexit
3572 3421 3629 3469 ut

2037 3494 2234 3549 furtum
2276 3493 2470 3559 faciat;
2504 3495 2718 3566 vigilat,
2747 3504 2802 3551 et
2829 3506 3107 3567 exspectat
3146 3506 3206 3555 ut
3233 3500 3478 3557 homines
3501 3504 3623 3559 dero

2038 3586 2205 3639 miant
2236 3584 2383 3655 :jam
2409 3582 2518 3639 Deo
2548 3584 2763 3654 clamat,
2792 3587 2901 3656 jam
2933 3589 3016 3643 fur
3043 3596 3144 3654 est,
3186 3590 3298 3659 jam
3325 3590 3628 3650 immundus

2037 3686 2139 3741 est,
2166 3679 2276 3747 jam
2307 3676 2509 3733 facinus
2538 3677 2606 3733 de
2635 3695 2728 3735 ore
2780 3679 3035 3738 interiore
3078 3684 3357 3753 processit.
3406 3678 3629 3753 Quando

2035 3771 2177 3824 enim
2231 3768 2434 3824 facinus
2460 3784 2525 3824 ex
2555 3782 2652 3825 ore
2703 3771 2985 3841 procedit?
3025 3772 3249 3839 Quando
3272 3773 3517 3829 voluntas
3545 3773 3627 3830 fa-

2036 3858 2544 3915 ciendidecernitur.
2567 3860 2854 3916 Decrevisti
2875 3861 3047 3917 facere
3073 3881 3086 3926 ;
3116 3863 3314 3930 dixiSti,
3351 3865 3541 3920 fecisti.
3569 3866 3626 3923 Si

2037 3952 2232 4004 furtum
2257 3967 2359 4005 non
2388 3950 2576 4005 feceris
2600 3948 2760 4010 foris;
2796 3951 3013 4006 forsitan
3040 3950 3128 4006 ille
3154 3969 3258 4008 non
3288 3956 3481 4009 meruit
3508 3971 3629 4026 per-

2036 4041 2184 4107 dere,
2215 4042 2297 4095 cui
2338 4040 2656 4110 disponebas
2705 4041 2914 4097 auferre
2944 4061 2957 4096 :
2987 4051 3041 4096 et
3084 4042 3176 4098 ille
3208 4044 3338 4099 nihil
3376 4044 3624 4117 perdidit,

2036 4138 2091 4189 et
2127 4142 2181 4187 tu
2226 4131 2293 4187 de
2342 4132 2481 4187 furto
2515 4129 2876 4188 damnaberis.
2907 4134 3197 4190 Decrevisti
3239 4134 3484 4194 occidere
3520 4138 3622 4195 ho-

2037 4222 2234 4278 minem
2260 4222 2454 4287 ;dixisti
2486 4222 2538 4277 in
2564 4222 2743 4287 corde,
2788 4225 2967 4279 sonuit
3013 4222 3080 4281 de
3122 4241 3217 4282 ore
3247 4236 3337 4283 tuo
3376 4226 3628 4287 interiere

2040 4314 2425 4372 homicidium:
2451 4315 2626 4372 adhuc
2652 4317 2779 4373 vivit
2815 4318 2975 4373 homo
2999 4361 3014 4387 ,
3045 4330 3098 4375 et
3148 4328 3200 4375 tu
3229 4322 3490 4381 homicida
3532 4342 3628 4397 pu-

2037 4409 2186 4463 niris.
2217 4407 2351 4477 Quid
2378 4407 2451 4463 sis
2482 4407 2623 4464 enim
2649 4408 2790 4478 apud
2830 4410 2998 4465 Deum
3018 4452 3034 4479 ,
3058 4410 3335 4483 Quaeritur,
3367 4431 3473 4472 non
3500 4417 3627 4489 quid

2037 4514 2142 4554 non
2170 4498 2295 4554 dum
2320 4500 2628 4571 apparueris
2646 4498 2784 4572 apud
2796 4500 3061 4558 homines.

2109 4590 2161 4647 8.
2202 4589 2359 4645 Certe
2386 4606 2515 4662 ergo
2542 4593 2808 4659 novimus,
2850 4601 2906 4649 et
2944 4610 3103 4651 nosse
3147 4590 3425 4661 debemus,
3461 4605 3516 4653 et
3544 4608 3623 4655 te-

2040 4697 2168 4737 nere
2195 4683 2317 4753 quia
2344 4688 2428 4737 est
2455 4697 2516 4737 os
2535 4680 2735 4752 cordis,
2754 4694 2836 4739 est
2864 4692 2918 4740 et
2940 4685 3114 4757 lingua
3137 4686 3332 4741 cordis.
3361 4687 3534 4757 Ipsum
3563 4701 3626 4743 os

2038 4774 2290 4846 impletur
2336 4774 2526 4845 gaudio
2554 4793 2566 4828 :
2593 4775 2644 4829 in
2692 4776 2809 4846 ipso
2855 4792 2950 4832 ore
2988 4776 3131 4832 intus
3175 4793 3390 4832 oramus
3431 4776 3622 4847 Deum,

2038 4862 2251 4937 quando
2283 4865 2421 4921 labia
2446 4865 2623 4922 clausa
2652 4877 2794 4933 sunt,
2820 4875 2874 4923 et
2895 4877 3040 4939 patet
3068 4868 3416 4923 conscientia.
3451 4868 3627 4925 Silen-

2039 4959 2169 5013 tium
2197 4966 2299 5026 est,
2336 4966 2391 5012 ct
2425 4956 2619 5013 clamat
2653 4967 2878 5028 pectus:
2910 4957 3003 5013 sed
3043 4952 3259 5012 auribus
3286 4954 3468 5028 cujus?
3508 4956 3624 5015 Non

2041 5050 2293 5115 hominis,
2324 5049 2417 5105 sed
2453 5048 2565 5106 Dei.
2614 5048 2846 5105 Securus
2874 5064 3001 5119 ergo
3040 5056 3188 5115 esto;
3233 5049 3323 5104 ille
3351 5049 3501 5105 audit
3533 5049 3624 5121 qui

2038 5142 2345 5198 miseretur.
2390 5141 2460 5197 Et
2496 5158 2683 5197 rursus
2715 5140 2927 5213 quando
2966 5148 3126 5197 nemo
3170 5140 3446 5198 hominum
3476 5141 3625 5199 audit

2040 5228 2199 5301 mala,
2245 5233 2288 5288 si
2318 5234 2611 5304 procedunt
2652 5232 2719 5287 de
2754 5246 2847 5287 ore
2886 5240 2978 5287 tuo
2996 5222 3037 5299 ί,
3066 5232 3172 5288 noli
3214 5246 3336 5289 esse
3375 5238 3621 5306 securtis,

2040 5325 2163 5397 quia
2189 5322 2277 5380 ille
2304 5326 2450 5380 audit
2475 5326 2564 5395 qui
2593 5322 2835 5379 damnat.
2866 5318 3109 5380 Susanna
3138 5338 3246 5381 non
3270 5320 3623 5383 audiebatur“

2041 5419 2110 5473 ab
2140 5418 2350 5488 injustis
2380 5417 2671 5486 judieibus,
2700 5418 2911 5474 tacebat
2948 5426 3003 5474 et
3030 5418 3235 5474 orabat.
3262 5417 3335 5474 Os
3372 5418 3489 5490 ejus
3513 5433 3621 5474 non

2043 5502 2358 5567 audiebatur
2421 5504 2489 5564 ab
2539 5500 2876 5578 hominibus,
2930 5525 3025 5568 cor
3073 5510 3191 5581 ejus
3229 5508 3493 5567 clamabat
3552 5508 3623 5569 ad

2104 5619 2854 5695 ἶξὲΡΨΨΞΨδονίὲεσονάεβυρε
2910 5684 2923 5695 .
2973 5690 2995 5695 ,ν
3080 5688 3127 5695 __
3340 5672 3597 5695 Α.

2101 5680 2336 5754 ξΑιῖιιαρι
2350 5688 2483 5754 atas.
2506 5684 3062 5754 sagaqujudicabatur.
3080 5688 3135 5737 Et
3150 5680 3318 5747 plures
3332 5680 3519 5746 absque
3538 5680 3622 5736 ηδ

2039 5740 2255 5808 satione,
2275 5740 2489 5793 Susanna
2511 5740 2811 5796 audiebatur.
