4160 6450
615 315 759 374 {668

617 436 784 491 Deum
810 431 972 506 (Dan.
999 448 1114 499 xm,
1138 432 1229 499 55,
1256 430 1398 502 etc.).
1420 428 1686 500 Numquid
1708 428 1831 500 quia
1859 443 1963 483 vox
1994 428 2110 498 ejus
2134 426 2202 483 de

617 544 711 584 ore
747 526 985 597 corporis
1034 540 1137 579 non
1167 522 1449 593 processit,
1497 530 1778 591 propterea
1817 519 2055 575 exaudiri
2094 532 2201 573 non

618 619 851 675 meruit?
893 614 1150 671 Exaudita
1178 623 1260 669 est
1289 614 1412 679 illa;
1441 611 1654 682 quando
1692 611 1884 677 oravit,
1917 623 2075 665 nemo
2103 608 2203 662 ho-

618 712 819 766 minum
860 707 1034 763 scivit.
1081 706 1242 773 Ergo,
1273 704 1487 770 fratres,
1535 701 1661 773 quid
1694 702 1982 757 habeamus
2027 701 2080 755 iu
2109 714 2205 755 ore

621 801 897 864 interiore,
929 796 1175 866 cogitate.
1204 794 1279 850 lbi
1313 794 1489 849 videte
1518 807 1587 849 ne
1612 792 1739 863 quid
1764 792 1887 847 mali
1915 790 2104 846 dicatis
2133 790 2207 843 in-

617 900 722 954 tus,
748 900 803 944 et
837 888 968 942 nihil
999 887 1124 941 mali
1154 886 1329 941 facitis
1369 885 1499 941 loris
1530 902 1545 940 :
1578 899 1684 938 non
1710 891 1887 953 potest
1914 881 2058 936 enim
2090 880 2205 936 ﬁeri

616 983 685 1038 ab
714 981 931 1036 homine
958 980 1110 1047 foris,
1162 978 1263 1033 nisi
1293 977 1435 1049 quod
1481 976 1680 1032 dictum
1711 976 1869 1030 fuerit
1908 974 2068 1028 intus.
2098 973 2205 1028 Cu-

615 1073 757 1129 stodi
799 1088 862 1129 os
904 1071 1085 1129 cordis
1124 1087 1155 1126 a
1185 1071 1351 1137 malo,
1384 1078 1441 1126 et
1469 1070 1726 1124 innocens
1765 1068 1877 1122 eris
1909 1084 1921 1119 :
1954 1068 2209 1121 innocens

615 1167 719 1223 erit
764 1166 939 1235 lingua
988 1162 1230 1234 corporis
1275 1162 1371 1225 tui,
1422 1161 1734 1215 innocentes
1778 1172 1966 1213 manus
2013 1164 2205 1221 erunt;

616 1260 778 1317 etiam
804 1258 966 1329 pedes
995 1257 1303 1311 innocentes
1324 1260 1505 1320 erunt,
1527 1252 1667 1308 oculi
1696 1252 2005 1305 innocentes
2025 1258 2202 1313 erunt,

622 1366 781 1407 aures
812 1350 1121 1405 innocentes
1146 1346 1334 1401 crunt‘
1358 1363 1372 1412 ;
1395 1344 1574 1399 omnia
1604 1343 1840 1398 membra
1873 1351 1959 1395 tua
1986 1339 2209 1409 justitiae

618 1443 941 1507 militabant,
974 1441 1094 1511 quia
1127 1440 1417 1508 imperator
1438 1438 1615 1507 justus
1646 1435 1813 1489 tenuit
1840 1448 1952 1489 cor.

688 1535 737 1589 9.
788 1532 927 1586 Tunc
964 1532 1129 1585 dicent
1164 1530 1295 1583 inter
1335 1527 1533 1593 Gentes,
1570 1524 1920 1595 Magniﬁcavit
1956 1523 2205 1576 Dominus

618 1630 785 1697 facere
812 1640 927 1677 cum
947 1624 1035 1677 eis.
1076 1619 1423 1691 Magniﬁcavit
1456 1617 1701 1671 Dominus
1725 1616 1890 1685 facere
1910 1614 2208 1673 nobiscum;

616 1719 739 1788 facti
772 1732 946 1771 sumus
966 1712 1256 1785 jucundati.
1302 1710 1510 1775 Videte,
1544 1709 1756 1773 fratres,
1788 1708 1833 1762 si
1877 1706 2037 1761 modo
2076 1704 2204 1760 Sion

620 1822 727 1863 non
760 1806 885 1860 illttd
916 1805 1045 1860 dicit
1074 1806 1213 1858 inter
1249 1801 1469 1868 Gentes,
1499 1817 1596 1871 per
1630 1809 1797 1854 totum
1826 1798 2012 1853 orbem
2040 1807 2208 1851 terra-

616 1898 975 1965 rutn;videte
1017 1898 1061 1952 si
1110 1912 1217 1951 non
1263 1895 1329 1949 ad
1367 1894 1658 1949 Ecclesiam
1702 1891 1954 1947 curritur.
2007 1887 2063 1943 ln
2095 1896 2207 1942 toto

618 1993 746 2048 orbe
775 2000 1032 2047 terrarum
1066 1989 1291 2060 pretium
1335 1995 1574 2042 nostrum
1601 1984 1894 2053 accipitur;
1922 1983 2089 2035 Amen
2117 1994 2205 2034 re-

616 2082 927 2153 spondetur.
976 2080 1167 2134 Dicunt
1204 2093 1333 2149 ergo
1362 2078 1503 2133 inter
1541 2075 1740 2132 Gentes
1766 2068 2206 2143 Jerosolymitani

616 2173 831 2243 captivi,
852 2170 1285 2241 Jerosolymitaui
1307 2167 1525 2223 redituri
1543 2169 1587 2232 ⁸,
1618 2163 1905 2235 peregrini,
1935 2161 2207 2231 suspiran-

617 2276 696 2321 tes
743 2264 924 2335 patriae
968 2279 1098 2317 sum.
1132 2260 1265 2329 Quid
1312 2258 1533 2314 dicunt?
1580 2255 1927 2327 Magniﬁcavit
1956 2252 2206 2306 Dominus

616 2364 783 2431 facere
810 2357 1109 2417 nobiscum;
1140 2354 1264 2425 facti
1289 2369 1464 2406 sumus
1496 2349 1783 2419 iucundati.
1812 2344 2077 2414 Numquid
2106 2343 2204 2413 ipsi

616 2465 796 2505 secum
828 2447 1108 2503 fecerunt?
1150 2445 1252 2515 Ipsi
1279 2445 1418 2499 male
1454 2458 1635 2497 secum
1664 2441 1923 2504 fecerunt,
1951 2438 2071 2507 quia
2104 2435 2203 2491 sub

616 2551 835 2612 peccato
872 2556 931 2595 se
975 2537 1345 2593 vendiderunt.
1392 2534 1721 2602 Redemptor
1764 2530 1929 2596 venit,
1972 2537 2027 2583 et
2066 2527 2203 2583 bene

614 2650 735 2689 cum
760 2633 862 2687 illis
885 2632 1007 2686 fecit
1030 2648 1042 2683 :
1068 2638 1121 2684 et
1143 2627 1484 2699 magniﬁcavit
1512 2624 1765 2679 Dominus
1786 2627 1952 2693 facere
1967 2637 2081 2674 cum
2110 2621 2199 2674 eis.

618 2723 967 2795 Magniﬁcavit
1012 2721 1261 2776 Dominus
1309 2721 1474 2789 facere
1521 2718 1812 2782 nobiscum;
1855 2715 1980 2786 facti
2030 2729 2202 2768 smnus

609 2814 895 2886 jucundati.

691 2907 775 2959 i0.
808 2903 959 2975 [ven
1003 2900 1081 2974 4.]
1126 2901 1384 2965 Converte,
1445 2900 1680 2963 Domine,
1721 2899 2059 2968 captivitatem
2106 2914 2199 2951 no—

617 3006 795 3057 stram,
821 2994 949 3048 sicut
978 3005 1173 3047 torrens
1210 2995 1264 3045 in
1302 3001 1494 3046 austro.
1525 2989 1662 3058 Quid
1706 2988 1924 3054 sithoc,
1963 2987 2201 3043 attendat

615 3085 859 3142 Charitas
890 3095 1086 3140 vestra.
1117 3084 1235 3139 Jam
1262 3083 1490 3151 dixerat,
1517 3080 1640 3135 Cum
1679 3088 1980 3134 converteret
2018 3078 2199 3134 Denti-

615 3197 712 3235 nns
731 3178 1070 3248 captivitatem
1097 3176 1244 3232 Sion.
1277 3175 1435 3241 Quasi
1463 3173 1531 3229 de
1554 3172 1823 3243 prmterito
1851 3172 2195 3241 quuebatur:

614 3272 709 3325 sed
754 3270 889 3323 solet
919 3269 1029 3322 ﬂeri
1075 3276 1128 3322 ut
1159 3266 1226 3322 de
1255 3265 1523 3335 praeterito
1558 3264 1800 3333 loquens,
1842 3262 2017 3317 futura
2059 3279 2197 3331 prie-

616 3362 822 3417 nuntiet
849 3360 1137 3429 Propheta.
1182 3357 1313 3412 Nam
1353 3356 1501 3428 quasi
1539 3354 1605 3409 de
1646 3355 1911 3423 praeterito
1943 3354 2197 3423 loqueba-

618 3460 722 3511 tur,
770 3465 890 3504 cum
943 3449 994 3501 in
1043 3448 1147 3503 alio
1192 3447 1395 3517 psalmo
1442 3445 1663 3509 diceret,
1720 3442 1980 3497 Fuderunt
2020 3461 2198 3496 manus

615 3558 764 3595 meas'
790 3550 837 3596 et
879 3540 1028 3610 pedes
1067 3556 1221 3606 meos,
1265 3540 1701 3592 dinumeravernnt
1733 3537 1901 3589 omnia
1936 3552 2049 3589 ossa
2087 3553 2199 3588 mea

617 3631 785 3703 (Psal.
809 3648 918 3695 XXI,
946 3632 1057 3701 l7).
1085 3629 1198 3685 Non
1219 3629 1371 3697 dixit,
1402 3629 1590 3685 fossori
1620 3636 1775 3694 sunt;
1803 3642 1906 3682 non
1929 3626 2082 3688 dixit,
2112 3628 2195 3681 di-

617 3724 998 3785 numerabunt;
1025 3738 1128 3776 nou
1152 3721 1302 3784 dixit,
1324 3719 1560 3775 divident
1583 3719 1681 3775 sibi
1705 3719 2017 3774 vestimenta
2046 3733 2193 3783 mea;

616 3834 718 3871 non
749 3817 902 3881 dixit,
933 3830 1093 3885 super
1121 3815 1490 3868 vestimentum
1522 3828 1697 3866 meum
1724 3811 1929 3865 mittent
1961 3819 2191 3865 sortem:

614 3907 786 3962 futura
816 3914 990 3971 erant,
1021 3916 1071 3959 et
1093 3905 1241 3975 quasi
1268 3903 1410 3958 facta
1435 3904 1805 3957 cantabantur.
1832 3901 2020 3956 Omnia
2050 3900 2192 3955 enim

614 4016 731 4070 qua:
763 3999 935 4053 futura
963 4007 1105 4061 sunt,
1149 3996 1257 4051 Deo
1281 3996 1387 4063 jam
1426 3994 1560 4049 facta
1606 4002 1747 4048 sunt.
1795 3992 1890 4047 Hic
1916 4007 2043 4062 ergo
2072 4007 2193 4046 cum

612 4091 847 4155 diceret,
911 4109 928 4140 ι
973 4089 1103 4143 Cum
1149 4095 1485 4143 converteret
1537 4086 1793 4140 Dominus
1833 4085 2191 4155 captivitatem

610 4183 760 4247 Sion,
788 4182 908 4235 laeti
955 4195 1136 4235 sumus
1170 4179 1305 4235 sicut
1333 4176 1632 4241 consolati;
1664 4185 1787 4229 tune
1815 4174 2075 4244 repletum
2111 4182 2195 4227 est

611 4273 801 4343 gaudio
837 4288 897 4325 os
928 4282 1187 4337 nostrum,
1234 4278 1289 4325 et
1318 4270 1491 4341 lingua
1523 4275 1702 4321 nostra
1741 4265 2130 4329 exsultatione;
2167 4282 2185 4315 ι

613 4373 669 4417 ut
692 4361 999 4416 ostenderet
1027 4375 1085 4415 Se
1114 4361 1277 4432 figura
1312 4358 1563 4429 przeteriti
1598 4357 1768 4411 futura
1808 4355 2061 4423 cogitare,
2093 4353 2189 4421 ait,

618 4476 635 4507 ‹
667 4456 813 4509 Tunc
838 4456 1019 4509 dicent
1062 4454 1196 4507 inter
1230 4451 1446 4507 Gentes.
1484 4471 1503 4502 ι
1540 4449 1741 4515 Dicent,
1761 4448 1869 4518 jam
1902 4446 1968 4499 de
2013 4446 2191 4500 futuro

611 4557 709 4602 est.
769 4567 785 4599 ι
816 4544 1167 4615 Magniﬁcavit
1214 4542 1467 4596 Dominus
1505 4541 1678 4596 facere
1724 4539 2031 4601 nobiscum;
2068 4536 2189 4591 facti

609 4656 795 4697 sumus
815 4636 1148 4708 jucttntlati'.
1181 4656 1198 4688 ι
1243 4634 1397 4690 Tunc
1429 4649 1548 4688 cum
1594 4630 1967 4695 cantabantur,
2016 4631 2189 4695 futura

608 4740 776 4794 erant,
819 4740 869 4783 et
914 4744 1051 4783 nunc
1082 4726 1327 4782 videntur
1368 4722 1668 4794 prmsentia.
1716 4719 1857 4787 Ergo
1900 4728 2016 4773 orat
2068 4728 2186 4773 tan-

607 4839 763 4893 quam
794 4822 860 4877 de
889 4821 1095 4879 futuris.
1138 4820 1224 4888 qui
1260 4816 1431 4869 futura
1463 4822 1709 4880 tanquam
1747 4811 2012 4879 praeterita
2050 4824 2187 4878 pra:-

605 4917 815 4971 cinebat
841 4931 852 4965 :
874 4912 1133 4975 Converte,
1160 4907 1390 4967 Domine,
1418 4902 1757 4972 captivitatem
1774 4910 2012 4954 nostram.
2037 4898 2186 4953 Non-

603 5008 731 5061 dum
748 5015 862 5061 erat
888 5020 1012 5074 ergo
1033 5014 1291 5055 conversa
1319 4996 1612 5067 captivitas,
1644 4994 1764 5063 quia
1787 4991 2016 5045 nondum
2040 4991 2183 5046 Red-

603 5108 810 5169 emptor
838 5097 1143 5152 advenerat.
1192 5092 1356 5160 Ergo,
1379 5086 1592 5159 quando
1611 5084 1808 5140 cantati
1826 5093 1947 5137 sunt
1966 5082 2179 5149 Psalmi,

603 5191 742 5263 quod
779 5188 1029 5244 orab‘atur
1074 5196 1218 5250 tunc,
1242 5184 1350 5253 jam
1384 5179 1579 5234 factum
1620 5187 1703 5233 est
1734 5196 1747 5231 :
1774 5174 2032 5241 Converte,
2071 5175 2180 5230 Do-

603 5286 750 5351 mine,
798 5283 1134 5356 captivitatem
1171 5285 1413 5339 nostram,
1464 5274 1592 5326 sicut
1639 5280 1832 5325 torrens
1885 5270 1937 5323 in
1985 5278 2177 5323 austro.

661 5466 677 5497 ¹
706 5472 755 5514 ιιι
774 5470 821 5512 Β.
849 5468 976 5525 post,
998 5457 1124 5509 oculi
1152 5452 1605 5525 humentes-deest
1629 5463 1739 5525 vox,
1766 5454 2077 5525 erinitLpos-t,
2094 5461 2183 5525 an.

597 5511 1059 5589 reﬂ—praetermissa
1098 5511 1712 5589 suntpverba,'innocentes
1732 5519 1888 5562 erum.
1922 5517 1997 5561 Er.
2032 5511 2176 5573 Lugd.

597 5584 717 5640 Ven.
737 5584 852 5637 ιον.
876 5584 1034 5636 secuti
1056 5595 1237 5651 sumus.
1300 5586 1390 5651 HM.

658 5654 679 5693 ι
703 5657 913 5710 Quatuor
943 5654 1071 5706 uss,
1098 5644 1347 5710 redempti;

659 5718 681 5750 ι
701 5696 1025 5775 animo.
1045 5696 1229 5762 om.
1254 5696 1460 5769 additur,
1485 5700 1547 5757 de
1580 5696 2008 5775 maternoth
2041 5708 2181 5761 actor

596 5778 718 5837 κω
738 5772 877 5833 llbrls
894 5772 1050 5830 the“.

1843 311 1904 368 8.
1935 307 2304 369 AUGUSTINI
2340 310 2641 371 EPISCOPI

3743 338 3859 398 1664

2316 427 2463 484 Sicut
2489 442 2871 491 convertuntur
2897 443 3161 492 torrentes
3190 438 3243 495 in
3289 452 3489 512 austro,
3535 447 3610 504 sic
3637 465 3862 514 converte

2310 522 2668 625 captivitatem
2710 537 2967 625 nostram.
2998 531 3348 625 Quaerebatur
3386 539 3513 608 quid
3550 543 3649 610 sit;
3678 548 3762 603 sed
3787 566 3862 622 pa-

2312 614 2442 669 tebit
2483 617 2660 685 modo,
2705 618 2989 689 adjuvaute
3029 624 3277 691 Domino,
3308 633 3496 686 vestris
3540 614 3887 700 orationibus-

2310 702 2550 794 Quodam
2578 706 2697 764 loco
2731 707 3027 780 Scriptura,
3078 731 3199 772 cum
3230 721 3542 794 praeciperet
3576 736 3629 783 et
3650 716 3892 793 moueretT

2311 793 2378 849 de
2407 798 2656 867 operibus
2682 802 2854 871 bonis,
2878 806 2951 861 ait
2976 824 2988 860 :
3019 806 3166 864 Sicut
3188 813 3375 881 glacies
3397 793 3453 869 in
3478 834 3669 889 sereno,
3695 824 3757 878 ita
3777 804 3881 883 sol-3

2311 896 2487 989 ventur
2512 900 2713 989 peccata
2759 896 3060 989 tua‘(Eccli.
3093 915 3171 966 nt,
3200 901 3310 973 i7).
3342 902 3485 976 Ergo
3511 922 3716 978 peccata
3752 908 3885 989 liga-'

2312 975 2443 1032 bant
2471 995 2584 1074 nos_.
2626 981 2944 1074 Quomodo?
2963 990 3243 1055 Quomodo
3272 975 3436 1065 frigus
3463 975 3590 1069 ligat
3612 975 3864 1074 aquamvne

2313 1079 2514 1124 currat.
2543 1071 2609 1127 Et
2640 1073 2824 1145 illigati
2853 1078 3050 1149 frigore
3076 1095 3417 1151 peccatorum
3445 1071 3745 1159 gelavimus.
3774 1101 3865 1155 Au-

2313 1169 2425 1263 ster
2463 1172 2647 1263 autem
2673 1166 2875 1224 calidus
2922 1182 3111 1229 ventus
3157 1186 3239 1231 est
3267 1196 3282 1232 :
3313 1181 3527 1248 quando
3566 1183 3654 1240 ﬂat
3691 1201 3863 1259 auster,

2315 1251 2558 1322 liquescit
2596 1258 2814 1328 glacies,
2859 1272 2915 1318 et
2956 1264 3243 1336 implentur
3283 1280 3568 1331 torrentes.
3610 1251 3865 1341 Torrentes

2314 1355 2491 1401 autem
2531 1348 2783 1408 dicuntur
2810 1354 3028 1413 flumina
3060 1359 3342 1430 hiemalia;
3389 1382 3584 1437 magno
3619 1374 3748 1428 enim
3785 1377 3865 1431 im.

2317 1448 2439 1507 potu
2482 1446 2780 1544 repentinis
2808 1451 2959 1518 aquis
2996 1452 3211 1522 impleta
3251 1470 3495 1515 currunt.
3527 1462 3864 1527 Gelaveramus

2313 1544 2442 1599 ergo
2487 1537 2539 1586 in
2569 1537 2912 1605 captivitate;
2957 1547 3395 1617 constringebant
3433 1568 3535 1606 nos
3562 1569 3760 1625 peccata
3787 1578 3864 1616 no-

2314 1630 2421 1723 stra
2451 1641 2465 1676 :
2494 1625 2639 1681 tlavit
2664 1640 2847 1687 auster
2873 1632 3100 1703 Spiritus
3126 1651 3380 1707 sanctus;
3404 1642 3623 1701 dimissa
3648 1663 3757 1706 sunt
3780 1671 3862 1708 no-

2314 1710 2395 1766 bis
2424 1727 2661 1807 peccata,
2692 1722 2849 1778 soluti
2894 1740 3078 1783 sumus
3115 1745 3144 1783 a
3182 1731 3377 1802 frigore
3423 1736 3736 1807 iniquitatis;
3764 1756 3861 1801 tan-

2313 1816 2470 1896 quam
2509 1806 2706 1875 glacies
2752 1811 2803 1866 in
2849 1830 3065 1883 sereno,
3107 1823 3389 1877 solvuntur
3438 1806 3650 1896 peccata
3691 1845 3859 1891 nostra.

2312 1891 2602 1951 Curramus
2631 1900 2696 1955 ad
2734 1905 2981 1972 patriam.
3015 1911 3163 1976 quasi
3198 1891 3467 1971 torrentes
3491 1918 3543 1974 in
3571 1932 3757 1979 austro.
3782 1927 3859 1985 Diu

2312 1985 2453 2039 enim
2480 1987 2853 2058 laboravimus,
2880 2006 2934 2050 et
2960 1998 3261 2057 laboramus
3285 2006 3448 2062 etiam
3473 2008 3716 2069 facientes
3730 2016 3859 2074 bene.

2312 2074 2442 2130 Nam
2465 2078 2592 2174 ipsa
2616 2082 2727 2174 vita
2755 2084 2988 2144 humana
3014 2106 3174 2161 quam
3216 2095 3447 2166 ingressi
3473 2116 3671 2174 sumus,
3699 2109 3859 2167 misera

2311 2174 2414 2267 est,
2461 2168 2729 2267 laboribus
2761 2176 2935 2267 plena,
2967 2178 3262 2251 doloribus,
3306 2191 3582 2261 periculis,
3624 2168 3859 2267 :erumnis,

2311 2260 2713 2319 tentationibus.
2760 2265 2933 2324 Nolite
2974 2273 3156 2329 seduci
3198 2279 3393 2347 gaudio
3426 2260 3600 2340 rerum
3639 2260 3858 2345 humana;

2310 2362 2462 2413 rum;
2490 2349 2666 2407 ﬂenda
2696 2355 2747 2409 in
2791 2357 2952 2414 rebus
2982 2360 3231 2420 humanis
3258 2368 3544 2428 advertite.
3585 2375 3773 2433 Poterat
3799 2382 3857 2435 ri-

2309 2438 2603 2541 dere
2634 2462 2764 2514 puer
2789 2451 2878 2519 qui
2910 2456 3145 2512 nascitur
3172 2476 3185 2512 :
3209 2475 3373 2530 quare
3398 2480 3433 2519 a
3461 2464 3585 2522 ﬂetu
3613 2469 3773 2541 incipit
3799 2476 3857 2528 vi.

2310 2533 2697 2630 vereZRidere
2739 2541 2973 2598 nondum
3004 2549 3187 2615 novit;
3226 2567 3395 2622 quare
3428 2542 3634 2625 plorare
3655 2533 3752 2630 jam
3778 2578 3857 2618 no-

2309 2621 2580 2690 vit?Quia
2625 2630 2787 2698 coepit
2836 2633 2913 2688 ire
2958 2634 3010 2690 itt
3059 2638 3213 2695 istam
3245 2621 3444 2699 vitam.
3482 2647 3585 2703 Sed
3612 2621 3674 2705 si'
3692 2652 3749 2709 de
3774 2655 3855 2710 illis

2307 2714 2531 2810 captivis
2559 2726 2661 2781 est,
2688 2716 2776 2775 hic
2805 2722 2898 2779 llet
2925 2736 2978 2780 et
3003 2730 3200 2798 gemit;
3230 2733 3321 2788 sed
3350 2739 3535 2793 veniet
3558 2741 3797 2810 gaudium.

2380 2806 2469 2910 ll.
2503 2806 2653 2910 [verm
2681 2811 3050 2910 5.]“Sequitur
3089 2822 3269 2879 enim:
3296 2825 3400 2891 Qui
3449 2806 3684 2886 seminam
3719 2835 3763 2887 in
3796 2837 3853 2890 la-

2307 2901 2525 2993 crymis,
2542 2901 2595 2954 in
2630 2905 2819 2973 gaudio
2853 2918 3055 2964 metent.
3089 2912 3144 2967 In
3186 2914 3281 2970 ista
3311 2917 3446 2983 vita,
3487 2936 3601 2991 qua:
3628 2924 3761 2993 plena
3790 2936 3853 2981 est

2307 2987 2594 3088 iacrymis,
2647 2997 2993 3088 seminemus.
3046 3003 3183 3071 Quid
3248 2987 3672 3071 seminabimus?
3713 3016 3851 3088 Opera

2307 3078 2467 3133 bona.
2516 3080 2689 3151 Opera
2727 3087 3109 3146 misericordiae
3155 3096 3361 3151 semina
3417 3111 3595 3159 nostra
3639 3078 3779 3162 sunt':
3800 3109 3852 3162 de

2306 3169 2500 3272 quibus
2531 3174 2826 3272 seminibus
2851 3179 2928 3233 ait
2968 3183 3282 3252 Apostolus,
3321 3207 3339 3240 ι
3375 3189 3588 3248 Bonum
3617 3206 3772 3253 autem
3794 3199 3850 3253 ta-

2306 3267 2643 3356 cientesgnon
2668 3267 3010 3338 deﬁciamus;
3038 3282 3278 3347 tempore
3305 3281 3459 3338 enim
3491 3287 3692 3356 proprio
3714 3298 3849 3344 mete-

2307 3366 2426 3406 mus
2452 3353 2821 3448 intatigabiles.
2854 3359 3035 3432 Itaque
3072 3364 3199 3422 dum
3229 3377 3446 3441 tempus
3487 3353 3723 3433 babi:mns
3742 3392 3848 3448 ope-

2307 3459 2487 3500 remur
2514 3446 2711 3504 bonum
2736 3451 2803 3505 ad
2828 3469 3036 3521 omnes,
3069 3462 3302 3517 maxime
3332 3476 3517 3524 autem
3543 3470 3607 3525 ad
3630 3446 3846 3528 domesti-

2302 3552 2397 3635 cos
2428 3538 2548 3593 fidei
2584 3560 2602 3593 ι
2632 3541 2825 3615 (Colat.
2855 3561 2925 3613 vn,
2957 3548 3129 3621 8-10).
3153 3552 3405 3624 Loquens
3440 3561 3610 3632 itaque
3646 3563 3707 3619 de
3744 3564 3847 3635 ipsis

2304 3628 2677 3729 eleemosynis,
2708 3636 2832 3705 quid
2860 3639 2977 3694 ait?
3008 3640 3123 3696 Hoc
3142 3655 3310 3699 autem
3336 3649 3478 3715 dico,
3510 3628 3607 3720 Qui
3631 3628 3845 3726 parce-se-

2303 3730 2481 3824 minat,
2516 3740 2667 3824 parce
2685 3736 2732 3824 et
2748 3738 2894 3783 metet
2915 3731 2985 3802 (ll
3015 3732 3134 3788 Cor.
3166 3751 3241 3804 ιι,
3273 3739 3349 3808 6).
3382 3740 3533 3814 Ergo
3555 3746 3638 3817 qui
3660 3747 3843 3804 multum

2303 3819 2551 3881 seminat,
2592 3819 2816 3875 multum
2860 3832 3026 3879 metet
3055 3844 3069 3881 :
3095 3830 3181 3895 qui
3210 3847 3362 3899 parce
3389 3838 3624 3905 seminat,
3663 3849 3844 3910 parceet

2302 3915 2483 3999 metet;
2509 3915 2563 3963 et
2594 3910 2683 3980 qui
2710 3912 2841 3968 nihil
2867 3916 3117 3985 seminat,
3159 3920 3287 3978 nihil
3320 3936 3512 3983 metet.
3543 3929 3703 3999 Quare
3726 3930 3841 3987 desi-

2301 3994 2500 4053 deratis
2546 3999 2683 4055 latos
2724 4002 2932 4070 fundos,
2981 4009 3070 4064 ubi
3106 4012 3274 4067 multa
3320 4020 3531 4074 semina
3554 3994 3841 4078 rvseminetist

2303 4086 2482 4143 Latior
2511 4091 2659 4146 vobis
2696 4109 2803 4148 non
2840 4106 2923 4152 est
2951 4098 3038 4152 ubi
3081 4104 3380 4174 seminetis,
3436 4125 3591 4180 quam
3618 4112 3837 4175 Christus.

2301 4180 2388 4248 qui
2431 4180 2484 4234 in
2509 4196 2568 4236 se
2596 4184 2760 4239 voluit
2801 4187 3078 4246 seminari.
3106 4191 3273 4250 Terra
3300 4207 3482 4254 vestra
3510 4202 3725 4257 Ecclesia
3747 4211 3837 4265 est;

2299 4270 2561 4327 setninate
2599 4283 2854 4343 quantum
2882 4280 3125 4347 potestis.
3169 4282 3275 4338 Sed
3320 4299 3512 4355 parum
3553 4291 3701 4346 habes
3727 4290 3837 4345 unde

2299 4358 2483 4450 iacias.
2517 4360 2689 4417 Habes
2715 4365 3082 4423 voluntatem?
3108 4370 3387 4439 Quomodo
3418 4379 3547 4434 nihil
3574 4390 3701 4436 esset
3724 4378 3835 4450 quod

2300 4449 2485 4516 habes,
2509 4452 2555 4506 si
2584 4467 2691 4507 non
2721 4454 2934 4512 adesset
2968 4457 3106 4514 bona
3134 4463 3377 4521 voluntas
3401 4482 3416 4531 ;
3449 4470 3525 4526 sic
3550 4480 3601 4525 et
3626 4449 3833 4541 quianon

2298 4541 2483 4607 habes,
2527 4544 2635 4600 noli
2678 4561 2799 4603 esse
2843 4550 3030 4617 tristis,
3077 4554 3122 4607 si
3166 4565 3248 4609 est
3292 4558 3383 4613 tibi
3437 4561 3565 4616 bona
3610 4562 3830 4617 voluntas.

2295 4634 2431 4701 Quid
2473 4638 2616 4692 enim
2645 4641 2922 4713 seminas?
2963 4644 3398 4704 Misericordiam.
3432 4654 3499 4709 Et
3523 4655 3638 4725 quid
3664 4654 3831 4709 metes?

2295 4725 2508 4781 Pacem.
2531 4728 2794 4801 Numquid
2820 4745 2996 4790 autem
3020 4737 3268 4794 dixerunt
3292 4744 3498 4813 Angeli,
3523 4747 3625 4800 Pax
3651 4747 3696 4801 in
3717 4754 3829 4800 terra

2292 4818 2543 4875 divitibus
2566 4820 2864 4880 hominibus
2879 4826 2903 4879 ?
2917 4825 3043 4893 Sed,
3074 4827 3189 4885 Pax
3207 4833 3257 4885 in
3280 4843 3412 4887 terra
3434 4836 3699 4891 lionzinibus
3714 4836 3828 4889 bona

2292 4911 2562 4967 voluntatis
2591 4913 2743 4984 (Luc.
2773 4932 2829 4984 ιι,
2856 4919 2964 4990 id).
2990 4919 3047 4975 in
3078 4921 3334 4980 Zacchaeo
3360 4942 3544 4999 magna
3570 4927 3823 4991 voluntas',

2293 5002 2343 5056 in
2372 5004 2628 5060 Zacchmo
2656 5006 2885 5065 charitas
2923 5027 3135 5085 magna.
3180 5016 3423 5089 Suscepit
3460 5021 3717 5076 Dominum
3748 5018 3825 5072 h0-

2290 5099 2467 5167 Spitio,
2494 5100 2733 5169 gaudens
2769 5106 3023 5177 suscepit,
3042 5184 3047 5189 Ι
3067 5116 3122 5164 et
3145 5109 3417 5167 dimidium
3445 5112 3725 5185 pauimenti
3755 5108 3821 5163 sui

2288 5190 2608 5258 pauperibus
2632 5192 2875 5261 promisit
2899 5211 2957 5251 se
2972 5197 3240 5266 daturum,
3261 5212 3314 5257 et
3336 5205 3380 5257 si
3404 5204 3486 5259 cui
3514 5202 3694 5273 aliquid
3720 5200 3820 5253 abs-

2290 5281 2500 5348 tulerat,
2554 5283 2904 5354 quadruplum
2945 5288 3273 5346 redditurum
3302 5293 3411 5363 (Id.
3448 5310 3564 5358 xu,
3591 5294 3643 5359 6,
3666 5291 3745 5363 8);
3772 5297 3817 5342 ut

2287 5370 2548 5443 intelligas
2574 5386 2852 5447 propterea
2884 5379 2984 5435 sibi
3014 5396 3135 5437 eum
3167 5385 3399 5441 tenuisse
3425 5385 3713 5448 dimidium,
3737 5394 3827 5436 non

2286 5474 2346 5519 ut
2385 5466 2599 5521 haberet
2620 5468 2760 5538 quod
2792 5472 3106 5541 possideret,
3147 5474 3242 5532 sed
3268 5485 3326 5532 ut
3349 5478 3579 5535 haberet
3602 5473 3727 5531 unde
3748 5471 3829 5528 de-

2286 5556 2394 5613 bita
2427 5558 2690 5620 redderet.
2722 5560 2905 5635 Magna
2937 5566 3216 5636 voluntas;
3267 5570 3493 5625 multum
3530 5566 3680 5633 dedit,
3707 5563 3800 5622 tnui

2285 5691 3321 5834 “transmutatam
