4160 6436
310 362 451 422 1665

312 495 422 539 tum
455 483 757 538 seminavit.
782 481 922 554 Ergo
939 477 1095 537 vidua
1120 479 1209 537 illa
1230 494 1351 551 quae
1372 478 1481 535 duo
1499 478 1702 533 minuta
1730 478 1895 544 misit,

311 593 498 647 parum
527 577 850 632 seminavit?
880 575 989 631 lmo
1018 586 1245 641 tantum,
1292 586 1547 646 quantum
1588 574 1894 630 Zacclueus.

310 671 546 726 Minores
574 669 717 724 enim
761 668 1039 725 facultates
1067 667 1295 734 ferebat,
1322 667 1415 724 sed
1442 681 1624 738 parem
1654 667 1896 722 volunta-

308 772 414 817 tem
456 761 688 817 habebat
732 760 882 833 (Luc.
913 776 1027 826 χχι,
1055 758 1192 832 1-4).
1246 759 1388 815 Misit
1429 759 1537 815 duo
1580 760 1782 814 minuta
1826 757 1895 813 de

307 864 451 910 tanta
480 854 773 918 voluntate,
806 852 873 908 de
899 861 1095 923 quanta
1118 851 1403 907 Zaechaeus
1426 850 1701 906 dimidium
1729 850 1894 922 patri-

305 944 473 999 monii
512 944 616 998 sui.
657 942 712 999 Si
743 943 987 998 attendas
1014 942 1140 1013 quid
1164 942 1447 1009 dederunt,
1488 941 1697 997 diversa
1740 941 1891 994 inve-

303 1038 420 1092 nies
449 1052 464 1091 :
495 1035 540 1091 si
591 1034 837 1090 attendas
889 1034 1029 1090 unde
1071 1033 1368 1097 dederunt,
1425 1032 1570 1102 paria
1615 1032 1887 1094 invenies;

301 1127 560 1199 quidquid
590 1125 773 1180 habuit
799 1124 944 1180 dedit
972 1125 1083 1192 illa,
1124 1136 1179 1180 et
1218 1123 1359 1194 quod
1389 1123 1574 1179 habuit
1600 1122 1748 1178 dedit
1776 1122 1884 1177 ille.

374 1220 464 1276 12.
506 1219 613 1275 Fac
634 1218 862 1288 aliquem
891 1233 993 1271 non
1020 1216 1218 1271 habere
1238 1216 1319 1271 vel
1342 1214 1476 1270 duos
1498 1230 1780 1270 nummos:
1804 1222 1888 1269 est

299 1311 503 1385 aliquid
552 1308 897 1379 viliusquod
940 1308 1287 1373 seminemus,
1327 1317 1383 1363 ut
1428 1316 1692 1363 metamus
1740 1306 1885 1361 illam

300 1404 572 1463 messem?
596 1403 692 1459 Est
715 1420 729 1456 :
758 1401 977 1458 Calicem
1011 1417 1156 1470 aqua:
1180 1400 1380 1471 frigida:
1406 1400 1490 1470 qui
1519 1400 1711 1454 dederit
1735 1399 1887 1453 disci-

301 1499 445 1568 pulo,
481 1511 583 1551 non
618 1494 790 1565 perdet
816 1492 1089 1548 mercedem
1119 1508 1281 1545 suam.
1312 1490 1461 1547 Calix
1492 1506 1644 1561 aqua:
1676 1489 1883 1561 frigida:

302 1605 409 1645 non
447 1587 658 1643 duobus
702 1586 956 1651 nummis,
998 1582 1092 1638 sed
1118 1583 1276 1653 gratis
1304 1589 1548 1647 constat;
1584 1590 1761 1635 tamen
1787 1580 1884 1634 ali-

297 1678 511 1751 quando
548 1678 627 1733 sic
669 1677 832 1747 gratis
861 1683 1088 1740 constat,
1139 1681 1193 1726 ut
1219 1672 1405 1727 habeat
1436 1672 1585 1725 illum
1629 1671 1781 1736 alius,
1828 1679 1883 1725 et

304 1773 440 1827 alius
466 1786 572 1826 non
601 1768 795 1823 haheat
826 1786 840 1821 :
867 1768 911 1821 si
942 1783 1068 1837 ergo
1095 1765 1182 1820 ille
1210 1765 1298 1834 qui
1331 1763 1480 1818 illum
1511 1764 1689 1826 habet,
1717 1761 1881 1817 dede-

297 1865 364 1920 rit
396 1864 478 1919 illi
501 1863 592 1933 qui
622 1877 726 1917 non
754 1859 947 1924 habet;
977 1866 1181 1912 tantum
1205 1856 1370 1921 dedit,
1413 1856 1456 1910 si
1481 1855 1549 1910 de
1573 1854 1725 1923 plena
1753 1853 1881 1910 cha-

296 1956 451 2011 ritate
474 1954 622 2009 dedit
645 1952 784 2023 quod
805 1950 970 2017 dedit,
1000 1957 1202 2003 tantum
1229 1946 1398 2013 dedit,
1427 1955 1683 2017 quantum
1711 1946 1799 1999 illa
1824 1947 1879 2001 in

293 2049 502 2104 duobus
524 2046 760 2120 minatis,
787 2054 1041 2115 quantum
1061 2042 1347 2096 Zacclimus
1372 2041 1422 2094 in
1447 2039 1670 2095 dimidio
1696 2054 1874 2095 rerum

294 2156 528 2194 suarum.
569 2136 684 2192 Non
727 2136 869 2190 enim
918 2134 1035 2189 sine
1078 2146 1238 2187 causa
1284 2130 1504 2194 addidit,
1552 2129 1776 2200 frigidae,
1818 2140 1877 2185 ut

292 2245 577 2301 pauperem
605 2227 929 2283 ostenderet.
962 2225 1084 2280 ideo
1111 2224 1263 2289 dixit,
1296 2222 1514 2277 Calicem
1555 2238 1698 2291 aqua:
1722 2223 1875 2293 περὶ-

291 2325 390 2389 ἄιε,
436 2338 505 2378 ne
543 2324 662 2392 quis
706 2320 787 2376 vel
832 2319 954 2374 inde
993 2324 1307 2373 causaretur
1335 2315 1477 2386 quod
1519 2315 1717 2386 lignum
1765 2329 1869 2369 non

291 2414 533 2469 habuerit
565 2411 704 2467 unde
743 2410 1059 2467 calefaceret
1100 2422 1314 2478 aquam.
1359 2405 1577 2461 Calicem
1605 2421 1751 2474 aqua:
1778 2405 1870 2475 {ri-

288 2507 418 2579 gida
456 2506 543 2575 qui
568 2504 759 2558 dederit
810 2503 898 2555 uni
934 2517 996 2555 ea:
1033 2499 1275 2563 minimis,
1321 2514 1422 2551 non
1480 2497 1653 2568 perdet
1678 2512 1869 2549 merce-

288 2601 397 2654 dem
418 2614 563 2653 suam
581 2594 767 2665 (Marc.
795 2609 873 2659 ix,
897 2591 965 2647 40
983 2608 998 2658 ;
1019 2601 1068 2646 et
1095 2590 1280 2644 Matth.
1310 2605 1368 2654 x,
1398 2586 1509 2660 42).
1535 2587 1672 2655 Quid
1700 2586 1745 2642 si
1769 2601 1869 2642 nec

289 2692 386 2745 hoc
411 2688 636 2744 habeat?
660 2687 893 2741 Securus
932 2684 1022 2750 sit,
1048 2683 1146 2738 etsi
1179 2695 1278 2737 nec
1306 2680 1409 2734 hoc
1444 2678 1636 2743 habet;
1667 2677 1784 2731 Pax
1813 2678 1868 2731 in

288 2794 417 2836 terra
476 2780 758 2834 hominibus
806 2779 945 2831 boum
991 2774 1259 2830 uoluntatis
1299 2787 1318 2827 :
1352 2780 1556 2828 tantum
1610 2770 1741 2825 illud
1795 2769 1865 2825 ti-

284 2885 445 2941 meat,
484 2891 554 2930 ne
581 2874 771 2928 habeat
798 2881 851 2927 ct
880 2885 985 2925 non
1016 2868 1193 2923 faciat.
1234 2866 1290 2922 Si
1316 2865 1459 2921 enim
1493 2863 1653 2919 habet
1679 2872 1732 2918 et
1758 2877 1864 2919 non

284 2969 425 3033 facit,
452 2968 591 3023 intus
620 2965 848 3036 gelavit;
878 2962 1114 3017 nondum
1140 2959 1313 3015 soluta
1343 2967 1465 3012 sunt
1492 2964 1708 3027 peccata
1747 2954 1865 3025 ejus

282 3061 417 3117 sicut
461 3070 670 3115 torrens
715 3056 767 3110 in
813 3064 1012 3119 austro,
1073 3051 1197 3123 quia
1242 3052 1489 3105 voluntas
1535 3046 1722 3117 frigida
1758 3053 1860 3101 est.

281 3154 414 3223 Quid
444 3154 623 3208 valent
652 3160 794 3205 tanta
824 3148 962 3203 bona
992 3161 1111 3216 qum
1139 3140 1500 3215 possidemus?
1527 3138 1747 3195 Accedit
1770 3152 1864 3192 vo-

202 3236 213 3251 \
281 3246 454 3301 luntas
500 3243 732 3307 fervens,
758 3240 869 3309 jam
908 3238 1077 3292 soluta
1113 3234 1294 3290 calore
1341 3231 1538 3297 austri;
1584 3230 1683 3286 etsi
1728 3228 1860 3284 nihil

280 3336 493 3402 habeat,
536 3342 704 3409 totum
743 3333 816 3386 illi
844 3336 1203 3399 computatur.
1235 3325 1439 3393 Quanta
1482 3323 1580 3379 sibi
1607 3329 1862 3392 praestant

279 3429 552 3487 mendici?
576 3423 1085 3482 lntendatharitas
1114 3430 1288 3476 vestra
1314 3416 1583 3489 quomodo
1608 3414 1698 3469 fiat
1727 3414 1859 3470 elee-

277 3537 520 3593 mosyna.
559 3519 717 3575 Certe
747 3515 973 3571 mendici
1000 3523 1127 3569 sunt
1161 3512 1213 3566 in
1238 3524 1374 3581 quos
1400 3508 1533 3563 facis
1565 3508 1859 3578 eleemosy-

276 3629 419 3674 nam,
452 3610 680 3665 mendici
708 3618 883 3678 egent.
913 3603 1198 3660 Attenditis
1235 3601 1372 3656 forte
1406 3600 1598 3654 fratres
1625 3606 1854 3661 vestros,

275 3706 317 3760 si
351 3706 533 3774 aliquo
575 3710 764 3773 egent;
818 3698 1072 3760 tribuitis,
1115 3694 1160 3750 si
1190 3702 1274 3749 est
1319 3693 1371 3746 in
1398 3691 1550 3746 vobis
1586 3689 1853 3756 Christus,

275 3798 430 3854 etiam
452 3794 671 3852 exteris.
703 3791 807 3849 Sed
832 3792 877 3846 si
908 3790 981 3844 illi
1015 3798 1141 3843 sunt
1170 3784 1419 3850 mendici,
1452 3784 1539 3855 qui
1562 3781 1854 3853 professio-

276 3906 394 3945 nem
433 3888 629 3942 habent
656 3884 884 3956 petendi,
916 3884 968 3937 in
1010 3895 1246 3935 aerumna
1271 3887 1324 3934 et
1352 3878 1453 3946 ipsi
1481 3877 1679 3933 habent
1711 3877 1854 3947 quod

276 3989 529 4055 praestent
561 3980 659 4035 sibi
685 3978 932 4033 invicem.
959 3974 1076 4031 Non
1107 3974 1226 4028 illos
1255 3971 1492 4028 deseruit
1521 3969 1681 4035 Deus,
1713 3967 1855 4023 unde

274 4076 582 4146 probentur,
614 4070 734 4141 quia
766 4068 962 4125 faciunt
992 4065 1377 4135 eleemosynas.
1417 4061 1523 4115 lste
1546 4074 1651 4113 non
1677 4065 1855 4130 potest

272 4167 584 4229 ambulare;
623 4163 712 4233 qui
744 4169 919 4233 potest
951 4156 1246 4218 ambulare,
1284 4152 1446 4224 pedes
1480 4165 1607 4207 suos
1644 4163 1855 4204 accom-

273 4259 457 4316 modat
501 4255 724 4318 claudo;
769 4253 858 4324 qui
889 4250 1055 4315 videt,
1092 4248 1276 4305 oculos
1314 4260 1440 4301 suos
1489 4241 1856 4299 accommodat

271 4365 447 4415 caeo;
472 4357 529 4404 et
555 4347 641 4417 qui
664 4345 875 4416 juvenis
908 4352 990 4398 est
1026 4350 1080 4397 et
1107 4354 1291 4403 sanus,
1314 4338 1454 4393 vires
1483 4351 1605 4391 suas
1642 4349 1854 4390 accom-

272 4440 456 4499 modat
479 4438 564 4494 vel
584 4438 699 4493 seni
728 4436 809 4491 vel
836 4442 1059 4506 aegroto,
1091 4438 1266 4502 portat
1295 4429 1440 4484 illum
1470 4445 1484 4481 :
1517 4427 1608 4483 ille
1630 4425 1849 4497 indiget,

272 4536 363 4592 ille
391 4534 540 4589 dives
558 4541 661 4588 est.

258 4666 268 4682 .
344 4626 433 4681 15.
475 4621 770 4694 Aliquando
811 4627 867 4675 et
917 4617 1066 4673 dives
1117 4614 1384 4670 invenitur
1429 4626 1662 4683 pauper,
1715 4618 1770 4665 et
1821 4623 1852 4665 a

273 4731 507 4792 paupere
532 4722 815 4787 praestatur
841 4712 916 4767 illi
943 4708 1159 4781 aliquid.
1188 4705 1349 4762 Venit
1393 4703 1576 4760 nescio
1617 4702 1735 4772 quis
1785 4699 1853 4755 ad

273 4812 469 4867 ﬂumen
490 4850 507 4877 ,
536 4816 685 4863 tanto
713 4803 993 4861 delicatior
1030 4810 1227 4873 quanto
1270 4797 1460 4862 ditior;
1494 4794 1719 4851 transire
1747 4808 1853 4848 non

272 4910 448 4974 potest
494 4918 509 4955 :
552 4900 598 4955 si
626 4898 837 4954 nudatis
864 4893 1118 4951 membris
1172 4891 1454 4954 transiret,
1498 4888 1807 4958 frigesceret
1834 4925 1852 4952 ,

270 5003 557 5066 argrotaret
586 5035 601 5059 ,
651 4998 992 5047 moreretur:
1020 4986 1226 5043 accedit
1276 4998 1474 5055 pauper
1515 4978 1856 5036 exercitatior

267 5095 532 5157 corpore;
563 5082 758 5153 trajicit
780 5080 1032 5146 divitem;
1055 5078 1448 5148 eleemosynam
1477 5073 1602 5129 facit
1629 5071 1680 5126 in
1716 5069 1854 5125 divi-

272 5191 402 5236 tem.
429 5177 571 5250 Ergo
596 5175 760 5235 nolite
784 5189 877 5231 eos
898 5181 1101 5229 tantum
1124 5179 1307 5241 putare
1328 5181 1609 5239 pauperes,
1636 5164 1724 5234 qui
1746 5178 1851 5217 non

271 5269 782 5341 habentpecuniam.
806 5266 861 5323 in
882 5280 989 5337 quo
1016 5263 1239 5335 quisque
1267 5275 1467 5333 pauper
1485 5266 1588 5326 est,
1607 5257 1678 5313 ibi
1706 5256 1855 5312 illum

269 5359 424 5425 vide;
456 5360 579 5429 quia
606 5358 743 5415 forte
762 5365 817 5411 tu
846 5356 899 5411 in
924 5370 989 5411 eo
1014 5354 1163 5409 dives
1187 5367 1246 5408 es
1264 5382 1291 5419 ,λ
1312 5350 1365 5406 ἰη
1403 5365 1508 5421 quo
1537 5350 1626 5404 ille
1654 5362 1857 5419 pauper

270 5461 373 5517 est,
395 5458 451 5507 et
467 5450 631 5506 habes
647 5450 786 5505 unde
801 5444 1188 5504 accommodes.
1207 5444 1367 5499 Forte
1393 5440 1631 5499 membra
1653 5448 1741 5495 tua
1763 5453 1855 5494 ac-

269 5542 602 5609 commodas,
625 5551 679 5598 et
702 5542 816 5612 plus
836 5548 1090 5610 estquam
1119 5537 1163 5593 si
1182 5535 1460 5607 pecuniam
1484 5530 1856 5589 accommoda-

270 5650 381 5692 res.
404 5634 643 5689 Consilio
661 5631 880 5704 indiget,
903 5638 957 5685 tu
978 5628 1167 5700 plenus
1186 5642 1246 5684 es
1267 5625 1527 5689 consilio;
1559 5624 1612 5678 in
1632 5622 1856 5679 consilio

269 5726 360 5783 ille
388 5740 611 5798 pauper,
644 5733 699 5779 tu
738 5722 890 5778 dives
917 5736 997 5777 es.
1028 5720 1170 5776 Ecce
1194 5735 1293 5776 nec
1328 5717 1538 5774 laboras
1566 5757 1582 5783 ,
1611 5731 1711 5772 nec
1756 5716 1856 5770 ali-

269 5817 396 5889 quid
416 5816 629 5888 perdis;
648 5816 742 5871 das
758 5812 1055 5878 consilium,
1074 5821 1128 5869 et
1150 5811 1414 5883 pnesitisti
1440 5811 1850 5879 elcemosynam.

1376 358 1770 423 ENARRATIO
1807 356 1873 417 IN
1903 356 2225 422 PSALMUM
2260 365 2472 425 CXXV.

3455 380 3591 440 I666

2008 475 2181 540 Modo,
2210 478 2401 534 fratres
2429 480 2531 535 mei
2549 522 2563 545 ,
2590 496 2710 536 cum
2739 476 3024 551 loquimur,
3054 485 3203 556 quasi
3234 501 3497 559 pauperes
3519 493 3586 549 ad

2003 587 2100 623 nos
2127 574 2253 625 estis
2273 589 2287 637 ;
2311 584 2364 627 et
2393 575 2512 642 quia
2539 575 2691 629 nobis
2716 576 2857 631 Deus
2892 576 3134 647 dignatus
3181 590 3262 636 est
3286 581 3413 638 dare
3442 624 3457 644 .
3486 584 3584 638 da-

2000 677 2122 718 mus
2151 664 2270 718 inde
2291 665 2469 730 vobis;
2502 675 2555 721 et
2581 682 2767 722 omnes
2786 668 2855 722 ab
2880 668 2973 723 illo
2997 671 3304 739 accipimus,
3328 675 3414 742 qui
3437 677 3584 732 solus

2000 764 2083 810 est
2107 756 2274 811 dives.
2325 757 2414 813 Sic
2442 774 2501 813 se
2524 774 2650 829 ergo
2677 768 2823 815 tenet
2848 776 3040 831 corpus
3071 762 3266 819 Christi
3292 806 3307 831 ,
3341 768 3580 823 membra

1998 847 2141 901 socia
2171 847 2249 901 sic
2290 849 2697 920 compinguntur
2725 859 2779 906 et
2822 851 3120 906 adunantur
3146 856 3196 908 in
3226 855 3482 912 charitate
3525 868 3581 913 et

1997 936 2052 992 in
2082 938 2292 993 vinculo
2320 944 2485 1009 pacis,
2512 956 2632 995 cum
2660 942 2882 1012 quisque
2910 943 2959 998 id
2989 945 3126 1014 quod
3152 946 3329 1013 habet,
3363 960 3579 1015 pra-stat

1996 1028 2043 1083 ei
2065 1030 2153 1100 qui
2181 1045 2283 1085 non
2312 1030 2472 1086 habet
2493 1032 2510 1062 ί
2535 1049 2550 1085 :
2581 1031 2632 1085 in
2654 1048 2719 1087 eo
2738 1033 2876 1103 quod
2907 1034 3100 1101 habet,
3119 1036 3268 1092 dives
3293 1049 3401 1099 est;
3434 1040 3484 1094 in
3511 1057 3575 1097 eo

1993 1121 2135 1191 quod
2162 1121 2250 1176 ille
2279 1138 2383 1176 non
2410 1123 2589 1189 habet,
2620 1139 2822 1195 pauper
2848 1134 2950 1180 est.
2984 1125 3073 1181 Sic
3095 1142 3191 1181 vos
3216 1129 3446 1198 diligite,
3496 1134 3575 1189 sic

1992 1229 2088 1270 vos
2124 1224 2315 1271 amate.
2349 1215 2519 1271 Nolite
2546 1217 2611 1270 ad
2637 1233 2730 1273 vos
2760 1218 2904 1273 solos
2932 1220 3242 1287 attendere;
3274 1222 3366 1276 sed
3401 1233 3573 1279 atten-

1990 1305 2100 1362 dite
2152 1307 2448 1378 indigentes
2490 1309 2630 1364 circa
2659 1325 2771 1364 vos.
2805 1311 2908 1367 Sed
2934 1313 3053 1382 quia
3081 1329 3201 1368 cum
3230 1315 3496 1372 laboribus
3521 1329 3575 1374 et

1989 1399 2241 1454 aerumnis
2270 1400 2401 1455 liunt
2425 1401 2521 1456 ista
2549 1402 2599 1455 in
2629 1402 2725 1457 ista
2756 1403 2861 1458 vita
2881 1445 2897 1470 ,
2930 1405 3093 1460 nolite
3130 1406 3375 1462 deficere.
3413 1409 3465 1463 In
3493 1410 3572 1464 la-

1988 1493 2187 1563 crymis
2212 1494 2506 1562 seminatis,
2532 1495 2581 1548 iu
2599 1494 2793 1565 gaudio
2819 1499 3047 1552 metetis.
3077 1498 3212 1565 Quid
3250 1502 3390 1555 enim
3417 1544 3431 1567 ,
3462 1503 3571 1557 fra-

1988 1590 2097 1638 tres
2126 1584 2267 1637 mei?
2293 1583 2410 1654 Ipse
2435 1585 2665 1655 agricola
2695 1587 2906 1656 quando
2950 1590 3187 1657 procedit
3214 1607 3333 1646 cum
3361 1604 3565 1659 aratro,

1987 1685 2042 1730 et
2071 1686 2245 1745 portat
2270 1692 2475 1744 semen,
2506 1694 2681 1734 nonne
2708 1680 2991 1748 aliquando
3019 1682 3234 1752 frigidus
3256 1695 3564 1755 estventus,

1985 1778 2039 1821 et
2068 1768 2237 1823 imber
2258 1769 2524 1825 deterret?
2554 1772 2793 1827 Attendit
2818 1773 3011 1828 caelum
3031 1816 3046 1839 ,
3078 1775 3219 1830 videt
3251 1778 3421 1845 triste,
3455 1790 3567 1836 tre-

1983 1858 2081 1939 mit
2132 1861 2323 1931 frigore
2347 1902 2360 1926 ,
2392 1872 2447 1915 et
2487 1870 2659 1916 tamen
2706 1862 2941 1931 proced.t
2967 1905 2981 1930 ,
3023 1872 3076 1918 et
3122 1867 3367 1921 seminat.
3395 1868 3567 1925 Timet

1981 1950 2123 2006 enim
2167 1967 2233 2007 ne
2269 1967 2388 2006 cum
2422 1950 2623 2006 tristem
2643 1952 2782 2007 diem
2809 1952 3031 2007 attendit
3055 1963 3110 2009 et
3129 1966 3398 2026 exspectat
3422 1957 3565 2014 diem

1980 2043 2183 2110 laetum,
2217 2053 2425 2113 tempus
2452 2054 2705 2110 transeat,
2732 2057 2785 2101 et
2814 2062 2921 2101 non
2942 2047 3174 2103 inveniat
3203 2051 3346 2121 quod
3377 2064 3560 2110 meiat.

1977 2133 2151 2190 Nolite
2180 2135 2395 2190 differre
2420 2178 2434 2201 ,
2465 2136 2655 2192 fratres
2684 2136 2789 2192 mei
2814 2154 2829 2202 ;
2863 2139 3123 2195 seminate
3153 2142 3205 2195 in
3233 2142 3404 2198 hieme
3426 2185 3440 2209 ,
3472 2161 3562 2201 se-

1978 2223 2176 2279 minate
2202 2225 2336 2279 bona
2367 2240 2529 2294 opera
2560 2234 2756 2281 etcum
2784 2227 3034 2297 ploratis;
3058 2230 3178 2300 quia
3204 2232 3291 2302 qui
3313 2235 3562 2289 seminam

1975 2314 2028 2368 in
2058 2315 2293 2385 lacrymis
2321 2358 2336 2383 ,
2369 2317 2423 2370 in
2471 2317 2658 2387 gaudio
2700 2327 2899 2372 metent.
2948 2319 3159 2376 Mittunt
3197 2324 3401 2379 semina
3426 2338 3518 2379 sua
3541 2366 3558 2393 ,

1975 2402 2169 2459 bonam
2199 2406 2520 2460 voluntatem
2552 2417 2606 2462 et
2629 2407 2766 2463 bona
2794 2424 2976 2478 opera.

2046 2497 2133 2553 ﬂ.
2162 2497 2329 2570 [vers.
2362 2497 2453 2572 6.]
2484 2498 2673 2555 Euntes
2700 2501 2858 2569 ibant,
2890 2512 2937 2558 et
2956 2503 3143 2573 ﬂebant
3163 2547 3176 2567 ,
3205 2508 3452 2563 mittentes
3474 2527 3555 2565 se-

1970 2592 2109 2646 ntina
2135 2609 2248 2648 sua.
2279 2592 2453 2658 Quare
2496 2592 2729 2648 flebant?
2755 2594 2883 2662 Quia
2915 2595 3053 2651 inter
3096 2597 3321 2653 miseros
3368 2610 3553 2668 erant,

1970 2690 2026 2737 et
2050 2682 2227 2737 miseri
2253 2692 2422 2737 erant.
2455 2682 2640 2739 Melius
2665 2693 2766 2747 est,
2795 2684 2983 2741 fratres
3009 2688 3113 2741 mei
3138 2727 3152 2752 ,
3186 2698 3241 2743 ut
3269 2691 3442 2746 nullus
3487 2694 3556 2747 sit

1970 2772 2153 2839 miser,
2176 2789 2333 2843 quam
2374 2782 2431 2828 ut
2456 2782 2511 2829 tu
2545 2774 2707 2830 facias
2733 2776 3172 2832 misericordiam.
3199 2780 3299 2847 Qui
3330 2783 3471 2837 enim
3498 2793 3556 2838 ut

1967 2861 2126 2918 faciat
2139 2864 2554 2919 misericordiam
2583 2875 2731 2936 optat
2749 2882 2868 2922 esse
2889 2868 3135 2933 miseros,
3161 2870 3429 2926 crudelem
3456 2873 3552 2927 ha-

1967 2951 2057 3007 bet
2081 2954 2499 3009 misericordiam
2540 2972 2553 3008 :
2584 2955 2852 3025 quomodo
2881 2958 2924 3011 si
2954 2958 3191 3015 medicus
3234 2969 3292 3014 ut
3331 2977 3551 3019 exerce-

1967 3051 2051 3097 ret
2070 3051 2239 3097 artem
2269 3058 2441 3107 suam,
2472 3053 2682 3114 optaret
2703 3060 2824 3101 esse
2849 3047 3048 3102 multos
3076 3057 3325 3119 aegrotos,
3355 3051 3551 3107 crude-

1964 3132 2030 3189 lis
2075 3135 2336 3190 medicina
2381 3144 2542 3191 esset.
2592 3136 2778 3191 Melius
2821 3147 2902 3192 est
2944 3147 2997 3193 ut
3043 3153 3231 3195 omnes
3260 3142 3373 3195 sani
3409 3142 3546 3208 sint;

1964 3241 2122 3297 quam
2154 3236 2211 3281 ut
2236 3236 2548 3283 exerceatur
2590 3242 2679 3283 ars
2731 3228 2942 3284 medici.
2999 3230 3184 3286 Melius
3227 3242 3308 3287 est
3336 3249 3462 3303 ergo
3493 3243 3551 3288 ut

1962 3332 2150 3374 omnes
2176 3318 2314 3373 beati
2336 3329 2559 3389 regnent
2580 3319 2632 3373 in
2655 3319 2740 3374 illa
2762 3319 2952 3390 patria,
2975 3336 3134 3391 quam
3159 3330 3213 3376 ut
3236 3322 3341 3375 sint
3358 3322 3548 3391 quibus

1961 3410 2298 3479 impendatur
2317 3409 2698 3467 misericordia.
2717 3410 2918 3467 Tamen
2934 3411 3187 3482 quamdiu
3213 3422 3337 3467 sunt
3357 3413 3547 3483 quibus

1959 3502 2297 3575 impendatur
2320 3545 2335 3570 ,
2366 3519 2469 3560 non
2496 3504 2806 3560 deficiamus
2830 3505 2882 3559 in
2923 3506 3023 3559 ista
3052 3520 3287 3560 aerumna
3334 3508 3547 3563 mittere

1959 3596 2184 3652 semina.
2213 3595 2326 3651 Etsi
2349 3611 2471 3651 cum
2500 3596 2627 3652 fletu
2672 3596 2995 3653 seminamus
3025 3638 3041 3663 ,
3070 3606 3246 3653 tamen
3274 3612 3394 3652 eum
3419 3612 3549 3668 gau-

1958 3687 2049 3743 dio
2068 3697 2350 3744 metemus.
2382 3687 2439 3744 In
2486 3688 2576 3743 illa
2615 3689 2756 3744 enim
2796 3689 3189 3745 resurrectione
3217 3698 3546 3745 mortuorum

1958 3781 2181 3850 recipiet
2207 3781 2431 3851 quisque
2476 3781 2773 3850 manipulos
2796 3795 2923 3835 suos
2946 3822 2962 3848 ,
2992 3781 3043 3835 id
3072 3790 3155 3836 est
3178 3780 3407 3836 fructum
3455 3797 3546 3836 se-

1958 3870 2138 3936 minis,
2168 3886 2418 3925 coronam
2448 3870 2758 3940 gaudiorum
2776 3880 2830 3925 et
2854 3870 3244 3925 exsultationis.
3268 3871 3417 3926 Tunc
3442 3872 3545 3927 erit

1958 3961 2257 4030 triumphus
2284 3961 2571 4016 lcetantium
2598 4001 2612 4024 ,
2656 3969 2711 4015 et
2748 3961 2848 4029 ipsi
2874 3960 3028 4014 morti
3059 3961 3418 4016 insultantium
3442 4002 3457 4026 ,
3488 3964 3542 4019 in

1957 4070 2060 4126 qua
2087 4054 2399 4124 gemebatur
2429 4071 2441 4106 :
2468 4062 2593 4108 tunc
2645 4052 2825 4108 dicent
2865 4054 3056 4118 morti,
3090 4052 3187 4108 Ubi
3226 4064 3325 4119 est,
3372 4072 3540 4125 mors,

1957 4146 2206 4201 contentio
2234 4155 2318 4200 tua
2340 4146 2365 4198 ἱ)
2394 4144 2491 4200 Ubi
2515 4154 2607 4210 est,
2639 4160 2794 4208 mors,
2816 4144 3019 4198 aculeus
3056 4156 3167 4197 tuus
3195 4145 3214 4216 (
3240 4144 3260 4199 Ι
3285 4144 3403 4201 Cor.
3440 4161 3539 4215 xv,

1957 4239 2027 4295 55
2053 4240 2109 4306 η
2144 4236 2249 4292 sed
2279 4249 2443 4307 quare
2459 4235 2569 4305 jam
2593 4235 2819 4306 gaudent
2838 4235 3007 4304 ?Quia
3037 4244 3237 4305 portant
3259 4237 3543 4307 manipulos

1955 4346 2094 4384 suos.
2119 4327 2250 4396 Quia
2274 4338 2444 4382 euntes
2460 4327 2617 4393 ibant,
2643 4337 2690 4381 et
2704 4327 2909 4397 ﬂebant,
2942 4329 3187 4383 mittentes
3215 4330 3406 4385 semina
3425 4348 3539 4386 sua.

1956 4420 2132 4489 Quare
2156 4460 2172 4487 ,
2203 4418 2449 4473 mittentes
2467 4419 2657 4472 semina
2684 4434 2774 4471 sua
2791 4419 2817 4472 7
2842 4418 2974 4486 Quia
2999 4419 3086 4490 qui
3112 4421 3358 4476 seminant
3387 4421 3439 4476 in
3459 4423 3543 4476 la-

1955 4512 2159 4582 crymis,
2189 4511 2242 4564 in
2271 4509 2458 4581 gaudio
2486 4518 2687 4564 metent.

2030 4601 2117 4656 15.
2158 4600 2264 4655 Isto
2286 4600 2489 4670 psalmo
2504 4600 2775 4656 exhortati
2799 4615 2893 4656 vos
2922 4598 3178 4658 fuerimus
3205 4603 3437 4659 maxime
3472 4604 3541 4659 ad

1956 4690 2249 4747 faciendam
2296 4691 2753 4757 misericordiam,
2803 4693 2923 4762 quia
2974 4692 3098 4748 hinc
3124 4694 3543 4760 ascenditur;et

1957 4784 2150 4841 videtis
2169 4784 2290 4853 quia
2319 4783 2412 4839 ille
2432 4792 2611 4838 eantat
2630 4784 2893 4840 canticum
2913 4784 3171 4855 graduum
3194 4826 3211 4852 ,
3240 4787 3331 4855 qui
3355 4801 3542 4843 ascen-

1958 4878 2054 4933 dit.
2113 4875 2469 4942 Mementote;
2526 4877 2690 4932 nolite
2741 4890 2919 4930 amare
2964 4874 3295 4932 descendere
3333 4886 3387 4931 et
3432 4892 3539 4933 non

1959 4967 2249 5026 ascendere
2271 5009 2287 5036 ,
2315 4968 2410 5023 sed
2433 4966 2501 5023 de
2525 4968 2835 5023 ascensione
2861 4966 3091 5035 cogitate
3131 4984 3146 5020 :
3174 4967 3296 5037 quia
3325 4967 3414 5037 qui
3440 4967 3539 5023 dc-

1959 5059 2248 5116 sceudebat
2266 5059 2334 5115 ab
2359 5058 2655 5115 Jerusalem
2676 5058 2729 5111 in
2748 5054 2982 5119 Iericho,
3002 5056 3183 5111 incidit
3208 5056 3261 5111 in
3284 5056 3532 5115 latrones.

1959 5154 2075 5209 Non
2102 5152 2454 5210 descenderet
2480 5154 2523 5219 ³,
2552 5160 2605 5205 et
2630 5164 2737 5205 non
2762 5146 3020 5204 incideret
3044 5148 3098 5203 in
3138 5149 3392 5205 latrones.
3423 5150 3539 5207 Jam

1960 5260 2087 5316 ergo
2117 5245 2284 5300 Adam
2310 5241 2621 5308 descendit,
2653 5250 2707 5296 et
2750 5238 2934 5294 incidit
2962 5239 3015 5294 in
3044 5240 3280 5297 latrones
3313 5259 3327 5296 :
3354 5256 3543 5299 omnes

1961 5338 2103 5393 enim
2128 5351 2225 5392 nos
2256 5335 2421 5390 Adam
2446 5346 2650 5388 sumus.
2676 5330 2780 5387 Sed
2812 5330 3017 5385 transiit
3041 5332 3312 5397 sacerdos,
3341 5341 3396 5387 et
3414 5347 3545 5389 con-

1962 5428 2205 5499 tempsit;
2240 5426 2446 5481 transiit
2471 5424 2672 5491 Levita,
2700 5430 2756 5479 et
2780 5424 3136 5495 contempsit;
3163 5424 3285 5495 quia
3311 5423 3425 5480 Lex
3452 5438 3542 5479 sa-

1962 5538 2093 5579 nare
2112 5538 2217 5578 non
2245 5520 2435 5592 potuit.
2464 5518 2695 5574 Transiit
2718 5516 3083 5574 Samaritanus
3104 5518 3318 5589 quidam
3336 5556 3353 5583 ,
3381 5516 3435 5572 id
3462 5525 3545 5573 est

2030 5689 2044 5720 ι
2075 5694 2171 5735 Am.
2198 5690 2270 5733 Er.
2298 5690 2348 5732 et
2370 5680 2595 5744 plerique
2616 5687 2746 5741 Mss,
2762 5692 2872 5730 cum
2904 5677 3104 5743 quisque
3125 5676 3180 5729 id
3199 5676 3328 5741 quod
3347 5681 3544 5740 prastat

1964 5749 2008 5801 ei
2032 5748 2114 5812 qui
2134 5759 2227 5798 non
2247 5744 2405 5815 habet.
2677 5806 2685 5815 _
2721 5805 2729 5813 ι

2030 5804 2140 5859 "Er.
2164 5808 2311 5872 Lugd.
2335 5816 2456 5857 ven.
2476 5815 2603 5861 t.ov.:
2632 5805 2730 5859 Nisi
2751 5804 3077 5863 descenderet,
3095 5814 3206 5861 non,
3232 5811 3325 5852 etc.
3363 5807 3419 5852 at.
