4160 6496
639 367 781 429 1067

637 483 897 541 Dominus
913 487 1096 536 noster
1121 477 1280 538 Iesus
1302 474 1590 532 Christus:
1620 472 1696 529 illi
1724 473 1866 529 enim
1895 473 2092 530 dictum
2115 485 2216 540 est,

638 579 826 634 Nonne
851 560 1018 630 verum
1042 573 1256 626 dicimus
1281 586 1374 624 nos
1392 607 1410 634 ,
1437 569 1553 636 quia
1597 567 1950 622 Samaritanus
1977 585 2026 620 es
2056 578 2109 620 tu
2133 608 2146 631 ,
2175 578 2222 620 et

635 670 940 726 cimonium
964 665 1152 719 habet?
1175 663 1273 718 Ille
1298 677 1403 716 non
1435 660 1570 722 dixit
1593 700 1610 726 ,
1638 659 1753 713 Non
1784 668 1909 718 sunt
1931 659 2220 715 Samarita-

634 776 768 822 nus;
791 758 886 814 sed
917 756 1076 820 dixit,
1110 753 1222 824 Ego
1247 752 1557 810 dictamnum.
1579 768 1679 810 non
1707 751 1864 806 habeo
1891 751 1909 821 (
1925 751 2082 806 Joan.
2103 767 2217 816 vut.

629 853 700 907 48
722 891 739 917 ,
767 849 837 906 49
861 851 903 920 ).
950 848 1245 904 Samarites
1283 846 1435 904 enim
1469 845 1870 913 interpretatur,
1915 842 2128 900 Custos.
2163 843 2218 902 Si

627 945 832 1000 diceret
859 983 875 1005 ,
923 941 1038 997 Non
1089 956 1206 996 sum
1236 937 1644 1004 Samaritanus;
1674 937 1914 1003 diceret,
1955 935 2069 992 Non
2099 951 2218 1000 sum

627 1044 832 1090 custos.
854 1033 1055 1102 thuis
1082 1032 1216 1086 alius
1235 1029 1558 1092 custodiret?
1581 1028 1781 1090 Deinde
1800 1042 2006 1099 ponens
2030 1028 2216 1082 simili-

629 1124 868 1179 tudinem
911 1141 924 1176 :
947 1122 1172 1177 Trmiit
1203 1121 1483 1180 Samarites
1503 1160 1518 1186 ,
1543 1127 1591 1184 et
1618 1119 1735 1188 fecit
1762 1134 1875 1172 cum
1907 1118 1997 1172 illo
2023 1117 2218 1178 miseri,-

628 1213 877 1275 cordiam,
895 1213 1034 1270 sicut
1061 1212 1228 1268 scitis.
1251 1210 1474 1266 iacebat
1492 1219 1668 1268 autem
1697 1209 1750 1263 in
1777 1209 1859 1264 via
1888 1208 2217 1273 vulneratos,

555 1368 559 1370 _
629 1306 752 1375 quia
775 1303 1073 1361 descendit.
1103 1302 1392 1364 Transiens
1421 1301 1785 1358 Samaritanus
1814 1314 1921 1354 non
1951 1314 2046 1354 nos
2085 1313 2216 1356 con-

630 1396 845 1464 tempsit
876 1412 889 1449 :
921 1394 1126 1450 curavit
1153 1409 1284 1459 nos,
1326 1391 1520 1450 levavit
1548 1392 1599 1446 in
1622 1391 1943 1461 jumeutum,
1976 1390 2028 1446 in
2054 1404 2218 1448 carne

628 1500 724 1542 sua
754 1487 808 1550 ¹;
841 1485 1084 1555 perduxit
1127 1484 1196 1547 ad
1243 1483 1510 1542 stabulum
1539 1523 1555 1548 ,
1601 1483 1654 1538 id
1683 1494 1763 1537 est
1789 1481 1856 1538 ad
1888 1481 2213 1546 Ecclesium;

627 1578 1020 1634 commendavit
1047 1578 1334 1634 stabulario
1358 1617 1374 1640 ,
1405 1576 1454 1632 id
1485 1585 1568 1632 est
1589 1576 1878 1646 Apostolo;
1911 1575 2056 1630 dedit
2082 1575 2217 1630 duos

627 1670 872 1726 denarios
899 1669 1038 1725 unde
1053 1680 1348 1730 curaretur.
1366 1668 1678 1726 cbaritatem
1706 1666 1797 1724 Dei
1824 1679 1878 1723 et
1902 1667 2214 1726 charitatem

627 1761 852 1829 proximi
881 1777 894 1812 :
924 1761 976 1814 in
1004 1760 1090 1816 his
1110 1759 1318 1814 duobus
1346 1760 1490 1820 cnim
1519 1760 1795 1828 prmceptis
1821 1767 1926 1815 tota
1953 1758 2062 1814 Lex
2087 1774 2217 1828 pell-

624 1851 716 1905 det
751 1861 805 1906 et
831 1849 1111 1920 PrOpbeta:
1144 1848 1372 1921 (Matth.
1409 1865 1546 1915 χχιι,
1574 1849 1808 1920 57-40).
1845 1848 1992 1906 Dixit
2037 1859 2213 1906 autem

623 1940 914 1995 stabulario
942 1957 956 1994 :
990 1939 1050 1995 Si
1099 1940 1221 2010 quid
1268 1941 1492 2011 amplius
1531 1942 1810 2012 eragaveris
1836 1981 1854 2004 ,
1879 1940 1930 1996 in
1959 1941 2213 2004 redeundo

624 2032 840 2088 reddam
857 2031 991 2102 tibi,(
1017 2030 1144 2088 Luc.
1167 2047 1222 2099 ιι,
1253 2031 1423 2087 50-37
1445 2033 1484 2102 ).
1529 2033 1771 2101 Amplius
1801 2033 2039 2102 erogavit
2064 2035 2211 2102 Apoo

624 2126 830 2186 stolas;
858 2124 982 2194 quia
1009 2139 1133 2178 cum
1160 2124 1406 2182 omnibus
1429 2125 1700 2193 Apostolis
1721 2126 2038 2194 permissum
2065 2135 2211 2184 esset

624 2226 686 2272 ut
703 2217 1006 2285 acciperent
1033 2217 1505 2284 tanquammilites
1533 2216 1728 2271 Christi
1749 2217 2010 2285 stipendia
2034 2233 2063 2271 a
2087 2234 2210 2286 pro-

623 2310 938 2366 vincialibus
963 2310 1180 2373 Christi,
1205 2310 1298 2365 ille
1321 2310 1565 2368 manibus
1589 2310 1699 2366 suis
1725 2311 2002 2374 laboravit.
2036 2321 2090 2368 et
2107 2327 2208 2368 au-

625 2415 792 2456 nonas
838 2415 963 2454 suas
1011 2399 1426 2468 provincialibus
1468 2400 1686 2456 donavit
1741 2400 1802 2473 (1
1829 2403 1946 2457 Cor.
1980 2419 2052 2469 tv,
2101 2403 2203 2470 12;

621 2491 836 2548 lT/tess.
855 2507 915 2557 ιι,
929 2492 984 2558 Ἰ,
1006 2491 1040 2547 9
1054 2508 1069 2552 ;
1083 2501 1128 2546 et
1145 2490 1186 2544 ll
1211 2489 1384 2548 Thess.
1411 2508 1490 2557 ιιι,
1507 2491 1561 2555 8,
1580 2494 1660 2561 9).
1681 2491 1872 2548 Omnia
1893 2493 2025 2548 facta
2043 2504 2200 2552 sunt:

618 2587 666 2648 si
709 2586 1080 2644 descendimus
1111 2625 1126 2650 ,
1152 2595 1208 2644 et
1247 2586 1508 2644 vulnerati
1557 2601 1775 2654 sumus;
1814 2587 2201 2659 ascendamus,

619 2691 914 2747 cantemus,
941 2688 999 2736 et
1025 2679 1377 2750 proﬁciamus.
1409 2688 1466 2738 ut
1492 2679 1879 2748 perveniamus.

936 2832 948 2836 ”
1023 2864 1104 2924 IN
1147 2862 1525 2925 PSALMUM
1566 2860 1837 2927 cxxvr

1197 2960 1624 3017 ENABRATIO.

1153 3066 1326 3108 ssan
1354 3067 1422 3106 AD
1447 3065 1672 3108 puum.

689 3169 740 3223 1.
791 3165 813 3240 [
838 3183 965 3222 vers.
1016 3164 1112 3240 1.]
1139 3165 1280 3222 Inter
1307 3165 1484 3220 omnia
1510 3165 1713 3220 cantica
1740 3165 1930 3237 quibus
1952 3175 2039 3223 cst
2069 3169 2197 3223 tituo

615 3259 729 3326 lus,
756 3257 1016 3314 Canticum
1045 3257 1294 3329 graduum
1321 3299 1336 3325 ,
1366 3256 1467 3312 iste
1491 3256 1724 3327 psalmus
1751 3257 1946 3328 aliquid
1972 3261 2198 3329 ampiius

615 3351 669 3408 in
712 3352 865 3406 titulo
907 3355 1115 3421 accepit
1136 3392 1152 3418 ,
1183 3349 1324 3420 quod
1375 3348 1612 3406 additum
1639 3359 1739 3411 est,
1772 3350 2082 3406 Salomonis.
2109 3351 2196 3408 Sic

615 3443 757 3500 enim
787 3449 1147 3512 praenotatur:
1177 3439 1440 3496 Canticum
1473 3441 1724 3512 graduum
1755 3441 2065 3496 Salomonis.
2091 3441 2196 3497 Ita-

613 3547 716 3603 que
767 3532 890 3587 fecit
918 3548 1017 3588 nos
1063 3533 1296 3588 intentos
1324 3532 1624 3587 inusitatior
1665 3531 1851 3586 titulus
1876 3534 2106 3599 caeteris,
2135 3540 2194 3587 ut

611 3639 912 3696 quiaaramus
942 3639 1108 3695 quare
1134 3623 1201 3678 sit
1230 3622 1464 3679 additum
1487 3666 1501 3691 ,
1549 3624 1857 3679 Salomonis.
1905 3623 2035 3678 Nam
2065 3625 2192 3693 quid

610 3717 680 3771 sit
706 3715 966 3770 Canticum
996 3714 1250 3786 graduum
1270 3756 1286 3781 ,
1319 3730 1424 3770 non
1470 3728 1603 3784 opus
1629 3723 1720 3770 est
1741 3729 1882 3783 saepe
1907 3724 2188 3784 repetere;

611 3808 760 3880 plura
798 3807 941 3864 enim
977 3808 1116 3864 dicta
1143 3816 1266 3862 sunt
1296 3808 1449 3875 hinc,
1481 3809 1602 3877 quia
1628 3815 1807 3862 cantat
1853 3807 2191 3864 ascendentis

609 3913 707 3954 vox
737 3900 788 3954 in
816 3900 1007 3954 aﬁ'ectu
1038 3899 1248 3970 pietatis
1268 3909 1320 3953 et
1345 3898 1620 3954 charitatis
1640 3899 1705 3953 ad
1733 3899 1875 3953 illam
1905 3913 2188 3970 supernam

607 3989 902 4048 Jerusalem
934 4034 948 4056 ,
979 3991 1062 4048 cui
1115 3990 1442 4060 suspiramus
1467 3990 1716 4060 quamdiu
1768 3992 2186 4061 peregrinamur,

606 4091 660 4135 et
693 4082 780 4135 ubi
822 4082 1115 4136 Imtabitnur
1155 4097 1274 4135 cum
1311 4095 1342 4134 a
1388 4081 1813 4152 peregrinatione
1849 4081 2184 4138 redierimus.

608 4171 862 4226 Ascendit
908 4171 974 4225 ad
1030 4172 1164 4226 hanc
1213 4173 1386 4227 omnis
1414 4172 1504 4242 qui
1544 4172 1785 4242 proﬁcit;
1813 4172 1956 4227 cadit
1992 4172 2062 4226 ab
2089 4172 2189 4230 hac

607 4263 779 4314 omnis
805 4262 889 4330 qui
917 4260 1114 4318 deﬁcit.
1144 4260 1255 4318 Nec
1275 4262 1500 4333 pedibus
1519 4254 1812 4318 ascendere
1826 4276 2056 4333 quiet-as,
2089 4277 2188 4318 nec

608 4352 829 4421 pedibus
857 4361 906 4407 te
933 4352 1256 4408 descendere
1282 4363 1434 4424 putes
1466 4371 1478 4408 :
1507 4355 1738 4409 amando
1765 4355 1928 4409 Deum
1956 4394 1971 4418 ,
2001 4365 2187 4410 asceis-

605 4444 722 4508 dis;
751 4443 976 4500 amando
1000 4447 1274 4513 srcculum,
1322 4447 1488 4501 cadis.
1529 4445 1666 4502 Sunt
1693 4461 1820 4518 ergo
1861 4448 2185 4506 istacanticl

606 4538 913 4605 amantium,
940 4538 1168 4608 quodam
1197 4548 1380 4594 sancto
1405 4538 1673 4595 desiderio
1699 4541 2055 4609 ﬂagrantium.
2081 4542 2185 4596 Are

604 4627 731 4683 dent
754 4628 840 4700 qui
867 4629 965 4683 ista
995 4639 1211 4684 cantant
1238 4644 1304 4684 ex
1332 4629 1514 4694 corde,
1543 4644 1770 4699 quorum
1793 4631 1954 4686 etiam
1978 4647 2071 4686 cor
2089 4647 2182 4686 ar-

602 4721 734 4776 dens
761 4722 1026 4777 invenitur
1051 4722 1101 4776 in
1129 4722 1385 4787 moribus,
1415 4723 1468 4777 in
1495 4723 1630 4778 bona
1659 4725 2064 4780 conversatione
2086 4767 2100 4792 ,
2130 4727 2182 4780 in

600 4814 850 4884 operibus
877 4812 1170 4870 secundum
1199 4821 1460 4884 praecepta
1489 4815 1607 4884 Dei,
1637 4817 1689 4872 in
1718 4827 2024 4889 contemptu
2047 4828 2178 4874 tem-

604 4906 882 4976 poralium,
915 4906 967 4959 in
997 4905 1254 4962 charitate
1279 4914 1619 4962 teter-norum.
1665 4909 1772 4965 Sed
1801 4925 1965 4980 quare
1989 4911 2060 4966 sit
2091 4910 2185 4966 ad-

599 4998 768 5053 ditum
790 5039 804 5064 ,
836 4995 1162 5065 Salomonis,
1191 5005 1445 5069 quantum
1499 4999 1835 5070 inspiraverit
1881 5001 2136 5057 Dominus
2162 5041 2178 5068 ,

599 5089 773 5145 dicam
805 5088 1062 5146 Charitati
1085 5099 1295 5147 vestrm.

665 5179 722 5234 2.
763 5180 1012 5236 Salomon
1041 5191 1155 5237 erat
1175 5190 1415 5252 tempore
1435 5197 1532 5238 suo
1560 5182 1699 5238 ﬁlius
1728 5181 1888 5238 David
1914 5225 1929 5248 ,
1960 5199 2183 5254 magnus

601 5268 709 5333 ille,
744 5286 838 5339 per
861 5287 1017 5342 quem
1041 5272 1204 5328 multa
1233 5282 1413 5330 sancta
1439 5284 1702 5345 prtecepta
1731 5285 1786 5330 et
1807 5273 2038 5330 salubria
2068 5291 2184 5330 mo-

600 5360 706 5416 uita
732 5371 785 5416 et
812 5362 987 5418 divina
1013 5375 1341 5420 sacramenta
1379 5365 1609 5437 Spiritus
1638 5373 1851 5422 sanctus
1891 5367 1944 5421 in
1991 5367 2182 5424 divinis

598 5452 816 5510 Litteris
829 5465 1076 5524 operatus
1095 5466 1197 5514 est.
1211 5456 1341 5513 Nam
1361 5459 1474 5529 ipse
1487 5458 1738 5515 Salomon
1753 5460 2033 5514 mulierum
2045 5475 2182 5514 ama-

601 5554 686 5601 tor
699 5544 815 5611 fuit,
838 5555 891 5601 et
906 5547 1216 5618 reprobatus
1232 5558 1353 5604 esta
1375 5549 1482 5604 Deo
1509 5567 1523 5603 :
1555 5561 1607 5604 et
1627 5567 1794 5622 usque
1813 5551 1947 5607 adeo
1962 5552 2182 5622 laqueus

599 5637 671 5694 illi
691 5637 794 5695 fuit
814 5639 902 5696 illa
924 5641 1203 5711 cupiditas,
1235 5649 1295 5696 ut
1321 5657 1350 5696 a
1377 5642 1685 5699 mulieribus
1714 5645 1873 5699 etiam
1905 5645 2058 5701 idolis
2084 5660 2174 5701 sa-

599 5729 836 5787 criﬁcare
859 5743 1156 5804 cogeretur,
1196 5733 1335 5789 sicut
1357 5733 1426 5790 de
1453 5735 1545 5791 illo
1591 5735 1863 5809 Scriptura
1909 5739 2058 5798 testis
2100 5749 2180 5798 est

665 5863 679 5894 ⁸
703 5863 774 5916 Sic
795 5871 891 5915 Am.
918 5871 991 5919 Er.
1033 5874 1085 5919 et
1106 5875 1211 5920 Mss.
1238 5875 1292 5922 At
1311 5875 1439 5934 Lov.,
1466 5869 1520 5922 id
1543 5877 1610 5923 est
1634 5870 1683 5924 in
1706 5886 1899 5927 carnem
1924 5891 2080 5929 smmz.

1884 362 1944 426 S.
1985 358 2361 426 AUGUSTINL
2392 354 2692 426 EPISCOPI
2769 407 2772 410 .

2339 471 2443 542 (111
2492 472 2620 541 Reg.
2670 469 2786 545 in),
2809 469 2914 540 Sed
2963 471 3010 525 si
3057 471 3148 527 illo
3193 472 3453 544 cadente,
3482 493 3591 549 quae
3615 495 3700 552 per
3731 486 3847 546 mum

2329 566 2466 618 dicta
2497 575 2639 630 sunt,
2667 564 3012 629 delerentur;
3035 563 3357 635 judicaretur
3383 571 3496 640 quia
3526 572 3625 641 ipse
3647 574 3842 648 dixerat,

2331 674 2435 712 non
2460 673 2553 727 per
2580 658 2724 711 illum
2755 656 2892 722 dicta
2933 669 3105 712 erant.
3149 657 3354 729 Optime
3407 664 3554 733 igitur
3593 669 3729 723 etiam
3768 673 3848 731 hoc

2329 749 2815 822 egitmiscricordiu
2842 749 2946 808 Dei.
2956 760 3010 804 et
3029 751 3258 821 Spiritus
3280 753 3408 822 ejus.
3428 765 3482 810 ut
3507 758 3730 829 quidquid
3751 763 3849 821 boui

2328 860 2425 914 per
2440 845 2776 904 Salomonem
2795 843 2992 899 dictum
3016 855 3117 908 est,
3145 845 3253 900 Deo
3278 847 3604 916 tribueretur;
3623 867 3850 922 peccatum

2327 947 2504 992 autem
2536 936 2766 992 hominis
2795 935 3019 994 homini.
3059 937 3195 1010 Quid
3237 938 3425 996 mirum
3467 943 3583 1010 quia
3621 944 3667 998 in
3694 951 3853 1018 popqu

2329 1028 2423 1084 Dei
2450 1027 2642 1098 cecidit
2660 1026 2951 1086 Salomon?
2990 1027 3046 1082 in
3075 1028 3320 1098 paradiso
3349 1047 3452 1086 non
3474 1034 3652 1090 cecidit
3675 1038 3856 1094 Adam?

2325 1118 2442 1175 Non
2467 1119 2660 1174 cecidit
2684 1118 2754 1178 de
2781 1119 2920 1175 coelo
2948 1120 3166 1190 angelus
3185 1163 3200 1188 ,
3229 1129 3284 1176 et
3325 1121 3562 1179 diabolus
3587 1125 3733 1181 factus
3753 1131 3856 1184 est?

2325 1208 2448 1270 Ideo
2488 1209 2743 1276 docemur
2772 1210 2828 1265 in
2854 1211 2999 1265 nullo
3025 1209 3299 1265 hominum
3344 1227 3494 1281 Spem
3534 1230 3646 1272 csse
3688 1234 3857 1287 ponen-

2324 1300 2468 1359 dam.
2497 1300 2628 1367 Quia
2659 1310 2714 1356 et
2743 1302 2843 1356 iste
2869 1300 3128 1356 Salomon.
3147 1301 3508 1358 trdiﬁcaverat
3528 1306 3754 1375 templum
3777 1309 3860 1365 Do-

2324 1393 2468 1462 mino
2499 1391 2626 1465 (1d.
2657 1409 2708 1446 vt
2736 1391 2777 1462 ),
2830 1393 2881 1446 in
2928 1403 3051 1463 typo
3095 1392 3308 1464 quidem
3340 1403 3409 1449 et
3438 1395 3487 1450 in
3528 1396 3677 1466 ﬁgura
3705 1397 3858 1456 futura:

2324 1484 2577 1540 Ecclesia:
2606 1493 2660 1538 et
2702 1485 2944 1555 corporis
2975 1485 3216 1551 Domini;
3247 1485 3388 1541 unde
3434 1486 3560 1542 dicit
3586 1490 3633 1542 in
3661 1489 3858 1560 Evange-

2321 1575 2423 1642 lio,
2457 1574 2649 1632 Solvite
2693 1577 2936 1645 tentplum
2983 1576 3109 1643 hoc,
3141 1577 3268 1630 etin
3321 1578 3487 1631 triduo
3532 1580 3734 1634 excitabo
3759 1583 3860 1637 illud

2327 1665 2503 1737 (Joan.
2536 1683 2593 1731 ll,
2625 1665 2711 1736 19)
2746 1681 2761 1720 :
2789 1667 2908 1735 quia
2936 1682 3062 1737 ergo
3093 1668 3206 1736 ipse
3228 1667 3583 1723 :cdiﬁcaverat
3610 1671 3725 1725 illud
3753 1682 3859 1727 tem-

2321 1758 2489 1829 plum,
2517 1757 2802 1813 ;cdiﬁcavit
2826 1757 2927 1812 sibi
2959 1759 3212 1828 templum
3246 1775 3407 1814 verus
3431 1758 3668 1814 Salomon
3711 1763 3858 1818 Domi-

2320 1866 2422 1908 nus
2466 1859 2648 1906 noster
2693 1849 2848 1905 Jesus
2877 1849 3121 1904 Christus
3151 1892 3166 1914 ,
3212 1866 3373 1906 verus
3413 1851 3667 1920 paciﬁcus.
3694 1853 3858 1910 Nomen

2319 1942 2463 1998 enim
2507 1941 2810 2000 Salomonis
2856 1938 3238 2010 interpretatur
3281 1941 3542 1997 Paciﬁcus
3574 1962 3587 1997 :
3615 1954 3690 1999 est
3719 1958 3859 2002 autem

2317 2033 2408 2090 ille
2432 2047 2591 2090 verus
2617 2013 2887 2102 paciﬁcus,
2915 2031 2981 2087 de
3008 2048 3113 2103 quo
3160 2033 3289 2088 dicit
3324 2036 3614 2105 Apostolus
3639 2078 3652 2102 ,
3680 2036 3781 2106 Ipse
3805 2049 3860 2094 est

2316 2126 2448 2179 enim
2477 2141 2580 2196 pax,
2605 2136 2797 2190 nostra,
2822 2125 2908 2196 qui
2927 2125 3042 2196 fecit
3067 2135 3276 2196 utraque
3298 2143 3479 2183 unum.
3508 2127 3619 2198 Ipse
3639 2138 3710 2184 est
3733 2147 3860 2186 verus

2316 2217 2598 2285 paciﬁcus,
2629 2217 2716 2287 qui
2746 2216 2880 2273 duos
2913 2217 3143 2286 parietes
3166 2234 3196 2272 e
3222 2217 3443 2276 diverso
3469 2220 3722 2276 venientes
3748 2223 3791 2276 in
3816 2239 3859 2278 se

2319 2310 2608 2379 cupulavit,
2634 2309 2827 2379 quibus
2856 2308 3025 2365 facrus
3050 2319 3134 2366 est
3173 2310 3306 2382 lapis
3335 2313 3608 2386 angularis
3630 2357 3642 2379 ,
3671 2318 3858 2372 venienti

2311 2401 2509 2469 populo
2541 2416 2616 2462 ex,
2633 2401 3038 2457 circumcisione
3058 2401 3395 2459 credentium
3420 2445 3435 2470 ,
3464 2415 3516 2461 et
3558 2407 3758 2462 venienti
3785 2424 3858 2476 po-

2312 2491 2437 2559 pulo
2489 2506 2556 2548 ex
2587 2492 2846 2562 praeputio
2889 2491 3136 2548 Gentium
3187 2504 3240 2548 et
3267 2495 3512 2565 ipsorum
3541 2499 3855 2563 credentium;

2308 2581 2436 2644 fecit
2463 2599 2622 2646 unam
2662 2583 2953 2642 Ecclesium
2980 2582 3050 2644 de
3076 2583 3285 2640 duobus
3317 2587 3541 2656 populis
3567 2629 3584 2655 ,
3615 2587 3760 2643 factus
3797 2599 3857 2642 est

2309 2671 2416 2730 illis
2442 2673 2578 2742 lapis
2605 2674 2873 2743 angularis
2911 2674 2930 2744 (
2955 2672 3146 2744 Epltes.
3177 2691 3233 2742 ll,
3269 2676 3445 2731 ιιι-22
3465 2676 3508 2749 ),
3540 2687 3591 2734 et
3619 2679 3724 2734 ideo
3761 2695 3858 2734 vere

2309 2763 2584 2838 paciﬁcus.
2614 2763 2745 2835 Quia
2771 2779 2898 2835 ergo
2927 2765 3015 2822 ille
3039 2781 3197 2822 verus
3218 2765 3481 2823 Salomon
3503 2770 3758 2836 ;Salomon
3784 2787 3856 2825 auo

2308 2863 2414 2914 tem
2464 2855 2553 2910 ille
2581 2857 2720 2909 ﬁlius
2750 2855 2913 2913 David
2955 2855 3021 2912 de
3065 2859 3286 2914 muliere
3330 2859 3629 2917 Betbsabee
3657 2863 3672 2931 (
3699 2862 3853 2933 Illieg.

2303 2963 2403 3016 xu,
2431 2947 2502 3004 ‘24
2523 2947 2566 3019 ),
2589 2965 2684 3004 rex
2712 2949 2872 3004 Israel
2897 2990 2911 3014 ,
2947 2950 3167 3022 ﬁguram
3195 2954 3451 3022 gestabat
3481 2955 3632 3025 hujus
3671 2955 3851 3025 paciﬁci,

2304 3039 2515 3110 quando
2537 3041 2791 3111 templum
2824 3041 3141 3098 mdiﬁcavit:
3171 3043 3291 3100 ideo
3313 3062 3392 3100 ne
3412 3046 3558 3101 iilum
3592 3046 3854 3116 putesSalo-

2303 3146 2517 3196 mortem
2544 3134 2632 3204 qui
2661 3133 2944 3189 aediﬁcavit
2969 3135 3183 3190 domum
3211 3136 3340 3206 Deo,
3379 3139 3540 3193 alium
3569 3139 3852 3195 Salomonem

2304 3221 2401 3278 tibi
2449 3223 2736 3278 ostendens
2781 3223 3052 3296 Scriptura
3092 3227 3168 3281 sic
3196 3227 3368 3297 cmpit
3410 3229 3464 3283 in
3494 3228 3724 3284 Psalmo:
3764 3226 3853 3281 Nisi

2302 3311 2552 3369 Dominus
2597 3314 2923 3382 ludiﬁcaverit
2953 3317 3157 3371 domum
3181 3360 3197 3385 ,
3225 3319 3278 3373 in
3305 3336 3504 3374 vanum
3552 3320 3848 3374 laboraverunt

2299 3405 2606 3474 tedi/icantes
2636 3423 2764 3460 eam.
2797 3407 3052 3464 Dominus
3073 3425 3198 3482 ergo
3226 3409 3467 3468 mdiﬁcat
3493 3412 3695 3467 domum
3721 3452 3734 3473 ,
3773 3411 3852 3465 Do-

2298 3499 2477 3554 minus
2503 3498 2660 3555 Jesus
2681 3498 2922 3564 Christus
2944 3501 3166 3557 aediﬁcat
3190 3501 3420 3560 deruunt
3443 3521 3607 3560 suam.
3629 3505 3850 3561 Laborem

2297 3594 2448 3657 multi
2468 3595 2518 3649 in
2537 3594 2882 3660 :cdilicaudo;
2914 3595 3070 3650 sedsi
3092 3612 3195 3651 non
3229 3597 3318 3654 ille
3349 3599 3606 3664 aediﬁcet,
3628 3600 3674 3652 in
3703 3612 3849 3650 vanum

2298 3685 2646 3742 laboraverunt
2673 3684 2985 3753 ludiﬁcantes
3023 3703 3149 3739 eam.
3206 3687 3305 3753 Qui
3349 3689 3600 3759 suntqui
3652 3689 3849 3742 laborant

2297 3774 2669 3830 mdiﬁcantes?
2695 3775 2892 3830 Omnes
2910 3777 2996 3846 qui
3021 3776 3071 3830 in
3099 3777 3332 3834 Ecclesia
3372 3780 3652 3849 praedicant
3668 3779 3846 3834 verbum

2296 3863 2411 3929 Dei,
2449 3864 2676 3924 ministri
2719 3863 3183 3921 Sacramentorum
3219 3867 3332 3923 Dei.
3361 3870 3566 3926 Omnes
3586 3870 3840 3933 currimus,

2295 3969 2481 4010 omnes
2510 3955 2841 4021 laboramus,
2871 3972 3058 4012 omnes
3089 3958 3423 4016 mdiﬁcamus
3469 3963 3656 4025 modo;
3681 3970 3723 4014 et
3750 3967 3844 4012 ante

2295 4062 2396 4104 nos
2417 4060 2782 4114 cucurrerunt,
2805 4048 3198 4119 laboraverunt,
3216 4053 3351 4105 tudiﬁ
3363 4063 3618 4109 caverunt
3642 4073 3655 4108 :
3679 4053 3756 4107 sed
3771 4051 3845 4104 nisi

2293 4136 2542 4204 Dominus
2570 4138 2893 4207 aediﬁcaverit
2943 4140 3145 4194 domum
3170 4182 3186 4207 ,
3218 4143 3268 4194 in
3296 4158 3492 4197 vanum
3522 4145 3838 4205 laboraverunt,

2291 4231 2599 4298 ludificantes
2634 4247 2764 4283 eum.
2812 4230 2936 4285 Ideo
2982 4232 3237 4301 quosdam
3269 4233 3520 4290 videntes
3547 4251 3694 4290 ruere
3727 4235 3841 4301 Apo-

2290 4321 2433 4389 stoli,
2465 4331 2519 4376 et
2544 4321 2756 4392 proprie
2786 4321 2979 4376 Paulus
3002 4323 3074 4376 ait
3105 4341 3117 4376 :
3149 4322 3268 4377 Dies
3295 4325 3590 4392 observatis,
3621 4336 3662 4380 et
3684 4339 3831 4386 annos,

2290 4421 2336 4468 et
2358 4428 2548 4466 menses
2572 4452 2585 4476 ,
2617 4421 2662 4465 et
2692 4423 2917 4483 (etnpora
2933 4429 2954 4476 ;
2985 4414 3130 4468 timeo
3165 4430 3249 4469 vos
3277 4417 3319 4483 ί,
3355 4435 3420 4471 ne
3442 4419 3573 4488 forte
3597 4418 3695 4473 sine
3717 4428 3839 4468 causa

2291 4501 2618 4556 laboraverim
2646 4503 2698 4556 in
2726 4520 2809 4557 vos
2841 4503 3048 4574 (Colat.
3082 4521 3152 4572 tv,
3199 4507 3286 4574 10,
3322 4509 3381 4563 ll
3416 4510 3460 4581 ).
3491 4511 3620 4577 Quia
3658 4513 3836 4561 noverat

2289 4610 2347 4651 se
2373 4597 2515 4652 intus
2539 4613 2568 4652 a
2597 4597 2817 4652 Domino
2833 4597 3106 4659 aediﬁcari.
3131 4599 3418 4670 plangebat
3442 4602 3591 4669 istos,
3615 4601 3722 4671 quia
3744 4598 3836 4652 sine

2287 4703 2446 4744 causa
2475 4689 2810 4745 laboraverat
2838 4690 2889 4744 in
2920 4691 3018 4747 eis.
3042 4691 3147 4746 Nos
3173 4708 3298 4764 ergo
3320 4695 3588 4765 loquimur
3613 4693 3744 4755 foris,
3765 4689 3835 4743 ille

2288 4781 2513 4837 aediﬁcat
2557 4782 2718 4836 intus.
2749 4781 3031 4850 Quomodo
3061 4783 3287 4839 audiatis
3316 4826 3331 4852 ,
3383 4801 3484 4840 nos
3512 4783 3833 4842 advertimus;

2288 4874 2414 4945 quid
2439 4875 2702 4946 cogitetis,
2731 4876 2821 4931 ille
2847 4876 2994 4931 solus
3022 4877 3168 4938 novit
3193 4878 3281 4948 qui
3303 4878 3647 4950 cogitationes
3663 4883 3834 4929 vestras

2285 4967 2446 5022 videt.
2478 4967 2596 5037 Ipse
2622 4966 2848 5021 aediﬁcat
2868 5009 2882 5034 ,
2913 4969 3025 5038 ipse
3046 4977 3263 5036 monet,
3291 4970 3407 5040 ipse
3436 4977 3618 5034 terret,
3649 4965 3836 5036 ipsein-

2286 5058 2559 5116 tellectum
2583 5057 2778 5129 aperit,
2830 5057 2944 5129 ipse
2975 5058 3042 5114 ad
3073 5059 3229 5116 ﬁdem
3257 5061 3488 5132 applicat
3526 5073 3725 5115 sensum
3757 5067 3836 5106 reo

2286 5163 2454 5211 strum
2481 5171 2495 5208 :
2523 5161 2576 5208 et
2596 5161 2770 5207 tamen
2792 5153 3096 5209 laboramus
3121 5166 3175 5210 et
3200 5169 3297 5211 nos
3333 5164 3584 5226 tanquam
3604 5145 3835 5221 operarii;

2286 5243 2380 5301 sed
2399 5244 2496 5299 nisi
2513 5243 2762 5298 Dominus
2787 5244 3112 5316 wdiﬁcaverit
3139 5235 3361 5315 domum,
3388 5247 3446 5300 in
3470 5261 3651 5301 uanum
3666 5240 3837 5296 labora-

2285 5347 2457 5390 verunt
2482 5335 2790 5405 ludiﬁcantes
2818 5353 2948 5391 earn.

2357 5427 2411 5482 5-
2441 5428 2573 5494 0033.
2605 5437 2781 5482 autem
2809 5427 3000 5488 domus
3039 5428 3152 5495 Dei,
3203 5437 3257 5484 et
3288 5429 3401 5500 ipsa
3436 5427 3638 5482 civitas.
3667 5424 3838 5477 Domus

2285 5520 2427 5578 enim
2456 5519 2569 5589 Dei,
2599 5520 2824 5590 populus
2843 5521 2960 5587 Dei;
2983 5522 3104 5592 quia
3122 5521 3309 5577 domus
3330 5521 3450 5587 Dei,
3481 5517 3722 5589 templum
3741 5508 3836 5565 Dei.

2286 5613 2354 5669 Et
2382 5611 2506 5684 quid
2547 5612 2676 5668 dicit
2701 5613 3030 5686 Apostolus?
3059 5612 3320 5684 Temptant
3369 5611 3508 5665 enint
3534 5608 3624 5662 Dei
3649 5610 3846 5661 sanctum

2289 5792 2382 5905 rh;
2632 5795 2687 5842 At
2708 5788 2820 5841 Edd.
2846 5796 3031 5854 carent,
3051 5803 3131 5844 vos
3155 5803 3173 5843 :
3192 5797 3245 5845 et
3266 5784 3626 5848 intrababent,
3643 5779 3858 5835 tatem:-
