4160 6468
302 310 438 410 166s

300 473 388 528 est,
417 459 556 532 quod
581 458 698 512 estis
722 470 806 510 vos
835 451 878 525 (I
905 450 1025 510 Cor.
1047 467 1125 521 ιιι,
1157 450 1269 523 l7).
1317 449 1515 506 Omnes
1541 457 1718 503 autem
1750 446 1882 503 ﬁde-

297 557 395 620 les,
417 567 540 621 qua:
564 547 858 606 estdomus
888 544 1003 612 Dei,
1054 560 1161 601 non
1201 543 1373 600 solum
1415 543 1505 614 qui
1549 541 1710 597 modo
1737 549 1884 610 sunt,

293 647 391 703 sed
411 635 466 702 et
491 643 580 715 qui
609 649 734 697 ante
753 653 854 696 nos
881 637 1093 694 hiet-unt
1119 645 1173 694 et
1195 635 1305 707 jam
1334 634 1686 702 dormierunt,
1716 641 1771 690 et
1794 631 1885 703 qui

297 749 422 812 post
445 752 543 794 nos
572 734 906 802 fuluri'sun’t,
940 732 1114 790 adhuc
1139 733 1227 804 qui
1249 731 1394 788 nasci
1423 731 1619 786 habent
1645 731 1701 786 in
1723 729 1886 785 rebus

296 832 544 890 humanis
573 845 742 901 usque
775 829 830 884 in
858 829 1018 884 linem
1047 826 1250 895 saeculi,
1292 826 1595 898 congregati
1633 825 1686 880 in
1721 839 1885 878 unum

297 925 483 982 ﬁdeles
506 921 936 989 innumerabiles,
970 919 1065 976 sed
1096 919 1322 976 Domino
1351 918 1636 983 numerati,
1668 917 1736 973 de
1763 917 1885 988 qui-

295 1018 396 1075 bus
445 1015 577 1074 dicit
625 1014 939 1086 Apostolus,
993 1011 1151 1067 Novit
1197 1010 1448 1067 Dominus
1495 1010 1582 1082 qui
1615 1018 1733 1065 sunt
1776 1010 1887 1080 ejus

295 1111 372 1184 (ll
398 1110 540 1167 Tim.
581 1124 640 1175 ιι,
683 1106 815 1181 l9);
863 1121 1028 1179 grana
1054 1105 1144 1161 illa
1172 1120 1293 1177 quae
1316 1104 1477 1160 modo
1503 1113 1724 1176 gemunt
1747 1103 1888 1158 inter

296 1208 495 1280 paleas,
522 1219 640 1278 qua:
668 1217 898 1260 massam
921 1215 1080 1258 unam
1110 1199 1312 1258 factura
1345 1208 1489 1265 sunt,
1519 1199 1732 1271 quando
1759 1212 1886 1253 area

295 1301 350 1355 in
386 1299 494 1354 line
535 1295 695 1352 luerit
733 1294 984 1350 ventilata
1021 1292 1233 1364 (Matth.
1265 1307 1343 1359 ιιι,
1367 1290 1455 1361 l2)
1491 1309 1502 1345 :
1548 1290 1722 1345 omnis
1760 1303 1887 1360 ergo

296 1403 553 1448 numerus
593 1387 829 1444 ﬁdelium
855 1394 1180 1449 sanctorum,
1223 1399 1288 1439 ex
1318 1381 1623 1438 hominibus
1648 1395 1888 1436 commu-

295 1484 580 1540 tandarum
601 1489 664 1536 ut
685 1479 810 1535 fiant
829 1477 1060 1550 aequales
1081 1475 1302 1547 Angelis
1325 1475 1438 1539 Dei,
1461 1473 1693 1545 adiuncti
1726 1474 1886 1528 etiam

296 1578 398 1649 Ipsi
416 1574 659 1646 Angelis,
689 1574 777 1644 qui
804 1571 962 1627 modo
991 1586 1097 1626 non
1121 1569 1547 1641 peregrinantur,
1576 1567 1670 1624 sed
1698 1583 1886 1638 exspe-

296 1676 440 1724 ctant
471 1681 572 1722 nos
597 1663 810 1736 quando
836 1678 864 1718 a
894 1661 1322 1734 peregrinatione
1351 1660 1631 1716 redeamus
1656 1676 1670 1725 ;
1700 1674 1886 1716 omnes

298 1759 454 1816 simul
492 1772 653 1814 unam
681 1757 900 1812 domum
937 1754 1030 1810 Del
1061 1755 1274 1819 faciunt,
1327 1763 1378 1810 et
1404 1768 1563 1808 unam
1595 1753 1884 1808 civitatem.

299 1853 414 1926 ipsa
444 1861 527 1908 est
560 1849 877 1907 Jerusalem.
912 1847 1081 1917 Habet
1109 1845 1359 1903 custodes
1393 1865 1404 1900 :
1434 1846 1700 1918 quomodo
1727 1843 1888 1900 habet

299 1946 641 2010 aediﬁcantes,
670 1942 976 1998 laborantes
1005 1949 1061 1996 ut
1080 1939 1404 2005 :edificetur;
1437 1939 1514 1994 sic
1533 1938 1695 1993 habet
1719 1946 1772 1994 et
1796 1954 1889 1994 cu-
1932 2013 1933 2016 η

299 2039 610 2096 stodientes.
659 2035 795 2092 Nam
844 2035 911 2090 ad
955 2032 1248 2091 custodiam
1299 2033 1532 2104 pertinet
1575 2033 1715 2104 quod
1759 2032 1886 2088 dicit

298 2131 622 2204 Apostolus:
655 2128 825 2184 Timeo
853 2143 916 2183 ne
935 2129 1064 2182 sicut
1088 2141 1290 2197 serpens
1321 2123 1478 2188 Evam
1509 2125 1709 2178 seduxit
1742 2134 1885 2196 astu-

299 2225 370 2279 tia
402 2239 520 2292 sua,
564 2221 637 2278 sic
679 2230 724 2275 et
762 2228 938 2275 vestrte
969 2226 1153 2272 mentes
1180 2224 1572 2288 corrumpantur
1599 2231 1631 2268 a
1662 2216 1891 2269 castitate

300 2331 412 2388 quis
440 2325 514 2371 est
535 2315 588 2369 in
614 2313 813 2369 Christo
843 2311 922 2384 (ll
942 2309 1060 2366 Cor.
1089 2325 1162 2374 xi,
1190 2308 1267 2380 3).
1311 2307 1676 2374 Custodiebat,
1708 2318 1889 2362 cusms

302 2417 416 2465 erat
441 2409 458 2441 ¹
484 2425 498 2476 ;
529 2405 797 2478 vigilabat,
841 2413 1094 2474 quantum
1123 2409 1348 2473 poterat,
1395 2416 1556 2470 super
1583 2416 1677 2457 eos
1697 2400 1890 2472 quibus

301 2507 544 2570 praeerat.
579 2496 645 2552 Et
664 2495 900 2568 episcopi
925 2495 1025 2550 hoc
1053 2493 1269 2548 faciunt.
1299 2491 1428 2547 Nam
1463 2491 1586 2548 ideo
1619 2492 1776 2548 altior
1804 2492 1888 2548 lo-

299 2606 389 2647 cus
415 2590 623 2662 positus
653 2597 735 2644 est
773 2585 1053 2657 episcopis,
1107 2593 1163 2641 ut
1189 2584 1288 2655 ipsi
1322 2584 1784 2656 superintendant,
1833 2591 1890 2640 et

301 2695 550 2754 tanquam
579 2680 881 2738 custodiant
903 2678 1177 2750 populum.
1209 2676 1342 2732 Nam
1367 2685 1420 2732 et
1443 2692 1617 2747 graece
1641 2676 1781 2746 quod
1802 2675 1887 2730 di-

298 2779 436 2834 citur
475 2776 778 2854 episcopus,
823 2771 925 2828 hoc
948 2772 1111 2827 latine
1137 2770 1534 2839 superiutentor
1562 2768 1884 2838 interpreta-

301 2879 416 2937 tur;
445 2869 567 2940 quia
597 2863 1004 2938 superintendit,
1029 2863 1152 2935 quia
1171 2861 1401 2932 desuper
1422 2861 1584 2915 videt.
1608 2858 1888 2928 Quomodo

300 2965 442 3019 enim
471 2960 685 3015 vinitori
711 2959 866 3014 altior
895 2957 952 3011 lit
972 2956 1122 3011 locus
1151 2953 1217 3010 ad
1234 2953 1636 3010 custodiendam
1653 2953 1884 3017 vineam,

299 3057 374 3111 sic
396 3063 452 3110 et
478 3051 741 3124 episcopis
767 3037 920 3105 altior
944 3049 1094 3104 locus
1120 3045 1290 3102 factus
1317 3055 1418 3101 est.
1460 3043 1528 3099 Et
1558 3043 1623 3100 de
1651 3045 1753 3099 isto
1779 3043 1888 3100 alto

299 3151 417 3206 loco
445 3146 742 3218 periculosa
770 3143 1010 3199 redditur
1050 3141 1202 3203 ratio,
1245 3139 1345 3194 nisi
1392 3153 1457 3193 eo
1485 3138 1644 3194 corde
1683 3147 1888 3192 stemus

297 3239 404 3306 hic,
427 3248 484 3294 ut
504 3236 803 3292 humilitate
819 3233 919 3290 sub
940 3230 1162 3303 pedibus
1179 3229 1370 3285 vestris
1390 3229 1579 3295 simus,
1602 3237 1656 3284 et
1678 3243 1773 3297 pro
1796 3243 1890 3281 vo-

297 3331 378 3388 bis
393 3343 634 3395 oremus,
658 3336 715 3380 ut
734 3325 820 3398 qui
842 3324 988 3380 novit
1009 3332 1217 3378 mentes
1240 3328 1445 3375 vestras
1468 3319 1580 3388 ipse
1601 3319 1884 3374 custodiat.

299 3424 431 3494 Quia
459 3436 560 3478 nos
585 3421 840 3475 intrantes
866 3431 961 3472 vos
983 3424 1036 3470 et
1065 3420 1321 3469 exeuntes
1351 3425 1635 3481 possumus
1665 3409 1846 3466 videre
1870 3427 1885 3476 ;

299 3532 468 3588 usque
492 3515 627 3571 adeo
653 3522 826 3567 autem
857 3525 963 3564 non
992 3507 1232 3563 videmus
1260 3503 1386 3576 quid
1415 3505 1661 3576 cogitetis
1690 3505 1740 3557 in
1764 3519 1887 3559 cor-

301 3609 454 3666 dibus
484 3606 698 3672 vestris,
728 3612 789 3659 ut
817 3617 988 3673 neque
1012 3599 1138 3671 quid
1165 3599 1333 3669 agatis
1352 3598 1402 3651 in
1426 3597 1673 3664 domibus
1697 3598 1888 3653 vestris

300 3705 484 3759 videre
514 3699 803 3771 possimus.
851 3693 1129 3766 Quomodo
1155 3708 1282 3764 ergo
1325 3690 1693 3760 custodimus?
1740 3689 1888 3757 Quo-

303 3795 464 3851 modo
493 3792 736 3846 homines
760 3805 774 3854 ;
803 3795 1054 3858 quantum
1102 3798 1407 3857 possumus,
1450 3790 1705 3851 quantum
1733 3796 1888 3835 acce-

303 3890 495 3959 pimus.
523 3884 589 3939 Et
608 3883 730 3954 quia
759 3895 855 3935 nos
875 3881 1012 3934 sicut
1038 3877 1280 3932 homines
1306 3874 1656 3939 custodimus,
1690 3881 1743 3926 et
1766 3889 1890 3943 per-

303 3983 440 4036 fecte
487 3975 756 4033 custodire
803 3988 907 4028 non
953 3983 1268 4040 possumus,
1331 3967 1450 4021 ideo
1502 3966 1618 4019 sine
1671 3963 1889 4018 custode

301 4067 685 4129 retuane'bitisi
728 4065 896 4121 Absit.
927 4063 1058 4118 Nam
1092 4062 1178 4116 ubi
1205 4070 1286 4115 est
1313 4060 1398 4114 ille
1429 4059 1494 4114 (le
1525 4074 1629 4127 quo
1673 4057 1885 4124 dicitur,

307 4163 421 4218 Nisi
456 4160 701 4215 Dominus
724 4155 1014 4212 custodierit
1041 4154 1308 4216 civitatem,
1353 4150 1405 4214 in
1439 4165 1618 4203 vanum
1648 4149 1890 4201 laboravit

304 4256 387 4323 qui
406 4251 623 4306 custodit
652 4248 800 4302 eam?
830 4246 1155 4300 Laboramus
1185 4243 1236 4296 in
1275 4237 1641 4300 custodiendo,
1671 4237 1764 4292 sed
1795 4253 1888 4292 va-

305 4363 403 4399 nus
432 4354 516 4398 est
542 4341 689 4395 labor
712 4347 913 4401 noster,
962 4335 1062 4389 nisi
1096 4333 1185 4387 ille
1215 4330 1479 4386 custodiat
1507 4330 1594 4399 qui
1623 4328 1766 4383 videt
1796 4343 1889 4382 co-

303 4437 586 4505 gitationes
610 4438 833 4486 vestras.
855 4427 1098 4483 Custodit
1120 4425 1208 4477 ille
1233 4439 1351 4477 eum
1379 4421 1629 4491 vigilatis,
1660 4420 1891 4475 custodit

304 4539 357 4582 et
406 4541 528 4580 cum
577 4519 958 4578 dormieritis'.
1011 4516 1103 4571 Ille
1160 4515 1302 4570 enim
1346 4513 1594 4567 dormivit
1637 4512 1687 4565 in
1732 4527 1891 4566 cruce

304 4618 496 4684 semel,
533 4625 590 4672 et
628 4613 898 4678 surrexit;
934 4611 1043 4680 jam
1083 4624 1188 4663 non
1220 4605 1435 4660 dormit.
1470 4605 1654 4659 Estote
1697 4604 1886 4668 Israel;

304 4709 429 4779 quia
488 4722 592 4762 non
643 4703 860 4769 dormit,
902 4715 1075 4771 neque
1122 4696 1450 4760 dormitabit,
1518 4694 1610 4764 qui
1659 4695 1893 4748 custodit

307 4799 469 4856 Israel
521 4795 691 4870 (Psal.
740 4809 864 4860 cxx,
909 4792 990 4866 4).
1031 4791 1143 4855 Eia,
1193 4789 1401 4854 fratres,
1438 4786 1483 4840 si
1523 4786 1768 4840 volmnus
1794 4786 1892 4841 sub

307 4893 496 4948 umbra
524 4890 730 4945 alarum
751 4886 844 4944 Dei
867 4883 1142 4950 custodiri,
1175 4881 1342 4946 simus
1367 4878 1529 4935 Israel
1547 4879 1589 4934 ⁸.
1649 4879 1894 4934 Custodi-

306 5000 429 5041 mus
455 4983 600 5040 enim
627 4997 722 5038 vos
745 4995 815 5037 ex
837 4977 1014 5035 ofﬁcio
1041 4974 1486 5050 dispensationis;
1516 4973 1609 5028 sed
1639 4973 1892 5028 custodiri

310 5079 562 5132 volumus
584 5075 878 5130 vobiscum.
903 5070 1181 5141 Tanquam
1216 5068 1367 5124 vobis
1393 5075 1635 5138 pastores
1665 5081 1850 5121 sumus
1874 5108 1888 5135 ,

306 5169 402 5226 Sed
431 5169 530 5223 sub
561 5167 654 5222 illo
681 5166 902 5221 Pastore
925 5163 1195 5219 vobiscum
1225 5175 1353 5216 oves
1387 5174 1590 5216 sumus.
1620 5159 1890 5230 Tanquam

312 5261 461 5315 vobis
487 5277 550 5316 ex
593 5259 698 5315 hoc
724 5258 843 5314 loco
879 5256 1126 5313 doctores
1151 5269 1376 5321 sumus;
1417 5253 1508 5309 sed
1541 5253 1640 5308 sub
1669 5254 1758 5309 illo
1789 5269 1892 5310 uno

315 5355 561 5425 Magistro
587 5354 640 5408 in
671 5352 771 5407 hac
799 5351 978 5407 schola
1008 5349 1283 5404 vobiscum
1311 5346 1659 5418 condiscipuli
1688 5363 1888 5402 sumus.

382 5449 435 5503 4.
465 5445 615 5521 [vers.
641 5443 724 5518 2.]
750 5445 807 5501 Si
837 5444 1082 5498 volumus
1105 5442 1359 5498 custodiri
1385 5443 1452 5496 ab
1475 5441 1566 5494 illo
1599 5441 1687 5512 qui
1715 5440 1891 5495 humi-

373 5562 391 5592 ι
411 5558 680 5622 εἰοριὶαιιοι
701 5567 804 5608 Mss.
825 5555 912 5607 Alii
933 5563 1097 5607 autem
1118 5557 1364 5615 omittunt,
1389 5559 1546 5606 custos
1567 5557 1672 5603 erat
1701 5564 1720 5604 :
1750 5554 1886 5618 cujus

309 5619 420 5670 loco
443 5617 552 5670 Edd.
575 5617 778 5679 habent,
801 5626 968 5671 cautus
981 5625 1102 5670 erat.

371 5685 394 5746 ξ
417 5690 492 5746 Er.
517 5684 664 5746 Lugd.
689 5689 962 5746 vetulam,
979 5679 1214 5746 dormitis.
1313 5687 1367 5746 tt.

372 5743 397 5778 ³
415 5741 770 5814 lstbac'verba,
789 5741 1123 5814 simustsrael,
1143 5744 1317 5814 absunt
1331 5743 1394 5790 ab
1414 5749 1515 5814 Αιιι.
1539 5747 1787 5814 et_a.&‘lss.1
1801 5755 1894 5791 nec

309 5819 592 5864 necessum
611 5807 922 5861 videbuntur,
948 5805 988 5853 si
1012 5807 1252 5856 sententia
1291 5803 1514 5866 superior
1552 5804 1610 5866 ad
1635 5803 1680 5866 id
1705 5803 1890 5854 refera-

310 5878 408 5932 tur,
434 5874 560 5934 quod
575 5863 730 5931 paulo
754 5870 874 5919 in'i‘u
896 5868 1164 5928 subjicitur.
1187 5863 1388 5925 scilicet,
1415 5863 1616 5917 humiles
1640 5865 1803 5916 sinus.

1365 327 1762 393 ENARRATIO
1801 335 1865 390 IN
1899 324 2223 394 BALMUM
2262 339 2495 398 CXXVI.

3442 353 3580 428 l670

1999 448 2156 505 Iiatus
2180 459 2261 507 est
2290 462 2504 524 propter
2529 468 2647 522 nos,
2679 462 2732 512 et
2756 451 3016 514 exaltatus
3055 469 3134 517 est
3177 462 3243 518 ad
3273 464 3580 523 custodien-

1990 539 2088 598 dos
2115 559 2232 611 nos,
2279 545 2507 602 humiles
2544 548 2728 604 simus.
2769 549 2937 607 Nemo
2982 553 3080 608 sibi
3115 567 3330 628 arroget
3357 558 3576 630 aliquid.

1990 631 2158 690 Nemo
2210 635 2369 694 habet
2423 639 2621 710 aliquid
2669 641 2815 709 boni,
2883 644 2985 698 nisi
3031 646 3099 702 ab
3151 647 3243 702 illo
3289 654 3571 722 acceperit,

1991 727 2080 798 qui
2129 728 2275 784 solus
2321 730 2491 786 bonus
2534 742 2634 788 est.
2698 733 2798 802 Qui
2847 745 3022 792 autem
3075 738 3174 794 sibi
3222 742 3449 799 voluerit
3493 761 3582 802 ar-

1992 835 2182 891 rogare
2219 825 2566 894 sapientiam,
2613 827 2806 883 stultus
2846 839 2948 886 est.
2990 829 3071 887 Sit
3101 831 3336 902 humilis,
3384 845 3442 893 ut
3485 855 3580 898 ve-

1991 911 2104 966 niat
2125 913 2385 982 sapientia
2413 927 2466 972 et
2494 917 2757 975 illuminet
2787 919 2958 976 illum.
3001 923 3057 979 Si
3088 933 3266 982 autem
3293 937 3580 1001 antequam

1991 1003 2171 1059 veniat
2216 1006 2268 1060 in
2306 1006 2453 1062 illum
2492 1010 2770 1080 sapientia,
2824 1021 2978 1084 putat
3017 1031 3076 1072 se
3100 1032 3219 1073 esse
3249 1021 3580 1091 sapientem;

1991 1105 2115 1150 ante
2145 1097 2317 1154 lucem
2346 1101 2533 1170 surgit,
2585 1112 2638 1158 et
2665 1105 2900 1160 ambulat
2953 1108 3007 1162 in
3048 1111 3300 1167 tenebris.
3350 1113 3418 1169 Et
3454 1116 3581 1186 quid

1992 1187 2140 1242 audit
2179 1189 2232 1244 in
2270 1190 2372 1245 isto
2405 1193 2651 1262 psalmo?
2691 1195 2759 1252 In
2786 1215 2969 1254 vanum
3001 1210 3073 1256 est
3115 1203 3251 1260 vobis
3279 1217 3396 1261 ante
3421 1207 3581 1265 lucem

1991 1296 2214 1353 surgere.
2239 1283 2373 1353 Quid
2402 1295 2510 1352 est,
2541 1285 2607 1342 In
2636 1305 2820 1345 vanum
2864 1303 2936 1347 est
2961 1294 3098 1350 vobis
3138 1309 3255 1352 ante
3278 1299 3439 1355 lucem
3463 1319 3580 1356 sur-

1992 1375 2148 1446 gere?
2175 1375 2229 1431 Si
2277 1379 2506 1448 surgatis
2549 1391 2835 1454 antequam
2877 1397 3058 1459 surgat
3095 1388 3206 1453 lux,
3236 1407 3456 1449 necesse
3499 1404 3583 1452 est

1992 1475 2053 1520 ut
2071 1467 2122 1520 in
2151 1470 2380 1525 vanitate
2404 1475 2742 1540 remaneatis,
2765 1477 2887 1548 quia
2914 1479 2970 1533 in
2994 1481 3228 1537 tenebris
3251 1484 3419 1540 eritis.
3446 1487 3582 1542 Sur-

1992 1559 2129 1613 rexit
2159 1559 2248 1614 qu
2294 1574 2474 1618 nostra
2498 1562 2776 1633 Christus;
2821 1567 3017 1625 bonum
3048 1583 3130 1627 est
3171 1573 3262 1632 tibi
3303 1586 3359 1631 ut
3395 1592 3582 1649 surgas

1992 1658 2110 1720 post
2140 1651 2433 1720 Christum,
2477 1672 2583 1710 non
2621 1674 2808 1731 surgas
2845 1673 2969 1716 ante
2998 1661 3286 1721 Christum.
3336 1667 3437 1736 Qui
3467 1687 3583 1724 sur-

1991 1749 2123 1812 gunt
2151 1753 2275 1800 ante
2303 1744 2620 1804 Christum?
2668 1749 2769 1818 Qui
2800 1767 2858 1807 se
2889 1754 3073 1808 volunt
3096 1772 3407 1827 praeponere
3429 1763 3583 1816 Chri-

1992 1842 2096 1888 sto.
2130 1837 2192 1891 Et
2234 1840 2321 1908 qui
2352 1849 2475 1894 sunt
2503 1840 2594 1916 qui
2639 1856 2699 1898 se
2739 1843 2926 1900 volunt
2971 1862 3289 1917 praeponere
3332 1851 3582 1908 Christo?

1992 1927 2092 1996 Qui
2134 1930 2320 1986 volunt
2366 1931 2455 1988 hic
2500 1935 2698 2002 excelsi
2745 1951 2895 2002 esse,
2939 1939 3026 1993 ubi
3069 1939 3286 1997 humilis
3330 1943 3418 1999 ille
3462 1944 3580 2000 fuit.

1993 2020 2111 2077 Sint
2137 2037 2264 2094 ergo
2291 2023 2378 2081 hic
2409 2025 2659 2094 humiles,
2708 2028 2754 2084 si
2779 2030 2964 2084 volunt
2989 2031 3060 2086 ibi
3094 2047 3214 2088 esse
3248 2036 3465 2104 excelsi,
3498 2037 3583 2093 ubi

1993 2113 2235 2172 Christus
2260 2119 2506 2174 excelsus
2535 2128 2637 2175 est.
2666 2120 2755 2175 Ait
2783 2122 2925 2176 enim
2955 2122 3022 2180 de
3049 2124 3112 2178 iis
3137 2125 3226 2196 qui
3252 2126 3328 2180 illi
3353 2127 3586 2185 adhaese.

1993 2216 2113 2262 rant
2131 2207 2251 2275 ﬁde,
2270 2209 2527 2279 inquibus
2542 2218 2597 2264 et
2614 2225 2712 2266 nos
2727 2227 2931 2280 sumus,
2950 2213 2993 2267 si
3013 2221 3067 2270 et
3093 2229 3192 2269 nos
3208 2217 3258 2270 in
3282 2217 3430 2271 illum
3455 2236 3586 2290 puro

1993 2301 2154 2356 corde
2182 2302 2483 2358 credimus:
2517 2301 2696 2371 Pater,
2726 2304 2915 2376 inquit,
2946 2323 3070 2376 quos
3091 2309 3213 2362 mihi
3233 2308 3443 2377 dedisti,
3473 2314 3583 2368 volo

1993 2401 2047 2446 ut
2090 2393 2172 2445 ubi
2201 2409 2292 2464 ego
2330 2410 2472 2463 sum,
2504 2404 2550 2450 et
2594 2395 2696 2467 ipsi
2726 2395 2825 2450 sint
2858 2413 3053 2452 mecum
3095 2397 3270 2471 (Joan.
3306 2417 3434 2467 xvn,
3467 2404 3581 2477 ﬁl).

1994 2483 2239 2555 Magnum
2290 2485 2512 2554 donum,
2572 2502 2763 2558 magna
2811 2490 3005 2561 gratia,
3064 2507 3252 2564 magna
3280 2497 3582 2566 promissio,

1993 2573 2184 2632 fratres
2213 2578 2316 2632 mei
2341 2579 2354 2632 ε
2389 2579 2458 2634 Ει
2480 2579 2598 2650 quis
2626 2595 2733 2636 non
2762 2582 2876 2650 vult
2922 2597 3041 2638 esse
3068 2598 3188 2639 cum
3218 2584 3452 2658 Christo,
3494 2589 3585 2645 ubi

1994 2678 2075 2724 est
2096 2669 2372 2725 Christus?
2409 2670 2513 2728 Sed
2532 2671 2642 2741 jam
2669 2673 2913 2730 excelsus
2939 2672 3184 2736 Christus
3213 2694 3226 2730 :
3258 2677 3338 2744 vis
3364 2679 3438 2734 ibi
3465 2697 3584 2742 esse

1994 2759 2081 2814 ubi
2127 2771 2208 2818 est
2247 2762 2534 2818 excelsus?
2584 2764 2714 2820 Esto
2744 2765 2980 2835 humilis,
3027 2769 3116 2824 ubi
3155 2779 3211 2824 et
3237 2771 3326 2826 ille
3370 2772 3585 2831 humilis

1994 2853 2110 2909 fuit.
2142 2854 2430 2926 Propterea
2462 2856 2566 2913 illis
2594 2858 2724 2915 dicit
2752 2860 2868 2930 ipsa
2897 2862 2988 2916 lux
3021 2880 3035 2918 :
3065 2860 3188 2918 Non
3211 2873 3282 2919 est
3307 2866 3586 2940 discipulus

1993 2965 2146 3019 super
2192 2950 2510 3020 magistrum,
2570 2969 2658 3006 nec
2705 2970 2875 3022 servus
2922 2972 3076 3026 super
3129 2957 3388 3020 dominum
3438 2978 3585 3019 suum

1998 3039 2208 3112 (Matth.
2238 3058 2291 3108 x,
2310 3041 2426 3114 24).
2451 3043 2549 3112 Qui
2567 3044 2818 3118 volebant
2831 3046 3080 3118 discipuli
3101 3065 3222 3112 esse
3243 3066 3402 3122 super
3422 3057 3588 3126 inagi-

1994 3141 2199 3199 strum;
2231 3141 2284 3188 et
2312 3135 2452 3189 servi
2481 3136 2731 3192 volebant
2756 3153 2875 3194 esse
2905 3155 3066 3211 super
3101 3141 3377 3212 dominum
3404 3161 3584 3218 suum,

1994 3236 2117 3280 ante
2147 3227 2320 3282 lucem
2351 3227 2601 3283 volebant
2626 3245 2880 3298 surgere;
2930 3232 2981 3286 in
3024 3249 3218 3292 vanum
3249 3236 3415 3302 ibant,
3462 3241 3584 3309 quia

1994 3332 2101 3370 non
2130 3330 2246 3386 post
2272 3318 2444 3373 lucem
2473 3319 2637 3375 ibant.
2674 3321 2780 3376 Illis
2802 3338 2929 3396 ergo
2951 3324 3080 3384 dicit
3099 3327 3200 3382 iste
3228 3330 3486 3398 psalmus,
3517 3331 3586 3388 In

1993 3425 2179 3463 vanum
2207 3421 2279 3464 est
2323 3410 2456 3465 vobis
2497 3420 2610 3466 ante
2647 3413 2807 3466 lucem
2833 3432 3057 3486 surgere.
3101 3417 3258 3474 Tales
3301 3432 3452 3475 erant
3493 3423 3586 3482 lilii

1993 3500 2258 3568 Zebedaei,
2286 3503 2376 3574 qui
2401 3513 2682 3572 antequam
2711 3505 3124 3564 humiliarentur
3143 3513 3437 3568 secundum
3468 3530 3586 3584 pas-

1995 3595 2200 3664 sionem
2232 3595 2460 3665 Domini,
2479 3596 2591 3666 jam
2617 3597 2716 3652 sibi
2742 3597 2854 3652 loca
2881 3599 3165 3671 eligebaut,
3193 3603 3279 3658 ubi
3311 3606 3584 3672 sederent,

1995 3704 2131 3744 unus
2159 3688 2224 3743 ad
2267 3689 2564 3755 dexteram,
2607 3689 2742 3745 alter
2785 3691 2852 3745 ad
2879 3693 3192 3750 sinistram:
3241 3706 3365 3752 ante
3412 3699 3582 3754 lucem

1994 3780 2239 3835 volebant
2263 3797 2514 3851 surgere;
2544 3781 2662 3864 ideo
2684 3783 2734 3835 in
2755 3798 2946 3838 vanum
2970 3785 3135 3840 ibant.
3156 3788 3445 3843 Revocavit
3467 3793 3584 3849 illos

1995 3872 2250 3938 Dominus
2272 3874 2334 3927 ad
2359 3873 2732 3936 humilitatem,
2762 3889 2881 3928 cum
2899 3875 3000 3930 hoc
3018 3877 3248 3945 audiret,
3275 3889 3330 3934 et
3349 3882 3420 3934 ait
3445 3883 3581 3938 illis:

1998 3963 2214 4018 Potestis
2235 3965 2398 4018 bibere
2420 3965 2626 4018 calicem
2651 3982 2798 4033 quem
2818 3984 2906 4037 ego
2933 3967 3174 4024 bibitur-us
3211 3987 3321 4024 sum
3349 3971 3460 4038 (Id.
3492 3990 3581 4040 xx,

1993 4054 2082 4117 21,
2099 4052 2208 4123 22).
2239 4056 2344 4123 ligo
2360 4056 2476 4109 veni
2497 4055 2706 4110 humilis
2719 4072 2859 4123 esse,
2883 4067 2936 4111 et
2952 4074 3044 4114 vos
3056 4069 3178 4115 ante
3192 4077 3276 4116 me
3290 4063 3448 4117 vultis
3463 4080 3584 4120 es~e

1995 4147 2226 4202 exet-Isi?
2256 4147 2364 4215 Qua
2397 4163 2495 4218 ego
2522 4164 2607 4214 eo,
2641 4149 2761 4204 illac
2792 4151 3097 4220 sequimini,
3125 4154 3218 4208 ait.
3244 4154 3379 4210 Nam
3413 4158 3458 4214 si
3486 4157 3585 4215 hac

1995 4240 2152 4294 vultis
2175 4240 2270 4306 ire,
2300 4256 2401 4310 qua
2431 4256 2530 4311 ego
2561 4257 2668 4296 non
2691 4257 2776 4309 eo,
2806 4242 2872 4298 In
2898 4260 3082 4298 vanum
3109 4256 3180 4301 est
3204 4249 3340 4305 vobis
3361 4263 3478 4305 ante
3506 4253 3588 4306 lu-

1995 4350 2098 4388 cem
2125 4351 2346 4405 surgere.
2378 4335 2446 4389 Et
2470 4336 2658 4391 Petrus
2683 4345 2806 4392 ante
2830 4338 3000 4394 lucem
3024 4353 3352 4409 surrexerat,
3374 4347 3586 4415 quando

1995 4428 2271 4484 consiliqu
2298 4428 2525 4483 Domino
2551 4428 2680 4485 dare
2706 4430 2940 4500 volebat,
2973 4441 3030 4487 ut
3058 4450 3162 4488 non
3193 4447 3461 4506 pateretur
3491 4457 3586 4510 pro

1998 4520 2168 4574 nobis.
2204 4520 2419 4576 l‘lixerat
2440 4520 2583 4575 enim
2611 4521 2701 4576 ille
2727 4522 2794 4578 de
2823 4524 3068 4593 passione
3092 4540 3205 4586 sua.
3232 4529 3285 4583 in
3317 4546 3420 4600 qua
3447 4533 3583 4587 salvi

1998 4613 2158 4668 futuri
2183 4629 2418 4676 eramus,
2441 4613 2509 4669 de
2536 4614 2649 4684 ipsa
2681 4614 3019 4683 humilitate;
3052 4618 3268 4675 humilis
3286 4621 3426 4676 enim
3462 4639 3583 4692 pas-

1997 4721 2086 4760 sus
2117 4713 2238 4761 est:
2291 4722 2411 4761 cum
2456 4721 2584 4776 ergo
2616 4706 2682 4761 de
2731 4708 2980 4778 passione
3022 4725 3115 4766 sua
3157 4712 3329 4766 futura
3359 4713 3580 4774 diceret.

1997 4798 2210 4868 expavit
2251 4797 2463 4864 Petrus,
2512 4797 2602 4867 qui
2635 4798 2784 4854 illum
2814 4801 2969 4868 paulo
3009 4811 3133 4854 ante
3155 4802 3359 4857 dixerat
3392 4801 3581 4857 Filium

1999 4888 2090 4942 Dei
2117 4903 2130 4952 ;
2165 4887 2340 4942 timuit
2373 4905 2440 4942 ne
2472 4898 2789 4957 tuorcretur,
2833 4899 2887 4943 et
2909 4889 2984 4943 ait
3013 4889 3107 4954 illi,
3140 4890 3279 4944 Absit
3302 4909 3334 4944 a
3364 4902 3429 4957 te,
3472 4891 3581 4946 Do-

1998 4979 2164 5044 mine;
2191 4980 2436 5050 propitius
2466 4989 2567 5035 esto
2603 4981 2689 5035 tibi
2719 4995 2736 5034 :
2780 4997 2881 5034 non
2909 4981 2994 5048 [iet
3026 4981 3182 5035 istud.
3229 4985 3368 5038 Ante
3411 4985 3581 5041 lucem

1997 5070 2209 5127 volebat
2236 5084 2474 5140 surgere,
2508 5080 2560 5126 et
2588 5071 2691 5128 luci
2721 5071 3000 5125 consilium
3029 5070 3179 5127 dare.
3213 5073 3318 5128 Sed
3346 5075 3470 5145 quid
3504 5078 3582 5133 l‘e-

1997 5164 2070 5219 cit
2108 5163 2403 5219 Dominus?
2433 5163 2580 5218 Fecit
2623 5164 2768 5217 illum
2817 5171 2872 5216 ut
2920 5171 3044 5232 post
3085 5163 3256 5220 lucem
3297 5178 3582 5238 surgeret:

1999 5258 2128 5314 Redi
2148 5267 2258 5330 post
2287 5274 2384 5325 me,
2407 5267 2609 5313 satanas
2631 5256 2740 5328 (Id.
2762 5273 2869 5324 xvr,
2897 5256 3108 5329 21-25).
3135 5258 3258 5315 Ideo
3283 5261 3422 5315 enim
3446 5274 3576 5317 sata-

1998 5365 2115 5417 nas,
2142 5351 2264 5420 quia
2285 5359 2407 5404 ante
2430 5349 2598 5403 lucem
2618 5348 2697 5402 vis
2717 5365 2954 5418 surgere.
2987 5348 3118 5404 Redi
3144 5362 3254 5422 post
3277 5370 3374 5420 me,
3403 5363 3460 5408 ut
3489 5371 3587 5425 ego

1999 5443 2318 5513 praecedam,
2352 5451 2406 5497 tu
2432 5441 2672 5511 sequaris
2706 5459 2719 5496 :
2773 5458 2874 5512 qua
2919 5459 3019 5514 ego
3045 5459 3130 5509 eo,
3162 5446 3283 5502 illac
3309 5455 3438 5515 eas;
3483 5464 3586 5504 mm

1998 5550 2098 5604 qua
2129 5544 2184 5590 tu
2207 5533 2287 5587 vis
2318 5534 2416 5598 ire,
2450 5532 2567 5588 illac
2597 5548 2684 5588 me
2712 5533 2844 5588 velis
2871 5533 3088 5592 ducere.

2069 5628 2120 5682 5.
2154 5627 2293 5696 Ergo
2323 5625 2423 5680 illis
2451 5625 2540 5695 qui
2570 5625 2819 5682 volebant
2862 5637 2985 5684 ante
3011 5629 3181 5684 lucem
3208 5644 3426 5700 surgere
3455 5628 3583 5684 dicit

1999 5719 2258 5781 Psalmus,
2316 5716 2382 5772 In
2423 5734 2605 5772 vanum
2644 5731 2715 5775 est
2742 5720 2878 5780 vobis
2917 5729 3034 5776 ante
3071 5720 3232 5776 lucem
3265 5739 3487 5794 surgere.
3521 5725 3585 5777 Ιιῖι

2001 5809 2212 5881 quaudo
2228 5811 2551 5881 surgemus?
2581 5812 2712 5866 Cum
2741 5810 2996 5868 fuerimus
3036 5809 3299 5867 humiliati
3328 5830 3338 5864 :
3385 5812 3586 5886 Surgite
