4160 6434
559 401 698 463 1671

560 526 887 592 posteaquam
906 504 1123 563 sedistis.
1170 494 1439 555 Surrectio
1463 490 1837 549 exaltationetn
1865 481 2146 592 signiﬁcat,

566 574 760 665 sessio'
787 600 1139 657 humilitatem
1183 589 1460 661 signiﬁcat.
1494 584 1628 639 Aliis
1670 580 1800 635 locis
1844 574 2153 643 intelligitur

563 701 733 756 sessio
782 696 835 748 in
887 692 1087 745 honore
1131 680 1422 754 judicandi,
1473 676 1593 730 aliis
1620 673 1753 728 locis
1800 668 2153 724 humilitatem

562 785 815 845 ostendit.
853 775 1133 848 Quomodo
1157 775 1208 829 in
1232 772 1434 826 honore
1454 763 1725 836 judicandi
1751 760 1961 817 sessio?
1989 757 2152 812 Sede-

563 880 676 935 bilis
704 890 855 945 super
880 846 1155 924 duodecim
1188 863 1350 928 sedes,
1382 860 1673 931 judicantes
1708 851 1970 907 duodecim
1999 846 2155 901 tribus

564 967 731 1024 Israel
753 938 962 1037 (Matth.
988 974 1106 1024 tux,
1134 954 1267 1025 28).
1296 948 1641 1021 Quomodoin
1673 946 1827 1014 signo
1842 938 2156 995 humilitatis

561 1032 772 1116 scssio‘l
797 1054 944 1109 Hora
964 1061 1107 1107 sexta
1136 1047 1382 1102 Dominus
1417 1041 1661 1114 fatigatus
1685 1034 1813 1090 sedit
1848 1032 1917 1086 ad
1951 1039 2156 1100 puteum

564 1150 763 1220 (Joon.
807 1162 877 1209 tv,
924 1142 1019 1214 6).
1076 1137 1338 1208 Fatigatio
1391 1128 1639 1195 Domini,
1710 1123 1990 1180 inﬁrmitas
2052 1119 2158 1173 Do-
2201 1144 2209 1150 -

565 1214 693 1299 inini
735 1240 855 1305 fuit,
909 1234 1191 1291 infirmitas
1225 1227 1454 1291 virtutis,
1510 1220 1792 1278 inﬁrmitas
1841 1214 2153 1286 sapientiae:

566 1335 661 1391 sed
705 1334 815 1403 ipsa
841 1304 1141 1391 inﬁrmitas,
1171 1320 1459 1377 humilitas.
1513 1314 1655 1383 Ergo
1682 1311 1727 1367 si
1754 1308 1892 1365 sedit
1915 1323 1982 1362 ex
2012 1304 2157 1361 inﬁr-

567 1402 771 1490 mitate,
794 1424 963 1481 sessio
992 1421 1077 1476 illa
1110 1415 1464 1473 humilitatem
1499 1406 1782 1478 signiﬁcat.
1817 1404 1882 1458 Et
1903 1402 2014 1472 ipsa
2044 1413 2159 1454 ses-

567 1521 649 1574 sio
682 1488 865 1587 ipsius,
899 1513 950 1567 id
978 1522 1059 1566 est
1087 1507 1360 1564 humilitas
1401 1501 1589 1572 ipsius,
1631 1499 1744 1567 ipsa
1772 1508 1872 1548 nos
1898 1490 2025 1547 fecit
2048 1488 2155 1543 sal-

567 1625 662 1665 vos
684 1582 868 1678 ;-quia,
900 1603 1046 1673 Quod
1070 1600 1329 1669 inﬁrmant
1356 1604 1428 1650 est
1451 1593 1564 1656 Dei,
1596 1588 1775 1661 fortius
1794 1594 2041 1654 estquam
2066 1582 2160 1634 ho-

568 1676 755 1755 mines.
783 1695 976 1767 (lCor.
1007 1712 1042 1757 t,
1069 1692 1199 1761 25).
1241 1689 1367 1744 Ideo
1390 1685 1523 1741 dicit
1549 1684 1603 1737 in
1641 1678 1871 1751 quodam
1914 1676 2156 1746 psalmo:

569 1793 807 1855 Domine,
853 1801 907 1842 tu
941 1784 1213 1858 cognovisti
1241 1781 1511 1836 sessionem
1540 1791 1722 1838 nteant,
1765 1782 1811 1826 et
1838 1768 2159 1825 resurrectio-

573 1901 684 1938 nem
729 1897 889 1935 meant
939 1878 1110 1951 (Psal.
1138 1889 1392 1937 cxxxvm,
1432 1870 1525 1941 2);
1577 1866 1630 1922 id
1676 1874 1759 1921 est
1807 1862 2157 1918 humilitatem

570 1990 767 2037 meatu,
791 1981 845 2027 et
871 1970 1243 2027 exaltationcm
1266 1979 1461 2020 meam.
1495 1960 1632 2029 Quid
1658 1973 1785 2029 ergo
1814 1971 1911 2012 vos
1930 1964 2053 2009 ante
2073 1954 2159 2008 lu-

574 2082 691 2123 cem
719 2064 879 2119 vultis
908 2059 1147 2126 exaltari,
1193 2072 1226 2112 ο
1254 2056 1345 2110 lilii
1375 2051 1656 2108 Zebedtei?
1691 2049 1780 2105 Sic
1806 2048 1948 2102 enim
1970 2046 2160 2115 loqua-

572 2174 715 2224 mur,
770 2164 825 2211 et
864 2155 1008 2225 ipsos
1055 2150 1231 2221 potius
1286 2147 1661 2208 nominemus,
1713 2141 1802 2211 qui
1852 2155 1956 2193 non
2007 2136 2161 2192 nobis

573 2249 910 2309 irascuntur;
939 2243 1059 2313 quia
1090 2240 1207 2295 ideo
1237 2238 1303 2293 de
1333 2237 1436 2291 illis
1466 2235 1564 2289 ista
1594 2231 1895 2301 conscripta
1932 2236 2076 2294 sunt,
2104 2235 2163 2281 ut

573 2342 663 2398 alii
689 2346 939 2396 caverent
968 2334 1269 2406 superbiam
1314 2331 1489 2399 inqua
1535 2326 1633 2396 ipsi
1671 2323 1903 2393 correpti
1940 2330 2063 2376 sunt
2092 2321 2108 2351 ί
2141 2357 2159 2375 .

574 2433 710 2503 Quid
736 2446 865 2501 ergo
889 2428 1049 2482 vultis
1074 2436 1189 2479 ante
1216 2425 1377 2478 lucem
1398 2435 1602 2491 surgere
1618 2418 1644 2471 ?
1680 2414 1747 2470 In
1767 2430 1949 2469 vanum
1976 2421 2047 2466 est
2070 2426 2160 2465 vo-

575 2526 671 2580 bis.
701 2520 932 2579 Exaltari
962 2518 1142 2582 vultis,
1172 2523 1456 2583 antequam
1487 2504 1876 2564 humiliemini?
1909 2504 2164 2558 Dominus

575 2614 691 2686 ipse
717 2620 912 2675 vester,
940 2608 1027 2679 qui
1054 2615 1135 2661 est
1164 2606 1252 2660 lux
1278 2610 1477 2664 vestra,
1504 2598 1813 2654 humiliatus
1834 2604 1912 2650 est
1936 2602 1994 2648 ut
2019 2593 2165 2648 exal-

575 2712 797 2759 taretur.
839 2698 1031 2753 Audite
1056 2695 1276 2750 Paulum
1302 2692 1567 2746 dicentem
1597 2706 1611 2743 :
1657 2686 1758 2753 Qui
1782 2703 1897 2740 cum
1922 2686 1973 2738 in
1995 2686 2163 2754 [arma

576 2796 673 2851 Dei
697 2803 841 2858 esset,
882 2808 982 2845 non
1005 2790 1238 2860 rapinam
1263 2786 1533 2839 arbitratus
1559 2792 1631 2837 est
1656 2797 1765 2836 esse
1800 2780 2011 2849 aqualis
2035 2777 2162 2832 Deo.

576 2888 755 2957 Quare
782 2885 855 2940 illi
898 2898 1002 2937 non
1035 2887 1152 2936 erat
1196 2878 1417 2947 rapina?
1449 2875 1580 2943 Quia
1630 2882 1815 2927 natura
1863 2879 1995 2933 erat,
2042 2869 2166 2939 quia

582 2980 685 3035 hoc
709 2980 729 3009 ²
769 2984 922 3031 natus
951 2981 1085 3037 erat,
1128 2980 1185 3024 ut
1210 2976 1352 3024 esset
1381 2965 1599 3036 :equalis
1640 2963 1717 3017 illi
1758 2977 1787 3016 a
1824 2976 1929 3031 quo
1956 2959 2166 3029 genitus

581 3081 684 3128 est.
710 3068 815 3125 Sed
834 3066 960 3139 quid
978 3064 1135 3120 fecit?
1154 3062 1378 3131 Pr0pter
1399 3073 1497 3113 nos
1524 3055 1844 3124 semetipsum
1871 3049 2163 3114 exinanivit,

581 3168 799 3234 formam
818 3157 947 3214 servi
969 3154 1240 3224 accipiens,
1266 3152 1320 3204 in
1339 3147 1669 3204 similitudine
1694 3145 1954 3199 hominum
1976 3145 2165 3213 factus,

581 3232 629 3309 et
652 3252 825 3306 habitu
853 3250 1080 3303 inventus
1108 3253 1165 3299 ut
1205 3243 1373 3297 homo.
1422 3237 1723 3292 Humiliavit
1751 3236 2067 3305 semetipsum
2087 3232 2170 3302 fa-

580 3354 690 3400 ctus
728 3340 962 3397 obediens
998 3351 1153 3406 usque
1179 3333 1245 3387 ad
1280 3340 1511 3397 mortem,
1557 3338 1765 3382 mortem
1792 3335 1959 3379 autem
1983 3322 2165 3378 crucis.

583 3436 710 3493 Hzec
764 3443 848 3488 est
896 3430 1065 3485 sessio
1108 3428 1293 3499 ipsius.
1352 3422 1456 3479 Sed
1500 3420 1621 3474 audi
1678 3417 2165 3474 resurrectionem:

590 3530 807 3598 Pr0pter
831 3521 966 3594 quod
991 3530 1037 3574 et
1068 3518 1202 3573 Deus
1222 3516 1367 3570 illunt
1392 3512 1648 3572 exultavit,
1678 3519 1721 3564 et
1742 3509 1943 3562 donavit
1968 3506 2043 3560 illi
2074 3521 2169 3559 no-

590 3638 701 3675 men
738 3616 870 3688 quod
909 3624 980 3668 cst
1009 3627 1159 3681 super
1192 3624 1339 3662 omne
1376 3622 1553 3659 nomen
1603 3603 1855 3671 (Philipp.
1901 3616 1935 3653 ll
1960 3641 1975 3663 ,
2022 3597 2167 3669 6-9).

589 3713 707 3768 .lam
764 3724 861 3764 vos
910 3705 974 3760 ad
1024 3703 1149 3758 illud
1201 3714 1392 3756 nomen
1449 3695 1743 3758 festinatis;
1799 3692 2005 3763 surgite,
2077 3688 2171 3745 sed

595 3796 1147 3871 posteaqnantsedistis.
1173 3793 1403 3862 Surgere
1430 3788 1607 3850 vultis,
1638 3785 1729 3840 sed
1754 3784 1924 3853 primo
1952 3781 2169 3838 sedete:

588 3906 642 3950 ct
670 3906 891 3963 surgens
932 3888 999 3943 ab
1030 3885 1341 3943 humilitate,
1387 3878 1631 3951 pervenis
1659 3877 1997 3963 ad'regnum.
2042 3872 2172 3926 Nam

590 3992 634 4045 si
678 3985 915 4058 pra‘ripis
940 3995 1184 4051 regnum,
1216 3977 1361 4032 cadis
1399 3990 1427 4027 a
1459 3987 1623 4042 regno
1650 3952 1934 4039 antequam
1965 3982 2170 4038 surgas.

595 4079 812 4134 Potestis
842 4075 1025 4137 bibere,
1050 4069 1238 4140 inquit,
1265 4066 1468 4120 calicem
1484 4079 1632 4134 quem
1656 4078 1745 4132 ego
1767 4061 2009 4114 bibiturus
2028 4060 2176 4114 sunt?

594 4171 663 4225 Et
702 4168 821 4224 illi:
872 4164 1171 4219 Possumus.
1218 4160 1283 4214 Et
1312 4158 1445 4212 ille:
1493 4154 1732 4220 Calicem,
1784 4153 1972 4222 inquit,
2013 4167 2177 4205 nteum

594 4261 807 4323 bibetis;
847 4256 1017 4311 sedere
1058 4263 1222 4306 autem
1261 4249 1328 4303 ad
1369 4250 1645 4309 dexteram,
1696 4244 1771 4299 vel
1814 4244 1880 4296 ad
1922 4243 2177 4297 sinistram

595 4367 780 4413 meam,
808 4348 900 4410 ait,
932 4361 1033 4398 non
1060 4354 1128 4397 est
1152 4356 1315 4395 meum
1336 4340 1457 4391 dare
1477 4337 1612 4391 vobis
1658 4352 1676 4391 :
1705 4335 1818 4389 aliis
1848 4343 2082 4405 paratunt
2107 4342 2179 4388 est

596 4458 625 4497 α
650 4441 806 4495 Patre
842 4453 949 4490 meo
992 4433 1201 4504 (Matth.
1231 4447 1321 4495 xx,
1361 4429 1454 4494 22,
1483 4429 1598 4498 23).
1647 4427 1782 4493 Quid
1811 4436 1913 4489 est,
1965 4443 2065 4480 non
2105 4435 2179 4480 est

597 4549 760 4589 meum
787 4530 909 4583 dare
932 4526 1101 4581 vobis?
1145 4522 1257 4577 Non
1284 4530 1368 4576 est
1396 4535 1570 4574 meum
1602 4517 1729 4572 dare
1754 4516 1993 4585 superbis
2018 4532 2032 4581 ;
2076 4515 2179 4571 hoc

596 4627 737 4682 enim
765 4621 939 4675 adhuc
964 4623 1134 4673 erant.
1166 4613 1269 4669 Sed
1299 4612 1343 4665 si
1372 4611 1535 4665 vultis
1562 4609 1687 4663 illud
1710 4607 1973 4677 accipere,
2016 4607 2179 4662 nolite

596 4736 715 4774 esse
744 4713 885 4786 quod
913 4710 1065 4767 estis.
1096 4708 1222 4762 Aliis
1252 4714 1484 4777 paratum
1511 4713 1624 4768 est;
1658 4711 1710 4757 et
1741 4716 1834 4756 vos
1872 4700 1960 4754 alii
1986 4708 2177 4768 estote,

594 4821 648 4866 et
676 4808 824 4864 vobis
855 4812 1095 4875 paratum
1117 4808 1216 4854 est.
1244 4795 1380 4864 Quid
1406 4803 1508 4860 est,
1532 4795 1633 4849 Alii
1660 4793 1871 4849 estote?
1903 4792 2055 4847 Prius
2076 4791 2177 4845 hu-

598 4900 897 4964 miliamini,
926 4895 1017 4969 qui
1049 4895 1159 4964 jam
1188 4891 1347 4946 vultis
1372 4888 1616 4945 exaltari.
1650 4887 2028 4941 lntcllexcrunt
2052 4900 2180 4955 ergo

600 4996 949 5051 humilitatem
992 4987 1317 5059 profuturam
1346 4981 1467 5045 sibi,
1519 4988 1573 5036 et
1598 4979 1818 5034 correcti
1847 4988 1988 5031 sunt.
2042 4977 2181 5049 Ergo

597 5100 649 5143 et
690 5105 785 5141 nos
822 5086 923 5137 hoc
965 5079 1264 5139 audiamus,
1312 5074 1437 5144 quia
1476 5072 1580 5127 hoc
1610 5071 1737 5126 dicit
1783 5071 2015 5140 psalmus
2043 5070 2175 5124 iste:

602 5180 806 5250 Surgite
838 5185 1156 5245 posteaquam
1187 5169 1401 5225 sedistis.

672 5273 724 5329 6.
752 5270 855 5326 Sed
902 5284 967 5323 ne
992 5267 1110 5335 quis
1134 5274 1273 5334 putet
1303 5277 1361 5317 se
1388 5261 1453 5315 ad
1482 5259 1583 5313 hoc
1630 5257 1816 5313 sedere
1845 5267 1899 5311 ut
1933 5258 2169 5312 honore-

604 5373 717 5423 tur;
750 5370 805 5412 ιιι
827 5356 1133 5411 ostenderet
1165 5355 1285 5423 quia
1309 5352 1550 5406 sessione
1579 5350 1676 5404 ista
1711 5349 2060 5402 humilitatem
2091 5363 2176 5404 voc

603 5455 699 5510 luit
737 5447 1147 5510 commendare;
1201 5460 1268 5497 ne
1308 5442 1425 5512 quis
1467 5455 1525 5494 se
1565 5450 1771 5510 putaret
1816 5439 2017 5508 jllSS'ml
2062 5456 2181 5496 esse

603 5548 794 5605 sedere
817 5550 907 5597 aut
935 5540 999 5595 ad
1021 5537 1387 5610 judicandum,
1415 5543 1504 5588 aut
1534 5533 1599 5587 ad
1622 5533 1942 5602 epulandum
1971 5545 2023 5588 et
2049 5549 2179 5605 gau-

666 5722 682 5753 ι
706 5721 780 5773 sic
803 5724 905 5766 MSS.
924 5714 1179 5771 Edd.vero,
1204 5709 1409 5760 correcti
1420 5718 1543 5761 sunt.

604 5842 633 5893 ὴ
665 5784 686 5814 ²
709 5772 1019 5841 διοριθῐίῳιθ
1042 5784 1148 5826 Mss.
1178 5773 1261 5823 Alii
1284 5786 1392 5822 cunt
1420 5781 1537 5834 Am,
1570 5772 1619 5823 in
1637 5773 1742 5823 hoc.
1772 5781 1844 5823 Er.
1885 5781 1935 5824 et
1956 5781 2085 5835 Lov.,
2113 5776 2179 5825 ad

634 5855 708 5893 0οο

1800 372 1858 429 S.
1900 362 2265 426 AUGUSTINI
2302 360 2607 419 EPISCOPI

3716 356 3841 416 1672

2260 479 2527 544 dendum,
2574 487 2629 535 et
2680 477 2939 547 majorem
2995 476 3300 547 superbiam
3342 475 3413 532 ibi
3454 487 3760 548 quaereret;
3788 481 3842 537 in

2257 570 2700 641 signiﬁcationem
2743 566 3058 621 humilitatis
3096 565 3342 630 addidit,
3377 567 3475 632 Qui
3529 568 3845 626 manducatis

2259 680 2443 734 panem
2488 661 2700 716 doloris.
2733 660 2811 715 llli
2853 675 2980 727 ergo
3020 660 3345 725 manducant
3384 674 3577 731 panem
3606 660 3845 730 doloris,

2260 755 2348 825 qui
2379 762 2599 825 gemunt
2642 752 2694 806 in
2727 752 2823 807 ista
2855 751 3300 822 peregrinatione.
3331 750 3433 822 Ipsi
3476 760 3606 806 sunt
3633 752 3685 807 in
3720 768 3849 809 cono

2260 848 2396 904 valle
2440 845 2773 917 plorationis.
2822 844 3181 899 Aseensiones
3222 843 3365 899 enim
3423 842 3549 898 facit
3598 843 3741 900 Deus
3792 846 3850 900 in

2261 940 2443 996 corde.
2477 937 2582 993 Sed
2614 938 2701 992 ubi
2732 936 2851 990 illas
2878 934 3156 1005 disponit?
3182 934 3724 1005 Ascensiones,inquit
3746 977 3760 1000 ,
3793 936 3854 989 in

2261 1033 2412 1088 corde
2458 1032 2565 1100 ejus
2613 1030 2880 1101 disposuit.
2925 1027 3094 1096 Quis?
3122 1026 3283 1083 Deus.
3313 1026 3371 1083 Si
3411 1028 3756 1084 ascensiones
3797 1030 3858 1084 in

2260 1125 2443 1189 corde,
2477 1123 2597 1179 ideo
2625 1131 2843 1179 cantant
2878 1123 3143 1177 canticum
3172 1122 3453 1191 graduum.
3498 1122 3861 1178 Humiliemur

2262 1218 2315 1272 in
2360 1216 2594 1272 steculo:
2640 1215 3053 1271 ascendamus‘.
3104 1215 3427 1284 Quomodo?
3473 1215 3669 1273 Corde.
3715 1217 3860 1286 Quia

2262 1308 2374 1379 ipsa
2402 1308 2647 1364 ascensio
2675 1307 2871 1371 cordis,
2897 1323 2927 1360 a
2947 1307 3193 1362 convalle
3224 1307 3541 1378 plorationis
3568 1310 3761 1380 surgit.
3785 1309 3823 1363 Ι
3826 1328 3865 1365 tt

2262 1402 2507 1464 convalle,
2533 1400 2722 1470 inquit,
2754 1398 3050 1470 plorationis
3078 1397 3253 1469 (Psal.
3277 1415 3502 1465 Lxxxul,
3528 1401 3582 1467 6,
3602 1401 3684 1472 7).
3708 1402 3868 1469 Quo-

2262 1492 2424 1548 modo
2440 1493 2603 1547 erecti
2634 1502 2759 1547 sunt
2784 1500 3014 1557 montes,
3033 1492 3111 1546 sic
3127 1490 3384 1547 sederunt
3398 1493 3667 1548 convalles
3691 1510 3705 1545 :
3726 1509 3869 1549 con-

2264 1584 2431 1638 valles
2465 1583 2607 1639 enim
2645 1582 2892 1638 dicuntur
2922 1582 3037 1637 loca
3064 1582 3321 1651 depressa
3352 1591 3611 1638 terrarum
3637 1600 3653 1645 :
3684 1585 3869 1641 colles

2263 1686 2439 1731 autem
2468 1676 2817 1731 eminentiora
2846 1677 2980 1741 loca,
3010 1675 3186 1731 minus
3212 1685 3387 1731 tamen
3433 1691 3591 1746 quam
3621 1687 3868 1745 montes;

2265 1768 2489 1823 multum
2519 1768 2732 1823 excelsa
2759 1768 2876 1822 loca
2916 1777 3178 1823 terrarum
3215 1775 3427 1823 montes
3451 1768 3724 1824 dicuntur.
3756 1770 3873 1825 Pa-

2264 1874 2382 1912 rum
2414 1866 2495 1912 est
2523 1875 2535 1911 :
2562 1872 2669 1912 non
2697 1857 2791 1924 ait,
2823 1859 2868 1912 A
2893 1857 3031 1913 colle
3058 1856 3293 1929 surgite;
3322 1873 3423 1913 nec
3447 1860 3543 1926 ait,
3565 1874 3598 1913 a
3623 1874 3871 1934 campo;

2265 1950 2384 2018 sed,
2408 1966 2438 2005 a
2465 1952 2729 2017 convalle,
2758 1958 2817 2005 ut
2848 1950 2919 2005 sit
2945 1950 3144 2022 aliquid
3174 1950 3426 2008 humilius
3448 1966 3607 2023 quam
3633 1967 3874 2023 campus

2266 2053 2368 2099 est.
2392 2043 2450 2100 Si
2477 2059 2605 2114 ergo
2632 2044 2684 2098 in
2716 2044 2959 2099 convalle
2984 2044 3301 2114 plorationis
3340 2046 3631 2101 mandueas
3659 2062 3874 2117 panem

2266 2137 2490 2201 doloris,
2514 2147 2569 2193 et
2595 2137 2748 2202 dicis,
2773 2134 2948 2191 Facta:
2970 2145 3088 2191 sunt
3116 2138 3239 2191 ntihi
3265 2138 3503 2209 lacryma:
3541 2154 3669 2193 mets
3713 2140 3876 2208 panis

2266 2230 2347 2284 die
2372 2246 2430 2283 ac
2471 2238 2632 2297 nocte,
2660 2228 2784 2282 dum
2813 2230 3001 2283 dicitur
3030 2229 3155 2283 mihi
3197 2230 3451 2300 quotidie,
3488 2229 3585 2285 Ubi
3617 2240 3690 2285 est
3718 2230 3878 2286 Deus

2266 2332 2381 2378 tuus
2419 2322 2591 2395 (Psal.
2623 2339 2731 2389 xu,
2755 2321 2850 2393 4)?
2876 2322 3012 2378 bene
3033 2323 3228 2393 surgis,
3251 2324 3373 2394 quia
3404 2323 3609 2379 sedisti.

2339 2416 2392 2470 7.
2444 2416 2510 2469 Et
2563 2414 2713 2484 quasi
2748 2413 2956 2470 diceres
2984 2455 3000 2481 ,
3031 2412 3255 2481 Quando
3305 2429 3584 2485 surgemus
3620 2416 3646 2466 ’ἰ
3698 2414 3877 2470 modo

2261 2509 2511 2579 jubemur
2530 2506 2752 2572 sedere;
2783 2505 2995 2578 quando
3010 2504 3115 2562 erit
3134 2514 3313 2562 nostra
3341 2507 3622 2571 surrectio,
3645 2507 3879 2577 quando

2269 2601 2367 2655 luit
2417 2600 2644 2655 Domini.
2693 2598 2773 2653 Ad
2825 2613 2947 2653 eum
3017 2597 3275 2664 attende,
3325 2598 3492 2668 quite
3538 2600 3871 2668 praeessit:

2269 2709 2392 2748 nam
2422 2692 2465 2747 si
2495 2708 2598 2746 non
2662 2691 2833 2761 ipsum
2865 2689 3095 2745 attendis
3117 2730 3132 2756 ,
3169 2690 3221 2745 in
3251 2705 3442 2744 vanum
3473 2700 3554 2745 est
3600 2690 3697 2744 tibi
3737 2704 3879 2747 ante

2270 2785 2443 2841 lucem
2496 2797 2733 2853 surgere.
2786 2781 2905 2851 Ipse
2946 2779 3160 2852 quando
3205 2781 3468 2836 exaltatus
3513 2788 3597 2843 est
3634 2782 3658 2834 ?
3726 2780 3877 2836 Cum

2272 2886 2510 2932 mortuus
2539 2883 2639 2930 est.
2667 2875 2805 2945 Ergo
2836 2884 2888 2929 et
2931 2881 3075 2927 tuam
3106 2872 3488 2928 exaltationem
3540 2882 3663 2942 post
3711 2888 3874 2929 mor-

2272 2978 2379 3024 tem
2445 2983 2598 3037 Spera
2632 3008 2647 3031 ,
2697 2966 2750 3021 in
2822 2964 3212 3020 resurrectione
3266 2973 3595 3019 mortuorum
3660 2980 3874 3032 spera,

2272 3061 2394 3132 quia
2424 3059 2512 3114 ille
2540 3057 2830 3114 resurrexit
2887 3066 2944 3112 et
2984 3056 3243 3113 ascendit.
3271 3056 3376 3111 Sed
3426 3055 3515 3110 ubi
3562 3054 3877 3111 dormivit?

2272 3150 2330 3206 In
2373 3165 2549 3205 cruce.
2596 3148 2817 3217 Quando
2842 3146 3092 3202 dormivit
3129 3147 3181 3203 in
3203 3162 3394 3214 cruce,
3439 3147 3648 3218 signum
3680 3156 3879 3217 gesta-

2273 3243 2398 3309 bat,
2430 3242 2539 3296 imo
2584 3238 2835 3310 implebat
2879 3238 3020 3309 quod
3063 3238 3413 3309 signiﬁcatum
3436 3245 3518 3293 est
3558 3237 3613 3292 in
3662 3237 3875 3294 Adam:

2273 3339 2396 3408 quia
2421 3352 2542 3391 cum
2571 3336 2828 3390 dormiret
2852 3333 3020 3388 Adam
3046 3373 3062 3398 ,
3091 3342 3239 3386 costa
3268 3331 3343 3386 illi
3388 3331 3628 3408 detracta
3656 3338 3753 3387 est
3778 3374 3796 3400 ,
3825 3342 3881 3388 et

2276 3432 2383 3487 Eva
2414 3432 2549 3487 facta
2596 3439 2679 3486 est
2704 3430 2856 3500 (Gen.
2879 3445 2950 3494 ιι,
2972 3430 3063 3492 2i,
3094 3428 3220 3501 22);
3252 3429 3329 3483 sic
3368 3437 3421 3482 et
3462 3426 3692 3481 Domino
3746 3442 3876 3482 cum

2275 3521 2539 3577 dormiret
2587 3521 2642 3575 in
2675 3535 2834 3576 cruce
2858 3561 2873 3585 ,
2905 3521 3046 3575 latus
3071 3521 3189 3590 ejus
3216 3518 3398 3575 lancea
3438 3532 3763 3587 percussum
3797 3526 3878 3574 est

2278 3610 2456 3681 (Joan.
2488 3627 2603 3677 xix,
2635 3611 2775 3685 ὅτι),
2803 3622 2858 3664 et
2896 3609 3243 3665 Sacramenta
3279 3607 3648 3678 proﬂuxerunt
3675 3648 3691 3672 ,
3728 3608 3875 3663 unde

2278 3702 2411 3757 facta
2438 3710 2519 3756 est
2545 3701 2806 3756 Ecclesia.
2831 3701 3073 3757 Ecclesia
3097 3700 3238 3755 enim
3265 3698 3455 3769 conjux
3486 3698 3698 3752 Domini
3731 3698 3872 3754 facta

2278 3804 2359 3848 est
2389 3792 2455 3848 de
2484 3793 2651 3848 latere
2680 3834 2697 3856 ,
2729 3791 2996 3862 quomodo
3024 3791 3133 3846 Eva
3161 3792 3295 3847 facta
3318 3800 3399 3845 est
3426 3789 3492 3845 de
3534 3790 3727 3845 latere.
3759 3790 3873 3847 Sed

2284 3887 2557 3958 quomodo
2584 3887 2674 3941 illa
2701 3900 2809 3941 non
2837 3894 2921 3941 est
2946 3885 3083 3940 facta
3112 3884 3212 3939 nisi
3236 3883 3304 3939 dc
3331 3884 3494 3938 latere
3524 3882 3869 3949 dormientis,

2279 3983 2357 4037 sic
2380 3981 2478 4037 ista
2511 3996 2615 4036 non
2649 3988 2731 4035 est
2759 3979 2893 4034 facta
2924 3978 3025 4033 nisi
3055 3978 3123 4033 de
3146 3977 3309 4033 latere
3341 3978 3635 4032 morientis.
3663 3978 3721 4033 Si
3742 3991 3871 4048 ergo

2281 4074 2369 4130 ille
2419 4089 2523 4128 non
2571 4071 2862 4128 resurrexit
2890 4070 2992 4126 nisi
3044 4080 3323 4135 mortuus,
3371 4078 3424 4123 tu
3475 4068 3869 4125 exultationem

2281 4179 2467 4236 speras
2513 4164 2617 4219 nisi
2665 4171 2784 4233 post
2814 4161 2952 4216 hanc
2976 4160 3176 4215 vitam?
3225 4159 3327 4216 Sed
3371 4170 3419 4213 ut
3464 4159 3654 4214 doceat
3682 4170 3737 4214 te
3773 4161 3871 4215 iste

2282 4257 2518 4327 psalmus
2541 4295 2557 4321 ,
2587 4252 2737 4325 quasi
2769 4254 3128 4323 interrogares
3151 4293 3167 4318 ,
3200 4251 3420 4318 Quando
3469 4251 3728 4321 surgam?
3762 4252 3868 4306 lor-

2283 4348 2439 4403 tassis
2460 4346 2765 4417 priusquam
2794 4343 3023 4400 sedero?
3048 4342 3176 4399 Cum
3196 4342 3409 4408 dederit,
3445 4343 3636 4412 inquit,
3670 4344 3868 4397 dilectis

2284 4441 2390 4511 ejus
2417 4453 2667 4493 somnum.
2704 4437 2802 4490 Dat
2832 4434 2933 4491 hoc
2960 4436 3104 4491 Deus
3140 4475 3154 4499 ,
3182 4450 3300 4489 cum
3327 4434 3647 4489 dormierint
3686 4435 3865 4490 dilecti

2283 4531 2436 4598 ejus;
2471 4541 2596 4584 tunc
2623 4526 3039 4598 surgentdilecti
3071 4526 3206 4596 ejus,
3232 4526 3280 4580 id
3309 4537 3389 4579 cst
3418 4525 3633 4580 Christi.
3667 4528 3867 4581 O-nncs

2284 4622 2424 4677 enim
2469 4630 2720 4689 surgent,
2767 4619 2860 4675 sed
2910 4634 3017 4673 non
3066 4618 3333 4688 quomodo
3364 4617 3541 4673 dilecti
3572 4618 3710 4688 ejus.
3734 4620 3862 4672 0111-

2285 4714 2430 4768 nium
2457 4720 2543 4768 est
2569 4710 2891 4766 resurrectio
2920 4718 3251 4763 mortuorum
3284 4725 3298 4772 ;
3338 4708 3430 4763 sed
3460 4707 3585 4777 quid
3610 4709 3683 4761 ait
3724 4710 3864 4778 Apo-

2284 4806 2496 4861 stolus?
2529 4804 2712 4857 Omnes
2730 4801 2929 4870 quidem
2949 4815 3268 4869 resurgemus
3298 4840 3309 4862 ,
3339 4801 3426 4853 sed
3451 4817 3549 4853 non
3571 4817 3742 4853 omnes
3769 4803 3859 4852 im-

2285 4897 2587 4952 mutabimur
2625 4894 2665 4966 (l
2690 4892 2805 4946 Cor.
2837 4907 2929 4957 xv,
2951 4890 3064 4961 5|).
3097 4889 3400 4961 Resurgunt
3445 4890 3519 4943 illi
3555 4888 3618 4942 ad
3652 4905 3862 4958 poenas;

2288 4989 2614 5056 resurgimus
2644 5001 2740 5039 nos
2767 4981 3035 5053 quomodo
3062 4982 3355 5035 resurrexit
3382 4980 3640 5034 Dominus
3664 4991 3860 5041 noster,

2288 5092 2344 5138 ut
2366 5096 2653 5152 sequamur
2671 5085 2828 5147 caput
2850 5084 3113 5143 nostrum,
3138 5076 3180 5130 si
3206 5076 3441 5131 membra
3473 5076 3640 5145 ipsius
3662 5091 3858 5131 sumus.

2285 5176 2341 5232 Si
2373 5183 2549 5229 autem
2589 5170 2825 5226 membra
2868 5168 2985 5236 ejus
3032 5183 3217 5222 sumus
3245 5208 3258 5232 ,
3294 5178 3419 5222 tunc
3459 5182 3643 5221 sumus
3686 5164 3858 5221 dilecti

2286 5269 2420 5337 eius,
2455 5276 2578 5321 tunc
2608 5263 2673 5317 ad
2722 5277 2818 5316 nos
2842 5260 3073 5331 pertinet
3107 5260 3192 5313 illa
3225 5260 3546 5313 resurrectio
3570 5274 3689 5327 qua:
3726 5274 3857 5325 [meo

2287 5361 2446 5416 cessit
2477 5360 2528 5413 in
2567 5357 2811 5419 Domino,
2859 5365 2914 5408 ut
2966 5355 3055 5408 lux
3102 5352 3394 5406 surrexerit
3445 5360 3569 5406 ante
3620 5366 3735 5413 nos,
3768 5363 3859 5403 nos

2290 5462 2407 5523 post
2457 5451 2670 5505 lucem:
2710 5445 2827 5515 quia
2882 5445 2932 5499 in
2968 5459 3157 5497 vanmn
3204 5451 3285 5496 est
3336 5442 3486 5496 nobis
3514 5452 3640 5494 ante
3691 5440 3855 5493 lucem

2288 5557 2505 5615 surgere
2524 5583 2537 5605 ,
2563 5539 2613 5593 id
2642 5548 2761 5601 est,
2786 5534 3116 5590 altitudinem
3143 5547 3386 5603 qurerere
3429 5538 3711 5600 antequam
3746 5540 3856 5581 mo-

2288 5637 2519 5695 riamur;
2545 5646 2667 5687 eum
2690 5628 2932 5685 Christus
2961 5628 3049 5681 lux
3077 5634 3257 5681 nostra
3284 5639 3390 5679 non
3417 5624 3485 5678 sit
3516 5621 3772 5677 exaltatus
3802 5616 3853 5670 in

2354 5774 2370 5805 ι
2390 5778 2456 5821 tta
2478 5776 2581 5818 Mss.
2612 5774 2665 5816 Al.
2690 5764 2800 5814 Edd.
2821 5799 2837 5824 ,
2875 5770 2924 5811 ut
2946 5759 3275 5824 ascendamus.
3308 5757 3548 5820 Pauloque
3583 5761 3689 5819 post
3710 5758 3779 5801 Kr.
3805 5758 3857 5799 et

2292 5844 2422 5886 mm:
2447 5830 2563 5892 quia
2584 5828 2689 5891 ipsa
2710 5821 2922 5875 ascensio
2942 5823 2991 5875 in
3013 5821 3252 5876 cordibus.
3283 5829 3373 5869 etc.

3400 6410 3462 6416 ἡ
3560 6409 3569 6411 ἒ
3714 6406 3726 6412 ἢ
3834 6380 3961 6410 ..η-ρ
4022 6124 4129 6414 -1
