4160 6486
355 445 492 504 1675

354 580 538 632 carne,
569 565 674 622 nisi
705 572 1048 637 posteaquam
1082 572 1325 621 mortuus
1351 572 1453 619 est.
1482 564 1765 620 Constituti
1806 577 1938 635 ergo

356 662 598 717 membra
622 662 737 731 ejus
760 703 776 728 ,
803 670 857 717 et
892 660 946 716 in
969 661 1223 716 membris
1259 660 1373 731 ejus
1413 659 1591 715 dilecti
1625 660 1740 730 ejus
1763 699 1778 726 ,
1812 674 1933 715 cum

355 767 602 808 somnum
654 754 1057 823 acceperimus,
1111 763 1234 809 tunc
1285 768 1565 823 surgemus
1596 754 1645 808 in
1700 766 1948 808 resurre-

354 844 532 900 ctione
588 855 940 901 mortuorum.
974 845 1125 901 Unus
1155 847 1463 909 resurrexit,
1513 845 1622 916 jam
1678 861 1784 901 non
1834 860 1949 900 mo-

354 937 576 992 riturus.
605 938 916 993 Resurrexit
940 938 1172 993 Lazarus
1199 938 1394 1008 (Joan.
1422 954 1499 1005 xl,
1529 938 1633 1009 Μ)
1654 979 1668 1003 ,
1700 938 1794 993 sed
1828 952 1948 993 mo-

352 1030 595 1094 riturus;
642 1032 936 1086 resurrexit
975 1030 1079 1086 ﬁlia
1127 1030 1585 1104 archisynagogi(
1628 1030 1814 1086 Matth.
1870 1048 1946 1103 1x,

354 1120 478 1193 25),
510 1122 603 1177 scd
633 1123 887 1176 moritura
915 1140 928 1188 ;
958 1124 1251 1178 resurrexit
1290 1122 1434 1178 ﬁlius
1454 1123 1665 1195 vidute(
1687 1123 1814 1178 Luc.
1847 1139 1945 1193 vn,

358 1212 477 1282 15),
501 1213 594 1268 Sed
621 1214 913 1270 moriturus
941 1231 955 1268 :
989 1215 1281 1271 resurrexit
1310 1214 1572 1283 Christus,
1596 1232 1701 1272 non
1725 1218 1952 1274 moritu-

350 1320 469 1361 rus.
500 1306 639 1362 Audi
673 1308 984 1376 Apostolum
1021 1325 1034 1361 :
1065 1307 1296 1363 Christus
1324 1326 1588 1381 resurgens
1633 1326 1696 1364 ea:
1738 1311 1949 1364 mortuis

339 1399 463 1466 jam
508 1414 615 1452 non
654 1400 895 1466 moritur,
923 1410 970 1453 et
1019 1416 1154 1455 mors
1194 1402 1241 1454 ei
1286 1401 1422 1455 ultra
1456 1418 1556 1456 non
1607 1402 1949 1456 dominabitur

354 1489 541 1557 (Rom.
564 1507 633 1552 vi,
654 1489 728 1562 9).
755 1491 938 1547 Talem
964 1507 1120 1562 spera
1149 1496 1631 1559 resurrectionem;
1660 1503 1715 1549 et
1733 1504 1949 1564 pt‘Oplel‘

359 1578 471 1638 hoc
525 1590 642 1636 esto
677 1581 997 1639 christianus
1021 1626 1036 1652 ,
1074 1599 1179 1638 non
1211 1594 1428 1655 propter
1456 1584 1761 1641 felicitatem
1790 1596 1947 1643 terrae

351 1674 542 1743 hujus.
571 1674 701 1729 Nam
732 1676 776 1731 si
810 1687 1026 1748 propter
1049 1676 1354 1735 felicitatem
1387 1680 1507 1734 vitae
1535 1680 1693 1751 hujus
1720 1681 1803 1735 vis
1828 1695 1949 1735 esse

349 1766 682 1821 christianus
710 1809 725 1835 ,
785 1769 999 1838 quando
1045 1770 1133 1824 illa
1174 1770 1263 1825 lux
1306 1780 1393 1825 tua
1424 1787 1530 1826 non
1561 1772 1649 1828 hic
1695 1772 1949 1842 quaesivit

354 1860 686 1914 mundanam
720 1859 1065 1929 felicitatem;
1097 1872 1219 1918 ante
1247 1865 1417 1919 lucem
1438 1866 1521 1919 vis
1556 1881 1815 1937 surgere;
1848 1882 1947 1921 ne—

347 1966 508 2007 cesse
539 1960 623 2007 est
644 1960 700 2007 ut
731 1953 781 2006 in
816 1954 1051 2009 tenebris
1080 1971 1412 2025 perseveres.
1448 1956 1652 2013 Mutare
1676 2000 1690 2023 ,
1721 1973 1948 2029 sequere

348 2044 536 2100 lucem
573 2054 715 2099 tuam
744 2062 759 2112 ;
810 2062 913 2115 qua
942 2050 1301 2114 resurrexit‘,
1335 2064 1532 2120 surge:
1581 2052 1709 2107 sede
1756 2054 1903 2122 prius
1928 2094 1943 2119 ,

346 2145 401 2191 et
432 2136 515 2190 sic
541 2151 700 2206 surge
724 2178 737 2202 ,
766 2153 878 2190 cum
914 2137 1107 2191 dederit
1133 2155 1364 2193 somnum
1395 2141 1589 2195 dilectis
1615 2143 1743 2211 ejus.

418 2228 479 2284 8.
507 2226 637 2299 [vers
664 2227 741 2300 5.]
772 2230 930 2295 Quasi
962 2246 1231 2299 quaereres
1270 2232 1460 2287 iterum
1486 2275 1500 2297 ,
1549 2233 1753 2301 Quibus
1810 2234 1946 2289 dile-

343 2321 496 2377 ctis?
525 2320 658 2375 Ecce
684 2322 948 2376 hazreditas
977 2322 1201 2389 Domini,
1222 2325 1317 2394 ﬁlii
1336 2366 1350 2390 ,
1380 2342 1566 2379 merces
1593 2332 1785 2396 {ructus
1826 2342 1945 2383 ven-

342 2416 463 2470 tris.
495 2414 723 2484 Quando
751 2416 912 2479 dicit,
940 2420 1136 2487 fructus
1167 2419 1393 2484 ventris;
1420 2419 1661 2487 parturiti
1706 2429 1829 2474 sunt
1856 2420 1948 2475 ﬁlii

342 2505 464 2561 isti.
503 2507 598 2560 Est
642 2507 885 2578 qumdam
919 2508 1129 2571 mulier,
1164 2510 1215 2562 in
1256 2524 1357 2580 qua
1389 2510 1736 2565 sniritualiter
1762 2521 1948 2566 osten-

339 2600 498 2655 ditur
539 2600 682 2669 quod
712 2600 913 2655 dictum
950 2610 1032 2655 est
1061 2602 1182 2655 Eva:
1208 2620 1220 2654 :
1257 2600 1321 2655 In
1347 2612 1530 2673 gemitu
1556 2604 1825 2673 parturies.
1848 2605 1949 2659 Pa-

340 2694 414 2747 rit
444 2692 597 2746 enim
634 2691 870 2746 Ecclesia
902 2691 1039 2746 ﬁlios
1074 2692 1265 2761 conjux
1304 2691 1532 2758 Christi;
1588 2704 1643 2749 et
1687 2695 1729 2747 si
1768 2695 1945 2763 parit,

344 2785 609 2855 parturit.
637 2783 691 2838 in
725 2785 875 2854 cujus
907 2785 1069 2855 ﬁgura
1091 2786 1250 2839 etiam
1280 2786 1386 2839 Eva
1411 2796 1571 2840 mater
1597 2787 1823 2840 vivorum
1854 2801 1948 2856 ap-

338 2877 551 2945 pellata
584 2886 665 2930 est
693 2874 845 2946 (Gen.
876 2892 954 2942 ill,
981 2876 1193 2942 16,20).
1229 2876 1283 2931 ln
1316 2877 1572 2931 membris
1600 2878 1949 2947 parturientis

341 2975 471 3021 erat
504 2967 597 3022 ille
624 2966 712 3036 qui
734 2966 982 3022 dicebat:
1017 2964 1196 3021 Filioli
1214 2968 1473 3038 mei,quos
1496 2968 1672 3021 iterum
1695 2969 1945 3037 parturio,

337 3059 513 3113 donec
541 3057 771 3112 Christus
801 3057 1044 3125 formetur
1069 3060 1121 3113 in
1160 3058 1296 3113 vobis
1320 3059 1337 3127 (
1360 3058 1531 3113 Galat.
1566 3076 1637 3126 ιν,
1663 3059 1726 3114 19
1750 3059 1792 3131 ).
1840 3058 1947 3114 Sed

340 3166 456 3205 non
488 3149 687 3205 frustra
712 3151 1011 3220 parturivit,
1032 3166 1129 3206 nec
1153 3150 1345 3206 frustra
1370 3152 1576 3221 peperit
1600 3172 1615 3208 :
1640 3154 1741 3206 erit
1762 3167 1946 3207 semen

337 3250 603 3297 sanctum
648 3241 701 3295 in
740 3242 1133 3297 resurrecﬁone
1177 3252 1543 3309 mortuorum;
1601 3243 1945 3299 abundabunt

335 3334 500 3405 justi,
529 3332 621 3403 qui
662 3331 839 3387 diffusi
870 3342 991 3387 sunt
1019 3333 1177 3387 modo
1209 3342 1318 3388 toto
1356 3335 1487 3389 orbe
1516 3344 1797 3389 terrarum.
1844 3334 1948 3390 Ge-

336 3427 444 3481 mit
477 3425 605 3480 illos
629 3425 888 3492 Ecclesia,
920 3428 1148 3497 parturit
1179 3427 1299 3483 illos
1328 3428 1567 3482 Ecclesia
1599 3445 1612 3481 :
1646 3429 1697 3483 in
1733 3429 1820 3483 illa
1845 3443 1945 3484 au-

338 3525 458 3572 tem
490 3517 890 3572 resurrectione
936 3526 1268 3572 mortuorum
1312 3518 1591 3588 apparebit
1627 3529 1809 3588 partus
1839 3519 1946 3575 Ec-

338 3610 540 3666 clesiae
568 3650 583 3675 ,
616 3610 837 3665 transiet
881 3608 1034 3665 dolor
1067 3620 1120 3665 et
1151 3611 1399 3681 gemitus.
1438 3611 1505 3665 Et
1546 3610 1669 3681 quid
1703 3612 1948 3667 dicetur?

335 3699 487 3756 Ecce
535 3698 805 3755 hereditas
841 3700 1079 3768 Dontini,
1113 3702 1239 3770 ﬁlii,
1270 3692 1454 3756 merces
1496 3706 1689 3773 fructus
1739 3704 1944 3760 ventris.

334 3794 525 3865 Hujus
554 3793 752 3863 [ructus
791 3794 909 3864 (a),
942 3809 1071 3860 non,
1100 3794 1186 3850 hic
1237 3794 1445 3850 fructus
1492 3813 1506 3861 ;
1557 3813 1745 3852 merces
1789 3797 1947 3867 hujus

336 3888 555 3957 fructus
588 3886 794 3940 ventris.
822 3884 952 3954 Quae
995 3894 1079 3941 est
1134 3887 1244 3956 ipsa
1296 3886 1543 3941 merces?
1585 3886 1886 3958 Resurgere
1913 3903 1947 3945 a

334 3976 602 4036 mortuis.
626 3975 756 4044 Qua:
781 3986 864 4032 est
891 3977 1003 4047 ipsa
1047 3977 1301 4032 merces?
1326 3975 1576 4047 Surgere,
1602 3986 1945 4049 posteaquam

335 4068 565 4127 sedisti.
595 4068 725 4136 Qum
770 4078 851 4125 est
894 4068 1008 4140 ipsa
1058 4071 1313 4125 merces?
1359 4070 1553 4124 Laetari
1600 4080 1944 4141 posteaquam

336 4160 692 4219 manducasti
726 4176 915 4229 panem
942 4160 1166 4218 doloris.
1194 4160 1360 4231 Cujus
1376 4163 1622 4218 ventris?
1651 4164 1902 4219 Ecclesim
1928 4184 1941 4219 :

336 4256 395 4312 in
424 4254 593 4324 cujus
622 4261 813 4309 ventre
836 4296 849 4319 ,
882 4254 1003 4324 quia
1040 4254 1156 4323 ejus
1180 4263 1361 4325 typum
1393 4254 1635 4311 Rebecca
1663 4256 1942 4326 gestabat,

338 4348 461 4405 duo
535 4346 613 4402 illi
665 4347 861 4419 gemini
916 4357 1165 4417 tanquam
1211 4348 1319 4403 duo
1375 4349 1553 4419 populi
1613 4348 1948 4406 luctabantur

344 4441 534 4515 (Gen.
565 4455 698 4507 xxv,
729 4439 821 4502 2'2,
850 4438 971 4511 25).
1006 4440 1120 4496 Una
1177 4450 1348 4495 mater
1393 4441 1446 4495 in
1491 4441 1783 4498 visceribus
1836 4442 1947 4499 suis

340 4533 737 4589 dissentientes
764 4532 958 4587 fratres
988 4530 1223 4585 nondum
1254 4542 1406 4586 natos
1434 4535 1743 4589 continebat
1774 4551 1786 4588 :
1818 4534 1940 4605 pul-

344 4625 545 4681 sabanl
583 4632 821 4679 materna
853 4624 1058 4679 viscera
1097 4622 1376 4679 discordiis
1404 4624 1628 4680 internis
1656 4643 1670 4693 ;
1699 4627 1947 4697 gemebat

344 4720 469 4785 illa,
502 4716 612 4772 vim
648 4716 948 4788 patiebatur
978 4734 992 4784 ;
1025 4717 1118 4772 sed
1172 4717 1383 4788 pariens
1433 4718 1771 4774 discernebat
1810 4734 1946 4789 quos

343 4814 601 4886 geminos
627 4827 911 4884 praegnans
941 4811 1252 4883 pertulerat.
1285 4811 1375 4868 Sic
1404 4820 1458 4868 et
1486 4811 1666 4880 modo,
1700 4811 1897 4870 fratres
1928 4855 1944 4883 ,

346 4905 616 4977 quamdiu
663 4904 894 4973 gemitus
922 4903 1079 4958 datus
1105 4910 1188 4958 est
1214 4901 1467 4959 Ecclesia:
1496 4946 1510 4969 ,
1542 4902 1796 4974 quamdiu
1828 4918 1947 4973 par-

346 4999 490 5056 turit
518 4997 776 5059 Ecclesia,
809 4996 908 5066 ipsi
958 5004 1081 5050 sunt
1122 4997 1263 5050 intus
1291 5005 1343 5050 et
1391 4995 1513 5059 boni
1543 5005 1598 5050 et
1624 4995 1769 5052 mali.
1815 4995 1951 5051 Fru-

346 5103 480 5148 ctus
501 5100 682 5147 autem
718 5090 918 5145 ventris
948 5090 1002 5143 in
1030 5087 1194 5144 Jacob
1237 5096 1374 5155 erat,
1405 5087 1532 5159 quia
1563 5087 1739 5158 ipsum
1762 5087 1949 5144 dilexit

348 5193 553 5241 mater.
575 5180 735 5235 Iacob
761 5182 934 5243 dilexi,
961 5179 1092 5236 dicit
1115 5180 1278 5247 Deus,
1306 5178 1443 5235 Esau
1471 5188 1636 5234 autem
1665 5180 1779 5235 odio
1798 5181 1949 5235 habui

348 5275 665 5349 (Malacini,
690 5274 746 5341 2,
763 5274 817 5337 ὃς
838 5272 989 5328 Rom.
1015 5272 1222 5343 Ix,15).
1246 5271 1417 5327 Ambo
1437 5272 1504 5328 de
1530 5286 1636 5327 uno
1653 5281 1804 5327 utero
1824 5288 1949 5342 pro-

347 5377 640 5426 cesserunt
661 5385 676 5435 ;
700 5383 835 5423 unus
860 5369 1026 5423 amari
1058 5367 1275 5431 meruit,
1303 5365 1755 5435 alius'reprobari.
1780 5366 1833 5419 lu
1863 5366 1947 5421 di-

348 5464 515 5519 lectis
531 5477 659 5532 ergo
678 5462 794 5532 ejus
810 5460 832 5514 f
832 5471 1013 5516 ructus
1029 5460 1297 5531 erit.Ergo
1316 5475 1503 5514 merces
1526 5463 1723 5531 fructus
1740 5461 1945 5515 ventris.

286 5625 295 5633 _
428 5554 485 5609 9.
519 5553 652 5628 [vers
674 5554 753 5628 4.]
802 5554 948 5610 Sicut
977 5556 1173 5623 sagitta:
1200 5555 1253 5608 in
1291 5571 1445 5608 ntanu
1470 5555 1683 5625 potentis
1708 5596 1722 5619 ,
1746 5555 1817 5609 sic
1847 5555 1943 5623 lilii

349 5663 712 5703 excussorum.
745 5646 898 5702 Unde
924 5648 1065 5702 enim
1099 5646 1231 5701 facta
1263 5655 1345 5701 est
1365 5646 1650 5701 htereditas
1680 5646 1814 5712 ista,
1840 5645 1945 5701 fra-

350 5738 514 5794 tres?
542 5738 681 5793 unde
733 5737 872 5794 facta
902 5746 985 5794 est
1022 5746 1129 5792 tam
1175 5738 1342 5794 multa
1388 5737 1670 5794 hzereditas
1698 5779 1713 5805 ,
1743 5737 1810 5794 de
1840 5754 1943 5809 qua

422 5878 450 5938 ι,
469 5876 542 5923 Sic
563 5880 633 5923 Β.
660 5874 807 5938 Lugd.
834 5881 953 5923 ven.
973 5880 1027 5938 et
1048 5878 1154 5925 ιον.
1171 5878 1221 5923 1n
1236 5879 1306 5935 3.,
1330 5885 1481 5938 quare
1502 5872 1729 5927 surrexit.
1757 5880 1812 5925 tt.
1891 5929 1923 5937 _

424 5934 501 6005 (o)
530 5943 677 5988 (περ.
706 5936 788 5987 toil
807 5934 1006 6000 karpod.

641 6024 873 6091 Sacr.
917 6025 1202 6090 Aususr.
1242 6021 1356 6093 ιν.

1408 438 1803 503 ENARRATIO
1842 442 1909 500 IN
1946 438 2271 503 PSALMUM
2306 446 2543 506 CXXVI.

3506 456 3645 515 1674

2057 560 2162 617 dici
2189 562 2348 619 habet
2376 565 2428 619 in
2460 564 2586 631 ﬁne,
2610 562 2742 620 Ecce
2764 566 3029 623 htereditas
3063 567 3291 638 Domini,
3314 572 3432 642 ﬁlii,
3454 591 3646 632 merces

2057 654 2253 723 fructus
2275 657 2488 711 ventris?
2517 658 2735 713 Excussi
2762 668 2886 714 sunt
2912 660 3124 731 quidam
3142 662 3209 718 de
3226 678 3386 720 manu
3406 667 3639 738 Domini,

2058 752 2306 817 tanquam
2352 748 2555 820 sagitta:
2580 793 2593 815 ,
2626 760 2679 805 et
2718 752 2891 806 ierunt
2919 754 3075 825 longe
3100 798 3114 823 ,
3143 765 3197 810 et
3247 766 3409 813 totam
3449 771 3644 817 terram

2059 838 2436 909 impleverunt,
2460 842 2598 897 unde
2626 844 2889 913 pullulant
2917 848 3104 902 sancti.
3139 848 3270 904 Nam
3301 851 3414 922 ipsa
3438 865 3519 907 est
3543 856 3643 911 ha:-

2058 929 2256 983 reditas
2284 929 2349 985 de
2373 948 2473 1000 qua
2504 932 2729 988 dicitur:
2760 935 2972 991 Postulu
3002 956 3033 992 a
3060 958 3156 1005 me,
3187 952 3233 995 et
3259 942 3388 997 dabo
3410 946 3499 999 tibi
3522 964 3646 1017 gen-

2058 1029 2132 1073 tes
2170 1022 2514 1077 hcereditatem
2543 1033 2681 1078 tuam
2706 1067 2721 1092 ,
2750 1037 2795 1081 et
2835 1032 3198 1097 possessionem
3241 1046 3377 1087 tuam
3406 1039 3645 1093 terminos

2059 1119 2207 1166 terra
2235 1111 2405 1182 (Psal.
2438 1131 2496 1180 η,
2530 1114 2607 1187 8).
2642 1118 2710 1172 Et
2756 1122 3025 1190 quomodo
3071 1122 3169 1178 ista
3209 1132 3474 1194 possessio
3515 1146 3643 1200 per-

2060 1202 2296 1258 tenditur
2320 1215 2374 1259 et
2402 1209 2595 1263 crescit
2642 1226 2810 1280 usque
2856 1212 2919 1266 ad
2972 1214 3104 1269 fines
3134 1219 3331 1272 terrae?
3358 1221 3486 1287 Quia
3514 1223 3645 1277 sicut

2056 1298 2257 1367 sagitta:
2284 1300 2335 1353 in
2367 1317 2521 1355 morm
2548 1306 2786 1373 potentis,
2809 1307 2880 1361 sic
2906 1308 3003 1376 lilii
3036 1325 3373 1369 excussorum.
3409 1316 3483 1370 De
3515 1331 3643 1372 arcu

2058 1392 2402 1447 excutiuntur
2452 1398 2698 1465 sagittae,
2742 1408 2795 1453 et
2850 1411 3048 1469 quanto
3094 1402 3285 1460 fortior
3312 1411 3643 1476 excusserit,

2056 1488 2204 1538 tanto
2227 1484 2440 1556 longius
2479 1488 2624 1543 vadit
2652 1490 2860 1560 sagitta.
2891 1492 3027 1560 Quid
3056 1504 3232 1551 autem
3267 1498 3452 1575 fortius
3477 1516 3644 1557 excue

2059 1574 2222 1631 tiente
2244 1577 2512 1633 Domino?
2536 1580 2611 1636 De
2636 1597 2761 1637 arcu
2793 1599 2892 1638 suo
2917 1586 3134 1641 mandat
3160 1574 3446 1658 Apostolus
3474 1608 3600 1649 suos
3626 1611 3641 1648 :

2055 1682 2162 1721 non
2195 1669 2365 1737 potuit
2394 1685 2516 1727 esse
2546 1674 2840 1741 residuum,
2861 1692 2964 1746 quo
2983 1693 3088 1733 non
3119 1683 3425 1750 perveniret
3451 1687 3645 1755 sagitta

2055 1773 2085 1812 a
2112 1767 2219 1813 tam
2265 1760 2393 1817 forti
2430 1779 2687 1831 excussa;
2728 1770 2970 1837 pervenit
3002 1785 3169 1841 usque
3209 1773 3273 1827 ad
3308 1774 3440 1830 fines
3464 1786 3642 1833 terrae.

2054 1850 2181 1907 Ideo
2211 1871 2316 1909 non
2346 1856 2507 1924 ultra,
2532 1860 2655 1928 quia
2687 1860 2817 1914 nihil
2858 1871 2939 1916 est
2969 1864 3106 1918 ultra
3145 1868 3357 1935 generis
3404 1868 3643 1925 humani.

2055 1941 2187 1998 Nam
2234 1954 2406 2002 tantas
2448 1950 2589 2003 vires
2621 1951 2710 2006 ille
2738 1952 2932 2021 habet,
2962 1966 3019 2009 ut
3060 1957 3219 2011 etiam
3261 1958 3306 2013 si
3337 1960 3472 2014 ultra
3503 1973 3649 2018 esset

2054 2048 2160 2104 quo
2181 2038 2527 2104 pertenderet
2554 2044 2768 2112 sagitta,
2798 2056 3077 2119 excuteret
3105 2050 3228 2105 illuc
3251 2054 3519 2123 sagittam.
3557 2055 3647 2112 Sic

2054 2137 2180 2181 sunt
2204 2140 2381 2183 autem
2408 2130 2503 2185 filii
2533 2148 2880 2192 excussorum
2904 2143 3204 2210 ,quomodo
3229 2156 3283 2199 et
3315 2147 3383 2201 illi
3408 2152 3644 2206 excussi.

2054 2215 2345 2284 Quaesitum
2369 2231 2451 2277 est
2480 2224 2622 2277 enim
2652 2225 2719 2281 de
2746 2228 2847 2283 hoc
2871 2230 3035 2286 verbo
3057 2234 3213 2288 etiam
3238 2237 3304 2289 ab
3327 2238 3388 2291 iis
3410 2240 3499 2309 qui
3522 2252 3646 2299 ante

2054 2309 2280 2364 nos‘ista
2312 2320 2627 2383 tractarunt,
2650 2333 2818 2387 quare
2848 2320 2943 2375 ﬁlii
2969 2338 3317 2381 excusserunt
3341 2329 3467 2385 dicti
3495 2344 3643 2402 sunt,

2058 2399 2140 2454 vel
2166 2400 2253 2471 qui
2285 2414 2409 2459 sunt
2453 2406 2780 2477 intelligendi
2810 2412 2905 2466 ﬁlii
2936 2429 3393 2486 excussoru1n;et
3423 2399 3646 2493 quibus;

2055 2492 2177 2548 dam
2211 2498 2381 2551 visum
2413 2508 2496 2554 est
2519 2543 2533 2565 ,
2558 2502 2695 2557 sicut
2724 2505 2884 2560 modo
2912 2506 3051 2575 dixi,
3088 2510 3226 2566 ﬁlios
3255 2528 3601 2572 cxcussorum
3627 2560 3643 2586 ,

2055 2583 2191 2639 ﬁlios
2220 2602 2340 2643 esse
2369 2591 2767 2659 Apostolorum.

2127 2680 2213 2734 10.
2241 2680 2482 2738 lntendat
2528 2687 2799 2755 paululum
2832 2686 3077 2746 Charitas
3105 2703 3305 2749 vestra.
3349 2697 3644 2764 Quaesitum

2054 2778 2135 2823 est
2163 2786 2329 2840 quare
2363 2778 2571 2831 excussi
2604 2778 2883 2848 Apostoli:
2915 2782 3112 2838 dictum
3146 2796 3228 2840 est
3253 2802 3280 2839 a
3304 2790 3642 2861 quibusdam,

2055 2861 2175 2917 ideo
2199 2864 2317 2920 illos
2345 2868 2637 2935 appellatos
2664 2886 2920 2927 excussos
2940 2916 2954 2939 ,
2987 2877 3107 2945 quia
3142 2882 3396 2949 prmcepit
3421 2884 3501 2936 eis
3543 2884 3646 2939 Do-

2057 2954 2257 3018 minus,
2291 2956 2355 3010 Si
2382 2959 2605 3014 exieritis
2639 2962 2702 3016 de
2742 2964 3009 3018 civitatein
3040 2984 3139 3036 qua
3166 2986 3265 3023 non
3293 2973 3505 3027 audiunt
3527 2992 3643 3043 vos,

2054 3048 2271 3101 excutite
2291 3050 2543 3119 pulverem
2566 3053 2629 3106 de
2655 3056 2863 3125 pedibus
2886 3060 3058 3112 vestris
3090 3060 3300 3129 (Matth.
3325 3079 3380 3125 x,
3412 3065 3519 3135 14).
3539 3066 3645 3122 Sed

2052 3140 2126 3193 ait
2152 3141 2317 3209 alius,
2346 3142 2459 3198 Non
2487 3160 2616 3216 ergo
2645 3148 2745 3216 ﬁlii
2783 3167 3109 3206 excussorum
3153 3154 3255 3210 dici
3302 3156 3640 3231 debuerunt,

2054 3230 2148 3285 sed
2179 3231 2272 3286 ﬁlii
2305 3234 2691 3292 excutientium
2728 3258 2741 3293 :
2772 3243 3104 3300 excutientes
3152 3248 3293 3301 enim
3346 3249 3464 3303 illos
3517 3230 3645 3307 fecit

2053 3322 2307 3381 Dominus
2336 3368 2350 3393 ,
2376 3328 2566 3397 quibus
2592 3330 2757 3397 dixit,
2796 3333 3033 3390 Excutite
3060 3340 3314 3408 pulverem
3340 3342 3404 3396 de
3435 3346 3645 3413 pedibus

2051 3418 2269 3484 vestris;
2315 3426 2421 3475 nOn
2452 3437 2728 3478 excussos.
2773 3425 3054 3484 Subtiliter
3082 3431 3295 3499 quidem
3338 3437 3489 3504 quasi
3515 3451 3644 3492 con-

2052 3508 2315 3567 tradicere
2345 3513 2511 3568 voluit
2548 3516 2875 3584 praecedenti
2920 3523 3239 3578 sententia:1
3266 3567 3281 3591 ,
3323 3525 3414 3580 illc
3457 3542 3486 3581 a
3538 3544 3644 3600 quo

2046 3599 2158 3670 jam
2197 3601 2297 3657 ista
2346 3610 2570 3660 tractata
2597 3615 2653 3662 et
2698 3606 2840 3665 dicta
2871 3622 3026 3667 erant
3059 3632 3072 3667 :
3105 3627 3473 3673 verumtamen
3520 3599 3641 3690 nos,

2052 3702 2308 3762 quantum
2335 3695 2550 3767 adjuvat
2572 3699 2853 3770 Dominus,
2874 3714 3178 3773 qum-rentes
3202 3711 3468 3776 quomodo
3496 3722 3643 3769 recte

2052 3781 2157 3838 dici
2209 3788 2478 3855 potuerint
2523 3790 2685 3845 etiam
2714 3795 2927 3849 excussi
2956 3838 2969 3861 ,
3004 3797 3195 3864 quibus
3243 3799 3317 3853 ait
3346 3801 3599 3857 Dominus
3622 3844 3639 3871 ,

2052 3873 2289 3932 Excutite
2317 3880 2570 3949 pulverem
2598 3882 2660 3935 de
2706 3884 2916 3952 pedibus
2944 3889 3117 3940 vestris
3144 3903 3163 3949 ;
3208 3888 3504 3943 invenimus
3535 3908 3641 3948 non

2051 3967 2285 4024 absurde
2314 3970 2417 4025 dici
2442 3974 2697 4040 potuisse.
2728 3976 2981 4041 Quamvis
3009 3978 3150 4031 enim
3181 3980 3279 4049 ipsi
3302 3991 3638 4051 excuterent,

2051 4072 2111 4114 se
2156 4059 2302 4129 ipsos
2330 4064 2693 4129 excutiebant.
2730 4065 2844 4121 Hoc
2872 4067 2994 4122 dico
3023 4085 3035 4120 :
3066 4070 3154 4140 qui
3185 4074 3385 4127 excutit
3412 4117 3426 4141 ,
3457 4086 3547 4131 aut
3584 4093 3644 4135 se

2051 4152 2273 4218 excutit,
2308 4162 2397 4209 aut
2420 4155 2619 4225 aliquid
2651 4157 2794 4212 aliud
2830 4175 2843 4211 :
2889 4160 2933 4213 si
2964 4160 3163 4231 aliquid
3195 4163 3335 4217 aliud
3365 4169 3599 4224 excutiat
3622 4213 3638 4238 ,

2053 4245 2329 4300 excutiens
2354 4254 2438 4301 est
2466 4289 2481 4312 ,
2508 4262 2765 4304 excussus
2793 4265 2901 4305 non
2939 4262 3021 4306 est
3046 4272 3059 4311 :
3088 4253 3133 4308 si
3174 4265 3350 4311 autem
3392 4274 3449 4313 se
3478 4275 3645 4318 excu-

2052 4336 2171 4405 tiat,
2195 4347 2249 4393 et
2275 4339 2555 4395 excutiens
2585 4351 2668 4396 est
2696 4352 2749 4397 et
2779 4346 3373 4418 excussus.lntendite;
3405 4352 3505 4408 hoc
3527 4357 3645 4426 pla-

2054 4428 2172 4484 nius
2201 4428 2376 4485 dicam
2404 4473 2419 4498 ,
2449 4432 2493 4486 si
2521 4442 2763 4503 potuero.
2792 4435 2847 4492 Si
2875 4436 3018 4492 aliud
3044 4441 3281 4496 excutiat
3306 4485 3321 4510 ,
3354 4449 3639 4504 excutiens

2053 4528 2155 4587 est,
2179 4535 2285 4577 non
2310 4537 2564 4579 excussus
2589 4525 2671 4591 ;‘si
2694 4525 2762 4583 ab
2778 4526 2883 4583 alio
2910 4531 3225 4599 excutiatur,
3254 4549 3513 4594 excussus
3538 4551 3642 4608 est,

2054 4626 2163 4667 non
2213 4614 2532 4671 excutiens:
2581 4617 2625 4671 si
2679 4628 2856 4675 autem
2904 4624 3138 4678 excutiat
3177 4626 3446 4695 seipsnm,
3484 4646 3645 4685 excu-

2054 4705 2195 4761 tiens
2223 4714 2308 4761 est
2330 4748 2345 4773 ,
2367 4708 2487 4777 quia
2518 4710 2721 4764 excutit
2748 4725 2847 4778 se;
2887 4722 2941 4767 et
2986 4729 3242 4770 excussus
3263 4758 3277 4782 ,
3312 4719 3432 4787 quia
3485 4736 3647 4775 excu-

2056 4796 2184 4850 titur
2233 4811 2264 4851 a
2307 4812 2385 4853 se.
2443 4799 2712 4866 Quaaritur
2764 4818 2892 4874 ergo
2940 4820 3074 4874 quos
3122 4810 3452 4864 excusserint
3499 4816 3646 4881 Apo-

2054 4888 2175 4943 stoli
2196 4888 2219 4941 ?
2244 4888 2436 4960 Utique
2464 4893 2672 4962 seipsos
2700 4908 2713 4946 :
2752 4909 2782 4947 a
2808 4895 3033 4965 pedibus
3061 4899 3200 4951 enim
3232 4901 3342 4954 suis
3369 4902 3644 4970 pulverem

2057 4994 2428 5040 excusserunt.
2453 4985 2558 5042 Sed
2587 4989 2661 5042 ait
2680 4988 2904 5058 aliquis:
2930 4989 3042 5044 Non
3065 5006 3125 5045 se
3152 5006 3519 5065 excusserunt,
3550 4999 3643 5054 sed

2054 5077 2356 5147 pulverem.
2377 5078 2487 5133 Hoc
2514 5080 2670 5149 plane
2684 5080 3014 5136 calumniose
3034 5081 3248 5137 dicitur.
3270 5086 3481 5141 Duobus
3501 5092 3643 5146 enim

2055 5173 2231 5229 modis
2265 5173 2493 5229 dicimus
2529 5174 2727 5244 aliquid
2769 5173 2944 5228 excuti
2974 5190 2987 5239 ;
3033 5175 3145 5230 sive
3194 5177 3322 5232 illud
3352 5182 3490 5249 quod
3522 5183 3644 5239 inde

2056 5268 2339 5335 excutitur,
2355 5268 2468 5322 sive
2486 5266 2613 5322 illud
2641 5266 2781 5321 unde
2805 5267 3091 5321 excutitur.
3117 5268 3248 5323 Nam
3274 5281 3347 5337 ct,
3376 5273 3644 5332 Excussus

2014 5390 2015 5393 η
2057 5368 2139 5415 est
2167 5359 2337 5429 pulvis
2368 5399 2383 5425 ,
2415 5358 2680 5422 dicimus;
2712 5365 2800 5422 et,
2834 5373 3058 5414 excussa
3095 5370 3177 5415 cSt
3222 5364 3405 5419 vestis.
3437 5367 3645 5422 Τειιιυιιι

2056 5451 2218 5521 aliqui
2240 5458 2295 5505 et
2322 5450 2597 5506 excutiunt
2622 5458 2826 5504 vestem
2858 5490 2872 5514 ,
2907 5460 2961 5505 et
2992 5452 3169 5506 exsilit
3201 5454 3323 5510 inde
3360 5457 3528 5525 pulvis
3552 5459 3640 5526 qui

2058 5547 2361 5601 inhaeserat.
2393 5543 2529 5612 Quid
2558 5543 2692 5599 dicis
2712 5543 2779 5599 de
2806 5544 3057 5613 pulvere?
3098 5546 3369 5602 Excussus
3406 5559 3488 5602 est
3529 5551 3644 5617 pul-

2056 5640 2158 5693 vis.
2186 5637 2323 5707 Quid
2354 5638 2488 5692 dicis
2517 5638 2584 5693 de
2622 5638 2815 5693 veste?
2844 5639 3079 5694 Excussa
3107 5650 3187 5694 est
3215 5640 3396 5695 vestis.
3426 5640 3481 5694 Si
3513 5657 3643 5711 ergo

2058 5741 2113 5789 et
2134 5730 2275 5803 quod
2303 5731 2425 5787 inde
2451 5732 2770 5788 excutiendo
2796 5731 2995 5787 exsiliit
3019 5774 3035 5799 ,
3068 5741 3122 5787 et
3151 5732 3278 5787 illud
3321 5731 3460 5786 unde
3490 5734 3637 5787 exsi-

2122 5868 2139 5900 ί
2167 5875 2268 5931 Am.
2297 5875 2348 5917 et
2371 5874 2476 5918 Mss.
2505 5875 2637 5931 post,
2673 5868 2967 5931 praecedenti
3006 5865 3491 5931 sententitetferuut,
3525 5866 3641 5929 quia

2052 5928 2161 5998 jam
2182 5927 2274 5985 ista
2298 5927 2565 5986 tractata—et
2587 5927 2719 5984 dicta
2742 5938 2879 5981 erant
2904 5944 2915 5979 :
2942 5930 3071 5993 quod
3093 5928 3219 5978 forte
3245 5928 3491 5992 glossema
3507 5927 3605 5985 est.

2697 6014 3340 6104 (Ciminum-troia.)
