4160 6436
555 411 694 470 1675

552 524 634 588 liit
653 524 795 599 quod
822 522 1108 583 inlueserat
1131 558 1146 583 ,
1175 527 1456 577 excussum
1479 508 1712 572 dicitur;
1752 517 1804 569 et
1834 505 2003 574 pulvis
2030 520 2130 561 ex-

553 635 745 681 cussus
765 625 866 681 est,
892 621 947 669 et
987 607 1227 680 Apostoli
1252 604 1461 669 excussi
1506 610 1650 658 sunt.
1679 600 1855 667 Quare
1877 612 2002 667 ergo
2031 612 2133 653 nou

553 716 799 777 dicantur
828 707 923 780 filii
950 718 1271 765 excusserunt
1302 699 1397 761 lilii
1424 696 1800 769 Apostolorum
1825 692 1847 745 ?

625 813 715 866 ll.
746 806 855 865 Sed
883 812 967 861 est
987 803 1093 863 alia
1119 797 1383 859 sententia
1411 809 1568 865 quam
1591 788 2000 862 praetermittere
2031 798 2133 840 non

552 904 835 965 debemus.
882 898 1008 957 Ideo
1035 896 1179 954 enim
1206 892 1344 953 forte
1369 889 1649 947 obscurius
1680 883 1911 955 positum
1935 889 2017 937 est
2036 920 2051 944 ,
2083 886 2140 933 ut

553 997 754 1059 multos
783 991 1084 1051 intellectus
1112 994 1355 1061 generet,
1379 992 1436 1041 et
1459 980 1681 1039 ditiores
1704 978 1719 1010 ⁸
1747 973 2026 1032 discedant
2046 970 2141 1025 ho-

554 1092 731 1149 mines
751 1130 766 1154 ,
807 1084 929 1157 quia
968 1085 1207 1143 clausum
1239 1080 1558 1134 invenerunt
1584 1069 1726 1142 quod
1754 1067 1936 1124 multis
1966 1062 2140 1119 modis

554 1180 887 1252 aperiretur,
914 1189 1073 1246 quam
1120 1172 1166 1231 si
1209 1182 1320 1225 uno
1350 1164 1511 1225 modo
1540 1170 1786 1233 apertum
1814 1157 2136 1252 invenirent.

558 1247 800 1335 Dicimus
842 1268 1020 1327 excuti
1064 1265 1225 1323 etiam
1275 1258 1495 1331 aliquid,
1529 1266 1589 1315 ut
1631 1262 1792 1313 exeat
1837 1250 1961 1308 inde
2000 1247 2142 1319 quod

558 1368 699 1427 forte
719 1363 1088 1420 absconditum
1108 1365 1209 1417 est.
1238 1354 1408 1415 Aliter
1428 1351 1571 1413 enim
1598 1348 1826 1407 dicimus
1851 1344 2029 1402 excuti
2054 1358 2143 1397 ve-

559 1468 699 1518 Stem
720 1499 735 1525 ,
766 1464 823 1511 ut
852 1451 1121 1511 excutiant
1162 1446 1286 1505 inde
1316 1444 1625 1515 pulverem;
1654 1448 1709 1495 et
1736 1439 1890 1497 aliter
1916 1436 2146 1492 dicimus

562 1551 739 1611 excuti
783 1560 993 1607 saccum
1018 1584 1031 1609 ,
1073 1552 1131 1599 ut
1162 1537 1291 1597 illud
1322 1534 1462 1606 quod
1506 1534 1650 1593 intus
1688 1529 1924 1595 latebat,
1970 1536 2142 1584 exeat.

561 1644 707 1713 Ergo
726 1640 984 1709 intelligo,
1015 1635 1227 1699 fratres,
1254 1637 1508 1701 quantum
1534 1640 1771 1695 possum,
1799 1618 1936 1713 ﬁlios
1959 1635 2149 1713 excus-

563 1710 748 1792 sorum
775 1730 1000 1785 fortasse
1026 1726 1169 1795 ipsos
1199 1719 1485 1790 Apostolus
1511 1715 1705 1780 dictos,
1741 1713 1877 1773 ﬁlios
1908 1710 2145 1780 Ριοριιι.

565 1836 762 1885 tarum.
808 1820 1090 1889 Prophetas
1132 1814 1272 1872 enim
1311 1812 1490 1867 clausa
1527 1814 1862 1865 sacramenta
1887 1814 1940 1860 et
1964 1812 2149 1873 operta

566 1914 913 1975 continebant
939 1929 951 1965 :
978 1908 1189 1969 excussi
1216 1913 1372 1970 sunt,
1406 1911 1461 1957 ut
1490 1901 1613 1957 inde
1642 1899 1921 1955 manifesta
1961 1911 2147 1967 proce-

567 2010 773 2069 derent.
811 2007 941 2062 Puta
970 2018 1097 2073 ergo
1126 1998 1442 2070 pr0phetam
1471 1994 1704 2059 dixisse,
1735 1992 1875 2049 sicut
1902 2000 1958 2046 et
1982 1989 2147 2045 dixit:

566 2102 782 2175 Agnovit
803 2099 889 2154 bos
914 2108 1249 2167 possessorem
1264 2106 1428 2153 suum,
1450 2098 1499 2149 .et
1519 2088 1696 2143 asinus
1727 2100 1948 2155 prwsepe
1960 2083 2152 2175 domini

565 2173 685 2257 sui;
728 2190 892 2245 Israel
935 2194 1103 2241 autem
1140 2199 1220 2243 me
1256 2198 1359 2238 non
1398 2179 1629 2250 cognovit
1669 2174 1804 2249 (Isai
1833 2192 1885 2242 ι,
1914 2173 2006 2244 3).
2041 2174 2151 2232 Hoc

565 2284 698 2345 mihi
730 2282 938 2339 interim
966 2278 1032 2335 ad
1065 2290 1300 2347 praesens
1321 2273 1595 2339 occurrit,
1627 2269 1767 2341 quod
1795 2268 1864 2324 de
1896 2267 2150 2338 propheta

568 2379 803 2436 dicerem
830 2393 842 2428 :
867 2374 911 2428 si
942 2370 1086 2427 aliud
1108 2368 1454 2431 occurrisset,
1483 2365 1585 2420 hoc
1610 2363 1887 2419 dixissem.
1920 2361 2031 2421 Hoc
2058 2376 2152 2415 au-

566 2480 675 2529 tem
705 2467 927 2525 audiens
958 2465 1140 2531 homo,
1168 2462 1213 2521 si
1234 2460 1448 2519 asinum
1478 2467 1532 2515 et
1560 2457 1770 2519 bovem,
1798 2463 1853 2512 et
1880 2470 2071 2525 pecora
2099 2463 2153 2510 et

564 2562 805 2633 jumenta
851 2571 969 2627 quae
1016 2552 1190 2617 videt,
1236 2547 1576 2618 cogitaverit;
1621 2544 1803 2601 nescio
1841 2543 1968 2615 quid
2011 2544 2154 2599 intus

566 2662 820 2723 tanquam
861 2650 913 2703 in
958 2645 1231 2705 involucro
1272 2643 1505 2713 positum
1534 2639 1830 2696 forinsecus
1858 2645 2153 2708 pertracta-

566 2743 676 2806 bit;
709 2740 835 2811 quid
861 2739 931 2794 ibi
959 2738 1028 2792 sit
1060 2735 1248 2793 nescit.
1284 2732 1478 2789 Asinus
1502 2742 1558 2788 et
1586 2730 1681 2788 bos
1706 2728 1904 2800 aliquid
1947 2728 2152 2800 signiﬁ-

568 2845 711 2891 cant.
756 2831 893 2901 Quid
927 2843 1055 2900 ergo
1085 2827 1280 2883 dicitur
1304 2824 1505 2885 homini
1532 2824 1643 2893 jam
1672 2822 2022 2893 pronuntiare
2052 2835 2149 2877 vo-

568 2927 735 2985 lenti?
769 2926 1060 2995 Exspecta;
1092 2921 1330 2977 clausum
1358 2927 1442 2975 est
1465 2916 1605 2987 quod
1633 2920 1824 2987 tangis,
1853 2923 2042 2970 excute
2072 2915 2155 2969 in-

568 3020 850 3077 volucrum
885 3033 897 3069 :
932 3012 1199 3084 Propheta
1254 3008 1436 3071 nescio
1478 3006 1606 3078 quid
1651 3006 1756 3061 illis
1804 3004 2154 3061 velaminibus

568 3112 845 3168 nominum
872 3107 1033 3172 texit;
1058 3113 1112 3161 et
1136 3104 1316 3163 nescio
1337 3115 1494 3172 quem
1520 3101 1753 3165 asinum,
1790 3100 1973 3157 nescio
1993 3113 2152 3169 quem

566 3206 760 3263 bovem
807 3198 1089 3271 signiﬁcat.
1136 3196 1268 3251 Nam
1296 3194 1477 3251 asinus
1504 3194 1560 3249 in
1587 3192 1751 3262 ﬁgura
1795 3191 1974 3262 populi
2023 3191 2149 3255 Dei,

567 3296 861 3371 iumentum
910 3291 1001 3347 Dei
1044 3297 1157 3353 est,
1190 3297 1405 3358 portans
1446 3299 1713 3345 sessorem
1763 3285 2045 3341 Dominum
2088 3299 2155 3339 ne

569 3395 713 3443 erret
740 3385 790 3438 in
822 3383 906 3438 via
932 3399 944 3437 :
970 3391 1024 3437 et
1052 3382 1148 3435 bos
1176 3378 1265 3435 ille
1292 3377 1362 3434 de
1388 3392 1497 3447 quo
1526 3376 1655 3431 dicit
1684 3376 2003 3445 Apostolus,
2032 3374 2155 3429 Boni

570 3478 827 3534 trituranti
856 3492 913 3535 os
938 3491 1040 3528 non
1064 3471 1363 3543 infrenabis.
1394 3467 1662 3539 Numquid
1704 3467 1767 3522 de
1803 3465 1959 3520 bobus
2000 3467 2153 3535 perti-

571 3580 653 3626 net
683 3570 749 3623 ad
778 3567 964 3632 Deum,
983 3564 1148 3619 dixit?
1176 3562 1278 3617 Sed
1304 3569 1509 3632 propter
1532 3576 1623 3617 nos
1651 3558 1925 3627 Scriptura
1956 3558 2081 3612 dicit
2109 3558 2151 3629 (Ι

572 3662 689 3717 Cor.
714 3676 788 3725 1x,
814 3659 867 3723 9,
896 3656 1005 3727 l0).
1034 3653 1221 3713 Omnis
1242 3667 1372 3722 ergo
1392 3650 1483 3720 qui
1514 3648 1767 3720 pradicet
1788 3649 2010 3705 verbum
2039 3649 2153 3715 Dei,

570 3762 776 3817 monet,
806 3750 1070 3821 obiurgat,
1096 3754 1290 3812 terret;
1319 3744 1535 3803 tritural
1558 3757 1764 3808 aream,
1792 3749 1850 3798 et
1878 3742 2030 3797 bovis
2058 3742 2155 3797 im.

568 3848 683 3921 plet
709 3838 1241 3900 ofiicium.Veniebat
1270 3837 1366 3895 bos
1392 3836 1461 3892 de
1482 3844 1640 3907 gente
1668 3834 2007 3901 Judaeorum;
2034 3834 2156 3890 inde

571 3943 713 3997 enim
761 3936 1143 4009 prmdicatores
1190 3929 1431 4002 Apostoli
1460 3948 1473 3986 :
1503 3928 1754 3987 veniebat
1788 3938 1844 3985 et
1878 3929 2061 3985 asinus
2089 3930 2157 3985 de

568 4042 729 4105 gente
758 4026 1022 4100 praeputii,
1050 4025 1105 4081 id
1132 4032 1216 4087 est
1237 4037 1267 4077 a
1290 4022 1569 4083 Gentibus.
1593 4021 1747 4077 Venit
1772 4021 1916 4076 enim
1944 4030 2002 4075 ut
2029 4036 2154 4091 pm-

571 4133 711 4179 taret
737 4122 1016 4177 Dominum
1044 4136 1059 4174 :
1089 4124 1145 4174 et
1173 4117 1295 4174 ideo
1321 4115 1375 4171 in
1405 4114 1559 4175 asino
1586 4114 1725 4171 sedit
1753 4114 2036 4179 Dominus,
2068 4115 2155 4184 qui

572 4229 843 4285 nunquam
892 4218 1198 4283 portaverat
1240 4207 1543 4272 hominem;
1590 4205 1841 4276 quoniam
1868 4204 1935 4259 ad
1961 4203 2159 4260 Gentes

573 4305 683 4363 Lex
716 4319 819 4357 non
850 4312 963 4358 erat
993 4301 1173 4367 missa,
1206 4314 1306 4355 nec
1334 4298 1638 4368 Prophetas.
1666 4297 1808 4367 Ergo
1832 4298 1955 4368 quia
1977 4296 2158 4353 Domi-

574 4411 679 4453 nus
705 4402 888 4448 noster
913 4392 1067 4447 Jesus
1090 4389 1335 4447 Christus
1366 4389 1564 4449 cibaria
1606 4398 1788 4444 nostra
1816 4386 1984 4442 voluit
2007 4401 2127 4443 esse
2143 4427 2156 4454 ,

576 4498 633 4545 et
662 4493 943 4558 propterea
963 4490 1118 4538 natus
1142 4481 1197 4536 in
1224 4480 1483 4550 praesepio
1504 4479 1799 4537 collocatus
1823 4486 1906 4534 est
1926 4494 1940 4542 ;
1964 4476 2163 4548 Cogno-

574 4581 645 4638 vit
672 4580 758 4635 bos
790 4588 1122 4647 possessorem
1141 4587 1310 4640 suum,
1336 4580 1381 4625 et
1398 4571 1570 4626 asinus
1590 4585 1813 4640 pra-sepe
1834 4568 2040 4625 Domini
2060 4570 2156 4624 sui.

573 4671 682 4730 Sed
727 4664 983 4737 numquid
1027 4665 1126 4720 ista
1155 4663 1399 4728 exirent,
1440 4660 1541 4719 nisi
1568 4675 1755 4717 saccus
1783 4660 2162 4717 excuteretur?

574 4762 689 4820 Nisi
727 4757 1005 4831 prophetia
1034 4755 1290 4821 involuta,
1320 4753 1610 4815 accedente
1635 4752 1902 4825 diligentia
1932 4752 2162 4808 discute.

574 4865 760 4919 retur,
794 4848 1049 4920 numquid
1078 4854 1265 4918 operta
1295 4846 1506 4904 exirent
1530 4843 1608 4903 ,ad
1641 4844 1774 4901 nos?
1816 4843 2006 4899 Omnia
2036 4858 2163 4914 ergo

574 4948 679 5005 ista
706 4946 887 5005 clausa
908 4949 1097 5007 erant,
1126 4947 1413 5010 antequam
1450 4938 1658 4994 veniret
1696 4937 1973 4995 Dominus.
2012 4936 2166 4994 Venit

514 5082 516 5087 λ
575 5036 835 5093 Dominus
866 5043 920 5089 et
944 5032 1180 5089 excussit
1205 5028 1296 5089 illa
1327 5028 1528 5096 clausa,
1554 5036 1614 5085 et
1640 5026 1974 5091 manifestata
2004 5036 2162 5096 sunt;

579 5128 788 5183 excussi
835 5134 956 5180 sunt
1001 5120 1318 5194 Prophetas,
1366 5129 1420 5179 et
1462 5120 1702 5190 generati
1746 5127 1873 5179 sunt
1902 5118 2162 5189 Apostoli.

579 5220 714 5288 Quia
736 5234 860 5289 ergo
886 5216 1122 5275 excussis
1154 5213 1439 5286 Prophetis
1465 5213 1702 5287 generati
1733 5220 1855 5273 sunt
1876 5254 1892 5281 ,
1925 5212 2163 5283 Apostoli

578 5309 674 5365 lilii
714 5316 838 5362 sunt
874 5321 1248 5365 excussorum.
1291 5304 1396 5375 Ipsi
1438 5304 1491 5359 in
1533 5319 1691 5361 manu
1735 5303 1966 5375 potentis
2008 5304 2165 5373 positi

580 5408 835 5469 tanquam
866 5396 1069 5468 sagittze
1090 5436 1105 5462 ,
1149 5403 1505 5467 pervenerunt
1535 5411 1703 5466 usque
1732 5394 1786 5451 in
1818 5394 1951 5452 ﬁnes
1982 5403 2160 5451 terrae.

574 5491 743 5549 'Unde
772 5488 877 5544 dici
904 5486 1063 5543 habet
1087 5486 1141 5542 in
1168 5487 1307 5543 ﬁne:
1332 5486 1468 5542 Ecce
1494 5487 1762 5543 hcereditas
1788 5486 2014 5556 Domini,
2047 5489 2164 5558 ﬁlii,

584 5601 774 5640 merces
800 5587 995 5657 fructus
1024 5582 1228 5637 ventris.
1256 5578 1389 5648 Quia
1413 5580 1533 5637 ideo
1558 5580 1626 5636 de
1654 5580 1852 5637 ﬁnibus
1878 5590 2032 5638 terra:
2054 5583 2167 5637 cole

582 5678 765 5749 ligitur
796 5678 893 5732 ista
922 5674 1205 5733 hmreditas
1231 5692 1245 5729 :
1267 5672 1412 5744 quia,
1442 5673 1589 5730 Sicut
1609 5676 1807 5746 sagittae
1830 5675 1884 5729 in
1904 5692 2058 5730 manu
2079 5693 2171 5747 po-

585 5771 732 5825 tentis
753 5812 767 5837 ,
800 5770 871 5825 sic
900 5768 996 5839 ﬁlii
1020 5781 1382 5832 excussorum;
1411 5765 1462 5821 id
1501 5776 1583 5823 est
1604 5808 1618 5834 ,
1658 5767 1752 5823 lilii
1784 5766 2170 5839 Prophetarum

649 5887 667 5918 ί
693 5885 826 5938 Alter
849 5898 879 5939 e
896 5885 1034 5941 εστι).
1054 5891 1185 5951 διεδ..
1208 5879 1464 5938 deuiam.

1784 391 1841 445 S.
1884 383 2248 447 AUGUSTINI
2278 386 2580 445 EPISCOPI

3699 384 3855 443 1676

2242 505 2485 575 Apostoli
2525 505 2745 563 fuerunt
2773 507 2921 577 quasi
2952 506 3161 577 sagittae
3191 504 3244 563 in
3268 518 3431 560 manu
3460 504 3725 575 potentis.
3779 502 3851 561 Si

2243 605 2435 667 pOlens
2462 598 2550 652 ille
2572 640 2586 665 ,
2622 607 2868 667 potenter
2893 598 3167 662 excussit;
3199 597 3245 652 si
3287 606 3533 667 potenter
3558 597 3807 652 excussit
3832 636 3849 661 ,

2243 704 2413 760 usque
2441 692 2494 745 in
2525 691 2657 749 lines
2687 702 2841 748 terra
2868 700 3227 762 pervenerunt
3253 705 3388 762 quos
3410 690 3671 745 excussit.

2314 782 2400 837 ﬁ.
2436 781 2588 854 [vers.
2612 781 2691 855 5.]
2734 782 2920 841 Beatus
2947 784 3098 839 homo
3130 785 3218 853 qui
3258 784 3482 853 implevit
3526 781 3857 836 desiderium

2242 889 2393 933 suum
2415 890 2478 930 ea:
2502 877 2593 931 eis.
2623 874 2737 939 Eia.
2766 873 2958 933 fratres
2987 876 3129 943 mei,
3162 875 3280 945 quis
3306 874 3479 945 replet
3503 873 3853 929 desiderium

2243 978 2401 1027 suum
2428 981 2496 1023 ex
2524 966 2635 1023 eis?
2662 965 2764 1033 Qui
2795 981 2899 1023 non
2931 975 3076 1022 amat
3103 965 3380 1022 saeculum.
3424 965 3527 1032 Qui
3564 963 3856 1019 desiderio

2245 1060 2432 1122 saeculi
2466 1060 2656 1130 plenus
2681 1070 2781 1127 est,
2813 1076 2920 1117 non
2942 1070 3023 1117 est
3044 1076 3151 1131 quo
3173 1061 3335 1115 intret
3358 1059 3499 1130 quod
3526 1059 3601 1113 illi
3634 1057 3857 1129 praedi-

2246 1163 2524 1215 caverunt.
2550 1153 2734 1211 Funde
2762 1153 2905 1224 quod
2952 1164 3168 1224 portas,
3202 1163 3257 1209 et
3293 1168 3459 1223 capax
3499 1153 3630 1209 ﬁere
3669 1151 3744 1207 ad
3793 1150 3857 1206 id

2247 1244 2389 1316 quod
2414 1260 2518 1300 non
2552 1244 2738 1303 habes.
2765 1245 2820 1303 ld
2847 1255 2950 1310 est,
2972 1245 3245 1301 desideras
3272 1246 3515 1311 divitias;
3547 1260 3657 1300 non
3684 1254 3857 1315 potes

2250 1339 2468 1409 implere
2498 1355 2562 1397 ex
2588 1340 2666 1397 eis
2694 1339 3019 1395 desiderium
3060 1350 3205 1394 tuum
3233 1358 3245 1393 :
3272 1339 3553 1395 desideras
3600 1340 3857 1395 honores

2249 1429 2303 1485 in
2333 1440 2501 1498 terra,
2538 1431 2810 1488 desideras
2846 1447 2909 1487 ea
2951 1448 3069 1502 qua:
3117 1433 3276 1493 etiam
3312 1433 3570 1501 iumentis
3613 1432 3862 1487 donavit

2252 1521 2412 1587 Deus,
2444 1522 2545 1583 hoc
2587 1531 2670 1583 est
2714 1523 3041 1596 voluptatem
3087 1525 3460 1593 temporalem,
3508 1534 3561 1580 et
3608 1525 3859 1580 salutem

2250 1613 2509 1681 corporis,
2541 1623 2597 1677 et
2644 1614 2797 1678 talia;
2830 1630 2935 1671 non
2981 1632 3046 1670 ex
3089 1616 3168 1670 eis
3208 1616 3456 1685 impiebis
3506 1616 3859 1671 desiderium

2250 1712 2420 1761 tuum.
2454 1702 2508 1758 Si
2535 1714 2711 1765 autem
2734 1706 2812 1762 sic
2836 1705 3110 1762 desideras
3132 1751 3145 1775 ,
3173 1707 3440 1777 quomodo
3470 1723 3665 1762 cervus
3697 1707 3861 1760 desi-

2251 1793 2403 1851 derat
2426 1795 2492 1850 ad
2518 1794 2692 1855 fontes
2717 1812 2970 1867 aquarum
2998 1795 3170 1869 (Psal.
3202 1814 3271 1862 ιι,
3297 1797 3384 1869 2;;
3420 1799 3460 1852 si
3490 1798 3658 1861 dicis,
3696 1797 3861 1853 Desi—

2254 1886 2394 1943 derat
2414 1897 2459 1943 et
2481 1888 2647 1956 deﬁcit
2665 1890 2834 1945 anima
2852 1906 2961 1944 mea
2977 1890 3029 1943 in
3050 1891 3183 1943 atria
3200 1888 3405 1943 Domini
3424 1888 3599 1961 (Psal.
3616 1906 3724 1944 axx
3738 1905 3859 1955 un,

2254 1976 2317 2049 3)
2351 1993 2362 2029 :
2394 1976 2582 2053 imples
2622 1977 2946 2035 desiderium
2990 1988 3135 2037 tuum
3176 1994 3243 2033 ex
3278 1980 3387 2045 eis;
3418 1996 3522 2034 nun
3563 1981 3697 2049 quia
3748 1980 3863 2049 jam

2255 2065 2328 2120 illi
2373 2076 2602 2137 possunt
2632 2068 2735 2129 tale
2766 2068 3088 2127 desiderium
3132 2070 3352 2140 implere
3373 2112 3386 2134 ,
3420 2071 3514 2127 sed
3545 2072 3691 2127 tales
3727 2073 3861 2126 imi-

2255 2157 2416 2213 tando
2445 2159 2595 2219 venis
2614 2158 2683 2214 ad
2709 2176 2828 2216 eum
2856 2161 2945 2231 qui
2972 2161 3211 2232 implevit
3230 2162 3551 2218 desiderium
3577 2168 3863 2233 ipsorum.

2326 2252 2412 2306 15.
2449 2250 2570 2306 Non
2613 2253 2974 2324 confundetur,
3002 2271 3117 2310 cum
3156 2254 3384 2326 loquetur
3410 2257 3627 2311 inimicis
3656 2258 3776 2311 suis
3810 2259 3863 2311 in

2253 2353 2424 2417 porta.
2457 2342 2693 2414 Fratres,
2728 2346 2779 2400 in
2803 2354 2955 2416 porta
2982 2347 3281 2417 loquamur,
3314 2348 3369 2403 id
3399 2358 3500 2414 est,
3528 2365 3733 2405 omnes
3764 2366 3866 2407 no-

2255 2437 2425 2493 verint
2468 2436 2594 2507 quid
2642 2438 2941 2509 loquamur.
2988 2438 3090 2506 Qui
3135 2440 3277 2496 enim
3313 2455 3420 2495 non
3462 2442 3570 2501 vult
3612 2442 3775 2512 loqui
3811 2444 3863 2497 in

2258 2536 2436 2601 porta,
2464 2527 2629 2584 latere
2651 2530 2763 2585 vult
2782 2530 2923 2599 quod
2946 2530 3205 2601 loquitur;
3239 2540 3293 2587 et
3318 2532 3452 2589 forte
3482 2533 3605 2589 ideo
3630 2534 3757 2588 vult
3788 2534 3868 2589 la-

2256 2626 2390 2687 tere,
2417 2620 2537 2690 quia
2561 2620 2756 2679 malum
2787 2631 2889 2679 est.
2920 2622 2974 2678 Si
2998 2622 3132 2690 ﬁdit,
3162 2626 3214 2679 in
3241 2632 3395 2694 porta
3426 2625 3718 2696 loquatur;
3754 2626 3868 2682 sic-

2258 2719 2315 2765 ut
2341 2710 2535 2769 dicitur
2562 2710 2630 2766 de
2657 2710 2929 2782 Sapientia
2956 2732 2969 2768 z
2995 2712 3059 2770 In
3088 2718 3246 2784 portis
3265 2727 3437 2771 autem
3462 2717 3739 2772 civitatum
3766 2735 3868 2774 au-

2256 2800 2430 2858 denter
2456 2802 2576 2858 dicit
2606 2802 2785 2875 (Prov.
2812 2820 2899 2860 vui
2920 2847 2935 2873 ,
2962 2805 3039 2879 5).
3071 2805 3281 2873 Quanto
3312 2817 3553 2879 tempore
3575 2809 3864 2880 justitiam

2258 2896 2569 2953 innocentes
2617 2899 2919 2965 tenuerint,
2951 2913 3057 2954 non
3098 2899 3463 2956 erubescent:
3509 2901 3612 2957 hoc
3663 2912 3761 2958 est
3812 2904 3865 2959 in

2258 2995 2408 3059 porta
2441 2988 2749 3058 praedicare.
2795 2990 2864 3045 Et
2892 2992 3012 3061 quis
3038 2998 3120 3048 est
3146 2993 3235 3063 qui
3269 2994 3522 3063 praedicat
3552 2996 3609 3049 in
3654 2996 3869 3066 porta?

2258 3078 2359 3147 Qui
2388 3080 2640 3149 praedicat
2665 3081 2717 3136 in
2739 3081 2983 3148 Christo;
3026 3084 3151 3154 quia
3176 3083 3421 3141 Christus
3449 3096 3532 3143 est
3561 3095 3720 3156 porta
3754 3103 3867 3159 qua

2258 3170 2518 3227 intramus
2564 3172 2630 3226 ad
2677 3172 2819 3233 illam
2866 3173 3157 3231 civitatem.
3204 3175 3452 3243 Mentior,
3489 3177 3537 3233 si
3579 3194 3688 3233 non
3744 3180 3869 3252 ipse

2262 3263 2415 3335 dixit,
2450 3265 2560 3336 Ego
2584 3283 2695 3321 sum
2724 3269 2884 3337 ianua
2917 3268 3092 3341 (Joan.
3125 3286 3155 3323 x
3182 3312 3195 3333 ,
3224 3270 3257 3325 9
3279 3271 3318 3341 ).
3351 3269 3405 3325 Si
3443 3270 3605 3342 janua
3633 3284 3724 3329 est
3746 3318 3763 3340 ,
3814 3286 3869 3330 et

2260 3366 2413 3427 porta
2440 3368 2544 3414 est.
2573 3359 2739 3415 Janua
2770 3361 2913 3421 enim
2944 3361 3138 3417 dicitur
3162 3361 3385 3427 domus;
3411 3363 3575 3433 janua
3618 3365 3868 3423 civitatis

2264 3460 2418 3523 porta
2442 3462 2543 3520 est,
2577 3464 2723 3523 porta
2750 3454 2939 3513 domus
2963 3456 3123 3525 janua
3149 3464 3252 3511 est.
3284 3455 3389 3511 Sed
3412 3457 3547 3513 forte
3573 3475 3677 3514 non
3714 3461 3867 3517 bene

2267 3541 2465 3601 dicitur
2487 3554 2658 3613 porta,
2689 3545 2732 3600 si
2754 3562 2858 3601 non
2882 3545 3020 3601 bene
3040 3545 3235 3601 dicitur
3252 3547 3438 3603 civitas
3459 3565 3576 3618 quae
3596 3550 3749 3605 dicta
3778 3562 3868 3609 est

2260 3632 2475 3693 domus.
2506 3634 2800 3705 Utrumque
2827 3636 2971 3693 enim
3015 3638 3173 3707 paulo
3198 3650 3322 3695 ante
3346 3639 3546 3696 dictum
3572 3652 3657 3697 est
3688 3662 3702 3697 :
3739 3643 3867 3699 Nisi

2262 3725 2510 3783 Dominus
2552 3729 2875 3798 ludiﬁcaverit
2921 3730 3157 3796 domum,
3198 3732 3254 3786 in
3280 3748 3465 3789 vanum
3494 3735 3867 3793 laboraverunt

2260 3817 2569 3887 aediﬁcantes
2596 3835 2738 3883 eam;
2769 3827 2823 3875 et
2867 3836 2934 3876 ne
2975 3821 3132 3875 istam
3169 3821 3386 3879 domum
3418 3824 3686 3881 audiendo
3727 3842 3862 3897 par-

2261 3924 2384 3965 vum
2406 3909 2605 3980 aliquid
2636 3918 2872 3979 putares,
2902 3910 3017 3966 Nisi
3041 3911 3313 3980 Dominus,
3346 3916 3534 3985 inquit,
3560 3918 3865 3973 custodierit

2262 4002 2530 4071 civitatem,
2557 4003 2609 4057 in
2638 4018 2819 4061 vanum
2845 4003 3091 4059 laboravit
3113 4006 3200 4075 qui
3228 4006 3444 4061 custodit
3472 4024 3599 4063 eam.
3634 4009 3734 4064 illa
3776 4018 3862 4067 est

2265 4108 2395 4164 ergo
2426 4093 2616 4150 domus
2643 4110 2762 4164 qua:
2791 4104 2874 4151 est
2899 4096 3110 4155 civitas.
3144 4096 3258 4167 ipsa
3287 4114 3414 4169 ergo
3447 4099 3607 4155 habet
3630 4100 3860 4171 januant

2266 4194 2513 4257 tanquam
2562 4186 2786 4254 delrius,
2815 4196 2869 4242 et
2915 4187 3074 4245 habet
3120 4201 3324 4261 portam
3358 4200 3607 4263 tanquam
3638 4196 3857 4257 civitas.

2264 4278 2365 4347 Qui
2394 4290 2475 4335 est
2500 4294 2629 4348 ergo
2654 4279 2812 4349 ianua
2841 4280 3033 4337 domus
3056 4324 3071 4348 ,
3103 4282 3220 4352 ipse
3263 4293 3343 4339 est
3390 4293 3544 4354 porta
3594 4287 3857 4346 civitatis.

2266 4371 2406 4442 Ergo
2429 4372 2471 4428 si
2499 4370 2740 4429 Christus
2768 4381 2916 4441 porta
2939 4373 3189 4439 civitatis,
3218 4376 3304 4432 ille
3330 4391 3439 4431 non
3460 4378 3739 4436 erubescit
3764 4374 3859 4453 qm

2268 4462 2319 4523 in
2357 4458 2570 4521 Christo
2612 4471 2744 4527 stat,
2774 4471 2828 4518 et
2870 4464 2947 4521 sic
2994 4465 3269 4534 praedicat.
3299 4466 3400 4532 Qui
3445 4479 3624 4523 autem
3664 4478 3857 4527 contra

2267 4551 2533 4609 Christum
2563 4551 2835 4621 prmdicat,
2863 4555 3129 4619 clauditur
3158 4566 3341 4613 contra
3370 4559 3516 4613 illum
3546 4571 3718 4630 porta.
3750 4563 3855 4632 Qui

2269 4651 2395 4701 sunt
2425 4643 2501 4696 illi
2528 4645 2618 4713 qui
2648 4653 2835 4699 contra
2861 4644 3130 4707 Christum
3165 4648 3493 4718 praedicant?
3518 4651 3619 4719 Qui
3658 4663 3857 4723 negant

2269 4738 2391 4808 quia
2414 4736 2591 4791 missa:
2611 4746 2735 4803 sunt
2753 4738 2955 4809 sagitta:
2979 4737 3045 4797 de
3066 4755 3225 4799 manu
3250 4744 3499 4811 potentis,
3519 4753 3575 4799 et
3597 4760 3857 4815 pervene-

2270 4838 2394 4886 runt
2422 4846 2588 4900 usque
2613 4829 2665 4883 in
2695 4829 2827 4886 ﬂues
2868 4839 3053 4897 terrai;
3084 4840 3141 4889 et
3174 4834 3288 4902 ipsa
3316 4842 3401 4891 est
3428 4836 3715 4895 liter-editas
3745 4838 3854 4892 Do—

2270 4925 2437 4991 mini,
2477 4924 2546 4981 de
2573 4939 2676 4995 qua
2714 4923 2914 4983 dictum
2953 4934 3071 4993 est,
3105 4925 3320 4983 Postulo
3342 4943 3379 4983 α
3404 4944 3503 4997 nu,
3533 4938 3583 4984 et
3606 4928 3738 4985 dele
3769 4932 3858 4985 tibi

2272 5026 2441 5090 gentes
2469 5015 2810 5077 Meditata»
2841 5024 2978 5077 tuam
2995 5057 3009 5083 ,
3039 5025 3085 5073 et
3119 5019 3485 5088 possessionem
3511 5028 3655 5077 tu.
3678 5022 3858 5079 ηδ

2272 5124 2367 5164 nos
2396 5117 2543 5163 terra:
2568 5105 2737 5179 (Psal.
2762 5123 2821 5176 ll,
2848 5104 2926 5181 8).
2955 5108 3308 5173 Praedicath
3335 5118 3453 5180 est,
3480 5110 3853 5183 auditurum,

2274 5211 2557 5272 antequam
2597 5199 2779 5267 ﬁeret;
2811 5209 2867 5257 et
2901 5201 3011 5271 iam
3062 5200 3265 5261 facmm
3310 5205 3498 5261 nolunt
3542 5220 3835 5277 agnoscere

2275 5296 2374 5363 Qui
2416 5294 2689 5365 disputant
2725 5308 2857 5365 ergo
2898 5302 3083 5357 contra
3118 5295 3428 5366 Christum,
3456 5308 3609 5369 extra
3646 5308 3831 5372 passas

2276 5396 2429 5454 sunt;
2461 5387 2585 5459 quia
2616 5400 2742 5447 suos
2768 5385 3001 5444 honores
3039 5398 3284 5459 quamuis
3306 5430 3322 5455 ,
3344 5402 3452 5447 non

2278 5490 2457 5537 autem
2505 5478 2759 5550 praedicat
2796 5479 2848 5534 iu
2888 5489 3077 5550 porta,
3106 5478 3306 5548 Christi
3346 5482 3854 5556 bonum“,

2278 5591 2383 5632 non
2412 5587 2596 5640 suum;
2628 5580 2683 5628 et
2711 5571 2831 5631 ideo
2858 5572 2948 5644 qui
2978 5573 3306 5643 praedicatio
3332 5582 3487 5647 porta
3508 5619 3525 5645 ,
3544 5576 3682 5633 dicit
3707 5595 3723 5632 :
3746 5575 3857 5633 Nec

2278 5668 2371 5724 lite
2417 5668 2470 5724 in
2516 5680 2604 5723 me
2652 5680 3009 5737 praesumere;
3038 5680 3143 5722 non
3172 5667 3317 5724 enim
3356 5681 3455 5738 per
3486 5684 3577 5724 me
3601 5711 3616 5737 ,
3646 5668 3741 5724 sed
3766 5674 3861 5739 per

2280 5767 2489 5830 portam
2529 5756 2815 5812 intrabitis.
2856 5755 2939 5811 Illi
2980 5766 3159 5813 autem
3191 5758 3281 5830 qni
3310 5757 3495 5819 volunt
3525 5759 3768 5815 homines
3807 5760 3857 5813 in

2294 5850 2501 5921 seipsos
2547 5862 2871 5920 praesumere
2891 5890 2905 5917 ,
2937 5848 3121 5906 nolunt
3149 5864 3239 5933 eos
3262 5849 3463 5915 iuuare
3488 5864 3588 5924 per
3612 5857 3861 5925 partem:
