  <div class='ocr_page' id='page_1' title='image "/cluster/home/n/w/nwhite01/storage/ocr_20150623/37/uva.x000827106/336.png"; bbox 0 0 4160 6440; ppageno 0'>
   <div class='ocr_carea' id='block_1_1' title="bbox 361 405 498 468">
    <p class='ocr_par' dir='ltr' id='par_1_1' title="bbox 361 405 498 468">
     <span class='ocr_line' id='line_1_1' title="bbox 361 405 498 468; baseline -0.044 0"><span class='ocrx_word' id='word_1_1' title='bbox 361 405 498 468; x_wconf 77' lang='grc'><strong>1677</strong></span> 
     </span>
    </p>
   </div>
   <div class='ocr_carea' id='block_1_2' title="bbox 357 519 1949 596">
    <p class='ocr_par' dir='ltr' id='par_1_2' title="bbox 357 519 1949 596">
     <span class='ocr_line' id='line_1_2' title="bbox 357 519 1949 596; baseline -0.001 -16"><span class='ocrx_word' id='word_1_2' title='bbox 357 537 464 580; x_wconf 92' lang='lat' dir='ltr'><strong>non</strong></span> <span class='ocrx_word' id='word_1_3' title='bbox 494 523 691 577; x_wconf 88' lang='lat' dir='ltr'><strong>mirum</strong></span> <span class='ocrx_word' id='word_1_4' title='bbox 721 519 766 579; x_wconf 91' lang='lat' dir='ltr'><strong>si</strong></span> <span class='ocrx_word' id='word_1_5' title='bbox 796 520 1059 578; x_wconf 75' lang='lat' dir='ltr'><strong>clauditur</strong></span> <span class='ocrx_word' id='word_1_6' title='bbox 1100 531 1286 580; x_wconf 88' lang='lat' dir='ltr'><strong>contra</strong></span> <span class='ocrx_word' id='word_1_7' title='bbox 1330 521 1450 578; x_wconf 93' lang='lat' dir='ltr'><strong>illos</strong></span> <span class='ocrx_word' id='word_1_8' title='bbox 1488 532 1643 596; x_wconf 91' lang='lat' dir='ltr'><strong>porta</strong></span> <span class='ocrx_word' id='word_1_9' title='bbox 1665 566 1679 593; x_wconf 96' lang='lat'><strong>,</strong></span> <span class='ocrx_word' id='word_1_10' title='bbox 1713 533 1766 578; x_wconf 90' lang='lat' dir='ltr'><strong>et</strong></span> <span class='ocrx_word' id='word_1_11' title='bbox 1794 523 1949 578; x_wconf 79' lang='lat' dir='ltr'><strong>otiosi</strong></span> 
     </span>
    </p>
   </div>
   <div class='ocr_carea' id='block_1_3' title="bbox 357 613 1947 688">
    <p class='ocr_par' dir='ltr' id='par_1_3' title="bbox 357 613 1947 688">
     <span class='ocr_line' id='line_1_3' title="bbox 357 613 1947 688; baseline 0.001 -19"><span class='ocrx_word' id='word_1_12' title='bbox 357 613 577 688; x_wconf 87' lang='lat' dir='ltr'><strong>pulsant</strong></span> <span class='ocrx_word' id='word_1_13' title='bbox 604 622 661 669; x_wconf 90' lang='lat' dir='ltr'><strong>ut</strong></span> <span class='ocrx_word' id='word_1_14' title='bbox 685 615 974 684; x_wconf 90' lang='lat' dir='ltr'><strong>aperiatur.</strong></span> <span class='ocrx_word' id='word_1_15' title='bbox 1021 613 1278 671; x_wconf 89' lang='lat' dir='ltr'><strong>Adestote</strong></span> <span class='ocrx_word' id='word_1_16' title='bbox 1311 629 1439 685; x_wconf 88' lang='lat' dir='ltr'><strong>ergo</strong></span> <span class='ocrx_word' id='word_1_17' title='bbox 1469 616 1648 670; x_wconf 91' lang='lat' dir='ltr'><strong>animo</strong></span> <span class='ocrx_word' id='word_1_18' title='bbox 1669 657 1683 681; x_wconf 91' lang='lat'><strong>,</strong></span> <span class='ocrx_word' id='word_1_19' title='bbox 1718 617 1910 680; x_wconf 80' lang='lat' dir='ltr'><strong>fratres</strong></span> <span class='ocrx_word' id='word_1_20' title='bbox 1932 657 1947 682; x_wconf 91' lang='lat'><strong>,</strong></span> 
     </span>
    </p>
   </div>
   <div class='ocr_carea' id='block_1_4' title="bbox 355 706 1955 778">
    <p class='ocr_par' dir='ltr' id='par_1_4' title="bbox 355 706 1955 778">
     <span class='ocr_line' id='line_1_4' title="bbox 355 706 1955 778; baseline 0 -14"><span class='ocrx_word' id='word_1_21' title='bbox 355 709 518 765; x_wconf 89' lang='lat' dir='ltr'><strong>etiam</strong></span> <span class='ocrx_word' id='word_1_22' title='bbox 549 715 768 778; x_wconf 79' lang='lat' dir='ltr'><strong>propter</strong></span> <span class='ocrx_word' id='word_1_23' title='bbox 794 706 1086 762; x_wconf 86' lang='lat' dir='ltr'><strong>crastinum</strong></span> <span class='ocrx_word' id='word_1_24' title='bbox 1113 720 1418 762; x_wconf 87' lang='lat' dir='ltr'><strong>sermonem</strong></span> <span class='ocrx_word' id='word_1_25' title='bbox 1439 748 1455 776; x_wconf 94' lang='lat'><strong>,</strong></span> <span class='ocrx_word' id='word_1_26' title='bbox 1503 721 1571 762; x_wconf 91' lang='lat' dir='ltr'><strong>ex</strong></span> <span class='ocrx_word' id='word_1_27' title='bbox 1595 715 1778 772; x_wconf 85' lang='lat' dir='ltr'><strong>nostra</strong></span> <span class='ocrx_word' id='word_1_28' title='bbox 1808 707 1955 778; x_wconf 89' lang='lat' dir='ltr'><strong>polli-</strong></span> 
     </span>
    </p>
   </div>
   <div class='ocr_carea' id='block_1_5' title="bbox 354 797 1953 869">
    <p class='ocr_par' dir='ltr' id='par_1_5' title="bbox 354 797 1953 869">
     <span class='ocr_line' id='line_1_5' title="bbox 354 797 1953 869; baseline 0.001 -14"><span class='ocrx_word' id='word_1_29' title='bbox 354 799 647 867; x_wconf 74' lang='lat' dir='ltr'><strong>citatione,</strong></span> <span class='ocrx_word' id='word_1_30' title='bbox 680 797 963 869; x_wconf 87' lang='lat' dir='ltr'><strong>adjuvante</strong></span> <span class='ocrx_word' id='word_1_31' title='bbox 1004 799 1266 866; x_wconf 89' lang='lat' dir='ltr'><strong>Domino,</strong></span> <span class='ocrx_word' id='word_1_32' title='bbox 1301 797 1456 855; x_wconf 88' lang='lat' dir='ltr'><strong>vobis</strong></span> <span class='ocrx_word' id='word_1_33' title='bbox 1499 797 1839 854; x_wconf 87' lang='lat' dir='ltr'><strong>reddendum</strong></span> <span class='ocrx_word' id='word_1_34' title='bbox 1885 814 1953 856; x_wconf 83' lang='lat' dir='ltr'><strong>ex</strong></span> 
     </span>
    </p>
   </div>
   <div class='ocr_carea' id='block_1_6' title="bbox 355 889 1952 964">
    <p class='ocr_par' dir='ltr' id='par_1_6' title="bbox 355 889 1952 964">
     <span class='ocr_line' id='line_1_6' title="bbox 355 889 1952 964; baseline -0.001 -15"><span class='ocrx_word' id='word_1_35' title='bbox 355 891 653 962; x_wconf 82' lang='lat' dir='ltr'><strong>Evangelio</strong></span> <span class='ocrx_word' id='word_1_36' title='bbox 678 891 745 946; x_wconf 90' lang='lat' dir='ltr'><strong>de</strong></span> <span class='ocrx_word' id='word_1_37' title='bbox 769 889 1017 947; x_wconf 91' lang='lat' dir='ltr'><strong>columba</strong></span> <span class='ocrx_word' id='word_1_38' title='bbox 1051 889 1150 963; x_wconf 91' lang='lat' dir='ltr'><strong>(a).</strong></span> <span class='ocrx_word' id='word_1_39' title='bbox 1189 889 1248 948; x_wconf 87' lang='lat' dir='ltr'><strong>In</strong></span> <span class='ocrx_word' id='word_1_40' title='bbox 1276 889 1428 962; x_wconf 88' lang='lat' dir='ltr'><strong>cujus</strong></span> <span class='ocrx_word' id='word_1_41' title='bbox 1455 892 1672 947; x_wconf 86' lang='lat' dir='ltr'><strong>nomine</strong></span> <span class='ocrx_word' id='word_1_42' title='bbox 1697 891 1952 964; x_wconf 87' lang='lat' dir='ltr'><strong>promisi-</strong></span> 
     </span>
    </p>
   </div>
   <div class='ocr_carea' id='block_1_7' title="bbox 354 983 1950 1058">
    <p class='ocr_par' dir='ltr' id='par_1_7' title="bbox 354 983 1950 1058">
     <span class='ocr_line' id='line_1_7' title="bbox 354 983 1950 1058; baseline 0.001 -16"><span class='ocrx_word' id='word_1_43' title='bbox 354 1000 477 1042; x_wconf 89' lang='lat' dir='ltr'><strong>mus</strong></span> <span class='ocrx_word' id='word_1_44' title='bbox 499 1027 515 1054; x_wconf 92' lang='lat'><strong>,</strong></span> <span class='ocrx_word' id='word_1_45' title='bbox 549 985 600 1038; x_wconf 88' lang='lat' dir='ltr'><strong>in</strong></span> <span class='ocrx_word' id='word_1_46' title='bbox 631 983 776 1039; x_wconf 88' lang='lat' dir='ltr'><strong>illius</strong></span> <span class='ocrx_word' id='word_1_47' title='bbox 801 984 1168 1040; x_wconf 86' lang='lat' dir='ltr'><strong>misericordia</strong></span> <span class='ocrx_word' id='word_1_48' title='bbox 1196 983 1502 1040; x_wconf 87' lang='lat' dir='ltr'><strong>reddemus.</strong></span> <span class='ocrx_word' id='word_1_49' title='bbox 1551 984 1659 1042; x_wconf 89' lang='lat' dir='ltr'><strong>Sed</strong></span> <span class='ocrx_word' id='word_1_50' title='bbox 1687 997 1743 1052; x_wconf 88' lang='lat' dir='ltr'><strong>ut</strong></span> <span class='ocrx_word' id='word_1_51' title='bbox 1777 985 1950 1058; x_wconf 87' lang='lat' dir='ltr'><strong>possi-</strong></span> 
     </span>
    </p>
   </div>
   <div class='ocr_carea' id='block_1_8' title="bbox 353 1075 1950 1150">
    <p class='ocr_par' dir='ltr' id='par_1_8' title="bbox 353 1075 1950 1150">
     <span class='ocr_line' id='line_1_8' title="bbox 353 1075 1950 1150; baseline -0.001 -15"><span class='ocrx_word' id='word_1_52' title='bbox 353 1093 478 1135; x_wconf 95' lang='lat' dir='ltr'><strong>mus</strong></span> <span class='ocrx_word' id='word_1_53' title='bbox 505 1091 626 1133; x_wconf 91' lang='lat' dir='ltr'><strong>esse</strong></span> <span class='ocrx_word' id='word_1_54' title='bbox 648 1075 822 1132; x_wconf 89' lang='lat' dir='ltr'><strong>idonei</strong></span> <span class='ocrx_word' id='word_1_55' title='bbox 850 1076 1170 1146; x_wconf 85' lang='lat' dir='ltr'><strong>redditores,</strong></span> <span class='ocrx_word' id='word_1_56' title='bbox 1195 1092 1262 1133; x_wconf 91' lang='lat' dir='ltr'><strong>ne</strong></span> <span class='ocrx_word' id='word_1_57' title='bbox 1283 1076 1512 1134; x_wconf 87' lang='lat' dir='ltr'><strong>audaces</strong></span> <span class='ocrx_word' id='word_1_58' title='bbox 1533 1075 1793 1136; x_wconf 82' lang='lat' dir='ltr'><strong>fuerimus</strong></span> <span class='ocrx_word' id='word_1_59' title='bbox 1821 1093 1950 1150; x_wconf 87' lang='lat' dir='ltr'><strong>pro-</strong></span> 
     </span>
    </p>
   </div>
   <div class='ocr_carea' id='block_1_9' title="bbox 355 1168 1152 1239">
    <p class='ocr_par' dir='ltr' id='par_1_9' title="bbox 355 1168 1152 1239">
     <span class='ocr_line' id='line_1_9' title="bbox 355 1168 1152 1239; baseline -0.004 -15"><span class='ocrx_word' id='word_1_60' title='bbox 355 1170 640 1236; x_wconf 89' lang='lat' dir='ltr'><strong>missores,</strong></span> <span class='ocrx_word' id='word_1_61' title='bbox 674 1177 824 1224; x_wconf 90' lang='lat' dir='ltr'><strong>orate</strong></span> <span class='ocrx_word' id='word_1_62' title='bbox 848 1183 950 1239; x_wconf 92' lang='lat' dir='ltr'><strong>pro</strong></span> <span class='ocrx_word' id='word_1_63' title='bbox 980 1168 1152 1224; x_wconf 87' lang='lat' dir='ltr'><strong>nobis.</strong></span> 
     </span>
    </p>
   </div>
   <div class='ocr_carea' id='block_1_10' title="bbox 719 1332 1565 1410">
    <p class='ocr_par' dir='ltr' id='par_1_10' title="bbox 719 1332 1565 1410">
     <span class='ocr_line' id='line_1_10' title="bbox 719 1332 1565 1410; baseline -0.001 -12"><span class='ocrx_word' id='word_1_64' title='bbox 719 1336 800 1410; x_wconf 84' lang='lat' dir='ltr'><strong>IN</strong></span> <span class='ocrx_word' id='word_1_65' title='bbox 840 1334 1221 1398; x_wconf 89' lang='lat' dir='ltr'><strong>PSALMUM</strong></span> <span class='ocrx_word' id='word_1_66' title='bbox 1263 1332 1565 1397; x_wconf 80' lang='lat' dir='ltr'><strong>CXXVII</strong></span> 
     </span>
    </p>
   </div>
   <div class='ocr_carea' id='block_1_11' title="bbox 962 1454 1384 1516">
    <p class='ocr_par' dir='ltr' id='par_1_11' title="bbox 962 1454 1384 1516">
     <span class='ocr_line' id='line_1_11' title="bbox 962 1454 1384 1516; baseline -0.019 0"><span class='ocrx_word' id='word_1_67' title='bbox 962 1454 1384 1516; x_wconf 77' lang='lat' dir='ltr'><strong>ENARRATIO.</strong></span> 
     </span>
    </p>
   </div>
   <div class='ocr_carea' id='block_1_12' title="bbox 1003 1562 1309 1634">
    <p class='ocr_par' dir='ltr' id='par_1_12' title="bbox 1003 1562 1309 1634">
     <span class='ocr_line' id='line_1_12' title="bbox 1003 1562 1309 1634; baseline -0.01 -15"><span class='ocrx_word' id='word_1_68' title='bbox 1003 1577 1176 1628; x_wconf 71' lang='lat' dir='ltr'><strong>sanae</strong></span> <span class='ocrx_word' id='word_1_69' title='bbox 1211 1562 1309 1634; x_wconf 89' lang='lat' dir='ltr'><strong>(b).</strong></span> 
     </span>
    </p>
   </div>
   <div class='ocr_carea' id='block_1_13' title="bbox 431 1676 1948 1756">
    <p class='ocr_par' dir='ltr' id='par_1_13' title="bbox 431 1676 1948 1756">
     <span class='ocr_line' id='line_1_13' title="bbox 431 1676 1948 1756; baseline -0.005 -16"><span class='ocrx_word' id='word_1_70' title='bbox 431 1687 483 1740; x_wconf 79' lang='lat' dir='ltr'><strong>t.</strong></span> <span class='ocrx_word' id='word_1_71' title='bbox 519 1684 669 1756; x_wconf 66' lang='lat' dir='ltr'><strong>luere.</strong></span> <span class='ocrx_word' id='word_1_72' title='bbox 697 1678 840 1753; x_wconf 66' lang='lat' dir='ltr'><strong>LL]</strong></span> <span class='ocrx_word' id='word_1_73' title='bbox 867 1680 1016 1737; x_wconf 90' lang='lat' dir='ltr'><strong>Sicut</strong></span> <span class='ocrx_word' id='word_1_74' title='bbox 1037 1678 1167 1735; x_wconf 89' lang='lat' dir='ltr'><strong>dicit</strong></span> <span class='ocrx_word' id='word_1_75' title='bbox 1192 1677 1502 1748; x_wconf 86' lang='lat' dir='ltr'><strong>Apostolus,</strong></span> <span class='ocrx_word' id='word_1_76' title='bbox 1526 1677 1720 1733; x_wconf 88' lang='lat' dir='ltr'><strong>fratres</strong></span> <span class='ocrx_word' id='word_1_77' title='bbox 1743 1676 1948 1733; x_wconf 79' lang='lat' dir='ltr'><strong>charis-</strong></span> 
     </span>
    </p>
   </div>
   <div class='ocr_carea' id='block_1_14' title="bbox 358 1769 1945 1845">
    <p class='ocr_par' dir='ltr' id='par_1_14' title="bbox 358 1769 1945 1845">
     <span class='ocr_line' id='line_1_14' title="bbox 358 1769 1945 1845; baseline -0.007 -12"><span class='ocrx_word' id='word_1_78' title='bbox 358 1778 502 1844; x_wconf 88' lang='lat' dir='ltr'><strong>simi,</strong></span> <span class='ocrx_word' id='word_1_79' title='bbox 522 1773 890 1845; x_wconf 75' lang='lat' dir='ltr'><strong>Spiritualibus</strong></span> <span class='ocrx_word' id='word_1_80' title='bbox 905 1769 1192 1842; x_wconf 74' lang='lat' dir='ltr'><strong>spiritantia</strong></span> <span class='ocrx_word' id='word_1_81' title='bbox 1209 1785 1586 1841; x_wconf 70' lang='lat' dir='ltr'><strong>comparamus;</strong></span> <span class='ocrx_word' id='word_1_82' title='bbox 1606 1771 1842 1824; x_wconf 74' lang='lat' dir='ltr'><strong>animalis</strong></span> <span class='ocrx_word' id='word_1_83' title='bbox 1857 1786 1945 1822; x_wconf 84' lang='lat' dir='ltr'><strong>au-</strong></span> 
     </span>
    </p>
   </div>
   <div class='ocr_carea' id='block_1_15' title="bbox 357 1859 1943 1935">
    <p class='ocr_par' dir='ltr' id='par_1_15' title="bbox 357 1859 1943 1935">
     <span class='ocr_line' id='line_1_15' title="bbox 357 1859 1943 1935; baseline -0.003 -13"><span class='ocrx_word' id='word_1_84' title='bbox 357 1877 454 1924; x_wconf 81' lang='lat' dir='ltr'><strong>tem</strong></span> <span class='ocrx_word' id='word_1_85' title='bbox 478 1867 628 1921; x_wconf 74' lang='lat' dir='ltr'><strong>homo</strong></span> <span class='ocrx_word' id='word_1_86' title='bbox 658 1882 761 1920; x_wconf 80' lang='lat' dir='ltr'><strong>non</strong></span> <span class='ocrx_word' id='word_1_87' title='bbox 788 1864 997 1934; x_wconf 81' lang='lat' dir='ltr'><strong>percipit</strong></span> <span class='ocrx_word' id='word_1_88' title='bbox 1022 1878 1135 1935; x_wconf 71' lang='lat' dir='ltr'><strong>quin</strong></span> <span class='ocrx_word' id='word_1_89' title='bbox 1152 1871 1273 1918; x_wconf 70' lang='lat' dir='ltr'><strong>sunt</strong></span> <span class='ocrx_word' id='word_1_90' title='bbox 1299 1860 1525 1933; x_wconf 73' lang='lat' dir='ltr'><strong>Spiritu:</strong></span> <span class='ocrx_word' id='word_1_91' title='bbox 1545 1859 1642 1916; x_wconf 87' lang='lat' dir='ltr'><strong>Dei</strong></span> <span class='ocrx_word' id='word_1_92' title='bbox 1666 1860 1721 1932; x_wconf 88' lang='lat' dir='ltr'><strong>(l</strong></span> <span class='ocrx_word' id='word_1_93' title='bbox 1747 1860 1868 1916; x_wconf 84' lang='lat' dir='ltr'><strong>Cor.</strong></span> <span class='ocrx_word' id='word_1_94' title='bbox 1887 1877 1943 1928; x_wconf 86' lang='lat' dir='ltr'><strong>ll,</strong></span> 
     </span>
    </p>
   </div>
   <div class='ocr_carea' id='block_1_16' title="bbox 356 1955 1944 2031">
    <p class='ocr_par' dir='ltr' id='par_1_16' title="bbox 356 1955 1944 2031">
     <span class='ocr_line' id='line_1_16' title="bbox 356 1955 1944 2031; baseline -0.006 -13"><span class='ocrx_word' id='word_1_95' title='bbox 356 1961 443 2025; x_wconf 73' lang='grc'><strong>15,</strong></span> <span class='ocrx_word' id='word_1_96' title='bbox 473 1960 600 2031; x_wconf 66' lang='lat' dir='ltr'><strong>tt);</strong></span> <span class='ocrx_word' id='word_1_97' title='bbox 623 1957 916 2015; x_wconf 80' lang='lat' dir='ltr'><strong>cavendum</strong></span> <span class='ocrx_word' id='word_1_98' title='bbox 941 1969 1024 2012; x_wconf 87' lang='lat' dir='ltr'><strong>est</strong></span> <span class='ocrx_word' id='word_1_99' title='bbox 1050 1971 1118 2012; x_wconf 94' lang='lat' dir='ltr'><strong>ne</strong></span> <span class='ocrx_word' id='word_1_100' title='bbox 1137 1955 1386 2011; x_wconf 83' lang='lat' dir='ltr'><strong>homines</strong></span> <span class='ocrx_word' id='word_1_101' title='bbox 1407 1955 1667 2010; x_wconf 81' lang='lat' dir='ltr'><strong>animales</strong></span> <span class='ocrx_word' id='word_1_102' title='bbox 1691 1969 1796 2012; x_wconf 87' lang='lat' dir='ltr'><strong>non</strong></span> <span class='ocrx_word' id='word_1_103' title='bbox 1825 1969 1944 2023; x_wconf 89' lang='lat' dir='ltr'><strong>per-</strong></span> 
     </span>
    </p>
   </div>
   <div class='ocr_carea' id='block_1_17' title="bbox 353 2045 1945 2124">
    <p class='ocr_par' dir='ltr' id='par_1_17' title="bbox 353 2045 1945 2124">
     <span class='ocr_line' id='line_1_17' title="bbox 353 2045 1945 2124; baseline -0.006 -14"><span class='ocrx_word' id='word_1_104' title='bbox 353 2054 617 2124; x_wconf 87' lang='lat' dir='ltr'><strong>cipientes</strong></span> <span class='ocrx_word' id='word_1_105' title='bbox 642 2066 759 2122; x_wconf 65' lang='lat' dir='ltr'><strong>quin</strong></span> <span class='ocrx_word' id='word_1_106' title='bbox 788 2057 912 2105; x_wconf 88' lang='lat' dir='ltr'><strong>sunt</strong></span> <span class='ocrx_word' id='word_1_107' title='bbox 938 2048 1164 2119; x_wconf 88' lang='lat' dir='ltr'><strong>Spiritus</strong></span> <span class='ocrx_word' id='word_1_108' title='bbox 1187 2047 1302 2114; x_wconf 87' lang='lat' dir='ltr'><strong>Dei,</strong></span> <span class='ocrx_word' id='word_1_109' title='bbox 1321 2045 1748 2103; x_wconf 84' lang='lat' dir='ltr'><strong>scandalizentur</strong></span> <span class='ocrx_word' id='word_1_110' title='bbox 1769 2046 1945 2116; x_wconf 86' lang='lat' dir='ltr'><strong>potius</strong></span> 
     </span>
    </p>
   </div>
   <div class='ocr_carea' id='block_1_18' title="bbox 352 2137 1945 2214">
    <p class='ocr_par' dir='ltr' id='par_1_18' title="bbox 352 2137 1945 2214">
     <span class='ocr_line' id='line_1_18' title="bbox 352 2137 1945 2214; baseline -0.006 -12"><span class='ocrx_word' id='word_1_111' title='bbox 352 2147 408 2202; x_wconf 88' lang='lat' dir='ltr'><strong>in</strong></span> <span class='ocrx_word' id='word_1_112' title='bbox 463 2145 568 2200; x_wconf 90' lang='lat' dir='ltr'><strong>hoc</strong></span> <span class='ocrx_word' id='word_1_113' title='bbox 618 2144 857 2214; x_wconf 84' lang='lat' dir='ltr'><strong>psalmo,</strong></span> <span class='ocrx_word' id='word_1_114' title='bbox 910 2155 1070 2212; x_wconf 88' lang='lat' dir='ltr'><strong>quam</strong></span> <span class='ocrx_word' id='word_1_115' title='bbox 1127 2137 1475 2195; x_wconf 81' lang='lat' dir='ltr'><strong>aediﬁcentur.</strong></span> <span class='ocrx_word' id='word_1_116' title='bbox 1527 2137 1660 2193; x_wconf 79' lang='lat' dir='ltr'><strong>Nam</strong></span> <span class='ocrx_word' id='word_1_117' title='bbox 1709 2137 1945 2192; x_wconf 84' lang='lat' dir='ltr'><strong>breviter</strong></span> 
     </span>
    </p>
   </div>
   <div class='ocr_carea' id='block_1_19' title="bbox 352 2230 1943 2310">
    <p class='ocr_par' dir='ltr' id='par_1_19' title="bbox 352 2230 1943 2310">
     <span class='ocr_line' id='line_1_19' title="bbox 352 2230 1943 2310; baseline -0.006 -17"><span class='ocrx_word' id='word_1_118' title='bbox 352 2237 682 2310; x_wconf 81' lang='lat' dir='ltr'><strong>(quanquam</strong></span> <span class='ocrx_word' id='word_1_119' title='bbox 713 2251 834 2293; x_wconf 92' lang='lat' dir='ltr'><strong>eum</strong></span> <span class='ocrx_word' id='word_1_120' title='bbox 857 2277 872 2302; x_wconf 95' lang='lat'><strong>,</strong></span> <span class='ocrx_word' id='word_1_121' title='bbox 902 2248 1025 2289; x_wconf 91' lang='lat' dir='ltr'><strong>cum</strong></span> <span class='ocrx_word' id='word_1_122' title='bbox 1053 2239 1380 2300; x_wconf 89' lang='lat' dir='ltr'><strong>cantaretur,</strong></span> <span class='ocrx_word' id='word_1_123' title='bbox 1417 2230 1786 2302; x_wconf 88' lang='lat' dir='ltr'><strong>audivimus),</strong></span> <span class='ocrx_word' id='word_1_124' title='bbox 1819 2231 1943 2301; x_wconf 86' lang='lat' dir='ltr'><strong>quia</strong></span> 
     </span>
    </p>
   </div>
   <div class='ocr_carea' id='block_1_20' title="bbox 350 2322 1945 2394">
    <p class='ocr_par' dir='ltr' id='par_1_20' title="bbox 350 2322 1945 2394">
     <span class='ocr_line' id='line_1_20' title="bbox 350 2322 1945 2394; baseline -0.004 -9"><span class='ocrx_word' id='word_1_125' title='bbox 350 2329 533 2386; x_wconf 77' lang='lat' dir='ltr'><strong>brevis</strong></span> <span class='ocrx_word' id='word_1_126' title='bbox 558 2337 662 2394; x_wconf 86' lang='lat' dir='ltr'><strong>est,</strong></span> <span class='ocrx_word' id='word_1_127' title='bbox 693 2340 854 2382; x_wconf 90' lang='lat' dir='ltr'><strong>curro</strong></span> <span class='ocrx_word' id='word_1_128' title='bbox 878 2340 1000 2382; x_wconf 92' lang='lat' dir='ltr'><strong>eum</strong></span> <span class='ocrx_word' id='word_1_129' title='bbox 1021 2367 1037 2392; x_wconf 95' lang='lat'><strong>,</strong></span> <span class='ocrx_word' id='word_1_130' title='bbox 1067 2338 1172 2380; x_wconf 92' lang='lat' dir='ltr'><strong>non</strong></span> <span class='ocrx_word' id='word_1_131' title='bbox 1206 2331 1472 2391; x_wconf 89' lang='lat' dir='ltr'><strong>tractans,</strong></span> <span class='ocrx_word' id='word_1_132' title='bbox 1503 2322 1599 2379; x_wconf 87' lang='lat' dir='ltr'><strong>sed</strong></span> <span class='ocrx_word' id='word_1_133' title='bbox 1627 2322 1836 2394; x_wconf 87' lang='lat' dir='ltr'><strong>legens.</strong></span> <span class='ocrx_word' id='word_1_134' title='bbox 1878 2323 1945 2378; x_wconf 85' lang='lat' dir='ltr'><strong>Et</strong></span> 
     </span>
    </p>
   </div>
   <div class='ocr_carea' id='block_1_21' title="bbox 351 2418 1941 2492">
    <p class='ocr_par' dir='ltr' id='par_1_21' title="bbox 351 2418 1941 2492">
     <span class='ocr_line' id='line_1_21' title="bbox 351 2418 1941 2492; baseline -0.003 -15"><span class='ocrx_word' id='word_1_135' title='bbox 351 2423 528 2477; x_wconf 84' lang='lat' dir='ltr'><strong>videte</strong></span> <span class='ocrx_word' id='word_1_136' title='bbox 554 2421 675 2492; x_wconf 88' lang='lat' dir='ltr'><strong>quia</strong></span> <span class='ocrx_word' id='word_1_137' title='bbox 706 2420 751 2475; x_wconf 91' lang='lat' dir='ltr'><strong>si</strong></span> <span class='ocrx_word' id='word_1_138' title='bbox 781 2420 901 2474; x_wconf 86' lang='lat' dir='ltr'><strong>talia</strong></span> <span class='ocrx_word' id='word_1_139' title='bbox 930 2419 1154 2490; x_wconf 88' lang='lat' dir='ltr'><strong>quisque</strong></span> <span class='ocrx_word' id='word_1_140' title='bbox 1179 2418 1512 2488; x_wconf 85' lang='lat' dir='ltr'><strong>concupierit</strong></span> <span class='ocrx_word' id='word_1_141' title='bbox 1552 2432 1649 2488; x_wconf 89' lang='lat' dir='ltr'><strong>pro</strong></span> <span class='ocrx_word' id='word_1_142' title='bbox 1692 2432 1885 2488; x_wconf 86' lang='lat' dir='ltr'><strong>magno</strong></span> <span class='ocrx_word' id='word_1_143' title='bbox 1911 2433 1941 2472; x_wconf 91' lang='lat' dir='ltr'><strong>a</strong></span> 
     </span>
    </p>
   </div>
   <div class='ocr_carea' id='block_1_22' title="bbox 349 2509 1941 2585">
    <p class='ocr_par' dir='ltr' id='par_1_22' title="bbox 349 2509 1941 2585">
     <span class='ocr_line' id='line_1_22' title="bbox 349 2509 1941 2585; baseline -0.004 -14"><span class='ocrx_word' id='word_1_144' title='bbox 349 2514 464 2571; x_wconf 90' lang='lat' dir='ltr'><strong>Deo</strong></span> <span class='ocrx_word' id='word_1_145' title='bbox 485 2555 501 2581; x_wconf 92' lang='lat'><strong>,</strong></span> <span class='ocrx_word' id='word_1_146' title='bbox 529 2512 705 2585; x_wconf 89' lang='lat' dir='ltr'><strong>qualia</strong></span> <span class='ocrx_word' id='word_1_147' title='bbox 734 2512 973 2568; x_wconf 84' lang='lat' dir='ltr'><strong>continet</strong></span> <span class='ocrx_word' id='word_1_148' title='bbox 1002 2511 1103 2566; x_wconf 86' lang='lat' dir='ltr'><strong>iste</strong></span> <span class='ocrx_word' id='word_1_149' title='bbox 1132 2509 1405 2581; x_wconf 85' lang='lat' dir='ltr'><strong>psalmus;</strong></span> <span class='ocrx_word' id='word_1_150' title='bbox 1438 2519 1492 2566; x_wconf 88' lang='lat' dir='ltr'><strong>et</strong></span> <span class='ocrx_word' id='word_1_151' title='bbox 1521 2510 1659 2566; x_wconf 84' lang='lat' dir='ltr'><strong>forte</strong></span> <span class='ocrx_word' id='word_1_152' title='bbox 1686 2525 1791 2565; x_wconf 93' lang='lat' dir='ltr'><strong>non</strong></span> <span class='ocrx_word' id='word_1_153' title='bbox 1820 2510 1941 2581; x_wconf 86' lang='lat' dir='ltr'><strong>quia</strong></span> 
     </span>
    </p>
   </div>
   <div class='ocr_carea' id='block_1_23' title="bbox 347 2604 1940 2676">
    <p class='ocr_par' dir='ltr' id='par_1_23' title="bbox 347 2604 1940 2676">
     <span class='ocr_line' id='line_1_23' title="bbox 347 2604 1940 2676; baseline -0.004 -10"><span class='ocrx_word' id='word_1_154' title='bbox 347 2610 602 2668; x_wconf 90' lang='lat' dir='ltr'><strong>desertus</strong></span> <span class='ocrx_word' id='word_1_155' title='bbox 630 2617 712 2664; x_wconf 89' lang='lat' dir='ltr'><strong>est</strong></span> <span class='ocrx_word' id='word_1_156' title='bbox 740 2608 806 2662; x_wconf 91' lang='lat' dir='ltr'><strong>ab</strong></span> <span class='ocrx_word' id='word_1_157' title='bbox 832 2607 943 2673; x_wconf 90' lang='lat' dir='ltr'><strong>illo,</strong></span> <span class='ocrx_word' id='word_1_158' title='bbox 966 2605 1061 2660; x_wconf 91' lang='lat' dir='ltr'><strong>sed</strong></span> <span class='ocrx_word' id='word_1_159' title='bbox 1092 2604 1216 2676; x_wconf 89' lang='lat' dir='ltr'><strong>quia</strong></span> <span class='ocrx_word' id='word_1_160' title='bbox 1248 2605 1417 2675; x_wconf 89' lang='lat' dir='ltr'><strong>magis</strong></span> <span class='ocrx_word' id='word_1_161' title='bbox 1435 2604 1696 2675; x_wconf 77' lang='lat' dir='ltr'><strong>diligitur,</strong></span> <span class='ocrx_word' id='word_1_162' title='bbox 1726 2619 1833 2660; x_wconf 92' lang='lat' dir='ltr'><strong>non</strong></span> <span class='ocrx_word' id='word_1_163' title='bbox 1853 2619 1940 2660; x_wconf 85' lang='lat' dir='ltr'><strong>ac-</strong></span> 
     </span>
    </p>
   </div>
   <div class='ocr_carea' id='block_1_24' title="bbox 346 2695 1939 2774">
    <p class='ocr_par' dir='ltr' id='par_1_24' title="bbox 346 2695 1939 2774">
     <span class='ocr_line' id='line_1_24' title="bbox 346 2695 1939 2774; baseline -0.006 -15"><span class='ocrx_word' id='word_1_164' title='bbox 346 2704 587 2774; x_wconf 80' lang='lat' dir='ltr'><strong>ceperit;</strong></span> <span class='ocrx_word' id='word_1_165' title='bbox 617 2700 914 2770; x_wconf 89' lang='lat' dir='ltr'><strong>videritque</strong></span> <span class='ocrx_word' id='word_1_166' title='bbox 940 2699 1031 2754; x_wconf 90' lang='lat' dir='ltr'><strong>illa</strong></span> <span class='ocrx_word' id='word_1_167' title='bbox 1061 2712 1182 2767; x_wconf 86' lang='lat' dir='ltr'><strong>quae</strong></span> <span class='ocrx_word' id='word_1_168' title='bbox 1207 2697 1294 2752; x_wconf 91' lang='lat' dir='ltr'><strong>hic</strong></span> <span class='ocrx_word' id='word_1_169' title='bbox 1321 2697 1399 2752; x_wconf 90' lang='lat' dir='ltr'><strong>sic</strong></span> <span class='ocrx_word' id='word_1_170' title='bbox 1427 2695 1629 2752; x_wconf 68' lang='lat' dir='ltr'><strong>audivit</strong></span> <span class='ocrx_word' id='word_1_171' title='bbox 1647 2711 1768 2752; x_wconf 89' lang='lat' dir='ltr'><strong>esse</strong></span> <span class='ocrx_word' id='word_1_172' title='bbox 1796 2711 1939 2766; x_wconf 68' lang='lat' dir='ltr'><strong>pra:-</strong></span> 
     </span>
    </p>
   </div>
   <div class='ocr_carea' id='block_1_25' title="bbox 346 2789 1942 2858">
    <p class='ocr_par' dir='ltr' id='par_1_25' title="bbox 346 2789 1942 2858">
     <span class='ocr_line' id='line_1_25' title="bbox 346 2789 1942 2858; baseline -0.005 -6"><span class='ocrx_word' id='word_1_173' title='bbox 346 2797 453 2852; x_wconf 86' lang='lat' dir='ltr'><strong>mia</strong></span> <span class='ocrx_word' id='word_1_174' title='bbox 484 2794 787 2850; x_wconf 86' lang='lat' dir='ltr'><strong>timentium</strong></span> <span class='ocrx_word' id='word_1_175' title='bbox 817 2792 981 2847; x_wconf 90' lang='lat' dir='ltr'><strong>Deum</strong></span> <span class='ocrx_word' id='word_1_176' title='bbox 1004 2833 1018 2857; x_wconf 93' lang='lat'><strong>,</strong></span> <span class='ocrx_word' id='word_1_177' title='bbox 1051 2789 1324 2846; x_wconf 86' lang='lat' dir='ltr'><strong>abundare</strong></span> <span class='ocrx_word' id='word_1_178' title='bbox 1352 2789 1459 2844; x_wconf 90' lang='lat' dir='ltr'><strong>illis</strong></span> <span class='ocrx_word' id='word_1_179' title='bbox 1489 2789 1578 2858; x_wconf 89' lang='lat' dir='ltr'><strong>qui</strong></span> <span class='ocrx_word' id='word_1_180' title='bbox 1605 2802 1713 2844; x_wconf 92' lang='lat' dir='ltr'><strong>non</strong></span> <span class='ocrx_word' id='word_1_181' title='bbox 1750 2789 1942 2844; x_wconf 87' lang='lat' dir='ltr'><strong>timent</strong></span> 
     </span>
    </p>
   </div>
   <div class='ocr_carea' id='block_1_26' title="bbox 346 2880 1938 2954">
    <p class='ocr_par' dir='ltr' id='par_1_26' title="bbox 346 2880 1938 2954">
     <span class='ocr_line' id='line_1_26' title="bbox 346 2880 1938 2954; baseline -0.004 -11"><span class='ocrx_word' id='word_1_182' title='bbox 346 2888 521 2944; x_wconf 88' lang='lat' dir='ltr'><strong>Deum</strong></span> <span class='ocrx_word' id='word_1_183' title='bbox 551 2904 563 2940; x_wconf 89' lang='lat'><strong>:</strong></span> <span class='ocrx_word' id='word_1_184' title='bbox 595 2893 784 2941; x_wconf 90' lang='lat' dir='ltr'><strong>nutent</strong></span> <span class='ocrx_word' id='word_1_185' title='bbox 807 2899 1022 2954; x_wconf 83' lang='lat' dir='ltr'><strong>gressus</strong></span> <span class='ocrx_word' id='word_1_186' title='bbox 1045 2884 1204 2949; x_wconf 92' lang='lat' dir='ltr'><strong>illius,</strong></span> <span class='ocrx_word' id='word_1_187' title='bbox 1229 2891 1283 2938; x_wconf 91' lang='lat' dir='ltr'><strong>et</strong></span> <span class='ocrx_word' id='word_1_188' title='bbox 1309 2880 1647 2938; x_wconf 70' lang='lat' dir='ltr'><strong>effundantur</strong></span> <span class='ocrx_word' id='word_1_189' title='bbox 1670 2880 1822 2951; x_wconf 86' lang='lat' dir='ltr'><strong>lapsu</strong></span> <span class='ocrx_word' id='word_1_190' title='bbox 1851 2898 1938 2938; x_wconf 87' lang='lat' dir='ltr'><strong>vc-</strong></span> 
     </span>
    </p>
   </div>
   <div class='ocr_carea' id='block_1_27' title="bbox 346 2975 1939 3052">
    <p class='ocr_par' dir='ltr' id='par_1_27' title="bbox 346 2975 1939 3052">
     <span class='ocr_line' id='line_1_27' title="bbox 346 2975 1939 3052; baseline -0.003 -17"><span class='ocrx_word' id='word_1_191' title='bbox 346 2980 506 3052; x_wconf 87' lang='lat' dir='ltr'><strong>stigia</strong></span> <span class='ocrx_word' id='word_1_192' title='bbox 533 2979 674 3050; x_wconf 86' lang='lat' dir='ltr'><strong>ejus,</strong></span> <span class='ocrx_word' id='word_1_193' title='bbox 705 2987 759 3033; x_wconf 90' lang='lat' dir='ltr'><strong>et</strong></span> <span class='ocrx_word' id='word_1_194' title='bbox 781 2978 924 3033; x_wconf 87' lang='lat' dir='ltr'><strong>dicat</strong></span> <span class='ocrx_word' id='word_1_195' title='bbox 949 2978 1000 3032; x_wconf 89' lang='lat' dir='ltr'><strong>in</strong></span> <span class='ocrx_word' id='word_1_196' title='bbox 1027 2976 1190 3033; x_wconf 91' lang='lat' dir='ltr'><strong>corde</strong></span> <span class='ocrx_word' id='word_1_197' title='bbox 1216 2991 1332 3040; x_wconf 90' lang='lat' dir='ltr'><strong>suo,</strong></span> <span class='ocrx_word' id='word_1_198' title='bbox 1364 2975 1480 3030; x_wconf 88' lang='lat' dir='ltr'><strong>sine</strong></span> <span class='ocrx_word' id='word_1_199' title='bbox 1508 2989 1667 3030; x_wconf 88' lang='lat' dir='ltr'><strong>causa</strong></span> <span class='ocrx_word' id='word_1_200' title='bbox 1691 2989 1748 3030; x_wconf 92' lang='lat' dir='ltr'><strong>se</strong></span> <span class='ocrx_word' id='word_1_201' title='bbox 1773 2976 1939 3030; x_wconf 91' lang='lat' dir='ltr'><strong>Deum</strong></span> 
     </span>
    </p>
   </div>
   <div class='ocr_carea' id='block_1_28' title="bbox 345 3065 1939 3142">
    <p class='ocr_par' dir='ltr' id='par_1_28' title="bbox 345 3065 1939 3142">
     <span class='ocr_line' id='line_1_28' title="bbox 345 3065 1939 3142; baseline -0.005 -14"><span class='ocrx_word' id='word_1_202' title='bbox 345 3072 616 3136; x_wconf 88' lang='lat' dir='ltr'><strong>timuisse,</strong></span> <span class='ocrx_word' id='word_1_203' title='bbox 647 3069 859 3142; x_wconf 88' lang='lat' dir='ltr'><strong>quando</strong></span> <span class='ocrx_word' id='word_1_204' title='bbox 887 3068 974 3123; x_wconf 91' lang='lat' dir='ltr'><strong>illa</strong></span> <span class='ocrx_word' id='word_1_205' title='bbox 1005 3067 1144 3123; x_wconf 89' lang='lat' dir='ltr'><strong>dona</strong></span> <span class='ocrx_word' id='word_1_206' title='bbox 1169 3082 1274 3122; x_wconf 90' lang='lat' dir='ltr'><strong>non</strong></span> <span class='ocrx_word' id='word_1_207' title='bbox 1304 3066 1518 3131; x_wconf 87' lang='lat' dir='ltr'><strong>meruit,</strong></span> <span class='ocrx_word' id='word_1_208' title='bbox 1547 3081 1666 3137; x_wconf 72' lang='lat' dir='ltr'><strong>qua:</strong></span> <span class='ocrx_word' id='word_1_209' title='bbox 1696 3065 1939 3136; x_wconf 86' lang='lat' dir='ltr'><strong>promisit</strong></span> 
     </span>
    </p>
   </div>
   <div class='ocr_carea' id='block_1_29' title="bbox 339 3157 1936 3230">
    <p class='ocr_par' dir='ltr' id='par_1_29' title="bbox 339 3157 1936 3230">
     <span class='ocr_line' id='line_1_29' title="bbox 339 3157 1936 3230; baseline -0.004 -12"><span class='ocrx_word' id='word_1_210' title='bbox 339 3162 665 3218; x_wconf 83' lang='lat' dir='ltr'><strong>timentibus</strong></span> <span class='ocrx_word' id='word_1_211' title='bbox 711 3177 798 3226; x_wconf 90' lang='lat' dir='ltr'><strong>se;</strong></span> <span class='ocrx_word' id='word_1_212' title='bbox 828 3161 1047 3230; x_wconf 88' lang='lat' dir='ltr'><strong>insuper</strong></span> <span class='ocrx_word' id='word_1_213' title='bbox 1091 3167 1150 3214; x_wconf 87' lang='lat' dir='ltr'><strong>et</strong></span> <span class='ocrx_word' id='word_1_214' title='bbox 1193 3157 1270 3213; x_wconf 87' lang='lat' dir='ltr'><strong>illi</strong></span> <span class='ocrx_word' id='word_1_215' title='bbox 1317 3167 1658 3226; x_wconf 87' lang='lat' dir='ltr'><strong>acceperunt,</strong></span> <span class='ocrx_word' id='word_1_216' title='bbox 1686 3158 1775 3228; x_wconf 91' lang='lat' dir='ltr'><strong>qui</strong></span> <span class='ocrx_word' id='word_1_217' title='bbox 1813 3172 1936 3213; x_wconf 89' lang='lat' dir='ltr'><strong>eum</strong></span> 
     </span>
    </p>
   </div>
   <div class='ocr_carea' id='block_1_30' title="bbox 343 3248 1937 3319">
    <p class='ocr_par' dir='ltr' id='par_1_30' title="bbox 343 3248 1937 3319">
     <span class='ocr_line' id='line_1_30' title="bbox 343 3248 1937 3319; baseline -0.004 -9"><span class='ocrx_word' id='word_1_218' title='bbox 343 3269 452 3311; x_wconf 87' lang='lat' dir='ltr'><strong>non</strong></span> <span class='ocrx_word' id='word_1_219' title='bbox 486 3254 665 3309; x_wconf 90' lang='lat' dir='ltr'><strong>solum</strong></span> <span class='ocrx_word' id='word_1_220' title='bbox 691 3267 798 3308; x_wconf 87' lang='lat' dir='ltr'><strong>non</strong></span> <span class='ocrx_word' id='word_1_221' title='bbox 829 3252 1156 3314; x_wconf 72' lang='lat' dir='ltr'><strong>tinmerunt,</strong></span> <span class='ocrx_word' id='word_1_222' title='bbox 1200 3249 1294 3305; x_wconf 91' lang='lat' dir='ltr'><strong>sed</strong></span> <span class='ocrx_word' id='word_1_223' title='bbox 1329 3249 1490 3304; x_wconf 89' lang='lat' dir='ltr'><strong>etiam</strong></span> <span class='ocrx_word' id='word_1_224' title='bbox 1529 3248 1937 3319; x_wconf 88' lang='lat' dir='ltr'><strong>blasphemave-</strong></span> 
     </span>
    </p>
   </div>
   <div class='ocr_carea' id='block_1_31' title="bbox 341 3339 1939 3414">
    <p class='ocr_par' dir='ltr' id='par_1_31' title="bbox 341 3339 1939 3414">
     <span class='ocr_line' id='line_1_31' title="bbox 341 3339 1939 3414; baseline -0.006 -12"><span class='ocrx_word' id='word_1_225' title='bbox 341 3355 492 3402; x_wconf 80' lang='lat' dir='ltr'><strong>runt.</strong></span> <span class='ocrx_word' id='word_1_226' title='bbox 519 3344 710 3401; x_wconf 77' lang='lat' dir='ltr'><strong>Videte</strong></span> <span class='ocrx_word' id='word_1_227' title='bbox 735 3345 878 3400; x_wconf 90' lang='lat' dir='ltr'><strong>enim</strong></span> <span class='ocrx_word' id='word_1_228' title='bbox 908 3341 1033 3414; x_wconf 88' lang='lat' dir='ltr'><strong>quid</strong></span> <span class='ocrx_word' id='word_1_229' title='bbox 1071 3341 1249 3397; x_wconf 87' lang='lat' dir='ltr'><strong>dicat:</strong></span> <span class='ocrx_word' id='word_1_230' title='bbox 1279 3340 1423 3394; x_wconf 87' lang='lat' dir='ltr'><strong>Beati</strong></span> <span class='ocrx_word' id='word_1_231' title='bbox 1453 3357 1625 3394; x_wconf 77' lang='lat' dir='ltr'><strong>omnes</strong></span> <span class='ocrx_word' id='word_1_232' title='bbox 1649 3340 1734 3410; x_wconf 89' lang='lat' dir='ltr'><strong>qui</strong></span> <span class='ocrx_word' id='word_1_233' title='bbox 1763 3339 1939 3394; x_wconf 86' lang='lat' dir='ltr'><strong>timent</strong></span> 
     </span>
    </p>
   </div>
   <div class='ocr_carea' id='block_1_32' title="bbox 343 3431 1937 3508">
    <p class='ocr_par' dir='ltr' id='par_1_32' title="bbox 343 3431 1937 3508">
     <span class='ocr_line' id='line_1_32' title="bbox 343 3431 1937 3508; baseline -0.006 -14"><span class='ocrx_word' id='word_1_234' title='bbox 343 3439 644 3503; x_wconf 84' lang='lat' dir='ltr'><strong>Dominum,</strong></span> <span class='ocrx_word' id='word_1_235' title='bbox 672 3439 758 3508; x_wconf 86' lang='lat' dir='ltr'><strong>qui</strong></span> <span class='ocrx_word' id='word_1_236' title='bbox 781 3436 1042 3491; x_wconf 79' lang='lat' dir='ltr'><strong>ambulant</strong></span> <span class='ocrx_word' id='word_1_237' title='bbox 1072 3435 1124 3487; x_wconf 90' lang='lat' dir='ltr'><strong>in</strong></span> <span class='ocrx_word' id='word_1_238' title='bbox 1150 3433 1243 3488; x_wconf 74' lang='lat' dir='ltr'><strong>viis</strong></span> <span class='ocrx_word' id='word_1_239' title='bbox 1269 3432 1401 3502; x_wconf 80' lang='lat' dir='ltr'><strong>ejus.</strong></span> <span class='ocrx_word' id='word_1_240' title='bbox 1430 3431 1651 3487; x_wconf 72' lang='lat' dir='ltr'><strong>Labore:</strong></span> <span class='ocrx_word' id='word_1_241' title='bbox 1680 3431 1937 3502; x_wconf 79' lang='lat' dir='ltr'><strong>fructuum</strong></span> 
     </span>
    </p>
   </div>
   <div class='ocr_carea' id='block_1_33' title="bbox 343 3525 1934 3596">
    <p class='ocr_par' dir='ltr' id='par_1_33' title="bbox 343 3525 1934 3596">
     <span class='ocr_line' id='line_1_33' title="bbox 343 3525 1934 3596; baseline -0.006 -6"><span class='ocrx_word' id='word_1_242' title='bbox 343 3543 550 3590; x_wconf 82' lang='lat' dir='ltr'><strong>tuorum</strong></span> <span class='ocrx_word' id='word_1_243' title='bbox 579 3532 906 3588; x_wconf 78' lang='lat' dir='ltr'><strong>manducabia</strong></span> <span class='ocrx_word' id='word_1_244' title='bbox 923 3548 942 3596; x_wconf 90' lang='lat'><strong><em>;</em></strong></span> <span class='ocrx_word' id='word_1_245' title='bbox 968 3530 1142 3584; x_wconf 74' lang='lat' dir='ltr'><strong>beatus</strong></span> <span class='ocrx_word' id='word_1_246' title='bbox 1166 3544 1240 3593; x_wconf 74' lang='lat' dir='ltr'><strong>es,</strong></span> <span class='ocrx_word' id='word_1_247' title='bbox 1270 3537 1316 3581; x_wconf 85' lang='lat' dir='ltr'><strong>et</strong></span> <span class='ocrx_word' id='word_1_248' title='bbox 1343 3525 1466 3582; x_wconf 76' lang='lat' dir='ltr'><strong>bene</strong></span> <span class='ocrx_word' id='word_1_249' title='bbox 1487 3526 1573 3580; x_wconf 83' lang='lat' dir='ltr'><strong>tibi</strong></span> <span class='ocrx_word' id='word_1_250' title='bbox 1597 3526 1713 3580; x_wconf 88' lang='lat' dir='ltr'><strong>erit.</strong></span> <span class='ocrx_word' id='word_1_251' title='bbox 1745 3525 1934 3580; x_wconf 80' lang='lat' dir='ltr'><strong>Adhuc</strong></span> 
     </span>
    </p>
   </div>
   <div class='ocr_carea' id='block_1_34' title="bbox 341 3617 1937 3699">
    <p class='ocr_par' dir='ltr' id='par_1_34' title="bbox 341 3617 1937 3699">
     <span class='ocr_line' id='line_1_34' title="bbox 341 3617 1937 3699; baseline -0.007 -17"><span class='ocrx_word' id='word_1_252' title='bbox 341 3640 635 3699; x_wconf 86' lang='lat' dir='ltr'><strong>possumus</strong></span> <span class='ocrx_word' id='word_1_253' title='bbox 664 3624 770 3692; x_wconf 91' lang='lat' dir='ltr'><strong>hic,</strong></span> <span class='ocrx_word' id='word_1_254' title='bbox 796 3633 849 3678; x_wconf 89' lang='lat' dir='ltr'><strong>et</strong></span> <span class='ocrx_word' id='word_1_255' title='bbox 873 3621 1116 3693; x_wconf 87' lang='lat' dir='ltr'><strong>quamvis</strong></span> <span class='ocrx_word' id='word_1_256' title='bbox 1137 3619 1419 3685; x_wconf 87' lang='lat' dir='ltr'><strong>animales,</strong></span> <span class='ocrx_word' id='word_1_257' title='bbox 1450 3617 1834 3673; x_wconf 82' lang='lat' dir='ltr'><strong>beatitudinem</strong></span> <span class='ocrx_word' id='word_1_258' title='bbox 1856 3617 1937 3672; x_wconf 89' lang='lat' dir='ltr'><strong>fu-</strong></span> 
     </span>
    </p>
   </div>
   <div class='ocr_carea' id='block_1_35' title="bbox 339 3710 1937 3788">
    <p class='ocr_par' dir='ltr' id='par_1_35' title="bbox 339 3710 1937 3788">
     <span class='ocr_line' id='line_1_35' title="bbox 339 3710 1937 3788; baseline -0.007 -11"><span class='ocrx_word' id='word_1_259' title='bbox 339 3722 450 3778; x_wconf 82' lang='lat' dir='ltr'><strong>turi</strong></span> <span class='ocrx_word' id='word_1_260' title='bbox 478 3719 662 3775; x_wconf 68' lang='lat' dir='ltr'><strong>satculi</strong></span> <span class='ocrx_word' id='word_1_261' title='bbox 685 3719 953 3788; x_wconf 85' lang='lat' dir='ltr'><strong>cogitare;</strong></span> <span class='ocrx_word' id='word_1_262' title='bbox 977 3714 1070 3771; x_wconf 89' lang='lat' dir='ltr'><strong>sed</strong></span> <span class='ocrx_word' id='word_1_263' title='bbox 1099 3713 1278 3769; x_wconf 88' lang='lat' dir='ltr'><strong>videte</strong></span> <span class='ocrx_word' id='word_1_264' title='bbox 1302 3711 1428 3782; x_wconf 88' lang='lat' dir='ltr'><strong>quid</strong></span> <span class='ocrx_word' id='word_1_265' title='bbox 1455 3712 1724 3782; x_wconf 86' lang='lat' dir='ltr'><strong>sequitur:</strong></span> <span class='ocrx_word' id='word_1_266' title='bbox 1745 3729 1764 3763; x_wconf 81' lang='grc' dir='ltr'>ι</span> <span class='ocrx_word' id='word_1_267' title='bbox 1793 3710 1937 3766; x_wconf 87' lang='lat' dir='ltr'><strong>Uxor</strong></span> 
     </span>
    </p>
   </div>
   <div class='ocr_carea' id='block_1_36' title="bbox 343 3801 1931 3873">
    <p class='ocr_par' dir='ltr' id='par_1_36' title="bbox 343 3801 1931 3873">
     <span class='ocr_line' id='line_1_36' title="bbox 343 3801 1931 3873; baseline -0.006 -5"><span class='ocrx_word' id='word_1_268' title='bbox 343 3819 432 3869; x_wconf 87' lang='lat' dir='ltr'><strong>tua</strong></span> <span class='ocrx_word' id='word_1_269' title='bbox 463 3810 602 3866; x_wconf 84' lang='lat' dir='ltr'><strong>sicut</strong></span> <span class='ocrx_word' id='word_1_270' title='bbox 632 3808 785 3864; x_wconf 88' lang='lat' dir='ltr'><strong>vinea</strong></span> <span class='ocrx_word' id='word_1_271' title='bbox 814 3806 1028 3873; x_wconf 84' lang='lat' dir='ltr'><strong>fertilis,</strong></span> <span class='ocrx_word' id='word_1_272' title='bbox 1063 3806 1116 3860; x_wconf 91' lang='lat' dir='ltr'><strong>in</strong></span> <span class='ocrx_word' id='word_1_273' title='bbox 1147 3804 1402 3860; x_wconf 89' lang='lat' dir='ltr'><strong>lateribus</strong></span> <span class='ocrx_word' id='word_1_274' title='bbox 1432 3802 1622 3857; x_wconf 87' lang='lat' dir='ltr'><strong>domus</strong></span> <span class='ocrx_word' id='word_1_275' title='bbox 1653 3811 1776 3857; x_wconf 67' lang='lat' dir='ltr'><strong>tute.</strong></span> <span class='ocrx_word' id='word_1_276' title='bbox 1811 3801 1931 3858; x_wconf 83' lang='lat' dir='ltr'><strong>Filii</strong></span> 
     </span>
    </p>
   </div>
   <div class='ocr_carea' id='block_1_37' title="bbox 338 3894 1932 3963">
    <p class='ocr_par' dir='ltr' id='par_1_37' title="bbox 338 3894 1932 3963">
     <span class='ocr_line' id='line_1_37' title="bbox 338 3894 1932 3963; baseline -0.007 -3"><span class='ocrx_word' id='word_1_277' title='bbox 338 3903 420 3960; x_wconf 79' lang='lat' dir='ltr'><strong>tui</strong></span> <span class='ocrx_word' id='word_1_278' title='bbox 451 3903 592 3958; x_wconf 80' lang='lat' dir='ltr'><strong>sicut</strong></span> <span class='ocrx_word' id='word_1_279' title='bbox 618 3899 904 3955; x_wconf 88' lang='lat' dir='ltr'><strong>novellatio</strong></span> <span class='ocrx_word' id='word_1_280' title='bbox 929 3897 1213 3963; x_wconf 90' lang='lat' dir='ltr'><strong>olivarum,</strong></span> <span class='ocrx_word' id='word_1_281' title='bbox 1243 3897 1298 3950; x_wconf 90' lang='lat' dir='ltr'><strong>in</strong></span> <span class='ocrx_word' id='word_1_282' title='bbox 1324 3894 1552 3950; x_wconf 85' lang='lat' dir='ltr'><strong>circuitu</strong></span> <span class='ocrx_word' id='word_1_283' title='bbox 1583 3909 1783 3948; x_wconf 63' lang='lat' dir='ltr'><strong>mensae</strong></span> <span class='ocrx_word' id='word_1_284' title='bbox 1806 3901 1932 3950; x_wconf 79' lang='lat' dir='ltr'><strong>tuae.</strong></span> 
     </span>
    </p>
   </div>
   <div class='ocr_carea' id='block_1_38' title="bbox 342 3986 1927 4059">
    <p class='ocr_par' dir='ltr' id='par_1_38' title="bbox 342 3986 1927 4059">
     <span class='ocr_line' id='line_1_38' title="bbox 342 3986 1927 4059; baseline -0.006 -8"><span class='ocrx_word' id='word_1_285' title='bbox 342 3995 489 4053; x_wconf 83' lang='lat' dir='ltr'><strong>Ecce</strong></span> <span class='ocrx_word' id='word_1_286' title='bbox 530 3994 609 4048; x_wconf 91' lang='lat' dir='ltr'><strong>sic</strong></span> <span class='ocrx_word' id='word_1_287' title='bbox 653 3992 999 4048; x_wconf 87' lang='lat' dir='ltr'><strong>benedicetur</strong></span> <span class='ocrx_word' id='word_1_288' title='bbox 1037 3989 1199 4044; x_wconf 89' lang='lat' dir='ltr'><strong>homo</strong></span> <span class='ocrx_word' id='word_1_289' title='bbox 1239 3988 1328 4059; x_wconf 85' lang='lat' dir='ltr'><strong>qui</strong></span> <span class='ocrx_word' id='word_1_290' title='bbox 1373 3987 1526 4042; x_wconf 86' lang='lat' dir='ltr'><strong>timet</strong></span> <span class='ocrx_word' id='word_1_291' title='bbox 1567 3986 1872 4041; x_wconf 89' lang='lat' dir='ltr'><strong>Dominum.</strong></span> <span class='ocrx_word' id='word_1_292' title='bbox 1906 4004 1927 4041; x_wconf 74' lang='grc' dir='ltr'><strong><em>ι</em></strong></span> 
     </span>
    </p>
   </div>
   <div class='ocr_carea' id='block_1_39' title="bbox 340 4076 1930 4158">
    <p class='ocr_par' dir='ltr' id='par_1_39' title="bbox 340 4076 1930 4158">
     <span class='ocr_line' id='line_1_39' title="bbox 340 4076 1930 4158; baseline -0.008 -13"><span class='ocrx_word' id='word_1_293' title='bbox 340 4086 658 4158; x_wconf 82' lang='lat' dir='ltr'><strong>Quomodo?</strong></span> <span class='ocrx_word' id='word_1_294' title='bbox 685 4085 755 4143; x_wconf 88' lang='lat' dir='ltr'><strong>Ut</strong></span> <span class='ocrx_word' id='word_1_295' title='bbox 781 4087 849 4141; x_wconf 91' lang='lat' dir='ltr'><strong>sit</strong></span> <span class='ocrx_word' id='word_1_296' title='bbox 887 4098 1021 4138; x_wconf 89' lang='lat' dir='ltr'><strong>uxor</strong></span> <span class='ocrx_word' id='word_1_297' title='bbox 1043 4082 1160 4152; x_wconf 86' lang='lat' dir='ltr'><strong>ejus</strong></span> <span class='ocrx_word' id='word_1_298' title='bbox 1200 4090 1449 4150; x_wconf 86' lang='lat' dir='ltr'><strong>tanquam</strong></span> <span class='ocrx_word' id='word_1_299' title='bbox 1475 4078 1628 4133; x_wconf 85' lang='lat' dir='ltr'><strong>vinea</strong></span> <span class='ocrx_word' id='word_1_300' title='bbox 1655 4076 1847 4133; x_wconf 84' lang='lat' dir='ltr'><strong>fertilis</strong></span> <span class='ocrx_word' id='word_1_301' title='bbox 1876 4079 1930 4134; x_wconf 88' lang='lat' dir='ltr'><strong>in</strong></span> 
     </span>
    </p>
   </div>
   <div class='ocr_carea' id='block_1_40' title="bbox 339 4170 1930 4247">
    <p class='ocr_par' dir='ltr' id='par_1_40' title="bbox 339 4170 1930 4247">
     <span class='ocr_line' id='line_1_40' title="bbox 339 4170 1930 4247; baseline -0.008 -8"><span class='ocrx_word' id='word_1_302' title='bbox 339 4180 600 4239; x_wconf 75' lang='lat' dir='ltr'><strong>lateribus</strong></span> <span class='ocrx_word' id='word_1_303' title='bbox 622 4179 812 4234; x_wconf 91' lang='lat' dir='ltr'><strong>domus</strong></span> <span class='ocrx_word' id='word_1_304' title='bbox 833 4177 971 4247; x_wconf 88' lang='lat' dir='ltr'><strong>ejus,</strong></span> <span class='ocrx_word' id='word_1_305' title='bbox 998 4183 1054 4231; x_wconf 88' lang='lat' dir='ltr'><strong>et</strong></span> <span class='ocrx_word' id='word_1_306' title='bbox 1075 4175 1167 4229; x_wconf 88' lang='lat' dir='ltr'><strong>filii</strong></span> <span class='ocrx_word' id='word_1_307' title='bbox 1189 4173 1306 4244; x_wconf 89' lang='lat' dir='ltr'><strong>ejus</strong></span> <span class='ocrx_word' id='word_1_308' title='bbox 1331 4170 1666 4228; x_wconf 91' lang='lat' dir='ltr'><strong>circumdent</strong></span> <span class='ocrx_word' id='word_1_309' title='bbox 1687 4185 1930 4226; x_wconf 85' lang='lat' dir='ltr'><strong>mensam</strong></span> 
     </span>
    </p>
   </div>
   <div class='ocr_carea' id='block_1_41' title="bbox 339 4261 1933 4347">
    <p class='ocr_par' dir='ltr' id='par_1_41' title="bbox 339 4261 1933 4347">
     <span class='ocr_line' id='line_1_41' title="bbox 339 4261 1933 4347; baseline -0.006 -17"><span class='ocrx_word' id='word_1_310' title='bbox 339 4275 486 4347; x_wconf 80' lang='lat' dir='ltr'><strong>ejus,</strong></span> <span class='ocrx_word' id='word_1_311' title='bbox 516 4281 768 4343; x_wconf 89' lang='lat' dir='ltr'><strong>tanquam</strong></span> <span class='ocrx_word' id='word_1_312' title='bbox 793 4269 1053 4325; x_wconf 87' lang='lat' dir='ltr'><strong>olivarum</strong></span> <span class='ocrx_word' id='word_1_313' title='bbox 1083 4265 1392 4322; x_wconf 90' lang='lat' dir='ltr'><strong>novellatio.</strong></span> <span class='ocrx_word' id='word_1_314' title='bbox 1419 4264 1562 4335; x_wconf 87' lang='lat' dir='ltr'><strong>Ergo</strong></span> <span class='ocrx_word' id='word_1_315' title='bbox 1584 4261 1933 4332; x_wconf 85' lang='lat' dir='ltr'><strong>perdiderunt</strong></span> 
     </span>
    </p>
   </div>
   <div class='ocr_carea' id='block_1_42' title="bbox 341 4354 1930 4431">
    <p class='ocr_par' dir='ltr' id='par_1_42' title="bbox 341 4354 1930 4431">
     <span class='ocr_line' id='line_1_42' title="bbox 341 4354 1930 4431; baseline -0.008 -8"><span class='ocrx_word' id='word_1_316' title='bbox 341 4363 650 4423; x_wconf 87' lang='lat' dir='ltr'><strong>mercedem</strong></span> <span class='ocrx_word' id='word_1_317' title='bbox 675 4377 849 4428; x_wconf 88' lang='lat' dir='ltr'><strong>suam,</strong></span> <span class='ocrx_word' id='word_1_318' title='bbox 879 4359 968 4431; x_wconf 91' lang='lat' dir='ltr'><strong>qui</strong></span> <span class='ocrx_word' id='word_1_319' title='bbox 989 4367 1208 4430; x_wconf 89' lang='lat' dir='ltr'><strong>propter</strong></span> <span class='ocrx_word' id='word_1_320' title='bbox 1228 4358 1395 4412; x_wconf 91' lang='lat' dir='ltr'><strong>Deum</strong></span> <span class='ocrx_word' id='word_1_321' title='bbox 1423 4356 1583 4412; x_wconf 88' lang='lat' dir='ltr'><strong>etiam</strong></span> <span class='ocrx_word' id='word_1_322' title='bbox 1612 4369 1805 4410; x_wconf 79' lang='lat' dir='ltr'><strong>uxores</strong></span> <span class='ocrx_word' id='word_1_323' title='bbox 1829 4354 1930 4410; x_wconf 86' lang='lat' dir='ltr'><strong>du.—</strong></span> 
     </span>
    </p>
   </div>
   <div class='ocr_carea' id='block_1_43' title="bbox 338 4445 1926 4520">
    <p class='ocr_par' dir='ltr' id='par_1_43' title="bbox 338 4445 1926 4520">
     <span class='ocr_line' id='line_1_43' title="bbox 338 4445 1926 4520; baseline -0.011 -4"><span class='ocrx_word' id='word_1_324' title='bbox 338 4473 464 4516; x_wconf 86' lang='lat' dir='ltr'><strong>cere</strong></span> <span class='ocrx_word' id='word_1_325' title='bbox 492 4453 812 4512; x_wconf 88' lang='lat' dir='ltr'><strong>noluerunt?</strong></span> <span class='ocrx_word' id='word_1_326' title='bbox 839 4450 946 4508; x_wconf 88' lang='lat' dir='ltr'><strong>Sed</strong></span> <span class='ocrx_word' id='word_1_327' title='bbox 985 4449 1060 4504; x_wconf 85' lang='lat' dir='ltr'><strong>ait</strong></span> <span class='ocrx_word' id='word_1_328' title='bbox 1097 4447 1190 4520; x_wconf 90' lang='lat' dir='ltr'><strong>qui</strong></span> <span class='ocrx_word' id='word_1_329' title='bbox 1229 4447 1402 4503; x_wconf 91' lang='lat' dir='ltr'><strong>noluit</strong></span> <span class='ocrx_word' id='word_1_330' title='bbox 1436 4445 1635 4502; x_wconf 90' lang='lat' dir='ltr'><strong>ducere</strong></span> <span class='ocrx_word' id='word_1_331' title='bbox 1665 4459 1926 4502; x_wconf 79' lang='lat' dir='ltr'><strong>uxorem:</strong></span> 
     </span>
    </p>
   </div>
   <div class='ocr_carea' id='block_1_44' title="bbox 339 4540 1930 4607">
    <p class='ocr_par' dir='ltr' id='par_1_44' title="bbox 339 4540 1930 4607">
     <span class='ocr_line' id='line_1_44' title="bbox 339 4540 1930 4607; baseline -0.006 -2"><span class='ocrx_word' id='word_1_332' title='bbox 339 4550 512 4606; x_wconf 77' lang='lat' dir='ltr'><strong>Aliter</strong></span> <span class='ocrx_word' id='word_1_333' title='bbox 541 4564 628 4603; x_wconf 91' lang='lat' dir='ltr'><strong>me</strong></span> <span class='ocrx_word' id='word_1_334' title='bbox 653 4547 936 4604; x_wconf 88' lang='lat' dir='ltr'><strong>benedicet</strong></span> <span class='ocrx_word' id='word_1_335' title='bbox 961 4545 1119 4600; x_wconf 88' lang='lat' dir='ltr'><strong>Deus.</strong></span> <span class='ocrx_word' id='word_1_336' title='bbox 1153 4542 1265 4598; x_wconf 91' lang='lat' dir='ltr'><strong>lmo</strong></span> <span class='ocrx_word' id='word_1_337' title='bbox 1290 4555 1438 4607; x_wconf 90' lang='lat' dir='ltr'><strong>vero,</strong></span> <span class='ocrx_word' id='word_1_338' title='bbox 1460 4548 1554 4596; x_wconf 90' lang='lat' dir='ltr'><strong>aut</strong></span> <span class='ocrx_word' id='word_1_339' title='bbox 1575 4540 1654 4596; x_wconf 83' lang='lat' dir='ltr'><strong>sic</strong></span> <span class='ocrx_word' id='word_1_340' title='bbox 1682 4547 1735 4596; x_wconf 88' lang='lat' dir='ltr'><strong>te</strong></span> <span class='ocrx_word' id='word_1_341' title='bbox 1763 4540 1930 4597; x_wconf 85' lang='lat' dir='ltr'><strong>bene-</strong></span> 
     </span>
    </p>
   </div>
   <div class='ocr_carea' id='block_1_45' title="bbox 339 4634 1926 4710">
    <p class='ocr_par' dir='ltr' id='par_1_45' title="bbox 339 4634 1926 4710">
     <span class='ocr_line' id='line_1_45' title="bbox 339 4634 1926 4710; baseline -0.006 -11"><span class='ocrx_word' id='word_1_342' title='bbox 339 4643 514 4710; x_wconf 89' lang='lat' dir='ltr'><strong>dicet,</strong></span> <span class='ocrx_word' id='word_1_343' title='bbox 557 4652 649 4698; x_wconf 91' lang='lat' dir='ltr'><strong>aut</strong></span> <span class='ocrx_word' id='word_1_344' title='bbox 691 4657 797 4696; x_wconf 91' lang='lat' dir='ltr'><strong>non</strong></span> <span class='ocrx_word' id='word_1_345' title='bbox 828 4649 880 4696; x_wconf 91' lang='lat' dir='ltr'><strong>te</strong></span> <span class='ocrx_word' id='word_1_346' title='bbox 906 4637 1187 4696; x_wconf 88' lang='lat' dir='ltr'><strong>benedicet</strong></span> <span class='ocrx_word' id='word_1_347' title='bbox 1212 4653 1226 4690; x_wconf 90' lang='lat'><strong>:</strong></span> <span class='ocrx_word' id='word_1_348' title='bbox 1252 4644 1440 4707; x_wconf 87' lang='lat' dir='ltr'><strong>aperte</strong></span> <span class='ocrx_word' id='word_1_349' title='bbox 1478 4634 1619 4690; x_wconf 88' lang='lat' dir='ltr'><strong>dicta</strong></span> <span class='ocrx_word' id='word_1_350' title='bbox 1662 4635 1926 4690; x_wconf 83' lang='lat' dir='ltr'><strong>sententia</strong></span> 
     </span>
    </p>
   </div>
   <div class='ocr_carea' id='block_1_46' title="bbox 340 4726 1824 4803">
    <p class='ocr_par' dir='ltr' id='par_1_46' title="bbox 340 4726 1824 4803">
     <span class='ocr_line' id='line_1_46' title="bbox 340 4726 1824 4803; baseline -0.009 -10"><span class='ocrx_word' id='word_1_351' title='bbox 340 4747 442 4803; x_wconf 84' lang='lat' dir='ltr'><strong>est,</strong></span> <span class='ocrx_word' id='word_1_352' title='bbox 476 4735 609 4789; x_wconf 88' lang='lat' dir='ltr'><strong>Ecce</strong></span> <span class='ocrx_word' id='word_1_353' title='bbox 637 4735 708 4789; x_wconf 76' lang='lat' dir='ltr'><strong>sic</strong></span> <span class='ocrx_word' id='word_1_354' title='bbox 736 4732 1052 4788; x_wconf 73' lang='lat' dir='ltr'><strong>benedicatur</strong></span> <span class='ocrx_word' id='word_1_355' title='bbox 1079 4731 1228 4784; x_wconf 78' lang='lat' dir='ltr'><strong>homo</strong></span> <span class='ocrx_word' id='word_1_356' title='bbox 1252 4728 1340 4801; x_wconf 79' lang='lat' dir='ltr'><strong>qui</strong></span> <span class='ocrx_word' id='word_1_357' title='bbox 1364 4728 1502 4782; x_wconf 85' lang='lat' dir='ltr'><strong>timet</strong></span> <span class='ocrx_word' id='word_1_358' title='bbox 1527 4726 1824 4784; x_wconf 87' lang='lat' dir='ltr'><strong>Dominum.</strong></span> 
     </span>
    </p>
   </div>
   <div class='ocr_carea' id='block_1_47' title="bbox 409 4820 1926 4898">
    <p class='ocr_par' dir='ltr' id='par_1_47' title="bbox 409 4820 1926 4898">
     <span class='ocr_line' id='line_1_47' title="bbox 409 4820 1926 4898; baseline -0.003 -15"><span class='ocrx_word' id='word_1_359' title='bbox 409 4829 464 4884; x_wconf 79' lang='lat'><strong>9..</strong></span> <span class='ocrx_word' id='word_1_360' title='bbox 494 4827 632 4896; x_wconf 81' lang='lat' dir='ltr'><strong>Quid</strong></span> <span class='ocrx_word' id='word_1_361' title='bbox 654 4843 781 4898; x_wconf 87' lang='lat' dir='ltr'><strong>ergo</strong></span> <span class='ocrx_word' id='word_1_362' title='bbox 807 4826 907 4880; x_wconf 88' lang='lat' dir='ltr'><strong>sibi</strong></span> <span class='ocrx_word' id='word_1_363' title='bbox 937 4826 1037 4880; x_wconf 91' lang='lat' dir='ltr'><strong>hoc</strong></span> <span class='ocrx_word' id='word_1_364' title='bbox 1058 4824 1190 4889; x_wconf 87' lang='lat' dir='ltr'><strong>vult,</strong></span> <span class='ocrx_word' id='word_1_365' title='bbox 1215 4821 1442 4878; x_wconf 80' lang='lat' dir='ltr'><strong>fratres?</strong></span> <span class='ocrx_word' id='word_1_366' title='bbox 1466 4820 1543 4876; x_wconf 77' lang='lat' dir='ltr'><strong>Ne</strong></span> <span class='ocrx_word' id='word_1_367' title='bbox 1570 4820 1926 4878; x_wconf 87' lang='lat' dir='ltr'><strong>desiderando</strong></span> 
     </span>
    </p>
   </div>
   <div class='ocr_carea' id='block_1_48' title="bbox 340 4915 1924 4995">
    <p class='ocr_par' dir='ltr' id='par_1_48' title="bbox 340 4915 1924 4995">
     <span class='ocr_line' id='line_1_48' title="bbox 340 4915 1924 4995; baseline -0.004 -15"><span class='ocrx_word' id='word_1_368' title='bbox 340 4921 689 4995; x_wconf 86' lang='lat' dir='ltr'><strong>temporalem</strong></span> <span class='ocrx_word' id='word_1_369' title='bbox 717 4929 771 4976; x_wconf 89' lang='lat' dir='ltr'><strong>et</strong></span> <span class='ocrx_word' id='word_1_370' title='bbox 798 4929 1065 4975; x_wconf 90' lang='lat' dir='ltr'><strong>terrenam</strong></span> <span class='ocrx_word' id='word_1_371' title='bbox 1091 4917 1419 4995; x_wconf 88' lang='lat' dir='ltr'><strong>felicitatem,</strong></span> <span class='ocrx_word' id='word_1_372' title='bbox 1449 4915 1735 4986; x_wconf 88' lang='lat' dir='ltr'><strong>perdamus</strong></span> <span class='ocrx_word' id='word_1_373' title='bbox 1761 4917 1924 4973; x_wconf 66' lang='lat' dir='ltr'><strong>cale-</strong></span> 
     </span>
    </p>
   </div>
   <div class='ocr_carea' id='block_1_49' title="bbox 336 4994 1919 5084">
    <p class='ocr_par' dir='ltr' id='par_1_49' title="bbox 336 4994 1919 5084">
     <span class='ocr_line' id='line_1_49' title="bbox 336 4994 1919 5084; baseline -0.006 -11"><span class='ocrx_word' id='word_1_374' title='bbox 336 4994 496 5083; x_wconf 83' lang='lat' dir='ltr'><strong>stem,</strong></span> <span class='ocrx_word' id='word_1_375' title='bbox 521 5013 788 5084; x_wconf 85' lang='lat' dir='ltr'><strong>Propheta</strong></span> <span class='ocrx_word' id='word_1_376' title='bbox 813 5020 1063 5082; x_wconf 89' lang='lat' dir='ltr'><strong>tanquam</strong></span> <span class='ocrx_word' id='word_1_377' title='bbox 1088 4994 1420 5066; x_wconf 84' lang='lat' dir='ltr'><strong>involucrum</strong></span> <span class='ocrx_word' id='word_1_378' title='bbox 1443 5008 1598 5064; x_wconf 84' lang='lat' dir='ltr'><strong>nobis</strong></span> <span class='ocrx_word' id='word_1_379' title='bbox 1626 5008 1919 5065; x_wconf 87' lang='lat' dir='ltr'><strong>constituit.</strong></span> 
     </span>
    </p>
   </div>
   <div class='ocr_carea' id='block_1_50' title="bbox 334 5102 1920 5177">
    <p class='ocr_par' dir='ltr' id='par_1_50' title="bbox 334 5102 1920 5177">
     <span class='ocr_line' id='line_1_50' title="bbox 334 5102 1920 5177; baseline -0.004 -11"><span class='ocrx_word' id='word_1_380' title='bbox 334 5108 674 5167; x_wconf 74' lang='lat' dir='ltr'><strong>involucrum</strong></span> <span class='ocrx_word' id='word_1_381' title='bbox 700 5107 802 5163; x_wconf 92' lang='lat' dir='ltr'><strong>hoc</strong></span> <span class='ocrx_word' id='word_1_382' title='bbox 828 5107 1009 5163; x_wconf 90' lang='lat' dir='ltr'><strong>nescio</strong></span> <span class='ocrx_word' id='word_1_383' title='bbox 1029 5104 1160 5177; x_wconf 89' lang='lat' dir='ltr'><strong>quid</strong></span> <span class='ocrx_word' id='word_1_384' title='bbox 1189 5104 1351 5160; x_wconf 86' lang='lat' dir='ltr'><strong>habet</strong></span> <span class='ocrx_word' id='word_1_385' title='bbox 1376 5104 1536 5159; x_wconf 90' lang='lat' dir='ltr'><strong>intus.</strong></span> <span class='ocrx_word' id='word_1_386' title='bbox 1565 5102 1803 5159; x_wconf 79' lang='lat' dir='ltr'><strong>Meminit</strong></span> <span class='ocrx_word' id='word_1_387' title='bbox 1823 5119 1920 5159; x_wconf 85' lang='lat' dir='ltr'><strong>au-</strong></span> 
     </span>
    </p>
   </div>
   <div class='ocr_carea' id='block_1_51' title="bbox 336 5197 1921 5270">
    <p class='ocr_par' dir='ltr' id='par_1_51' title="bbox 336 5197 1921 5270">
     <span class='ocr_line' id='line_1_51' title="bbox 336 5197 1921 5270; baseline -0.004 -9"><span class='ocrx_word' id='word_1_388' title='bbox 336 5215 444 5262; x_wconf 89' lang='lat' dir='ltr'><strong>tem</strong></span> <span class='ocrx_word' id='word_1_389' title='bbox 467 5203 715 5261; x_wconf 86' lang='lat' dir='ltr'><strong>Charitas</strong></span> <span class='ocrx_word' id='word_1_390' title='bbox 735 5213 934 5270; x_wconf 88' lang='lat' dir='ltr'><strong>vestra,</strong></span> <span class='ocrx_word' id='word_1_391' title='bbox 957 5215 1078 5257; x_wconf 91' lang='lat' dir='ltr'><strong>cum</strong></span> <span class='ocrx_word' id='word_1_392' title='bbox 1112 5198 1443 5269; x_wconf 85' lang='lat' dir='ltr'><strong>superiorem</strong></span> <span class='ocrx_word' id='word_1_393' title='bbox 1470 5197 1735 5269; x_wconf 87' lang='lat' dir='ltr'><strong>psalmum</strong></span> <span class='ocrx_word' id='word_1_394' title='bbox 1770 5197 1921 5254; x_wconf 89' lang='lat' dir='ltr'><strong>vobis</strong></span> 
     </span>
    </p>
   </div>
   <div class='ocr_carea' id='block_1_52' title="bbox 333 5288 1919 5364">
    <p class='ocr_par' dir='ltr' id='par_1_52' title="bbox 333 5288 1919 5364">
     <span class='ocr_line' id='line_1_52' title="bbox 333 5288 1919 5364; baseline -0.004 -13"><span class='ocrx_word' id='word_1_395' title='bbox 333 5305 659 5362; x_wconf 85' lang='lat' dir='ltr'><strong>tractarem,</strong></span> <span class='ocrx_word' id='word_1_396' title='bbox 708 5293 796 5364; x_wconf 89' lang='lat' dir='ltr'><strong>qui</strong></span> <span class='ocrx_word' id='word_1_397' title='bbox 849 5301 932 5349; x_wconf 89' lang='lat' dir='ltr'><strong>est</strong></span> <span class='ocrx_word' id='word_1_398' title='bbox 974 5300 1098 5346; x_wconf 90' lang='lat' dir='ltr'><strong>ante</strong></span> <span class='ocrx_word' id='word_1_399' title='bbox 1140 5291 1330 5355; x_wconf 90' lang='lat' dir='ltr'><strong>istum,</strong></span> <span class='ocrx_word' id='word_1_400' title='bbox 1377 5288 1667 5346; x_wconf 86' lang='lat' dir='ltr'><strong>incurrisse</strong></span> <span class='ocrx_word' id='word_1_401' title='bbox 1712 5304 1812 5345; x_wconf 89' lang='lat' dir='ltr'><strong>nos</strong></span> <span class='ocrx_word' id='word_1_402' title='bbox 1865 5290 1919 5345; x_wconf 90' lang='lat' dir='ltr'><strong>in</strong></span> 
     </span>
    </p>
   </div>
   <div class='ocr_carea' id='block_1_53' title="bbox 331 5382 1919 5459">
    <p class='ocr_par' dir='ltr' id='par_1_53' title="bbox 331 5382 1919 5459">
     <span class='ocr_line' id='line_1_53' title="bbox 331 5382 1919 5459; baseline -0.004 -16"><span class='ocrx_word' id='word_1_403' title='bbox 331 5386 621 5459; x_wconf 87' lang='lat' dir='ltr'><strong>quemdam</strong></span> <span class='ocrx_word' id='word_1_404' title='bbox 651 5401 863 5442; x_wconf 88' lang='lat' dir='ltr'><strong>versum</strong></span> <span class='ocrx_word' id='word_1_405' title='bbox 891 5385 1176 5441; x_wconf 89' lang='lat' dir='ltr'><strong>obscurum</strong></span> <span class='ocrx_word' id='word_1_406' title='bbox 1198 5425 1212 5452; x_wconf 94' lang='lat'><strong>,</strong></span> <span class='ocrx_word' id='word_1_407' title='bbox 1243 5382 1333 5438; x_wconf 92' lang='lat' dir='ltr'><strong>ubi</strong></span> <span class='ocrx_word' id='word_1_408' title='bbox 1376 5382 1577 5438; x_wconf 90' lang='lat' dir='ltr'><strong>dictum</strong></span> <span class='ocrx_word' id='word_1_409' title='bbox 1619 5391 1738 5448; x_wconf 90' lang='lat' dir='ltr'><strong>est,</strong></span> <span class='ocrx_word' id='word_1_410' title='bbox 1772 5383 1919 5438; x_wconf 83' lang='lat' dir='ltr'><strong>Sicut</strong></span> 
     </span>
    </p>
   </div>
   <div class='ocr_carea' id='block_1_54' title="bbox 329 5473 1914 5551">
    <p class='ocr_par' dir='ltr' id='par_1_54' title="bbox 329 5473 1914 5551">
     <span class='ocr_line' id='line_1_54' title="bbox 329 5473 1914 5551; baseline -0.003 -17"><span class='ocrx_word' id='word_1_411' title='bbox 329 5481 530 5551; x_wconf 65' lang='lat' dir='ltr'><strong>sagitta</strong></span> <span class='ocrx_word' id='word_1_412' title='bbox 569 5479 623 5533; x_wconf 85' lang='lat' dir='ltr'><strong>in</strong></span> <span class='ocrx_word' id='word_1_413' title='bbox 665 5494 821 5533; x_wconf 87' lang='lat' dir='ltr'><strong>manu</strong></span> <span class='ocrx_word' id='word_1_414' title='bbox 861 5477 1107 5548; x_wconf 74' lang='lat' dir='ltr'><strong>potentis,</strong></span> <span class='ocrx_word' id='word_1_415' title='bbox 1136 5477 1207 5530; x_wconf 77' lang='lat' dir='ltr'><strong>sic</strong></span> <span class='ocrx_word' id='word_1_416' title='bbox 1249 5476 1346 5545; x_wconf 82' lang='lat' dir='ltr'><strong>ﬁlii</strong></span> <span class='ocrx_word' id='word_1_417' title='bbox 1388 5491 1712 5531; x_wconf 74' lang='lat' dir='ltr'><strong>excusserunt</strong></span> <span class='ocrx_word' id='word_1_418' title='bbox 1743 5473 1914 5546; x_wconf 78' lang='lat' dir='ltr'><strong>(Psal.</strong></span> 
     </span>
    </p>
   </div>
   <div class='ocr_carea' id='block_1_55' title="bbox 332 5567 1916 5644">
    <p class='ocr_par' dir='ltr' id='par_1_55' title="bbox 332 5567 1916 5644">
     <span class='ocr_line' id='line_1_55' title="bbox 332 5567 1916 5644; baseline -0.003 -17"><span class='ocrx_word' id='word_1_419' title='bbox 332 5586 513 5640; x_wconf 74' lang='lat' dir='ltr'><strong>cxxvr,</strong></span> <span class='ocrx_word' id='word_1_420' title='bbox 548 5570 634 5644; x_wconf 72' lang='lat' dir='ltr'><strong>tl);</strong></span> <span class='ocrx_word' id='word_1_421' title='bbox 667 5579 866 5627; x_wconf 91' lang='lat' dir='ltr'><strong>etcum</strong></span> <span class='ocrx_word' id='word_1_422' title='bbox 890 5583 1252 5641; x_wconf 74' lang='lat' dir='ltr'><strong>quaereremus</strong></span> <span class='ocrx_word' id='word_1_423' title='bbox 1283 5568 1374 5640; x_wconf 90' lang='lat' dir='ltr'><strong>qui</strong></span> <span class='ocrx_word' id='word_1_424' title='bbox 1417 5567 1524 5624; x_wconf 91' lang='lat' dir='ltr'><strong>sint</strong></span> <span class='ocrx_word' id='word_1_425' title='bbox 1547 5568 1644 5638; x_wconf 80' lang='lat' dir='ltr'><strong>ﬁlii</strong></span> <span class='ocrx_word' id='word_1_426' title='bbox 1677 5584 1916 5624; x_wconf 77' lang='lat' dir='ltr'><strong>excusso-</strong></span> 
     </span>
    </p>
   </div>
   <div class='ocr_carea' id='block_1_56' title="bbox 325 5663 1916 5734">
    <p class='ocr_par' dir='ltr' id='par_1_56' title="bbox 325 5663 1916 5734">
     <span class='ocr_line' id='line_1_56' title="bbox 325 5663 1916 5734; baseline 0.001 -13"><span class='ocrx_word' id='word_1_427' title='bbox 325 5681 463 5733; x_wconf 87' lang='lat' dir='ltr'><strong>rum,</strong></span> <span class='ocrx_word' id='word_1_428' title='bbox 486 5666 660 5722; x_wconf 87' lang='lat' dir='ltr'><strong>visum</strong></span> <span class='ocrx_word' id='word_1_429' title='bbox 682 5679 801 5721; x_wconf 89' lang='lat' dir='ltr'><strong>esse</strong></span> <span class='ocrx_word' id='word_1_430' title='bbox 821 5663 994 5731; x_wconf 84' lang='lat' dir='ltr'><strong>nobis,</strong></span> <span class='ocrx_word' id='word_1_431' title='bbox 1021 5671 1340 5734; x_wconf 77' lang='lat' dir='ltr'><strong>suggerente</strong></span> <span class='ocrx_word' id='word_1_432' title='bbox 1363 5670 1620 5734; x_wconf 87' lang='lat' dir='ltr'><strong>quantum</strong></span> <span class='ocrx_word' id='word_1_433' title='bbox 1644 5663 1916 5722; x_wconf 87' lang='lat' dir='ltr'><strong>credimus</strong></span> 
     </span>
    </p>
   </div>
   <div class='ocr_carea' id='block_1_57' title="bbox 321 5755 1912 5827">
    <p class='ocr_par' dir='ltr' id='par_1_57' title="bbox 321 5755 1912 5827">
     <span class='ocr_line' id='line_1_57' title="bbox 321 5755 1912 5827; baseline -0.002 -13"><span class='ocrx_word' id='word_1_434' title='bbox 321 5758 577 5826; x_wconf 82' lang='lat' dir='ltr'><strong>Domino,</strong></span> <span class='ocrx_word' id='word_1_435' title='bbox 612 5757 751 5818; x_wconf 83' lang='lat' dir='ltr'><strong>ﬁlios</strong></span> <span class='ocrx_word' id='word_1_436' title='bbox 779 5770 1128 5814; x_wconf 82' lang='lat' dir='ltr'><strong>excussorum</strong></span> <span class='ocrx_word' id='word_1_437' title='bbox 1159 5755 1448 5827; x_wconf 83' lang='lat' dir='ltr'><strong>Apostolos</strong></span> <span class='ocrx_word' id='word_1_438' title='bbox 1468 5755 1640 5812; x_wconf 91' lang='lat' dir='ltr'><strong>dictos</strong></span> <span class='ocrx_word' id='word_1_439' title='bbox 1668 5772 1823 5826; x_wconf 92' lang='lat' dir='ltr'><strong>esse,</strong></span> <span class='ocrx_word' id='word_1_440' title='bbox 1847 5756 1912 5811; x_wconf 86' lang='lat' dir='ltr'><strong>fi-</strong></span> 
     </span>
    </p>
   </div>
   <div class='ocr_carea' id='block_1_58' title="bbox 406 5868 1726 5929">
    <p class='ocr_par' dir='ltr' id='par_1_58' title="bbox 406 5868 1726 5929">
     <span class='ocr_line' id='line_1_58' title="bbox 406 5868 1726 5929; baseline -0.005 -6"><span class='ocrx_word' id='word_1_441' title='bbox 406 5875 462 5929; x_wconf 88' lang='lat' dir='ltr'><strong>a)</strong></span> <span class='ocrx_word' id='word_1_442' title='bbox 483 5873 585 5923; x_wconf 83' lang='lat' dir='ltr'><strong>vid.</strong></span> <span class='ocrx_word' id='word_1_443' title='bbox 609 5879 763 5924; x_wconf 80' lang='lat' dir='ltr'><strong>Tract.</strong></span> <span class='ocrx_word' id='word_1_444' title='bbox 788 5887 835 5923; x_wconf 80' lang='lat' dir='ltr'><strong>iv</strong></span> <span class='ocrx_word' id='word_1_445' title='bbox 853 5874 902 5922; x_wconf 87' lang='lat' dir='ltr'><strong>in</strong></span> <span class='ocrx_word' id='word_1_446' title='bbox 925 5879 1079 5929; x_wconf 88' lang='lat' dir='ltr'><strong>Joan.,</strong></span> <span class='ocrx_word' id='word_1_447' title='bbox 1103 5882 1155 5918; x_wconf 91' lang='lat' dir='ltr'><strong>n.</strong></span> <span class='ocrx_word' id='word_1_448' title='bbox 1180 5868 1272 5929; x_wconf 72' lang='lat'><strong>16;</strong></span> <span class='ocrx_word' id='word_1_449' title='bbox 1298 5875 1350 5918; x_wconf 90' lang='lat' dir='ltr'><strong>et</strong></span> <span class='ocrx_word' id='word_1_450' title='bbox 1371 5877 1529 5920; x_wconf 86' lang='lat' dir='ltr'><strong>&#39;rraet.</strong></span> <span class='ocrx_word' id='word_1_451' title='bbox 1549 5884 1582 5918; x_wconf 84' lang='lat' dir='ltr'><strong>v</strong></span> <span class='ocrx_word' id='word_1_452' title='bbox 1596 5877 1648 5919; x_wconf 83' lang='lat' dir='ltr'><strong>et</strong></span> <span class='ocrx_word' id='word_1_453' title='bbox 1661 5885 1726 5920; x_wconf 80' lang='lat' dir='ltr'><strong>vi.</strong></span> 
     </span>
    </p>
   </div>
   <div class='ocr_carea' id='block_1_59' title="bbox 383 5875 1729 6009">
    <p class='ocr_par' dir='ltr' id='par_1_59' title="bbox 383 5875 1729 6009">
     <span class='ocr_line' id='line_1_59' title="bbox 406 5875 1726 5929; baseline -0.005 -6"><span class='ocrx_word' id='word_1_454' title='bbox 406 5885 439 5923; x_wconf 88' lang='lat' dir='ltr'><strong>a</strong></span> <span class='ocrx_word' id='word_1_455' title='bbox 483 5875 585 5923; x_wconf 87' lang='lat' dir='ltr'><strong>vid.</strong></span> <span class='ocrx_word' id='word_1_456' title='bbox 609 5879 763 5924; x_wconf 80' lang='lat' dir='ltr'><strong>Tract.</strong></span> <span class='ocrx_word' id='word_1_457' title='bbox 788 5887 835 5923; x_wconf 80' lang='lat' dir='ltr'><strong>iv</strong></span> <span class='ocrx_word' id='word_1_458' title='bbox 853 5875 902 5922; x_wconf 87' lang='lat' dir='ltr'><strong>in</strong></span> <span class='ocrx_word' id='word_1_459' title='bbox 925 5879 1079 5929; x_wconf 88' lang='lat' dir='ltr'><strong>Joan.,</strong></span> <span class='ocrx_word' id='word_1_460' title='bbox 1103 5882 1155 5918; x_wconf 91' lang='lat' dir='ltr'><strong>n.</strong></span> <span class='ocrx_word' id='word_1_461' title='bbox 1180 5875 1272 5929; x_wconf 69' lang='lat' dir='ltr'><strong>tu;</strong></span> <span class='ocrx_word' id='word_1_462' title='bbox 1298 5875 1350 5918; x_wconf 90' lang='lat' dir='ltr'><strong>et</strong></span> <span class='ocrx_word' id='word_1_463' title='bbox 1371 5877 1529 5920; x_wconf 86' lang='lat' dir='ltr'><strong>&#39;rraet.</strong></span> <span class='ocrx_word' id='word_1_464' title='bbox 1549 5877 1648 5919; x_wconf 83' lang='lat' dir='ltr'><strong>vet</strong></span> <span class='ocrx_word' id='word_1_465' title='bbox 1661 5885 1726 5920; x_wconf 80' lang='lat' dir='ltr'><strong>vi.</strong></span> 
     </span>
     <span class='ocr_line' id='line_1_60' title="bbox 383 5875 1729 6009; baseline -0.007 -18"><span class='ocrx_word' id='word_1_466' title='bbox 383 5875 470 6009; x_wconf 40' lang='grc' dir='ltr'>δὲ</span> <span class='ocrx_word' id='word_1_467' title='bbox 505 5936 574 5990; x_wconf 76' lang='lat' dir='ltr'><strong>Ad</strong></span> <span class='ocrx_word' id='word_1_468' title='bbox 593 5937 827 6003; x_wconf 76' lang='lat' dir='ltr'><strong>populum</strong></span> <span class='ocrx_word' id='word_1_469' title='bbox 842 5936 1042 5990; x_wconf 71' lang='lat' dir='ltr'><strong>habitus</strong></span> <span class='ocrx_word' id='word_1_470' title='bbox 1056 5936 1110 5990; x_wconf 86' lang='lat' dir='ltr'><strong>in</strong></span> <span class='ocrx_word' id='word_1_471' title='bbox 1127 5933 1209 5986; x_wconf 84' lang='lat' dir='ltr'><strong>dic</strong></span> <span class='ocrx_word' id='word_1_472' title='bbox 1228 5940 1274 5983; x_wconf 88' lang='lat' dir='ltr'><strong>S.</strong></span> <span class='ocrx_word' id='word_1_473' title='bbox 1297 5930 1468 5986; x_wconf 73' lang='lat' dir='ltr'><strong>Felicis</strong></span> <span class='ocrx_word' id='word_1_474' title='bbox 1487 5933 1729 5997; x_wconf 49' lang='lat' dir='ltr'><strong>maturis.</strong></span> 
     </span>
    </p>
   </div>
   <div class='ocr_carea' id='block_1_60' title="bbox 1467 406 2618 480">
    <p class='ocr_par' dir='ltr' id='par_1_60' title="bbox 1467 406 2618 480">
     <span class='ocr_line' id='line_1_61' title="bbox 1467 406 2618 480; baseline 0.007 -16"><span class='ocrx_word' id='word_1_475' title='bbox 1467 407 1861 465; x_wconf 81' lang='lat' dir='ltr'><strong>ENARRATIO</strong></span> <span class='ocrx_word' id='word_1_476' title='bbox 1901 406 1964 462; x_wconf 84' lang='lat' dir='ltr'><strong>IN</strong></span> <span class='ocrx_word' id='word_1_477' title='bbox 2004 409 2324 480; x_wconf 77' lang='lat' dir='ltr'><strong>PSALMUM</strong></span> <span class='ocrx_word' id='word_1_478' title='bbox 2363 417 2618 474; x_wconf 79' lang='lat' dir='ltr'><strong>CXXVII.</strong></span> 
     </span>
    </p>
   </div>
   <div class='ocr_carea' id='block_1_61' title="bbox 3505 430 3645 492">
    <p class='ocr_par' dir='ltr' id='par_1_61' title="bbox 3505 430 3645 492">
     <span class='ocr_line' id='line_1_62' title="bbox 3505 430 3645 492; baseline 0.014 -2"><span class='ocrx_word' id='word_1_479' title='bbox 3505 430 3645 492; x_wconf 75' lang='lat' dir='ltr'><strong>i678</strong></span> 
     </span>
    </p>
   </div>
   <div class='ocr_carea' id='block_1_62' title="bbox 2060 524 3643 614">
    <p class='ocr_par' dir='ltr' id='par_1_62' title="bbox 2060 524 3643 614">
     <span class='ocr_line' id='line_1_63' title="bbox 2060 524 3643 614; baseline 0.016 -35"><span class='ocrx_word' id='word_1_480' title='bbox 2060 524 2164 581; x_wconf 91' lang='lat' dir='ltr'><strong>lios</strong></span> <span class='ocrx_word' id='word_1_481' title='bbox 2188 525 2572 599; x_wconf 86' lang='lat' dir='ltr'><strong>Pr0phetarum</strong></span> <span class='ocrx_word' id='word_1_482' title='bbox 2595 550 2606 586; x_wconf 86' lang='lat'>:</span> <span class='ocrx_word' id='word_1_483' title='bbox 2631 534 2752 604; x_wconf 87' lang='lat' dir='ltr'><strong>quia</strong></span> <span class='ocrx_word' id='word_1_484' title='bbox 2775 533 3056 610; x_wconf 84' lang='lat' dir='ltr'><strong>Prophetae</strong></span> <span class='ocrx_word' id='word_1_485' title='bbox 3080 538 3131 596; x_wconf 88' lang='lat' dir='ltr'><strong>in</strong></span> <span class='ocrx_word' id='word_1_486' title='bbox 3159 540 3456 614; x_wconf 57' lang='lat' dir='ltr'><strong>aenigmatis</strong></span> <span class='ocrx_word' id='word_1_487' title='bbox 3480 545 3643 608; x_wconf 82' lang='lat' dir='ltr'><strong>locuti</strong></span> 
     </span>
    </p>
   </div>
   <div class='ocr_carea' id='block_1_63' title="bbox 2057 622 3636 703">
    <p class='ocr_par' dir='ltr' id='par_1_63' title="bbox 2057 622 3636 703">
     <span class='ocr_line' id='line_1_64' title="bbox 2057 622 3636 703; baseline 0.016 -31"><span class='ocrx_word' id='word_1_488' title='bbox 2057 627 2200 686; x_wconf 87' lang='lat' dir='ltr'><strong>sunt,</strong></span> <span class='ocrx_word' id='word_1_489' title='bbox 2226 629 2278 673; x_wconf 89' lang='lat' dir='ltr'><strong>et</strong></span> <span class='ocrx_word' id='word_1_490' title='bbox 2310 622 2490 692; x_wconf 81' lang='lat' dir='ltr'><strong>ﬁguris</strong></span> <span class='ocrx_word' id='word_1_491' title='bbox 2518 639 2697 688; x_wconf 89' lang='lat' dir='ltr'><strong>rerum</strong></span> <span class='ocrx_word' id='word_1_492' title='bbox 2728 635 2976 698; x_wconf 88' lang='lat' dir='ltr'><strong>tanquam</strong></span> <span class='ocrx_word' id='word_1_493' title='bbox 3009 635 3389 703; x_wconf 86' lang='lat' dir='ltr'><strong>mysteriorum</strong></span> <span class='ocrx_word' id='word_1_494' title='bbox 3421 637 3636 696; x_wconf 83' lang='lat' dir='ltr'><strong>involu-</strong></span> 
     </span>
    </p>
   </div>
   <div class='ocr_carea' id='block_1_64' title="bbox 2055 713 3637 802">
    <p class='ocr_par' dir='ltr' id='par_1_64' title="bbox 2055 713 3637 802">
     <span class='ocr_line' id='line_1_65' title="bbox 2055 713 3637 802; baseline 0.017 -37"><span class='ocrx_word' id='word_1_495' title='bbox 2055 713 2162 778; x_wconf 81' lang='lat' dir='ltr'><strong>eris</strong></span> <span class='ocrx_word' id='word_1_496' title='bbox 2182 727 2572 786; x_wconf 88' lang='lat' dir='ltr'><strong>cooperuerunt</strong></span> <span class='ocrx_word' id='word_1_497' title='bbox 2598 718 2957 789; x_wconf 90' lang='lat' dir='ltr'><strong>intellectum;</strong></span> <span class='ocrx_word' id='word_1_498' title='bbox 2987 725 3075 794; x_wconf 87' lang='lat' dir='ltr'><strong>qui</strong></span> <span class='ocrx_word' id='word_1_499' title='bbox 3098 725 3400 788; x_wconf 89' lang='lat' dir='ltr'><strong>intellectus</strong></span> <span class='ocrx_word' id='word_1_500' title='bbox 3421 733 3637 802; x_wconf 87' lang='lat' dir='ltr'><strong>prodire</strong></span> 
     </span>
    </p>
   </div>
   <div class='ocr_carea' id='block_1_65' title="bbox 2056 808 3639 883">
    <p class='ocr_par' dir='ltr' id='par_1_65' title="bbox 2056 808 3639 883">
     <span class='ocr_line' id='line_1_66' title="bbox 2056 808 3639 883; baseline 0.016 -25"><span class='ocrx_word' id='word_1_501' title='bbox 2056 819 2161 859; x_wconf 92' lang='lat' dir='ltr'><strong>non</strong></span> <span class='ocrx_word' id='word_1_502' title='bbox 2192 808 2363 875; x_wconf 89' lang='lat' dir='ltr'><strong>potuit</strong></span> <span class='ocrx_word' id='word_1_503' title='bbox 2391 809 2455 862; x_wconf 89' lang='lat' dir='ltr'><strong>ad</strong></span> <span class='ocrx_word' id='word_1_504' title='bbox 2485 809 2747 882; x_wconf 85' lang='lat' dir='ltr'><strong>homines,</strong></span> <span class='ocrx_word' id='word_1_505' title='bbox 2777 816 2877 870; x_wconf 92' lang='lat' dir='ltr'><strong>nisi</strong></span> <span class='ocrx_word' id='word_1_506' title='bbox 2907 816 3177 876; x_wconf 88' lang='lat' dir='ltr'><strong>involucra</strong></span> <span class='ocrx_word' id='word_1_507' title='bbox 3210 820 3296 876; x_wconf 91' lang='lat' dir='ltr'><strong>illa</strong></span> <span class='ocrx_word' id='word_1_508' title='bbox 3323 835 3639 883; x_wconf 82' lang='lat' dir='ltr'><strong>excuteren-</strong></span> 
     </span>
    </p>
   </div>
   <div class='ocr_carea' id='block_1_66' title="bbox 2056 897 3635 984">
    <p class='ocr_par' dir='ltr' id='par_1_66' title="bbox 2056 897 3635 984">
     <span class='ocr_line' id='line_1_67' title="bbox 2056 897 3635 984; baseline 0.016 -34"><span class='ocrx_word' id='word_1_509' title='bbox 2056 902 2178 952; x_wconf 90' lang='lat' dir='ltr'><strong>tur:</strong></span> <span class='ocrx_word' id='word_1_510' title='bbox 2207 897 2346 954; x_wconf 89' lang='lat' dir='ltr'><strong>unde</strong></span> <span class='ocrx_word' id='word_1_511' title='bbox 2374 899 2498 954; x_wconf 86' lang='lat' dir='ltr'><strong>dicti</strong></span> <span class='ocrx_word' id='word_1_512' title='bbox 2527 911 2649 957; x_wconf 89' lang='lat' dir='ltr'><strong>sunt</strong></span> <span class='ocrx_word' id='word_1_513' title='bbox 2679 903 2749 958; x_wconf 90' lang='lat' dir='ltr'><strong>illi</strong></span> <span class='ocrx_word' id='word_1_514' title='bbox 2781 906 2876 974; x_wconf 81' lang='lat' dir='ltr'><strong>ﬁlii</strong></span> <span class='ocrx_word' id='word_1_515' title='bbox 2901 924 3252 980; x_wconf 74' lang='lat' dir='ltr'><strong>excussorum,</strong></span> <span class='ocrx_word' id='word_1_516' title='bbox 3277 915 3366 984; x_wconf 89' lang='lat' dir='ltr'><strong>qui</strong></span> <span class='ocrx_word' id='word_1_517' title='bbox 3401 915 3470 973; x_wconf 90' lang='lat' dir='ltr'><strong>de</strong></span> <span class='ocrx_word' id='word_1_518' title='bbox 3500 917 3635 974; x_wconf 83' lang='lat' dir='ltr'><strong>Pro-</strong></span> 
     </span>
    </p>
   </div>
   <div class='ocr_carea' id='block_1_67' title="bbox 2056 987 3632 1071">
    <p class='ocr_par' dir='ltr' id='par_1_67' title="bbox 2056 987 3632 1071">
     <span class='ocr_line' id='line_1_68' title="bbox 2056 987 3632 1071; baseline 0.018 -31"><span class='ocrx_word' id='word_1_519' title='bbox 2056 987 2231 1068; x_wconf 89' lang='lat' dir='ltr'><strong>phetis</strong></span> <span class='ocrx_word' id='word_1_520' title='bbox 2261 993 2502 1048; x_wconf 86' lang='lat' dir='ltr'><strong>excussis</strong></span> <span class='ocrx_word' id='word_1_521' title='bbox 2533 995 2889 1067; x_wconf 84' lang='lat' dir='ltr'><strong>profecerunt.</strong></span> <span class='ocrx_word' id='word_1_522' title='bbox 2935 999 3073 1071; x_wconf 88' lang='lat' dir='ltr'><strong>Ergo</strong></span> <span class='ocrx_word' id='word_1_523' title='bbox 3098 1012 3151 1058; x_wconf 94' lang='lat' dir='ltr'><strong>et</strong></span> <span class='ocrx_word' id='word_1_524' title='bbox 3177 1021 3273 1061; x_wconf 92' lang='lat' dir='ltr'><strong>nos</strong></span> <span class='ocrx_word' id='word_1_525' title='bbox 3300 1011 3632 1068; x_wconf 87' lang='lat' dir='ltr'><strong>excutiamus</strong></span> 
     </span>
    </p>
   </div>
   <div class='ocr_carea' id='block_1_68' title="bbox 2054 1077 3634 1172">
    <p class='ocr_par' dir='ltr' id='par_1_68' title="bbox 2054 1077 3634 1172">
     <span class='ocr_line' id='line_1_69' title="bbox 2054 1077 3634 1172; baseline 0.017 -40"><span class='ocrx_word' id='word_1_526' title='bbox 2054 1077 2236 1172; x_wconf 82' lang='lat' dir='ltr'><strong>istum,</strong></span> <span class='ocrx_word' id='word_1_527' title='bbox 2270 1097 2335 1136; x_wconf 91' lang='lat' dir='ltr'><strong>ne</strong></span> <span class='ocrx_word' id='word_1_528' title='bbox 2364 1098 2459 1153; x_wconf 91' lang='lat' dir='ltr'><strong>per</strong></span> <span class='ocrx_word' id='word_1_529' title='bbox 2487 1084 2758 1140; x_wconf 76' lang='lat' dir='ltr'><strong>involucra</strong></span> <span class='ocrx_word' id='word_1_530' title='bbox 2782 1085 3051 1157; x_wconf 86' lang='lat' dir='ltr'><strong>fallamur,</strong></span> <span class='ocrx_word' id='word_1_531' title='bbox 3078 1102 3132 1147; x_wconf 93' lang='lat' dir='ltr'><strong>et</strong></span> <span class='ocrx_word' id='word_1_532' title='bbox 3177 1103 3452 1167; x_wconf 77' lang='lat' dir='ltr'><strong>tangentes</strong></span> <span class='ocrx_word' id='word_1_533' title='bbox 3493 1104 3634 1172; x_wconf 90' lang='lat' dir='ltr'><strong>quod</strong></span> 
     </span>
    </p>
   </div>
   <div class='ocr_carea' id='block_1_69' title="bbox 2054 1168 3637 1266">
    <p class='ocr_par' dir='ltr' id='par_1_69' title="bbox 2054 1168 3637 1266">
     <span class='ocr_line' id='line_1_70' title="bbox 2054 1168 3637 1266; baseline 0.017 -42"><span class='ocrx_word' id='word_1_534' title='bbox 2054 1168 2196 1230; x_wconf 89' lang='lat' dir='ltr'><strong>intus</strong></span> <span class='ocrx_word' id='word_1_535' title='bbox 2236 1182 2318 1238; x_wconf 86' lang='lat' dir='ltr'><strong>est</strong></span> <span class='ocrx_word' id='word_1_536' title='bbox 2356 1185 2409 1238; x_wconf 84' lang='lat' dir='ltr'><strong>et</strong></span> <span class='ocrx_word' id='word_1_537' title='bbox 2448 1191 2552 1232; x_wconf 92' lang='lat' dir='ltr'><strong>non</strong></span> <span class='ocrx_word' id='word_1_538' title='bbox 2583 1176 2854 1247; x_wconf 89' lang='lat' dir='ltr'><strong>videntes,</strong></span> <span class='ocrx_word' id='word_1_539' title='bbox 2882 1180 3120 1245; x_wconf 88' lang='lat' dir='ltr'><strong>dicamus</strong></span> <span class='ocrx_word' id='word_1_540' title='bbox 3148 1184 3284 1242; x_wconf 85' lang='lat' dir='ltr'><strong>forte</strong></span> <span class='ocrx_word' id='word_1_541' title='bbox 3312 1168 3637 1266; x_wconf 45' lang='lat' dir='ltr'><strong>lignum—pro</strong></span> 
     </span>
    </p>
   </div>
   <div class='ocr_carea' id='block_1_70' title="bbox 2053 1275 3636 1352">
    <p class='ocr_par' dir='ltr' id='par_1_70' title="bbox 2053 1275 3636 1352">
     <span class='ocr_line' id='line_1_71' title="bbox 2053 1275 3636 1352; baseline 0.016 -35"><span class='ocrx_word' id='word_1_542' title='bbox 2053 1277 2204 1330; x_wconf 89' lang='lat' dir='ltr'><strong>auro,</strong></span> <span class='ocrx_word' id='word_1_543' title='bbox 2235 1276 2326 1321; x_wconf 91' lang='lat' dir='ltr'><strong>aut</strong></span> <span class='ocrx_word' id='word_1_544' title='bbox 2359 1277 2548 1324; x_wconf 88' lang='lat' dir='ltr'><strong>testam</strong></span> <span class='ocrx_word' id='word_1_545' title='bbox 2581 1286 2676 1341; x_wconf 90' lang='lat' dir='ltr'><strong>pro</strong></span> <span class='ocrx_word' id='word_1_546' title='bbox 2698 1281 2937 1344; x_wconf 89' lang='lat' dir='ltr'><strong>argento.</strong></span> <span class='ocrx_word' id='word_1_547' title='bbox 2971 1275 3335 1352; x_wconf 86' lang='lat' dir='ltr'><strong>Excutiamus,</strong></span> <span class='ocrx_word' id='word_1_548' title='bbox 3355 1282 3399 1337; x_wconf 89' lang='lat' dir='ltr'><strong>si</strong></span> <span class='ocrx_word' id='word_1_549' title='bbox 3426 1283 3636 1342; x_wconf 88' lang='lat' dir='ltr'><strong>videtur</strong></span> 
     </span>
    </p>
   </div>
   <div class='ocr_carea' id='block_1_71' title="bbox 2053 1358 3637 1458">
    <p class='ocr_par' dir='ltr' id='par_1_71' title="bbox 2053 1358 3637 1458">
     <span class='ocr_line' id='line_1_72' title="bbox 2053 1358 3637 1458; baseline 0.015 -48"><span class='ocrx_word' id='word_1_550' title='bbox 2053 1358 2309 1426; x_wconf 85' lang='lat' dir='ltr'><strong>Charitati</strong></span> <span class='ocrx_word' id='word_1_551' title='bbox 2341 1373 2531 1418; x_wconf 78' lang='lat' dir='ltr'><strong>vestrae</strong></span> <span class='ocrx_word' id='word_1_552' title='bbox 2564 1382 2574 1417; x_wconf 90' lang='lat'>:</span> <span class='ocrx_word' id='word_1_553' title='bbox 2608 1365 2780 1420; x_wconf 88' lang='lat' dir='ltr'><strong>aderit</strong></span> <span class='ocrx_word' id='word_1_554' title='bbox 2810 1367 3065 1426; x_wconf 91' lang='lat' dir='ltr'><strong>Dominus</strong></span> <span class='ocrx_word' id='word_1_555' title='bbox 3086 1413 3100 1438; x_wconf 91' lang='lat'><strong>,</strong></span> <span class='ocrx_word' id='word_1_556' title='bbox 3130 1381 3186 1426; x_wconf 91' lang='lat' dir='ltr'><strong>ut</strong></span> <span class='ocrx_word' id='word_1_557' title='bbox 3217 1375 3470 1443; x_wconf 90' lang='lat' dir='ltr'><strong>procedat</strong></span> <span class='ocrx_word' id='word_1_558' title='bbox 3496 1380 3637 1458; x_wconf 86' lang='lat' dir='ltr'><strong>quod</strong></span> 
     </span>
    </p>
   </div>
   <div class='ocr_carea' id='block_1_72' title="bbox 2052 1450 3636 1542">
    <p class='ocr_par' dir='ltr' id='par_1_72' title="bbox 2052 1450 3636 1542">
     <span class='ocr_line' id='line_1_73' title="bbox 2052 1450 3636 1542; baseline 0.016 -38"><span class='ocrx_word' id='word_1_559' title='bbox 2052 1450 2194 1506; x_wconf 90' lang='lat' dir='ltr'><strong>intus</strong></span> <span class='ocrx_word' id='word_1_560' title='bbox 2223 1463 2306 1507; x_wconf 88' lang='lat' dir='ltr'><strong>est</strong></span> <span class='ocrx_word' id='word_1_561' title='bbox 2332 1472 2346 1520; x_wconf 84' lang='lat'><strong>;</strong></span> <span class='ocrx_word' id='word_1_562' title='bbox 2377 1456 2605 1514; x_wconf 79' lang='lat' dir='ltr'><strong>maxime</strong></span> <span class='ocrx_word' id='word_1_563' title='bbox 2629 1497 2643 1526; x_wconf 88' lang='lat'><strong>,</strong></span> <span class='ocrx_word' id='word_1_564' title='bbox 2671 1457 2864 1514; x_wconf 86' lang='lat' dir='ltr'><strong>fratres</strong></span> <span class='ocrx_word' id='word_1_565' title='bbox 2892 1463 3016 1529; x_wconf 91' lang='lat' dir='ltr'><strong>mei,</strong></span> <span class='ocrx_word' id='word_1_566' title='bbox 3051 1465 3172 1534; x_wconf 86' lang='lat' dir='ltr'><strong>quia</strong></span> <span class='ocrx_word' id='word_1_567' title='bbox 3209 1450 3636 1542; x_wconf 41' lang='lat' dir='ltr'><strong>martyrum&#39;na-</strong></span> 
     </span>
    </p>
   </div>
   <div class='ocr_carea' id='block_1_73' title="bbox 2052 1545 3633 1638">
    <p class='ocr_par' dir='ltr' id='par_1_73' title="bbox 2052 1545 3633 1638">
     <span class='ocr_line' id='line_1_74' title="bbox 2052 1545 3633 1638; baseline 0.017 -41"><span class='ocrx_word' id='word_1_568' title='bbox 2052 1545 2215 1600; x_wconf 86' lang='lat' dir='ltr'><strong>talitia</strong></span> <span class='ocrx_word' id='word_1_569' title='bbox 2247 1546 2600 1614; x_wconf 83' lang='lat' dir='ltr'><strong>celebramus.</strong></span> <span class='ocrx_word' id='word_1_570' title='bbox 2629 1551 2835 1618; x_wconf 88' lang='lat' dir='ltr'><strong>Quanta</strong></span> <span class='ocrx_word' id='word_1_571' title='bbox 2865 1554 3002 1618; x_wconf 88' lang='lat' dir='ltr'><strong>mala</strong></span> <span class='ocrx_word' id='word_1_572' title='bbox 3031 1559 3172 1627; x_wconf 89' lang='lat' dir='ltr'><strong>passi</strong></span> <span class='ocrx_word' id='word_1_573' title='bbox 3199 1571 3324 1618; x_wconf 89' lang='lat' dir='ltr'><strong>sunt</strong></span> <span class='ocrx_word' id='word_1_574' title='bbox 3344 1573 3633 1638; x_wconf 78' lang='lat' dir='ltr'><strong>martyres,</strong></span> 
     </span>
    </p>
   </div>
   <div class='ocr_carea' id='block_1_74' title="bbox 2049 1639 3630 1727">
    <p class='ocr_par' dir='ltr' id='par_1_74' title="bbox 2049 1639 3630 1727">
     <span class='ocr_line' id='line_1_75' title="bbox 2049 1639 3630 1727; baseline 0.019 -39"><span class='ocrx_word' id='word_1_575' title='bbox 2049 1646 2245 1727; x_wconf 84' lang='lat' dir='ltr'><strong>quanta</strong></span> <span class='ocrx_word' id='word_1_576' title='bbox 2275 1639 2456 1705; x_wconf 86' lang='lat' dir='ltr'><strong>exitia,</strong></span> <span class='ocrx_word' id='word_1_577' title='bbox 2489 1652 2685 1714; x_wconf 86' lang='lat' dir='ltr'><strong>quanta</strong></span> <span class='ocrx_word' id='word_1_578' title='bbox 2719 1653 3004 1711; x_wconf 73' lang='lat' dir='ltr'><strong>tormenta,</strong></span> <span class='ocrx_word' id='word_1_579' title='bbox 3029 1651 3303 1722; x_wconf 87' lang='lat' dir='ltr'><strong>squalores</strong></span> <span class='ocrx_word' id='word_1_580' title='bbox 3331 1671 3630 1727; x_wconf 81' lang='lat' dir='ltr'><strong>carcerum,</strong></span> 
     </span>
    </p>
   </div>
   <div class='ocr_carea' id='block_1_75' title="bbox 2050 1726 3630 1814">
    <p class='ocr_par' dir='ltr' id='par_1_75' title="bbox 2050 1726 3630 1814">
     <span class='ocr_line' id='line_1_76' title="bbox 2050 1726 3630 1814; baseline 0.016 -35"><span class='ocrx_word' id='word_1_581' title='bbox 2050 1726 2352 1794; x_wconf 83' lang='lat' dir='ltr'><strong>stricturam</strong></span> <span class='ocrx_word' id='word_1_582' title='bbox 2397 1741 2742 1804; x_wconf 86' lang='lat' dir='ltr'><strong>catenarum,</strong></span> <span class='ocrx_word' id='word_1_583' title='bbox 2783 1737 3038 1800; x_wconf 68' lang='lat' dir='ltr'><strong>srevitiam</strong></span> <span class='ocrx_word' id='word_1_584' title='bbox 3085 1740 3355 1812; x_wconf 89' lang='lat' dir='ltr'><strong>ferarum,</strong></span> <span class='ocrx_word' id='word_1_585' title='bbox 3384 1726 3630 1814; x_wconf 83' lang='lat' dir='ltr'><strong>ardorem</strong></span> 
     </span>
    </p>
   </div>
   <div class='ocr_carea' id='block_1_76' title="bbox 2049 1816 3635 1912">
    <p class='ocr_par' dir='ltr' id='par_1_76' title="bbox 2049 1816 3635 1912">
     <span class='ocr_line' id='line_1_77' title="bbox 2049 1816 3635 1912; baseline 0.019 -41"><span class='ocrx_word' id='word_1_586' title='bbox 2049 1816 2404 1890; x_wconf 86' lang='lat' dir='ltr'><strong>flammarum,</strong></span> <span class='ocrx_word' id='word_1_587' title='bbox 2424 1824 2638 1880; x_wconf 85' lang='lat' dir='ltr'><strong>aculeos</strong></span> <span class='ocrx_word' id='word_1_588' title='bbox 2662 1829 3142 1888; x_wconf 84' lang='lat' dir='ltr'><strong>contumeliarum!</strong></span> <span class='ocrx_word' id='word_1_589' title='bbox 3167 1833 3270 1892; x_wconf 85' lang='lat' dir='ltr'><strong>Ista</strong></span> <span class='ocrx_word' id='word_1_590' title='bbox 3291 1841 3469 1903; x_wconf 82' lang='lat' dir='ltr'><strong>omnia</strong></span> <span class='ocrx_word' id='word_1_591' title='bbox 3494 1845 3635 1912; x_wconf 77' lang='lat' dir='ltr'><strong>passi</strong></span> 
     </span>
    </p>
   </div>
   <div class='ocr_carea' id='block_1_77' title="bbox 2049 1915 3632 2008">
    <p class='ocr_par' dir='ltr' id='par_1_77' title="bbox 2049 1915 3632 2008">
     <span class='ocr_line' id='line_1_78' title="bbox 2049 1915 3632 2008; baseline 0.015 -41"><span class='ocrx_word' id='word_1_592' title='bbox 2049 1925 2230 1969; x_wconf 91' lang='lat' dir='ltr'><strong>essent</strong></span> <span class='ocrx_word' id='word_1_593' title='bbox 2250 1958 2264 1982; x_wconf 92' lang='lat'><strong>,</strong></span> <span class='ocrx_word' id='word_1_594' title='bbox 2292 1915 2395 1970; x_wconf 89' lang='lat' dir='ltr'><strong>nisi</strong></span> <span class='ocrx_word' id='word_1_595' title='bbox 2437 1921 2620 1984; x_wconf 90' lang='lat' dir='ltr'><strong>nescio</strong></span> <span class='ocrx_word' id='word_1_596' title='bbox 2650 1920 2777 1991; x_wconf 88' lang='lat' dir='ltr'><strong>quid</strong></span> <span class='ocrx_word' id='word_1_597' title='bbox 2802 1921 3046 1986; x_wconf 86' lang='lat' dir='ltr'><strong>viderent</strong></span> <span class='ocrx_word' id='word_1_598' title='bbox 3072 1942 3177 1998; x_wconf 89' lang='lat' dir='ltr'><strong>quo</strong></span> <span class='ocrx_word' id='word_1_599' title='bbox 3199 1945 3256 1986; x_wconf 82' lang='lat' dir='ltr'><strong>se</strong></span> <span class='ocrx_word' id='word_1_600' title='bbox 3285 1933 3566 1990; x_wconf 88' lang='lat' dir='ltr'><strong>tenderent</strong></span> <span class='ocrx_word' id='word_1_601' title='bbox 3592 1939 3632 2008; x_wconf 72' lang='grc' dir='ltr'><strong>ί,</strong></span> 
     </span>
    </p>
   </div>
   <div class='ocr_carea' id='block_1_78' title="bbox 2049 2007 3635 2104">
    <p class='ocr_par' dir='ltr' id='par_1_78' title="bbox 2049 2007 3635 2104">
     <span class='ocr_line' id='line_1_79' title="bbox 2049 2007 3635 2104; baseline 0.017 -45"><span class='ocrx_word' id='word_1_602' title='bbox 2049 2007 2189 2080; x_wconf 87' lang='lat' dir='ltr'><strong>quod</strong></span> <span class='ocrx_word' id='word_1_603' title='bbox 2212 2007 2275 2063; x_wconf 92' lang='lat' dir='ltr'><strong>ad</strong></span> <span class='ocrx_word' id='word_1_604' title='bbox 2301 2009 2455 2082; x_wconf 82' lang='lat' dir='ltr'><strong>hujus</strong></span> <span class='ocrx_word' id='word_1_605' title='bbox 2478 2013 2657 2080; x_wconf 64' lang='lat' dir='ltr'><strong>saeculi</strong></span> <span class='ocrx_word' id='word_1_606' title='bbox 2687 2013 2988 2078; x_wconf 80' lang='lat' dir='ltr'><strong>felicitatem</strong></span> <span class='ocrx_word' id='word_1_607' title='bbox 3024 2035 3128 2076; x_wconf 93' lang='lat' dir='ltr'><strong>non</strong></span> <span class='ocrx_word' id='word_1_608' title='bbox 3159 2024 3428 2094; x_wconf 84' lang='lat' dir='ltr'><strong>pertinet?</strong></span> <span class='ocrx_word' id='word_1_609' title='bbox 3458 2009 3635 2104; x_wconf 78' lang='lat' dir='ltr'><strong>Turpe</strong></span> 
     </span>
    </p>
   </div>
   <div class='ocr_carea' id='block_1_79' title="bbox 2049 2105 3631 2187">
    <p class='ocr_par' dir='ltr' id='par_1_79' title="bbox 2049 2105 3631 2187">
     <span class='ocr_line' id='line_1_80' title="bbox 2049 2105 3631 2187; baseline 0.017 -35"><span class='ocrx_word' id='word_1_610' title='bbox 2049 2110 2129 2153; x_wconf 75' lang='grc' dir='ltr'><strong>εει</strong></span> <span class='ocrx_word' id='word_1_611' title='bbox 2157 2111 2333 2156; x_wconf 83' lang='lat' dir='ltr'><strong>autem</strong></span> <span class='ocrx_word' id='word_1_612' title='bbox 2363 2111 2422 2156; x_wconf 90' lang='lat' dir='ltr'><strong>ut</strong></span> <span class='ocrx_word' id='word_1_613' title='bbox 2446 2105 2682 2172; x_wconf 87' lang='lat' dir='ltr'><strong>natalitia</strong></span> <span class='ocrx_word' id='word_1_614' title='bbox 2715 2115 3007 2180; x_wconf 83' lang='lat' dir='ltr'><strong>martyrum</strong></span> <span class='ocrx_word' id='word_1_615' title='bbox 3034 2111 3370 2176; x_wconf 89' lang='lat' dir='ltr'><strong>celebremus</strong></span> <span class='ocrx_word' id='word_1_616' title='bbox 3390 2160 3405 2187; x_wconf 91' lang='lat'><strong>,</strong></span> <span class='ocrx_word' id='word_1_617' title='bbox 3439 2119 3631 2178; x_wconf 85' lang='lat' dir='ltr'><strong>horum</strong></span> 
     </span>
    </p>
   </div>
   <div class='ocr_carea' id='block_1_80' title="bbox 2047 2191 3630 2270">
    <p class='ocr_par' dir='ltr' id='par_1_80' title="bbox 2047 2191 3630 2270">
     <span class='ocr_line' id='line_1_81' title="bbox 2047 2191 3630 2270; baseline 0.016 -25"><span class='ocrx_word' id='word_1_618' title='bbox 2047 2191 2292 2247; x_wconf 90' lang='lat' dir='ltr'><strong>videlicet</strong></span> <span class='ocrx_word' id='word_1_619' title='bbox 2310 2209 2583 2252; x_wconf 89' lang='lat' dir='ltr'><strong>servorum</strong></span> <span class='ocrx_word' id='word_1_620' title='bbox 2613 2197 2705 2253; x_wconf 91' lang='lat' dir='ltr'><strong>Dei</strong></span> <span class='ocrx_word' id='word_1_621' title='bbox 2722 2203 3177 2260; x_wconf 88' lang='lat' dir='ltr'><strong>contemnentium</strong></span> <span class='ocrx_word' id='word_1_622' title='bbox 3196 2208 3450 2266; x_wconf 91' lang='lat' dir='ltr'><strong>mundum</strong></span> <span class='ocrx_word' id='word_1_623' title='bbox 3471 2211 3630 2270; x_wconf 90' lang='lat' dir='ltr'><strong>istum</strong></span> 
     </span>
    </p>
   </div>
   <div class='ocr_carea' id='block_1_81' title="bbox 2047 2286 3630 2376">
    <p class='ocr_par' dir='ltr' id='par_1_81' title="bbox 2047 2286 3630 2376">
     <span class='ocr_line' id='line_1_82' title="bbox 2047 2286 3630 2376; baseline 0.015 -39"><span class='ocrx_word' id='word_1_624' title='bbox 2047 2292 2266 2376; x_wconf 87' lang='lat' dir='ltr'><strong>propter</strong></span> <span class='ocrx_word' id='word_1_625' title='bbox 2293 2286 2675 2358; x_wconf 83' lang='lat' dir='ltr'><strong>sempiternam</strong></span> <span class='ocrx_word' id='word_1_626' title='bbox 2705 2289 3037 2360; x_wconf 86' lang='lat' dir='ltr'><strong>felicitatem,</strong></span> <span class='ocrx_word' id='word_1_627' title='bbox 3060 2304 3116 2362; x_wconf 78' lang='lat' dir='ltr'><strong>et</strong></span> <span class='ocrx_word' id='word_1_628' title='bbox 3139 2299 3464 2369; x_wconf 83' lang='lat' dir='ltr'><strong>accipiamus</strong></span> <span class='ocrx_word' id='word_1_629' title='bbox 3489 2305 3630 2376; x_wconf 92' lang='lat' dir='ltr'><strong>quod</strong></span> 
     </span>
    </p>
   </div>
   <div class='ocr_carea' id='block_1_82' title="bbox 2047 2373 3630 2466">
    <p class='ocr_par' dir='ltr' id='par_1_82' title="bbox 2047 2373 3630 2466">
     <span class='ocr_line' id='line_1_83' title="bbox 2047 2373 3630 2466; baseline 0.015 -38"><span class='ocrx_word' id='word_1_630' title='bbox 2047 2373 2136 2466; x_wconf 86' lang='lat' dir='ltr'><strong>hic</strong></span> <span class='ocrx_word' id='word_1_631' title='bbox 2156 2375 2408 2448; x_wconf 88' lang='lat' dir='ltr'><strong>scriptum</strong></span> <span class='ocrx_word' id='word_1_632' title='bbox 2432 2389 2513 2434; x_wconf 89' lang='lat' dir='ltr'><strong>est</strong></span> <span class='ocrx_word' id='word_1_633' title='bbox 2539 2396 2634 2452; x_wconf 87' lang='lat' dir='ltr'><strong>pro</strong></span> <span class='ocrx_word' id='word_1_634' title='bbox 2663 2384 2912 2452; x_wconf 72' lang='lat' dir='ltr'><strong>prmscnti</strong></span> <span class='ocrx_word' id='word_1_635' title='bbox 2940 2384 3214 2457; x_wconf 86' lang='lat' dir='ltr'><strong>felicitate,</strong></span> <span class='ocrx_word' id='word_1_636' title='bbox 3235 2398 3291 2446; x_wconf 94' lang='lat' dir='ltr'><strong>ut</strong></span> <span class='ocrx_word' id='word_1_637' title='bbox 3313 2373 3630 2466; x_wconf 82' lang='lat' dir='ltr'><strong>cuicumque</strong></span> 
     </span>
    </p>
   </div>
   <div class='ocr_carea' id='block_1_83' title="bbox 2045 2465 3630 2550">
    <p class='ocr_par' dir='ltr' id='par_1_83' title="bbox 2045 2465 3630 2550">
     <span class='ocr_line' id='line_1_84' title="bbox 2045 2465 3630 2550; baseline 0.014 -29"><span class='ocrx_word' id='word_1_638' title='bbox 2045 2465 2184 2523; x_wconf 83' lang='lat' dir='ltr'><strong>forte</strong></span> <span class='ocrx_word' id='word_1_639' title='bbox 2211 2469 2412 2526; x_wconf 90' lang='lat' dir='ltr'><strong>homini</strong></span> <span class='ocrx_word' id='word_1_640' title='bbox 2444 2472 2536 2528; x_wconf 91' lang='lat' dir='ltr'><strong>Dei</strong></span> <span class='ocrx_word' id='word_1_641' title='bbox 2565 2471 2728 2542; x_wconf 88' lang='lat' dir='ltr'><strong>fideli,</strong></span> <span class='ocrx_word' id='word_1_642' title='bbox 2758 2476 2859 2534; x_wconf 90' lang='lat' dir='ltr'><strong>civi</strong></span> <span class='ocrx_word' id='word_1_643' title='bbox 2890 2478 3031 2533; x_wconf 93' lang='lat' dir='ltr'><strong>illius</strong></span> <span class='ocrx_word' id='word_1_644' title='bbox 3057 2477 3355 2538; x_wconf 78' lang='lat' dir='ltr'><strong>Jerusalem</strong></span> <span class='ocrx_word' id='word_1_645' title='bbox 3377 2525 3392 2550; x_wconf 90' lang='lat'><strong>,</strong></span> <span class='ocrx_word' id='word_1_646' title='bbox 3417 2465 3630 2543; x_wconf 81' lang='lat' dir='ltr'><strong>coutin-</strong></span> 
     </span>
    </p>
   </div>
   <div class='ocr_carea' id='block_1_84' title="bbox 2043 2562 3629 2643">
    <p class='ocr_par' dir='ltr' id='par_1_84' title="bbox 2043 2562 3629 2643">
     <span class='ocr_line' id='line_1_85' title="bbox 2043 2562 3629 2643; baseline 0.016 -31"><span class='ocrx_word' id='word_1_647' title='bbox 2043 2570 2134 2643; x_wconf 84' lang='lat' dir='ltr'><strong>gat</strong></span> <span class='ocrx_word' id='word_1_648' title='bbox 2153 2562 2313 2617; x_wconf 89' lang='lat' dir='ltr'><strong>etiam</strong></span> <span class='ocrx_word' id='word_1_649' title='bbox 2335 2563 2492 2620; x_wconf 90' lang='lat' dir='ltr'><strong>ducta</strong></span> <span class='ocrx_word' id='word_1_650' title='bbox 2516 2581 2680 2621; x_wconf 91' lang='lat' dir='ltr'><strong>uxore</strong></span> <span class='ocrx_word' id='word_1_651' title='bbox 2703 2567 2838 2624; x_wconf 87' lang='lat' dir='ltr'><strong>filios</strong></span> <span class='ocrx_word' id='word_1_652' title='bbox 2853 2583 2957 2624; x_wconf 92' lang='lat' dir='ltr'><strong>non</strong></span> <span class='ocrx_word' id='word_1_653' title='bbox 2983 2569 3198 2640; x_wconf 84' lang='lat' dir='ltr'><strong>habere,</strong></span> <span class='ocrx_word' id='word_1_654' title='bbox 3221 2573 3491 2634; x_wconf 90' lang='lat' dir='ltr'><strong>dicamus:</strong></span> <span class='ocrx_word' id='word_1_655' title='bbox 3513 2578 3629 2637; x_wconf 85' lang='lat' dir='ltr'><strong>Non</strong></span> 
     </span>
    </p>
   </div>
   <div class='ocr_carea' id='block_1_85' title="bbox 2044 2655 3626 2742">
    <p class='ocr_par' dir='ltr' id='par_1_85' title="bbox 2044 2655 3626 2742">
     <span class='ocr_line' id='line_1_86' title="bbox 2044 2655 3626 2742; baseline 0.012 -33"><span class='ocrx_word' id='word_1_656' title='bbox 2044 2655 2195 2720; x_wconf 80' lang='lat' dir='ltr'><strong>timet</strong></span> <span class='ocrx_word' id='word_1_657' title='bbox 2218 2655 2378 2711; x_wconf 86' lang='lat' dir='ltr'><strong>homo</strong></span> <span class='ocrx_word' id='word_1_658' title='bbox 2405 2658 2503 2712; x_wconf 90' lang='lat' dir='ltr'><strong>iste</strong></span> <span class='ocrx_word' id='word_1_659' title='bbox 2527 2657 2837 2727; x_wconf 90' lang='lat' dir='ltr'><strong>Dominum;</strong></span> <span class='ocrx_word' id='word_1_660' title='bbox 2865 2677 2988 2717; x_wconf 91' lang='lat' dir='ltr'><strong>nam</strong></span> <span class='ocrx_word' id='word_1_661' title='bbox 3011 2664 3055 2719; x_wconf 90' lang='lat' dir='ltr'><strong>si</strong></span> <span class='ocrx_word' id='word_1_662' title='bbox 3082 2666 3294 2730; x_wconf 89' lang='lat' dir='ltr'><strong>timeret</strong></span> <span class='ocrx_word' id='word_1_663' title='bbox 3321 2669 3626 2742; x_wconf 86' lang='lat' dir='ltr'><strong>Dominum,</strong></span> 
     </span>
    </p>
   </div>
   <div class='ocr_carea' id='block_1_86' title="bbox 2045 2748 3628 2834">
    <p class='ocr_par' dir='ltr' id='par_1_86' title="bbox 2045 2748 3628 2834">
     <span class='ocr_line' id='line_1_87' title="bbox 2045 2748 3628 2834; baseline 0.011 -33"><span class='ocrx_word' id='word_1_664' title='bbox 2045 2762 2180 2812; x_wconf 74' lang='lat' dir='ltr'><strong>uxor</strong></span> <span class='ocrx_word' id='word_1_665' title='bbox 2201 2748 2316 2818; x_wconf 86' lang='lat' dir='ltr'><strong>ejus</strong></span> <span class='ocrx_word' id='word_1_666' title='bbox 2347 2759 2596 2820; x_wconf 89' lang='lat' dir='ltr'><strong>tanquam</strong></span> <span class='ocrx_word' id='word_1_667' title='bbox 2627 2751 2778 2808; x_wconf 82' lang='lat' dir='ltr'><strong>vinea</strong></span> <span class='ocrx_word' id='word_1_668' title='bbox 2811 2753 3006 2810; x_wconf 89' lang='lat' dir='ltr'><strong>fertilis</strong></span> <span class='ocrx_word' id='word_1_669' title='bbox 3033 2767 3174 2811; x_wconf 87' lang='lat' dir='ltr'><strong>esset</strong></span> <span class='ocrx_word' id='word_1_670' title='bbox 3209 2757 3261 2811; x_wconf 91' lang='lat' dir='ltr'><strong>in</strong></span> <span class='ocrx_word' id='word_1_671' title='bbox 3289 2759 3450 2815; x_wconf 92' lang='lat' dir='ltr'><strong>domo</strong></span> <span class='ocrx_word' id='word_1_672' title='bbox 3478 2762 3628 2834; x_wconf 90' lang='lat' dir='ltr'><strong>ejus,</strong></span> 
     </span>
    </p>
   </div>
   <div class='ocr_carea' id='block_1_87' title="bbox 2042 2839 3628 2914">
    <p class='ocr_par' dir='ltr' id='par_1_87' title="bbox 2042 2839 3628 2914">
     <span class='ocr_line' id='line_1_88' title="bbox 2042 2839 3628 2914; baseline 0.011 -23"><span class='ocrx_word' id='word_1_673' title='bbox 2042 2853 2152 2892; x_wconf 89' lang='lat' dir='ltr'><strong>non</strong></span> <span class='ocrx_word' id='word_1_674' title='bbox 2175 2839 2392 2905; x_wconf 87' lang='lat' dir='ltr'><strong>sterilis,</strong></span> <span class='ocrx_word' id='word_1_675' title='bbox 2418 2849 2478 2895; x_wconf 90' lang='lat' dir='ltr'><strong>ut</strong></span> <span class='ocrx_word' id='word_1_676' title='bbox 2498 2841 2699 2898; x_wconf 92' lang='lat' dir='ltr'><strong>nullum</strong></span> <span class='ocrx_word' id='word_1_677' title='bbox 2721 2854 3030 2914; x_wconf 84' lang='lat' dir='ltr'><strong>generaret;</strong></span> <span class='ocrx_word' id='word_1_678' title='bbox 3060 2856 3113 2902; x_wconf 92' lang='lat' dir='ltr'><strong>et</strong></span> <span class='ocrx_word' id='word_1_679' title='bbox 3137 2847 3182 2902; x_wconf 89' lang='lat' dir='ltr'><strong>si</strong></span> <span class='ocrx_word' id='word_1_680' title='bbox 3215 2848 3427 2906; x_wconf 88' lang='lat' dir='ltr'><strong>timeret</strong></span> <span class='ocrx_word' id='word_1_681' title='bbox 3453 2853 3628 2908; x_wconf 89' lang='lat' dir='ltr'><strong>Domi-</strong></span> 
     </span>
    </p>
   </div>
   <div class='ocr_carea' id='block_1_88' title="bbox 2044 2929 3628 3005">
    <p class='ocr_par' dir='ltr' id='par_1_88' title="bbox 2044 2929 3628 3005">
     <span class='ocr_line' id='line_1_89' title="bbox 2044 2929 3628 3005; baseline 0.012 -22"><span class='ocrx_word' id='word_1_682' title='bbox 2044 2943 2169 2984; x_wconf 88' lang='lat' dir='ltr'><strong>num</strong></span> <span class='ocrx_word' id='word_1_683' title='bbox 2223 2929 2383 2985; x_wconf 84' lang='lat' dir='ltr'><strong>homo</strong></span> <span class='ocrx_word' id='word_1_684' title='bbox 2430 2933 2563 2997; x_wconf 89' lang='lat' dir='ltr'><strong>iste,</strong></span> <span class='ocrx_word' id='word_1_685' title='bbox 2598 2931 2691 2990; x_wconf 81' lang='lat' dir='ltr'><strong>ﬁlii</strong></span> <span class='ocrx_word' id='word_1_686' title='bbox 2736 2934 2902 3005; x_wconf 89' lang='lat' dir='ltr'><strong>ipsius</strong></span> <span class='ocrx_word' id='word_1_687' title='bbox 2943 2939 3342 2997; x_wconf 88' lang='lat' dir='ltr'><strong>circumdarent</strong></span> <span class='ocrx_word' id='word_1_688' title='bbox 3385 2960 3628 3002; x_wconf 84' lang='lat' dir='ltr'><strong>mensam</strong></span> 
     </span>
    </p>
   </div>
   <div class='ocr_carea' id='block_1_89' title="bbox 2043 3018 3624 3102">
    <p class='ocr_par' dir='ltr' id='par_1_89' title="bbox 2043 3018 3624 3102">
     <span class='ocr_line' id='line_1_90' title="bbox 2043 3018 3624 3102; baseline 0.013 -29"><span class='ocrx_word' id='word_1_689' title='bbox 2043 3018 2229 3102; x_wconf 87' lang='lat' dir='ltr'><strong>ipsius,</strong></span> <span class='ocrx_word' id='word_1_690' title='bbox 2257 3029 2507 3096; x_wconf 88' lang='lat' dir='ltr'><strong>tanquam</strong></span> <span class='ocrx_word' id='word_1_691' title='bbox 2531 3024 2749 3082; x_wconf 89' lang='lat' dir='ltr'><strong>arbores</strong></span> <span class='ocrx_word' id='word_1_692' title='bbox 2774 3026 3055 3086; x_wconf 87' lang='lat' dir='ltr'><strong>olivarum.</strong></span> <span class='ocrx_word' id='word_1_693' title='bbox 3087 3029 3143 3087; x_wconf 90' lang='lat' dir='ltr'><strong>Si</strong></span> <span class='ocrx_word' id='word_1_694' title='bbox 3167 3032 3308 3088; x_wconf 87' lang='lat' dir='ltr'><strong>enim</strong></span> <span class='ocrx_word' id='word_1_695' title='bbox 3333 3035 3456 3090; x_wconf 90' lang='lat' dir='ltr'><strong>talia</strong></span> <span class='ocrx_word' id='word_1_696' title='bbox 3481 3036 3624 3094; x_wconf 87' lang='lat' dir='ltr'><strong>dixe-</strong></span> 
     </span>
    </p>
   </div>
   <div class='ocr_carea' id='block_1_90' title="bbox 2043 3109 3626 3198">
    <p class='ocr_par' dir='ltr' id='par_1_90' title="bbox 2043 3109 3626 3198">
     <span class='ocr_line' id='line_1_91' title="bbox 2043 3109 3626 3198; baseline 0.013 -34"><span class='ocrx_word' id='word_1_697' title='bbox 2043 3109 2238 3179; x_wconf 91' lang='lat' dir='ltr'><strong>rimus,</strong></span> <span class='ocrx_word' id='word_1_698' title='bbox 2268 3111 2525 3172; x_wconf 89' lang='lat' dir='ltr'><strong>animales</strong></span> <span class='ocrx_word' id='word_1_699' title='bbox 2565 3128 2782 3184; x_wconf 91' lang='lat' dir='ltr'><strong>sumus,</strong></span> <span class='ocrx_word' id='word_1_700' title='bbox 2814 3133 2920 3172; x_wconf 92' lang='lat' dir='ltr'><strong>non</strong></span> <span class='ocrx_word' id='word_1_701' title='bbox 2965 3120 3321 3192; x_wconf 88' lang='lat' dir='ltr'><strong>percipientes</strong></span> <span class='ocrx_word' id='word_1_702' title='bbox 3359 3142 3475 3198; x_wconf 78' lang='lat' dir='ltr'><strong>qua:</strong></span> <span class='ocrx_word' id='word_1_703' title='bbox 3506 3139 3626 3186; x_wconf 89' lang='lat' dir='ltr'><strong>sunt</strong></span> 
     </span>
    </p>
   </div>
   <div class='ocr_carea' id='block_1_91' title="bbox 2041 3201 3626 3284">
    <p class='ocr_par' dir='ltr' id='par_1_91' title="bbox 2041 3201 3626 3284">
     <span class='ocr_line' id='line_1_92' title="bbox 2041 3201 3626 3284; baseline 0.012 -26"><span class='ocrx_word' id='word_1_704' title='bbox 2041 3201 2270 3274; x_wconf 88' lang='lat' dir='ltr'><strong>Spiritus</strong></span> <span class='ocrx_word' id='word_1_705' title='bbox 2301 3205 2415 3261; x_wconf 89' lang='lat' dir='ltr'><strong>Dei.</strong></span> <span class='ocrx_word' id='word_1_706' title='bbox 2449 3205 2766 3279; x_wconf 87' lang='lat' dir='ltr'><strong>Incipiamus</strong></span> <span class='ocrx_word' id='word_1_707' title='bbox 2787 3218 2840 3265; x_wconf 92' lang='lat' dir='ltr'><strong>et</strong></span> <span class='ocrx_word' id='word_1_708' title='bbox 2861 3226 2959 3267; x_wconf 91' lang='lat' dir='ltr'><strong>nos</strong></span> <span class='ocrx_word' id='word_1_709' title='bbox 2978 3221 3264 3284; x_wconf 83' lang='lat' dir='ltr'><strong>excutere,</strong></span> <span class='ocrx_word' id='word_1_710' title='bbox 3293 3227 3349 3271; x_wconf 93' lang='lat' dir='ltr'><strong>ut</strong></span> <span class='ocrx_word' id='word_1_711' title='bbox 3377 3219 3545 3275; x_wconf 90' lang='lat' dir='ltr'><strong>simus</strong></span> <span class='ocrx_word' id='word_1_712' title='bbox 3575 3231 3626 3278; x_wconf 92' lang='lat' dir='ltr'><strong>et</strong></span> 
     </span>
    </p>
   </div>
   <div class='ocr_carea' id='block_1_92' title="bbox 2041 3296 3620 3388">
    <p class='ocr_par' dir='ltr' id='par_1_92' title="bbox 2041 3296 3620 3388">
     <span class='ocr_line' id='line_1_93' title="bbox 2041 3296 3620 3388; baseline 0.012 -37"><span class='ocrx_word' id='word_1_713' title='bbox 2041 3311 2138 3351; x_wconf 92' lang='lat' dir='ltr'><strong>nos</strong></span> <span class='ocrx_word' id='word_1_714' title='bbox 2161 3296 2252 3352; x_wconf 80' lang='lat' dir='ltr'><strong>filii</strong></span> <span class='ocrx_word' id='word_1_715' title='bbox 2276 3312 2642 3355; x_wconf 75' lang='lat' dir='ltr'><strong>excusserunt.</strong></span> <span class='ocrx_word' id='word_1_716' title='bbox 2664 3300 2719 3357; x_wconf 91' lang='lat' dir='ltr'><strong>Si</strong></span> <span class='ocrx_word' id='word_1_717' title='bbox 2745 3303 2886 3360; x_wconf 86' lang='lat' dir='ltr'><strong>enim</strong></span> <span class='ocrx_word' id='word_1_718' title='bbox 2915 3305 3116 3362; x_wconf 87' lang='lat' dir='ltr'><strong>erimus</strong></span> <span class='ocrx_word' id='word_1_719' title='bbox 3139 3307 3228 3363; x_wconf 83' lang='lat' dir='ltr'><strong>filii</strong></span> <span class='ocrx_word' id='word_1_720' title='bbox 3252 3325 3620 3388; x_wconf 86' lang='lat' dir='ltr'><strong>excussorum,</strong></span> 
     </span>
    </p>
   </div>
   <div class='ocr_carea' id='block_1_93' title="bbox 2041 3389 3623 3476">
    <p class='ocr_par' dir='ltr' id='par_1_93' title="bbox 2041 3389 3623 3476">
     <span class='ocr_line' id='line_1_94' title="bbox 2041 3389 3623 3476; baseline 0.011 -32"><span class='ocrx_word' id='word_1_721' title='bbox 2041 3390 2240 3444; x_wconf 87' lang='lat' dir='ltr'><strong>erimus</strong></span> <span class='ocrx_word' id='word_1_722' title='bbox 2260 3389 2316 3445; x_wconf 92' lang='lat' dir='ltr'><strong>in</strong></span> <span class='ocrx_word' id='word_1_723' title='bbox 2338 3406 2496 3446; x_wconf 90' lang='lat' dir='ltr'><strong>manu</strong></span> <span class='ocrx_word' id='word_1_724' title='bbox 2524 3395 2754 3463; x_wconf 91' lang='lat' dir='ltr'><strong>potentis</strong></span> <span class='ocrx_word' id='word_1_725' title='bbox 2784 3403 3033 3470; x_wconf 87' lang='lat' dir='ltr'><strong>tanquam</strong></span> <span class='ocrx_word' id='word_1_726' title='bbox 3064 3399 3274 3470; x_wconf 75' lang='lat' dir='ltr'><strong>sagittae</strong></span> <span class='ocrx_word' id='word_1_727' title='bbox 3293 3442 3309 3472; x_wconf 93' lang='lat'><strong>,</strong></span> <span class='ocrx_word' id='word_1_728' title='bbox 3339 3413 3392 3458; x_wconf 91' lang='lat' dir='ltr'><strong>et</strong></span> <span class='ocrx_word' id='word_1_729' title='bbox 3417 3403 3623 3476; x_wconf 86' lang='lat' dir='ltr'><strong>jacula-</strong></span> 
     </span>
    </p>
   </div>
   <div class='ocr_carea' id='block_1_94' title="bbox 2042 3479 3625 3569">
    <p class='ocr_par' dir='ltr' id='par_1_94' title="bbox 2042 3479 3625 3569">
     <span class='ocr_line' id='line_1_95' title="bbox 2042 3479 3625 3569; baseline 0.011 -31"><span class='ocrx_word' id='word_1_730' title='bbox 2042 3479 2185 3538; x_wconf 88' lang='lat' dir='ltr'><strong>bitur</strong></span> <span class='ocrx_word' id='word_1_731' title='bbox 2222 3499 2322 3540; x_wconf 90' lang='lat' dir='ltr'><strong>nos</strong></span> <span class='ocrx_word' id='word_1_732' title='bbox 2360 3484 2428 3542; x_wconf 91' lang='lat' dir='ltr'><strong>de</strong></span> <span class='ocrx_word' id='word_1_733' title='bbox 2470 3497 2738 3560; x_wconf 71' lang='lat' dir='ltr'><strong>praecepto</strong></span> <span class='ocrx_word' id='word_1_734' title='bbox 2769 3504 2869 3546; x_wconf 87' lang='lat' dir='ltr'><strong>suo</strong></span> <span class='ocrx_word' id='word_1_735' title='bbox 2892 3479 2960 3548; x_wconf 88' lang='lat' dir='ltr'><strong>in</strong></span> <span class='ocrx_word' id='word_1_736' title='bbox 2992 3491 3154 3548; x_wconf 88' lang='lat' dir='ltr'><strong>corda</strong></span> <span class='ocrx_word' id='word_1_737' title='bbox 3184 3493 3460 3563; x_wconf 87' lang='lat' dir='ltr'><strong>hominum</strong></span> <span class='ocrx_word' id='word_1_738' title='bbox 3489 3515 3625 3569; x_wconf 73' lang='lat' dir='ltr'><strong>_non~</strong></span> 
     </span>
    </p>
   </div>
   <div class='ocr_carea' id='block_1_95' title="bbox 2036 3574 3626 3656">
    <p class='ocr_par' dir='ltr' id='par_1_95' title="bbox 2036 3574 3626 3656">
     <span class='ocr_line' id='line_1_96' title="bbox 2036 3574 3626 3656; baseline 0.012 -25"><span class='ocrx_word' id='word_1_739' title='bbox 2036 3574 2164 3642; x_wconf 86' lang='lat' dir='ltr'><strong>dum</strong></span> <span class='ocrx_word' id='word_1_740' title='bbox 2208 3580 2521 3649; x_wconf 90' lang='lat' dir='ltr'><strong>amantium,</strong></span> <span class='ocrx_word' id='word_1_741' title='bbox 2552 3589 2609 3636; x_wconf 91' lang='lat' dir='ltr'><strong>ut</strong></span> <span class='ocrx_word' id='word_1_742' title='bbox 2654 3597 2905 3656; x_wconf 90' lang='lat' dir='ltr'><strong>percussa</strong></span> <span class='ocrx_word' id='word_1_743' title='bbox 2950 3584 3155 3656; x_wconf 83' lang='lat' dir='ltr'><strong>sagittis</strong></span> <span class='ocrx_word' id='word_1_744' title='bbox 3199 3588 3487 3646; x_wconf 89' lang='lat' dir='ltr'><strong>verborum</strong></span> <span class='ocrx_word' id='word_1_745' title='bbox 3536 3593 3626 3652; x_wconf 87' lang='lat' dir='ltr'><strong>Dei</strong></span> 
     </span>
    </p>
   </div>
   <div class='ocr_carea' id='block_1_96' title="bbox 2039 3671 3623 3757">
    <p class='ocr_par' dir='ltr' id='par_1_96' title="bbox 2039 3671 3623 3757">
     <span class='ocr_line' id='line_1_97' title="bbox 2039 3671 3623 3757; baseline 0.011 -33"><span class='ocrx_word' id='word_1_746' title='bbox 2039 3680 2239 3726; x_wconf 87' lang='lat' dir='ltr'><strong>ament.</strong></span> <span class='ocrx_word' id='word_1_747' title='bbox 2267 3671 2398 3730; x_wconf 86' lang='lat' dir='ltr'><strong>Nam</strong></span> <span class='ocrx_word' id='word_1_748' title='bbox 2425 3674 2468 3728; x_wconf 92' lang='lat' dir='ltr'><strong>si</strong></span> <span class='ocrx_word' id='word_1_749' title='bbox 2499 3674 2622 3729; x_wconf 88' lang='lat' dir='ltr'><strong>talia</strong></span> <span class='ocrx_word' id='word_1_750' title='bbox 2648 3678 2972 3747; x_wconf 86' lang='lat' dir='ltr'><strong>coeperimus</strong></span> <span class='ocrx_word' id='word_1_751' title='bbox 3003 3679 3108 3735; x_wconf 92' lang='lat' dir='ltr'><strong>illis</strong></span> <span class='ocrx_word' id='word_1_752' title='bbox 3138 3682 3458 3751; x_wconf 62' lang='lat' dir='ltr'><strong>praedicare:</strong></span> <span class='ocrx_word' id='word_1_753' title='bbox 3481 3684 3623 3757; x_wconf 86' lang='lat' dir='ltr'><strong>Filii,</strong></span> 
     </span>
    </p>
   </div>
   <div class='ocr_carea' id='block_1_97' title="bbox 2038 3763 3623 3839">
    <p class='ocr_par' dir='ltr' id='par_1_97' title="bbox 2038 3763 3623 3839">
     <span class='ocr_line' id='line_1_98' title="bbox 2038 3763 3623 3839; baseline 0.013 -23"><span class='ocrx_word' id='word_1_754' title='bbox 2038 3770 2130 3817; x_wconf 89' lang='lat' dir='ltr'><strong>aut</strong></span> <span class='ocrx_word' id='word_1_755' title='bbox 2156 3763 2344 3820; x_wconf 90' lang='lat' dir='ltr'><strong>fratres</strong></span> <span class='ocrx_word' id='word_1_756' title='bbox 2369 3765 2495 3834; x_wconf 89' lang='lat' dir='ltr'><strong>mei,</strong></span> <span class='ocrx_word' id='word_1_757' title='bbox 2521 3767 2704 3835; x_wconf 87' lang='lat' dir='ltr'><strong>timete</strong></span> <span class='ocrx_word' id='word_1_758' title='bbox 2732 3768 3035 3839; x_wconf 89' lang='lat' dir='ltr'><strong>Dominum,</strong></span> <span class='ocrx_word' id='word_1_759' title='bbox 3061 3781 3119 3826; x_wconf 89' lang='lat' dir='ltr'><strong>ut</strong></span> <span class='ocrx_word' id='word_1_760' title='bbox 3147 3773 3386 3829; x_wconf 87' lang='lat' dir='ltr'><strong>habeatis</strong></span> <span class='ocrx_word' id='word_1_761' title='bbox 3414 3777 3549 3832; x_wconf 89' lang='lat' dir='ltr'><strong>filios</strong></span> <span class='ocrx_word' id='word_1_762' title='bbox 3570 3789 3623 3836; x_wconf 82' lang='lat' dir='ltr'><strong>et</strong></span> 
     </span>
    </p>
   </div>
   <div class='ocr_carea' id='block_1_98' title="bbox 2037 3858 3622 3936">
    <p class='ocr_par' dir='ltr' id='par_1_98' title="bbox 2037 3858 3622 3936">
     <span class='ocr_line' id='line_1_99' title="bbox 2037 3858 3622 3936; baseline 0.009 -25"><span class='ocrx_word' id='word_1_763' title='bbox 2037 3864 2281 3927; x_wconf 88' lang='lat' dir='ltr'><strong>nepotes,</strong></span> <span class='ocrx_word' id='word_1_764' title='bbox 2307 3867 2363 3911; x_wconf 93' lang='lat' dir='ltr'><strong>ut</strong></span> <span class='ocrx_word' id='word_1_765' title='bbox 2389 3858 2617 3928; x_wconf 88' lang='lat' dir='ltr'><strong>gaudeat</strong></span> <span class='ocrx_word' id='word_1_766' title='bbox 2644 3859 2833 3916; x_wconf 90' lang='lat' dir='ltr'><strong>domus</strong></span> <span class='ocrx_word' id='word_1_767' title='bbox 2854 3871 3060 3928; x_wconf 89' lang='lat' dir='ltr'><strong>vestra;</strong></span> <span class='ocrx_word' id='word_1_768' title='bbox 3094 3877 3200 3918; x_wconf 92' lang='lat' dir='ltr'><strong>non</strong></span> <span class='ocrx_word' id='word_1_769' title='bbox 3226 3865 3539 3936; x_wconf 88' lang='lat' dir='ltr'><strong>sagittamus</strong></span> <span class='ocrx_word' id='word_1_770' title='bbox 3565 3880 3622 3925; x_wconf 88' lang='lat' dir='ltr'><strong>ut</strong></span> 
     </span>
    </p>
   </div>
   <div class='ocr_carea' id='block_1_99' title="bbox 2037 3947 3621 4018">
    <p class='ocr_par' dir='ltr' id='par_1_99' title="bbox 2037 3947 3621 4018">
     <span class='ocr_line' id='line_1_100' title="bbox 2037 3947 3621 4018; baseline 0.01 -18"><span class='ocrx_word' id='word_1_771' title='bbox 2037 3957 2246 4003; x_wconf 90' lang='lat' dir='ltr'><strong>ametur</strong></span> <span class='ocrx_word' id='word_1_772' title='bbox 2269 3947 2357 4001; x_wconf 91' lang='lat' dir='ltr'><strong>illa</strong></span> <span class='ocrx_word' id='word_1_773' title='bbox 2385 3957 2585 4004; x_wconf 81' lang='lat' dir='ltr'><strong>aeterna</strong></span> <span class='ocrx_word' id='word_1_774' title='bbox 2614 3948 2912 4007; x_wconf 82' lang='lat' dir='ltr'><strong>Jerusalem</strong></span> <span class='ocrx_word' id='word_1_775' title='bbox 2939 3970 2952 4005; x_wconf 88' lang='lat'><strong>:</strong></span> <span class='ocrx_word' id='word_1_776' title='bbox 2977 3955 3330 4010; x_wconf 91' lang='lat' dir='ltr'><strong>remanebunt</strong></span> <span class='ocrx_word' id='word_1_777' title='bbox 3358 3957 3410 4012; x_wconf 93' lang='lat' dir='ltr'><strong>in</strong></span> <span class='ocrx_word' id='word_1_778' title='bbox 3437 3974 3621 4018; x_wconf 85' lang='lat' dir='ltr'><strong>amore</strong></span> 
     </span>
    </p>
   </div>
   <div class='ocr_carea' id='block_1_100' title="bbox 2039 4041 3618 4122">
    <p class='ocr_par' dir='ltr' id='par_1_100' title="bbox 2039 4041 3618 4122">
     <span class='ocr_line' id='line_1_101' title="bbox 2039 4041 3618 4122; baseline 0.01 -28"><span class='ocrx_word' id='word_1_779' title='bbox 2039 4046 2396 4107; x_wconf 87' lang='lat' dir='ltr'><strong>terrenorum,</strong></span> <span class='ocrx_word' id='word_1_780' title='bbox 2420 4050 2475 4097; x_wconf 92' lang='lat' dir='ltr'><strong>et</strong></span> <span class='ocrx_word' id='word_1_781' title='bbox 2497 4041 2739 4098; x_wconf 88' lang='lat' dir='ltr'><strong>videntes</strong></span> <span class='ocrx_word' id='word_1_782' title='bbox 2759 4044 2858 4098; x_wconf 88' lang='lat' dir='ltr'><strong>ista</strong></span> <span class='ocrx_word' id='word_1_783' title='bbox 2881 4045 3153 4102; x_wconf 90' lang='lat' dir='ltr'><strong>abundare</strong></span> <span class='ocrx_word' id='word_1_784' title='bbox 3181 4047 3376 4122; x_wconf 87' lang='lat' dir='ltr'><strong>impiis,</strong></span> <span class='ocrx_word' id='word_1_785' title='bbox 3396 4052 3496 4110; x_wconf 88' lang='lat' dir='ltr'><strong>etsi</strong></span> <span class='ocrx_word' id='word_1_786' title='bbox 3522 4071 3618 4110; x_wconf 46' lang='lat' dir='ltr'><strong>no‘</strong></span> 
     </span>
    </p>
   </div>
   <div class='ocr_carea' id='block_1_101' title="bbox 2035 4131 3617 4220">
    <p class='ocr_par' dir='ltr' id='par_1_101' title="bbox 2035 4131 3617 4220">
     <span class='ocr_line' id='line_1_102' title="bbox 2035 4131 3617 4220; baseline 0.009 -30"><span class='ocrx_word' id='word_1_787' title='bbox 2035 4131 2119 4190; x_wconf 93' lang='lat' dir='ltr'><strong>bis</strong></span> <span class='ocrx_word' id='word_1_788' title='bbox 2141 4150 2245 4190; x_wconf 91' lang='lat' dir='ltr'><strong>non</strong></span> <span class='ocrx_word' id='word_1_789' title='bbox 2263 4134 2480 4202; x_wconf 91' lang='lat' dir='ltr'><strong>audent,</strong></span> <span class='ocrx_word' id='word_1_790' title='bbox 2500 4135 2552 4191; x_wconf 91' lang='lat' dir='ltr'><strong>in</strong></span> <span class='ocrx_word' id='word_1_791' title='bbox 2569 4136 2733 4193; x_wconf 88' lang='lat' dir='ltr'><strong>corde</strong></span> <span class='ocrx_word' id='word_1_792' title='bbox 2753 4152 2850 4193; x_wconf 92' lang='lat' dir='ltr'><strong>suo</strong></span> <span class='ocrx_word' id='word_1_793' title='bbox 2865 4138 3068 4208; x_wconf 93' lang='lat' dir='ltr'><strong>dicunt,</strong></span> <span class='ocrx_word' id='word_1_794' title='bbox 3089 4140 3263 4217; x_wconf 82' lang='lat' dir='ltr'><strong>Quare</strong></span> <span class='ocrx_word' id='word_1_795' title='bbox 3286 4143 3376 4201; x_wconf 91' lang='lat' dir='ltr'><strong>ille</strong></span> <span class='ocrx_word' id='word_1_796' title='bbox 3397 4147 3488 4220; x_wconf 90' lang='lat' dir='ltr'><strong>qui</strong></span> <span class='ocrx_word' id='word_1_797' title='bbox 3511 4164 3617 4205; x_wconf 90' lang='lat' dir='ltr'><strong>non</strong></span> 
     </span>
    </p>
   </div>
   <div class='ocr_carea' id='block_1_102' title="bbox 2037 4227 3618 4300">
    <p class='ocr_par' dir='ltr' id='par_1_102' title="bbox 2037 4227 3618 4300">
     <span class='ocr_line' id='line_1_103' title="bbox 2037 4227 3618 4300; baseline 0.011 -19"><span class='ocrx_word' id='word_1_798' title='bbox 2037 4227 2188 4288; x_wconf 89' lang='lat' dir='ltr'><strong>timet</strong></span> <span class='ocrx_word' id='word_1_799' title='bbox 2225 4227 2425 4295; x_wconf 90' lang='lat' dir='ltr'><strong>Deum,</strong></span> <span class='ocrx_word' id='word_1_800' title='bbox 2469 4229 2679 4300; x_wconf 91' lang='lat' dir='ltr'><strong>plenam</strong></span> <span class='ocrx_word' id='word_1_801' title='bbox 2724 4229 2942 4286; x_wconf 90' lang='lat' dir='ltr'><strong>domum</strong></span> <span class='ocrx_word' id='word_1_802' title='bbox 2986 4231 3145 4288; x_wconf 91' lang='lat' dir='ltr'><strong>habet</strong></span> <span class='ocrx_word' id='word_1_803' title='bbox 3182 4233 3338 4289; x_wconf 83' lang='lat' dir='ltr'><strong>ﬁliis?</strong></span> <span class='ocrx_word' id='word_1_804' title='bbox 3371 4235 3440 4293; x_wconf 83' lang='lat' dir='ltr'><strong>Et</strong></span> <span class='ocrx_word' id='word_1_805' title='bbox 3481 4237 3618 4299; x_wconf 90' lang='lat' dir='ltr'><strong>forte</strong></span> 
     </span>
    </p>
   </div>
   <div class='ocr_carea' id='block_1_103' title="bbox 2035 4317 3619 4397">
    <p class='ocr_par' dir='ltr' id='par_1_103' title="bbox 2035 4317 3619 4397">
     <span class='ocr_line' id='line_1_104' title="bbox 2035 4317 3619 4397; baseline 0.009 -23"><span class='ocrx_word' id='word_1_806' title='bbox 2035 4318 2170 4375; x_wconf 89' lang='lat' dir='ltr'><strong>alius</strong></span> <span class='ocrx_word' id='word_1_807' title='bbox 2195 4317 2324 4374; x_wconf 91' lang='lat' dir='ltr'><strong>dicit</strong></span> <span class='ocrx_word' id='word_1_808' title='bbox 2351 4317 2425 4375; x_wconf 91' lang='lat' dir='ltr'><strong>illi</strong></span> <span class='ocrx_word' id='word_1_809' title='bbox 2452 4339 2466 4376; x_wconf 91' lang='lat'><strong>:</strong></span> <span class='ocrx_word' id='word_1_810' title='bbox 2491 4318 2680 4376; x_wconf 86' lang='lat' dir='ltr'><strong>Adhuc</strong></span> <span class='ocrx_word' id='word_1_811' title='bbox 2719 4323 2893 4378; x_wconf 90' lang='lat' dir='ltr'><strong>nescis</strong></span> <span class='ocrx_word' id='word_1_812' title='bbox 2931 4323 3056 4396; x_wconf 88' lang='lat' dir='ltr'><strong>quid</strong></span> <span class='ocrx_word' id='word_1_813' title='bbox 3093 4324 3170 4381; x_wconf 90' lang='lat' dir='ltr'><strong>illi</strong></span> <span class='ocrx_word' id='word_1_814' title='bbox 3206 4329 3377 4397; x_wconf 83' lang='lat' dir='ltr'><strong>possit</strong></span> <span class='ocrx_word' id='word_1_815' title='bbox 3405 4331 3619 4389; x_wconf 88' lang='lat' dir='ltr'><strong>contin-</strong></span> 
     </span>
    </p>
   </div>
   <div class='ocr_carea' id='block_1_104' title="bbox 2032 4412 3618 4490">
    <p class='ocr_par' dir='ltr' id='par_1_104' title="bbox 2032 4412 3618 4490">
     <span class='ocr_line' id='line_1_105' title="bbox 2032 4412 3618 4490; baseline 0.009 -23"><span class='ocrx_word' id='word_1_816' title='bbox 2032 4427 2189 4486; x_wconf 82' lang='lat' dir='ltr'><strong>gere;</strong></span> <span class='ocrx_word' id='word_1_817' title='bbox 2216 4412 2342 4485; x_wconf 90' lang='lat' dir='ltr'><strong>quid</strong></span> <span class='ocrx_word' id='word_1_818' title='bbox 2371 4413 2416 4469; x_wconf 90' lang='lat' dir='ltr'><strong>si</strong></span> <span class='ocrx_word' id='word_1_819' title='bbox 2444 4412 2630 4470; x_wconf 76' lang='lat' dir='ltr'><strong>efferet</strong></span> <span class='ocrx_word' id='word_1_820' title='bbox 2650 4413 2789 4482; x_wconf 89' lang='lat' dir='ltr'><strong>illos,</strong></span> <span class='ocrx_word' id='word_1_821' title='bbox 2816 4415 2937 4486; x_wconf 91' lang='lat' dir='ltr'><strong>quia</strong></span> <span class='ocrx_word' id='word_1_822' title='bbox 2962 4432 3067 4473; x_wconf 89' lang='lat' dir='ltr'><strong>non</strong></span> <span class='ocrx_word' id='word_1_823' title='bbox 3092 4418 3243 4476; x_wconf 91' lang='lat' dir='ltr'><strong>timet</strong></span> <span class='ocrx_word' id='word_1_824' title='bbox 3264 4419 3454 4490; x_wconf 91' lang='lat' dir='ltr'><strong>Deum,</strong></span> <span class='ocrx_word' id='word_1_825' title='bbox 3477 4433 3532 4481; x_wconf 92' lang='lat' dir='ltr'><strong>et</strong></span> <span class='ocrx_word' id='word_1_826' title='bbox 3551 4426 3618 4483; x_wconf 93' lang='lat' dir='ltr'><strong>ad</strong></span> 
     </span>
    </p>
   </div>
   <div class='ocr_carea' id='block_1_105' title="bbox 2032 4504 3618 4582">
    <p class='ocr_par' dir='ltr' id='par_1_105' title="bbox 2032 4504 3618 4582">
     <span class='ocr_line' id='line_1_106' title="bbox 2032 4504 3618 4582; baseline 0.008 -20"><span class='ocrx_word' id='word_1_827' title='bbox 2032 4504 2134 4563; x_wconf 91' lang='lat' dir='ltr'><strong>hoc</strong></span> <span class='ocrx_word' id='word_1_828' title='bbox 2163 4507 2238 4562; x_wconf 91' lang='lat' dir='ltr'><strong>illi</strong></span> <span class='ocrx_word' id='word_1_829' title='bbox 2266 4506 2449 4579; x_wconf 91' lang='lat' dir='ltr'><strong>plures</strong></span> <span class='ocrx_word' id='word_1_830' title='bbox 2477 4507 2584 4564; x_wconf 87' lang='lat' dir='ltr'><strong>nati</strong></span> <span class='ocrx_word' id='word_1_831' title='bbox 2611 4515 2753 4574; x_wconf 92' lang='lat' dir='ltr'><strong>sunt,</strong></span> <span class='ocrx_word' id='word_1_832' title='bbox 2777 4518 2835 4563; x_wconf 92' lang='lat' dir='ltr'><strong>ut</strong></span> <span class='ocrx_word' id='word_1_833' title='bbox 2855 4509 3110 4582; x_wconf 88' lang='lat' dir='ltr'><strong>majorem</strong></span> <span class='ocrx_word' id='word_1_834' title='bbox 3137 4511 3375 4571; x_wconf 89' lang='lat' dir='ltr'><strong>dolorem</strong></span> <span class='ocrx_word' id='word_1_835' title='bbox 3403 4514 3471 4573; x_wconf 92' lang='lat' dir='ltr'><strong>de</strong></span> <span class='ocrx_word' id='word_1_836' title='bbox 3495 4518 3618 4576; x_wconf 88' lang='lat' dir='ltr'><strong>illo-</strong></span> 
     </span>
    </p>
   </div>
   <div class='ocr_carea' id='block_1_106' title="bbox 2028 4599 3616 4678">
    <p class='ocr_par' dir='ltr' id='par_1_106' title="bbox 2028 4599 3616 4678">
     <span class='ocr_line' id='line_1_107' title="bbox 2028 4599 3616 4678; baseline 0.006 -21"><span class='ocrx_word' id='word_1_837' title='bbox 2028 4614 2150 4657; x_wconf 84' lang='lat' dir='ltr'><strong>rum</strong></span> <span class='ocrx_word' id='word_1_838' title='bbox 2183 4608 2355 4656; x_wconf 90' lang='lat' dir='ltr'><strong>morte</strong></span> <span class='ocrx_word' id='word_1_839' title='bbox 2382 4599 2644 4671; x_wconf 80' lang='lat' dir='ltr'><strong>patiatur?</strong></span> <span class='ocrx_word' id='word_1_840' title='bbox 2674 4599 2778 4658; x_wconf 90' lang='lat' dir='ltr'><strong>Sed</strong></span> <span class='ocrx_word' id='word_1_841' title='bbox 2804 4600 2848 4656; x_wconf 88' lang='lat' dir='ltr'><strong>si</strong></span> <span class='ocrx_word' id='word_1_842' title='bbox 2871 4603 2992 4658; x_wconf 88' lang='lat' dir='ltr'><strong>talia</strong></span> <span class='ocrx_word' id='word_1_843' title='bbox 3018 4603 3241 4674; x_wconf 87' lang='lat' dir='ltr'><strong>dixeris,</strong></span> <span class='ocrx_word' id='word_1_844' title='bbox 3270 4607 3616 4678; x_wconf 88' lang='lat' dir='ltr'><strong>respondebit</strong></span> 
     </span>
    </p>
   </div>
   <div class='ocr_carea' id='block_1_107' title="bbox 2033 4691 3615 4770">
    <p class='ocr_par' dir='ltr' id='par_1_107' title="bbox 2033 4691 3615 4770">
     <span class='ocr_line' id='line_1_108' title="bbox 2033 4691 3615 4770; baseline 0.005 -20"><span class='ocrx_word' id='word_1_845' title='bbox 2033 4693 2127 4750; x_wconf 91' lang='lat' dir='ltr'><strong>tibi</strong></span> <span class='ocrx_word' id='word_1_846' title='bbox 2157 4693 2245 4750; x_wconf 89' lang='lat' dir='ltr'><strong>ille</strong></span> <span class='ocrx_word' id='word_1_847' title='bbox 2271 4712 2284 4750; x_wconf 93' lang='lat'><strong>:</strong></span> <span class='ocrx_word' id='word_1_848' title='bbox 2308 4692 2420 4765; x_wconf 88' lang='lat' dir='ltr'><strong>Ego</strong></span> <span class='ocrx_word' id='word_1_849' title='bbox 2441 4694 2561 4748; x_wconf 90' lang='lat' dir='ltr'><strong>novi</strong></span> <span class='ocrx_word' id='word_1_850' title='bbox 2586 4691 2854 4752; x_wconf 88' lang='lat' dir='ltr'><strong>hominem</strong></span> <span class='ocrx_word' id='word_1_851' title='bbox 2881 4695 3119 4770; x_wconf 90' lang='lat' dir='ltr'><strong>impium,</strong></span> <span class='ocrx_word' id='word_1_852' title='bbox 3143 4713 3426 4770; x_wconf 89' lang='lat' dir='ltr'><strong>paganum,</strong></span> <span class='ocrx_word' id='word_1_853' title='bbox 3449 4701 3615 4758; x_wconf 89' lang='lat' dir='ltr'><strong>sacri-</strong></span> 
     </span>
    </p>
   </div>
   <div class='ocr_carea' id='block_1_108' title="bbox 2028 4785 3611 4858">
    <p class='ocr_par' dir='ltr' id='par_1_108' title="bbox 2028 4785 3611 4858">
     <span class='ocr_line' id='line_1_109' title="bbox 2028 4785 3611 4858; baseline 0.006 -18"><span class='ocrx_word' id='word_1_854' title='bbox 2028 4787 2226 4858; x_wconf 89' lang='lat' dir='ltr'><strong>legum,</strong></span> <span class='ocrx_word' id='word_1_855' title='bbox 2259 4785 2594 4842; x_wconf 87' lang='lat' dir='ltr'><strong>adoratorem</strong></span> <span class='ocrx_word' id='word_1_856' title='bbox 2623 4786 2884 4844; x_wconf 87' lang='lat' dir='ltr'><strong>idolorum</strong></span> <span class='ocrx_word' id='word_1_857' title='bbox 2909 4789 2984 4857; x_wconf 90' lang='lat' dir='ltr'><strong>(et</strong></span> <span class='ocrx_word' id='word_1_858' title='bbox 3015 4787 3149 4845; x_wconf 86' lang='lat' dir='ltr'><strong>forte</strong></span> <span class='ocrx_word' id='word_1_859' title='bbox 3180 4790 3326 4844; x_wconf 83' lang='lat' dir='ltr'><strong>novit</strong></span> <span class='ocrx_word' id='word_1_860' title='bbox 3352 4799 3404 4846; x_wconf 91' lang='lat' dir='ltr'><strong>et</strong></span> <span class='ocrx_word' id='word_1_861' title='bbox 3425 4807 3611 4849; x_wconf 89' lang='lat' dir='ltr'><strong>verum</strong></span> 
     </span>
    </p>
   </div>
   <div class='ocr_carea' id='block_1_109' title="bbox 2029 4876 3608 4952">
    <p class='ocr_par' dir='ltr' id='par_1_109' title="bbox 2029 4876 3608 4952">
     <span class='ocr_line' id='line_1_110' title="bbox 2029 4876 3608 4952; baseline 0.004 -20"><span class='ocrx_word' id='word_1_862' title='bbox 2029 4876 2190 4945; x_wconf 92' lang='lat' dir='ltr'><strong>dicit,</strong></span> <span class='ocrx_word' id='word_1_863' title='bbox 2221 4893 2320 4933; x_wconf 88' lang='lat' dir='ltr'><strong>nec</strong></span> <span class='ocrx_word' id='word_1_864' title='bbox 2353 4894 2516 4933; x_wconf 91' lang='lat' dir='ltr'><strong>unum</strong></span> <span class='ocrx_word' id='word_1_865' title='bbox 2545 4886 2749 4933; x_wconf 90' lang='lat' dir='ltr'><strong>tantum</strong></span> <span class='ocrx_word' id='word_1_866' title='bbox 2772 4880 2791 4909; x_wconf 88' lang='grc'><strong><em>²</em></strong></span> <span class='ocrx_word' id='word_1_867' title='bbox 2820 4880 2965 4934; x_wconf 88' lang='lat' dir='ltr'><strong>novit</strong></span> <span class='ocrx_word' id='word_1_868' title='bbox 2985 4920 2998 4946; x_wconf 92' lang='lat'><strong>,</strong></span> <span class='ocrx_word' id='word_1_869' title='bbox 3025 4893 3121 4934; x_wconf 91' lang='lat' dir='ltr'><strong>nec</strong></span> <span class='ocrx_word' id='word_1_870' title='bbox 3147 4878 3280 4934; x_wconf 89' lang='lat' dir='ltr'><strong>duos</strong></span> <span class='ocrx_word' id='word_1_871' title='bbox 3307 4881 3388 4935; x_wconf 88' lang='lat' dir='ltr'><strong>vel</strong></span> <span class='ocrx_word' id='word_1_872' title='bbox 3423 4882 3568 4952; x_wconf 90' lang='lat' dir='ltr'><strong>tres)</strong></span> <span class='ocrx_word' id='word_1_873' title='bbox 3593 4925 3608 4952; x_wconf 95' lang='lat'><strong>,</strong></span> 
     </span>
    </p>
   </div>
   <div class='ocr_carea' id='block_1_110' title="bbox 2027 4971 3607 5046">
    <p class='ocr_par' dir='ltr' id='par_1_110' title="bbox 2027 4971 3607 5046">
     <span class='ocr_line' id='line_1_111' title="bbox 2027 4971 3607 5046; baseline 0.001 -19"><span class='ocrx_word' id='word_1_874' title='bbox 2027 4988 2188 5046; x_wconf 90' lang='lat' dir='ltr'><strong>quem</strong></span> <span class='ocrx_word' id='word_1_875' title='bbox 2233 4971 2567 5028; x_wconf 89' lang='lat' dir='ltr'><strong>deduxerunt</strong></span> <span class='ocrx_word' id='word_1_876' title='bbox 2607 4971 2673 5030; x_wconf 91' lang='lat' dir='ltr'><strong>ad</strong></span> <span class='ocrx_word' id='word_1_877' title='bbox 2720 4971 2918 5027; x_wconf 89' lang='lat' dir='ltr'><strong>fossam</strong></span> <span class='ocrx_word' id='word_1_878' title='bbox 2940 5013 2955 5039; x_wconf 93' lang='lat'><strong>,</strong></span> <span class='ocrx_word' id='word_1_879' title='bbox 2988 4985 3170 5026; x_wconf 90' lang='lat' dir='ltr'><strong>senem</strong></span> <span class='ocrx_word' id='word_1_880' title='bbox 3192 5014 3206 5039; x_wconf 92' lang='lat'><strong>,</strong></span> <span class='ocrx_word' id='word_1_881' title='bbox 3239 4971 3607 5046; x_wconf 88' lang='lat' dir='ltr'><strong>decrepitum,</strong></span> 
     </span>
    </p>
   </div>
   <div class='ocr_carea' id='block_1_111' title="bbox 2027 5061 3606 5137">
    <p class='ocr_par' dir='ltr' id='par_1_111' title="bbox 2027 5061 3606 5137">
     <span class='ocr_line' id='line_1_112' title="bbox 2027 5061 3606 5137; baseline 0 -17"><span class='ocrx_word' id='word_1_882' title='bbox 2027 5073 2296 5123; x_wconf 90' lang='lat' dir='ltr'><strong>mortuum</strong></span> <span class='ocrx_word' id='word_1_883' title='bbox 2337 5064 2389 5120; x_wconf 91' lang='lat' dir='ltr'><strong>in</strong></span> <span class='ocrx_word' id='word_1_884' title='bbox 2435 5063 2574 5120; x_wconf 89' lang='lat' dir='ltr'><strong>lecto</strong></span> <span class='ocrx_word' id='word_1_885' title='bbox 2618 5078 2749 5131; x_wconf 92' lang='lat' dir='ltr'><strong>suo,</strong></span> <span class='ocrx_word' id='word_1_886' title='bbox 2780 5062 2949 5118; x_wconf 80' lang='lat' dir='ltr'><strong>turbae</strong></span> <span class='ocrx_word' id='word_1_887' title='bbox 2986 5061 3215 5118; x_wconf 88' lang='lat' dir='ltr'><strong>filiorum</strong></span> <span class='ocrx_word' id='word_1_888' title='bbox 3246 5073 3300 5120; x_wconf 93' lang='lat' dir='ltr'><strong>et</strong></span> <span class='ocrx_word' id='word_1_889' title='bbox 3330 5073 3606 5137; x_wconf 88' lang='lat' dir='ltr'><strong>nepotum.</strong></span> 
     </span>
    </p>
   </div>
   <div class='ocr_carea' id='block_1_112' title="bbox 2027 5154 3612 5225">
    <p class='ocr_par' dir='ltr' id='par_1_112' title="bbox 2027 5154 3612 5225">
     <span class='ocr_line' id='line_1_113' title="bbox 2027 5154 3612 5225; baseline 0.001 -11"><span class='ocrx_word' id='word_1_890' title='bbox 2027 5157 2164 5214; x_wconf 85' lang='lat' dir='ltr'><strong>Ecce</strong></span> <span class='ocrx_word' id='word_1_891' title='bbox 2185 5172 2290 5213; x_wconf 93' lang='lat' dir='ltr'><strong>non</strong></span> <span class='ocrx_word' id='word_1_892' title='bbox 2319 5157 2494 5212; x_wconf 90' lang='lat' dir='ltr'><strong>timuit</strong></span> <span class='ocrx_word' id='word_1_893' title='bbox 2524 5156 2827 5221; x_wconf 89' lang='lat' dir='ltr'><strong>Dominum,</strong></span> <span class='ocrx_word' id='word_1_894' title='bbox 2850 5161 2904 5211; x_wconf 88' lang='lat' dir='ltr'><strong>et</strong></span> <span class='ocrx_word' id='word_1_895' title='bbox 2925 5154 3100 5225; x_wconf 91' lang='lat' dir='ltr'><strong>proles</strong></span> <span class='ocrx_word' id='word_1_896' title='bbox 3121 5154 3496 5213; x_wconf 88' lang='lat' dir='ltr'><strong>fecundissima</strong></span> <span class='ocrx_word' id='word_1_897' title='bbox 3513 5158 3612 5216; x_wconf 88' lang='lat' dir='ltr'><strong>do-</strong></span> 
     </span>
    </p>
   </div>
   <div class='ocr_carea' id='block_1_113' title="bbox 2026 5244 3610 5322">
    <p class='ocr_par' dir='ltr' id='par_1_113' title="bbox 2026 5244 3610 5322">
     <span class='ocr_line' id='line_1_114' title="bbox 2026 5244 3610 5322; baseline -0.001 -16"><span class='ocrx_word' id='word_1_898' title='bbox 2026 5266 2145 5306; x_wconf 90' lang='lat' dir='ltr'><strong>mus</strong></span> <span class='ocrx_word' id='word_1_899' title='bbox 2171 5249 2287 5322; x_wconf 88' lang='lat' dir='ltr'><strong>ejus</strong></span> <span class='ocrx_word' id='word_1_900' title='bbox 2313 5249 2508 5306; x_wconf 89' lang='lat' dir='ltr'><strong>clausit</strong></span> <span class='ocrx_word' id='word_1_901' title='bbox 2527 5247 2712 5303; x_wconf 92' lang='lat' dir='ltr'><strong>oculos</strong></span> <span class='ocrx_word' id='word_1_902' title='bbox 2741 5245 2877 5318; x_wconf 91' lang='lat' dir='ltr'><strong>ejus.</strong></span> <span class='ocrx_word' id='word_1_903' title='bbox 2905 5244 3042 5314; x_wconf 87' lang='lat' dir='ltr'><strong>Quid</strong></span> <span class='ocrx_word' id='word_1_904' title='bbox 3070 5245 3136 5302; x_wconf 90' lang='lat' dir='ltr'><strong>ad</strong></span> <span class='ocrx_word' id='word_1_905' title='bbox 3164 5245 3268 5303; x_wconf 83' lang='lat' dir='ltr'><strong>hoc</strong></span> <span class='ocrx_word' id='word_1_906' title='bbox 3293 5247 3485 5305; x_wconf 86' lang='lat' dir='ltr'><strong>dicturi</strong></span> <span class='ocrx_word' id='word_1_907' title='bbox 3515 5265 3610 5306; x_wconf 87' lang='lat' dir='ltr'><strong>su-</strong></span> 
     </span>
    </p>
   </div>
   <div class='ocr_carea' id='block_1_114' title="bbox 2026 5339 3696 5411">
    <p class='ocr_par' dir='ltr' id='par_1_114' title="bbox 2026 5339 3696 5411">
     <span class='ocr_line' id='line_1_115' title="bbox 2026 5339 3696 5411; baseline -0.001 -11"><span class='ocrx_word' id='word_1_908' title='bbox 2026 5345 2180 5402; x_wconf 88' lang='lat' dir='ltr'><strong>mus?</strong></span> <span class='ocrx_word' id='word_1_909' title='bbox 2209 5343 2352 5398; x_wconf 88' lang='lat' dir='ltr'><strong>Nihil</strong></span> <span class='ocrx_word' id='word_1_910' title='bbox 2391 5343 2464 5398; x_wconf 89' lang='lat' dir='ltr'><strong>illi</strong></span> <span class='ocrx_word' id='word_1_911' title='bbox 2515 5347 2688 5411; x_wconf 89' lang='lat' dir='ltr'><strong>potest</strong></span> <span class='ocrx_word' id='word_1_912' title='bbox 2732 5342 2951 5398; x_wconf 88' lang='lat' dir='ltr'><strong>evenire</strong></span> <span class='ocrx_word' id='word_1_913' title='bbox 2976 5339 3136 5408; x_wconf 89' lang='lat' dir='ltr'><strong>mali,</strong></span> <span class='ocrx_word' id='word_1_914' title='bbox 3167 5349 3225 5396; x_wconf 94' lang='lat' dir='ltr'><strong>ut</strong></span> <span class='ocrx_word' id='word_1_915' title='bbox 3253 5340 3440 5398; x_wconf 85' lang='lat' dir='ltr'><strong>efferat</strong></span> <span class='ocrx_word' id='word_1_916' title='bbox 3470 5344 3609 5400; x_wconf 87' lang='lat' dir='ltr'><strong>filios</strong></span> <span class='ocrx_word' id='word_1_917' title='bbox 3693 5389 3696 5392; x_wconf 90' lang='lat'><strong>.</strong></span> 
     </span>
    </p>
   </div>
   <div class='ocr_carea' id='block_1_115' title="bbox 2024 5432 3603 5506">
    <p class='ocr_par' dir='ltr' id='par_1_115' title="bbox 2024 5432 3603 5506">
     <span class='ocr_line' id='line_1_116' title="bbox 2024 5432 3603 5506; baseline -0.001 -13"><span class='ocrx_word' id='word_1_918' title='bbox 2024 5451 2149 5493; x_wconf 90' lang='lat' dir='ltr'><strong>suos</strong></span> <span class='ocrx_word' id='word_1_919' title='bbox 2175 5437 2344 5502; x_wconf 87' lang='lat' dir='ltr'><strong>vivus,</strong></span> <span class='ocrx_word' id='word_1_920' title='bbox 2369 5433 2578 5505; x_wconf 89' lang='lat' dir='ltr'><strong>quando</strong></span> <span class='ocrx_word' id='word_1_921' title='bbox 2600 5432 2709 5504; x_wconf 90' lang='lat' dir='ltr'><strong>jam</strong></span> <span class='ocrx_word' id='word_1_922' title='bbox 2738 5440 2978 5489; x_wconf 88' lang='lat' dir='ltr'><strong>mortuus</strong></span> <span class='ocrx_word' id='word_1_923' title='bbox 3001 5448 3028 5488; x_wconf 88' lang='lat' dir='ltr'><strong>a</strong></span> <span class='ocrx_word' id='word_1_924' title='bbox 3059 5432 3180 5488; x_wconf 88' lang='lat' dir='ltr'><strong>filiis</strong></span> <span class='ocrx_word' id='word_1_925' title='bbox 3206 5433 3272 5489; x_wconf 89' lang='lat' dir='ltr'><strong>ad</strong></span> <span class='ocrx_word' id='word_1_926' title='bbox 3298 5436 3603 5506; x_wconf 91' lang='lat' dir='ltr'><strong>sepulcrum</strong></span> 
     </span>
    </p>
   </div>
   <div class='ocr_carea' id='block_1_116' title="bbox 2021 5526 2711 5602">
    <p class='ocr_par' dir='ltr' id='par_1_116' title="bbox 2021 5526 2711 5602">
     <span class='ocr_line' id='line_1_117' title="bbox 2021 5526 2711 5602; baseline -0.009 -17"><span class='ocrx_word' id='word_1_927' title='bbox 2021 5529 2311 5602; x_wconf 90' lang='lat' dir='ltr'><strong>gloriosum</strong></span> <span class='ocrx_word' id='word_1_928' title='bbox 2333 5526 2592 5582; x_wconf 91' lang='lat' dir='ltr'><strong>deductus</strong></span> <span class='ocrx_word' id='word_1_929' title='bbox 2612 5535 2711 5582; x_wconf 87' lang='lat' dir='ltr'><strong>est.</strong></span> 
     </span>
    </p>
   </div>
   <div class='ocr_carea' id='block_1_117' title="bbox 2093 5617 3606 5690">
    <p class='ocr_par' dir='ltr' id='par_1_117' title="bbox 2093 5617 3606 5690">
     <span class='ocr_line' id='line_1_118' title="bbox 2093 5617 3606 5690; baseline -0.002 -12"><span class='ocrx_word' id='word_1_930' title='bbox 2093 5622 2147 5679; x_wconf 80' lang='lat'><strong>5.</strong></span> <span class='ocrx_word' id='word_1_931' title='bbox 2179 5620 2522 5676; x_wconf 81' lang='lat' dir='ltr'><strong>Excutiamus</strong></span> <span class='ocrx_word' id='word_1_932' title='bbox 2550 5633 2679 5690; x_wconf 88' lang='lat' dir='ltr'><strong>ergo</strong></span> <span class='ocrx_word' id='word_1_933' title='bbox 2699 5660 2713 5686; x_wconf 94' lang='lat'><strong>,</strong></span> <span class='ocrx_word' id='word_1_934' title='bbox 2737 5619 3073 5675; x_wconf 85' lang='lat' dir='ltr'><strong>excutiamus</strong></span> <span class='ocrx_word' id='word_1_935' title='bbox 3091 5659 3106 5686; x_wconf 92' lang='lat'><strong>,</strong></span> <span class='ocrx_word' id='word_1_936' title='bbox 3131 5617 3176 5674; x_wconf 91' lang='lat' dir='ltr'><strong>si</strong></span> <span class='ocrx_word' id='word_1_937' title='bbox 3209 5619 3452 5675; x_wconf 90' lang='lat' dir='ltr'><strong>volumus</strong></span> <span class='ocrx_word' id='word_1_938' title='bbox 3482 5633 3606 5675; x_wconf 87' lang='lat' dir='ltr'><strong>esse</strong></span> 
     </span>
    </p>
   </div>
   <div class='ocr_carea' id='block_1_118' title="bbox 2086 5735 3475 5801">
    <p class='ocr_par' dir='ltr' id='par_1_118' title="bbox 2086 5735 3475 5801">
     <span class='ocr_line' id='line_1_119' title="bbox 2086 5735 3475 5801; baseline -0.006 -11"><span class='ocrx_word' id='word_1_939' title='bbox 2086 5745 2099 5774; x_wconf 76' lang='grc' dir='ltr'>ι</span> <span class='ocrx_word' id='word_1_940' title='bbox 2122 5740 2195 5790; x_wconf 88' lang='lat' dir='ltr'><strong>Sic</strong></span> <span class='ocrx_word' id='word_1_941' title='bbox 2215 5746 2312 5788; x_wconf 82' lang='lat' dir='ltr'><strong>Am.</strong></span> <span class='ocrx_word' id='word_1_942' title='bbox 2334 5744 2407 5801; x_wconf 75' lang='lat' dir='ltr'><strong>Er.</strong></span> <span class='ocrx_word' id='word_1_943' title='bbox 2436 5744 2490 5787; x_wconf 89' lang='lat' dir='ltr'><strong>et</strong></span> <span class='ocrx_word' id='word_1_944' title='bbox 2517 5735 2685 5801; x_wconf 86' lang='lat' dir='ltr'><strong>plures</strong></span> <span class='ocrx_word' id='word_1_945' title='bbox 2706 5743 2812 5786; x_wconf 77' lang='lat' dir='ltr'><strong>Mss.</strong></span> <span class='ocrx_word' id='word_1_946' title='bbox 2827 5743 2893 5801; x_wconf 58' lang='lat' dir='ltr'><strong>at</strong></span> <span class='ocrx_word' id='word_1_947' title='bbox 2914 5743 3045 5801; x_wconf 59' lang='grc' dir='ltr'><strong>ιιοιγ.2</strong></span> <span class='ocrx_word' id='word_1_948' title='bbox 3065 5747 3224 5798; x_wconf 81' lang='lat' dir='ltr'><strong>quase</strong></span> <span class='ocrx_word' id='word_1_949' title='bbox 3246 5739 3475 5784; x_wconf 83' lang='lat' dir='ltr'><strong>tenerent.</strong></span> 
     </span>
    </p>
   </div>
   <div class='ocr_carea' id='block_1_119' title="bbox 2080 5798 3606 5866">
    <p class='ocr_par' dir='ltr' id='par_1_119' title="bbox 2080 5798 3606 5866">
     <span class='ocr_line' id='line_1_120' title="bbox 2080 5798 3606 5866; baseline -0.003 -15"><span class='ocrx_word' id='word_1_950' title='bbox 2080 5804 2101 5834; x_wconf 74' lang='lat'>&#39;</span> <span class='ocrx_word' id='word_1_951' title='bbox 2127 5807 2200 5851; x_wconf 85' lang='lat' dir='ltr'><strong>Er.</strong></span> <span class='ocrx_word' id='word_1_952' title='bbox 2223 5799 2367 5864; x_wconf 85' lang='lat' dir='ltr'><strong>Lugd.</strong></span> <span class='ocrx_word' id='word_1_953' title='bbox 2396 5798 2587 5866; x_wconf 42' lang='lat' dir='ltr'><strong>ven—et</strong></span> <span class='ocrx_word' id='word_1_954' title='bbox 2623 5806 2731 5866; x_wconf 54' lang='grc' dir='ltr'><strong>[τον.</strong></span> <span class='ocrx_word' id='word_1_955' title='bbox 2760 5798 2997 5866; x_wconf 76' lang='lat' dir='ltr'><strong>exhibent</strong></span> <span class='ocrx_word' id='word_1_956' title='bbox 3017 5799 3083 5866; x_wconf 85' lang='lat' dir='ltr'><strong>_in</strong></span> <span class='ocrx_word' id='word_1_957' title='bbox 3115 5803 3256 5866; x_wconf 82' lang='lat' dir='ltr'><strong>textu</strong></span> <span class='ocrx_word' id='word_1_958' title='bbox 3283 5809 3473 5856; x_wconf 86' lang='lat' dir='ltr'><strong>vocem,</strong></span> <span class='ocrx_word' id='word_1_959' title='bbox 3499 5803 3606 5847; x_wconf 81' lang='lat' dir='ltr'><strong>tan-</strong></span> 
     </span>
    </p>
   </div>
   <div class='ocr_carea' id='block_1_120' title="bbox 2022 5859 3604 5976">
    <p class='ocr_par' dir='ltr' id='par_1_120' title="bbox 2022 5859 3604 5976">
     <span class='ocr_line' id='line_1_121' title="bbox 2022 5859 3604 5976; baseline -0.002 -60"><span class='ocrx_word' id='word_1_960' title='bbox 2022 5872 2140 5924; x_wconf 70' lang='lat' dir='ltr'><strong>tum,</strong></span> <span class='ocrx_word' id='word_1_961' title='bbox 2184 5859 2690 5976; x_wconf 61' lang='lat' dir='ltr'><strong>quie&#39;nonlegiturin</strong></span> <span class='ocrx_word' id='word_1_962' title='bbox 2736 5868 2819 5923; x_wconf 73' lang='lat'><strong>8.;</strong></span> <span class='ocrx_word' id='word_1_963' title='bbox 2858 5861 2947 5914; x_wconf 78' lang='lat' dir='ltr'><strong>sed</strong></span> <span class='ocrx_word' id='word_1_964' title='bbox 2972 5859 3031 5915; x_wconf 82' lang='lat' dir='ltr'><strong>ad</strong></span> <span class='ocrx_word' id='word_1_965' title='bbox 3070 5860 3342 5922; x_wconf 76' lang='lat' dir='ltr'><strong>marginem</strong></span> <span class='ocrx_word' id='word_1_966' title='bbox 3373 5868 3604 5920; x_wconf 72' lang='lat' dir='ltr'><strong>notatur:</strong></span> 
     </span>
     <span class='ocr_line' id='line_1_122' title="bbox 2027 5932 2694 5976; baseline -0.001 -1"><span class='ocrx_word' id='word_1_967' title='bbox 2027 5945 2052 5975; x_wconf 76' lang='lat' dir='ltr'><strong>ti</strong></span> <span class='ocrx_word' id='word_1_968' title='bbox 2073 5935 2194 5976; x_wconf 67' lang='lat' dir='ltr'><strong>Suum</strong></span> <span class='ocrx_word' id='word_1_969' title='bbox 2218 5943 2268 5976; x_wconf 85' lang='lat' dir='ltr'><strong>e.</strong></span> <span class='ocrx_word' id='word_1_970' title='bbox 2289 5935 2484 5976; x_wconf 85' lang='lat' dir='ltr'><strong>tantum.</strong></span> <span class='ocrx_word' id='word_1_971' title='bbox 2514 5944 2536 5972; x_wconf 72' lang='grc' dir='ltr'><strong>ι</strong></span> <span class='ocrx_word' id='word_1_972' title='bbox 2636 5932 2694 5974; x_wconf 73' lang='grc' dir='ltr'>Μ.</span> 
     </span>
    </p>
   </div>
   <div class='ocr_carea' id='block_1_121' title="bbox 2027 5932 2694 5992">
    <p class='ocr_par' dir='ltr' id='par_1_121' title="bbox 2027 5932 2694 5992">
     <span class='ocr_line' id='line_1_123' title="bbox 2027 5932 2694 5992; baseline -0.001 -17"><span class='ocrx_word' id='word_1_973' title='bbox 2027 5945 2052 5975; x_wconf 76' lang='lat' dir='ltr'><strong>ti</strong></span> <span class='ocrx_word' id='word_1_974' title='bbox 2073 5932 2268 5992; x_wconf 79' lang='lat' dir='ltr'><strong>Supple,</strong></span> <span class='ocrx_word' id='word_1_975' title='bbox 2289 5935 2484 5980; x_wconf 82' lang='lat' dir='ltr'><strong>tantum.</strong></span> <span class='ocrx_word' id='word_1_976' title='bbox 2514 5944 2536 5972; x_wconf 72' lang='grc' dir='ltr'><strong>ι</strong></span> <span class='ocrx_word' id='word_1_977' title='bbox 2636 5932 2694 5974; x_wconf 71' lang='grc' dir='ltr'>Μ.</span> 
     </span>
    </p>
   </div>
  </div>
