4160 6466
574 360 713 424 16⁸19

576 479 678 538 filii
703 493 1053 537 excussorum
1081 498 1094 535 :
1118 486 1272 536 exeat
1292 479 1395 536 huc
1419 480 1636 551 aliquid.
1663 481 1757 536 Est
1776 481 1917 537 enim
1939 480 2155 552 quidam

574 573 742 630 homo
767 572 857 644 qui
883 572 961 627 sic
990 572 1352 637 benedicitnr;
1383 582 1439 631 et,
1470 588 1629 627 nemo
1662 573 1814 628 timet
1839 574 2116 628 Dominum
2140 616 2154 643 ,

573 670 676 725 nisi
702 668 791 738 qui
818 667 973 723 estin
1001 668 1254 721 membris
1290 668 1454 736 ipsius
1482 667 1713 722 hominis
1744 685 1757 720 :
1787 676 1841 722 et
1874 667 2024 722 multi
2058 667 2156 723 lto-

570 761 745 816 mines
768 768 911 822 sunt,
941 769 994 813 et
1020 774 1157 814 unus
1186 760 1344 815 homo
1365 770 1476 821 est;
1508 762 1657 816 multi
1680 762 1820 817 enim
1841 762 2151 829 Christiani,

569 864 624 909 et
674 867 809 907 unus
854 852 1119 907 Christus.
1166 852 1268 919 Ipsi
1311 853 1599 909 Christiani
1640 870 1761 910 cum
1803 856 1975 925 capite
2015 871 2151 923 suo,

565 945 708 1017 quod
734 946 971 1002 ascendit
1004 947 1054 1000 in
1078 948 1273 1002 coelum
1298 990 1312 1014 ,
1345 964 1480 1003 unus
1510 959 1592 1004 est
1620 950 1869 1005 Christus
1893 970 1905 1004 :
1934 966 2039 1006 non
2068 952 2156 1007 ille

568 1054 708 1093 unus
730 1049 783 1093 et
808 1056 902 1093 nos
926 1040 1096 1102 inulti,
1124 1041 1214 1094 sed
1243 1050 1299 1096 et
1327 1057 1423 1095 nos
1452 1042 1601 1097 multi
1626 1044 1679 1097 in
1707 1044 1801 1098 illo
1831 1060 1937 1100 uno
1965 1062 2153 1101 unum.

564 1130 717 1187 Unus
744 1146 872 1200 ergo
898 1131 1060 1185 homo
1087 1131 1352 1195 Christus,
1383 1142 1541 1202 caput
1570 1144 1626 1189 et
1653 1150 1868 1204 corpus.
1893 1135 2046 1203 Quod
2072 1146 2156 1193 est

562 1237 761 1292 corpus
787 1222 937 1291 ejus?
972 1222 1203 1278 Ecclesia
1236 1224 1353 1293 ejus
1374 1266 1387 1289 ,
1421 1224 1635 1281 dicente
1663 1228 1923 1297 Apostolo
1948 1271 1962 1295 ,
2009 1228 2154 1296 Quo-

563 1318 702 1370 niam
725 1315 943 1370 membra
963 1332 1134 1371 sumus
1159 1318 1384 1386 corporis
1406 1318 1515 1388 ejus
1546 1318 1761 1391 (Ep/tes.
1785 1336 1839 1386 v,
1880 1320 1983 1391 50)
2006 1336 2019 1386 ;
2064 1330 2116 1376 ει
2135 1362 2150 1386 ,

572 1409 676 1465 Vos
703 1420 867 1464 autem
894 1410 1013 1463 estis
1034 1426 1219 1480 corpus
1247 1408 1434 1464 Christi
1467 1419 1513 1464 et
1543 1412 1765 1465 membra
1796 1410 1847 1480 (Ι
1875 1410 1997 1467 Cor.
2036 1428 2112 1466 nt
2134 1454 2149 1479 ,

561 1502 676 1572 27).
703 1503 1060 1572 lntelligamus
1081 1519 1209 1573 ergo
1231 1518 1416 1557 vocem
1442 1502 1601 1574 hujus
1628 1503 1881 1573 hominis,
1916 1506 1967 1559 in
1999 1506 2150 1577 cujus

559 1609 787 1665 corpore
826 1609 963 1648 unus
1008 1609 1191 1648 sumus
1240 1595 1441 1660 homo;
1489 1604 1542 1648 et
1589 1595 1658 1648 ibi
1703 1594 2001 1651 videbimus
2047 1596 2147 1652 ista

557 1702 687 1743 vera
714 1686 853 1741 bona
881 1685 1200 1740 Jerusalem.
1230 1683 1322 1741 Sic
1342 1686 1483 1739 enim
1506 1686 1639 1740 dixit
1664 1686 1715 1739 in
1743 1686 1961 1742 finezEt
1982 1687 2150 1742 videas

558 1783 691 1836 bona
720 1796 833 1853 quae
860 1788 974 1834 sunt
1001 1779 1307 1833 Jerusalem.
1340 1779 1395 1833 Si
1426 1788 1605 1833 autem
1636 1779 1733 1833 ista
1764 1779 1901 1834 bona
1932 1790 2147 1835 terreno

557 1873 717 1928 oculo
746 1870 1038 1925 attenderis
1058 1912 1072 1933 ,
1100 1868 1477 1925 abundantiam
1508 1870 1734 1924 filiorum
1769 1880 1824 1927 et
1854 1880 2106 1941 nepotum
2128 1914 2143 1939 ,

557 1973 614 2020 et
656 1962 980 2018 fertilitatem
1028 1960 1515 2031 fecunditatemque
1558 1962 1835 2033 conjugis,
1884 1979 1993 2018 non
2024 1971 2150 2019 sunt

562 2056 703 2110 bona
728 2055 870 2109 illius
890 2053 1183 2107 Jerusalem
1202 2053 1350 2123 ;quia
1377 2054 1513 2108 bona
1543 2053 1642 2109 ista
1672 2054 1723 2108 in
1754 2064 1892 2110 terra
1915 2056 2147 2112 morien-

557 2148 689 2205 tium
710 2156 854 2211 sunt,
886 2146 972 2200 illa
994 2157 1131 2200 terra
1156 2147 1442 2201 viventium
1468 2155 1569 2201 est.
1595 2146 1711 2202 Noli
1736 2148 1890 2204 valde
1916 2166 2011 2221 pro
2034 2166 2146 2205 ma-

554 2258 662 2313 gno
685 2240 915 2305 habere,
946 2240 990 2293 si
1028 2239 1194 2294 babes
1233 2238 1371 2294 filios
1410 2239 1731 2307 morituros,
1764 2241 1863 2295 etsi
1886 2258 1991 2296 non
2022 2252 2145 2298 ante

554 2344 630 2400 te,
652 2345 798 2389 certe
817 2340 937 2403 post
961 2339 1033 2387 te.
1053 2330 1147 2385 Vis
1169 2330 1368 2387 habere
1394 2330 1531 2386 filios
1548 2348 1815 2403 nunquam
1830 2336 2141 2407 morituros,

551 2438 609 2485 et
628 2445 747 2484 cum
767 2443 978 2497 semper
999 2427 1266 2481 victuros?
1281 2426 1411 2481 Esto
1438 2427 1495 2480 in
1524 2427 1665 2483 illius
1688 2442 1932 2499 corpore,
1946 2429 2013 2483 de
2038 2444 2144 2501 quo

564 2522 768 2578 dictum
796 2530 877 2577 est
893 2564 908 2587 ,
944 2519 1042 2574 Vos
1068 2536 1235 2573 autem
1261 2521 1378 2575 estis
1402 2536 1583 2589 corpus
1605 2519 1796 2576 Christi
1822 2530 1866 2575 et
1895 2521 2137 2577 membra.

611 2618 677 2672 4.
706 2615 838 2670 Nam
870 2622 927 2669 ut
952 2613 1054 2668 hoc
1080 2612 1390 2668 ostenderet
1411 2622 1463 2668 et
1489 2614 1601 2685 ipse
1628 2613 1893 2682 Psalmus,
1917 2614 2041 2685 quia
2063 2614 2141 2670 sic

548 2717 635 2765 est
664 2708 928 2763 obscurus
956 2716 1013 2760 ut
1042 2705 1329 2760 admoneat
1352 2705 1567 2774 pulsari,
1601 2706 1679 2761 sic
1699 2718 1918 2777 opertus
1938 2716 1995 2762 ut
2014 2707 2142 2762 velit

549 2800 749 2868 excuti,
777 2814 807 2852 a
840 2798 1077 2868 pluribus
1106 2798 1270 2867 coepit
1303 2815 1315 2851 :
1342 2795 1489 2851 Beati
1518 2814 1689 2851 omnes
1715 2799 1802 2862 qui
1826 2799 2001 2853 timent
2028 2798 2137 2854 Do-

546 2895 764 2957 minum,
796 2892 881 2959 qui
909 2890 1171 2944 ambulant
1194 2892 1248 2944 in
1276 2891 1366 2943 viis
1391 2892 1524 2960 ejus.
1550 2891 1730 2946 Multis
1758 2891 2020 2962 loquitur;
2043 2891 2139 2949 sed

546 2987 673 3059 quia
699 2985 801 3056 ipsi
829 2984 981 3040 multi
1014 2999 1175 3039 unum
1204 2992 1330 3039 sunt
1355 2984 1407 3037 in
1440 2983 1673 3049 Christo,
1695 2984 1935 3055 sequitur
1954 2993 2007 3039 et
2028 2984 2140 3041 sin-

545 3080 806 3153 gulariter
829 3078 937 3149 jam
965 3078 1129 3143 dicit,
1162 3076 1380 3131 Labores
1406 3077 1662 3148 fructuum
1688 3087 1891 3132 tuorum
1914 3079 2137 3134 mandu-

546 3173 705 3229 cabis.
739 3170 994 3241 Superius
1020 3169 1248 3235 dixerat,
1272 3167 1419 3223 Beati
1446 3186 1617 3225 omnes
1636 3170 1723 3241 qui
1750 3171 1926 3226 timent
1955 3170 2138 3227 Domi-

544 3282 670 3322 num
690 3307 705 3331 ,
737 3266 823 3338 qui
847 3263 1108 3319 ambulant
1134 3263 1187 3317 in
1212 3263 1304 3316 viis
1330 3264 1480 3334 ejus:
1503 3261 1663 3317 modo
1687 3278 1854 3334 quare
1873 3306 1888 3331 ,
1918 3261 2138 3320 Labores

544 3364 806 3432 fructuum
835 3368 1036 3411 tuorum
1066 3354 1395 3410 manducabis
1412 3371 1433 3420 ;
1473 3362 1679 3423 etnon,
1711 3354 2137 3413 manducabitis?

543 3461 605 3508 et
631 3464 817 3521 quare,
845 3447 1067 3503 Labores
1094 3447 1353 3518 fructuum
1384 3455 1625 3511 tuorum;
1655 3456 1709 3501 et
1735 3462 1874 3516 non,
1902 3447 2137 3504 Labores

543 3544 813 3602 fructuum
837 3539 1174 3597 vestrorum?
1196 3539 1329 3595 Tam
1351 3539 1404 3595 in
1428 3540 1674 3610 proximo
1693 3540 1894 3597 oblitus
1913 3550 1996 3598 est
2014 3541 2137 3613 quia

543 3636 792 3711 pluribus
826 3633 1174 3705 loquebatur?
1200 3631 1304 3687 Sed
1336 3631 1381 3687 si
1405 3632 1513 3703 jam
1538 3633 1822 3688 excussisti
1844 3674 1859 3701 ,
1887 3633 2014 3705 quid
2042 3633 2137 3691 tibi

542 3728 858 3801 respondit?
886 3727 1020 3783 Cum
1068 3726 1250 3796 plures
1277 3724 1612 3779 Christianos
1641 3725 1888 3797 appello,
1936 3727 1991 3782 in
2031 3743 2137 3784 uno

544 3822 762 3881 Christo
801 3836 965 3878 unum
1010 3819 1271 3890 intelligo.
1317 3817 1506 3874 Plures
1550 3833 1680 3889 ergo
1724 3820 1885 3889 estis,
1918 3831 1971 3876 et
1999 3836 2137 3878 unus

543 3917 707 3984 estis;
749 3915 932 3987 plures
958 3926 1175 3978 sumus,
1212 3920 1266 3967 et
1294 3925 1433 3966 unus
1464 3925 1670 3966 sumus.
1703 3910 1984 3980 Quomodo
2013 3913 2136 3984 plu-

542 4025 634 4067 res
658 4023 863 4076 sumus,
891 4016 945 4063 et
965 4020 1103 4061 unus
1122 4004 1342 4061 sumus?
1371 4003 1501 4072 Quia
1530 4003 1606 4057 illi
1634 4003 1958 4061 inliteremus
1980 4005 2134 4077 cujus

541 4103 786 4159 membra
815 4116 1036 4167 sumus;
1082 4108 1133 4155 et
1173 4113 1401 4170 quorum
1443 4104 1602 4169 caput
1644 4097 1698 4153 in
1740 4098 1881 4154 caelo
1923 4106 2038 4167 est,
2079 4107 2138 4155 ut

544 4178 789 4251 membra
819 4200 1128 4263 sequantur.

618 4288 672 4341 5.
706 4285 824 4356 Ipse
865 4299 993 4356 ergo
1036 4284 1302 4340 describat
1337 4283 1479 4354 jam;
1511 4283 1634 4354 quia
1665 4282 2005 4339 manifestum
2052 4294 2137 4340 est

546 4394 710 4451 quem
735 4377 1008 4433 describit.
1039 4374 1127 4431 Sic
1157 4374 1414 4446 patebunt
1441 4375 1618 4429 omnia
1642 4390 1761 4445 qua:
1791 4383 2129 4445 sequuntur:

546 4480 755 4526 tantum
776 4484 871 4523 vos
893 4468 1075 4523 timete
1102 4466 1403 4532 Dominum,
1430 4474 1481 4521 et
1502 4466 1769 4521 ambulate
1798 4467 1849 4519 in
1876 4466 1975 4520 viis
1998 4466 2133 4536 ejus,

548 4576 605 4624 et
636 4566 798 4621 nolite
827 4564 1005 4620 zelare
1031 4577 1123 4619 eos
1161 4563 1250 4633 qui
1297 4577 1402 4616 non
1446 4561 1720 4616 ambulant
1756 4562 1808 4615 in
1849 4561 1949 4617 viis
1987 4562 2134 4633 ejus,

546 4656 763 4730 quando
803 4655 927 4710 illos
954 4654 1195 4709 videritis
1224 4668 1345 4709 esse
1375 4651 1558 4708 felices
1597 4651 1899 4707 infeliciter.
1944 4652 2134 4710 Saaculi

545 4752 690 4807 enim
736 4750 983 4806 homines
1025 4747 1307 4803 infeliciter
1337 4745 1520 4802 felices
1549 4756 1673 4802 sunt
1702 4766 1714 4804 :
1745 4755 2008 4820 martyres
2037 4762 2134 4804 au-

545 4854 655 4901 tem
700 4843 925 4899 feliciter
966 4839 1208 4896 infelices
1252 4850 1425 4895 erant.
1473 4839 1640 4894 Erant
1662 4839 1802 4894 enim
1830 4839 1896 4895 ad
1927 4846 2136 4911 tempus

546 4937 824 5004 infelices,
852 4934 945 4991 sed
976 4935 1026 4989 in
1054 4944 1314 4990 internum
1346 4931 1564 4999 felices;
1595 4940 1649 4987 et
1676 4932 1729 4987 in
1755 4947 1820 4988 eo
1847 4935 1963 5003 ipso
1994 4932 2135 5003 quod

546 5042 704 5088 erant
730 5030 795 5087 ad
824 5039 1033 5100 tempus
1062 5028 1323 5094 infelices,
1357 5026 1677 5098 putabantur
1699 5027 1867 5097 magis
1895 5027 2135 5083 infelices

546 5141 705 5194 quam
728 5132 897 5179 erant.
930 5121 1066 5189 Quid
1097 5121 1238 5177 enim
1260 5119 1392 5175 dicit
1410 5118 1732 5190 Apostolus?
1762 5117 1920 5186 Quasi
1948 5119 2129 5185 tristes,

547 5231 742 5284 semper
772 5225 941 5269 autem
965 5213 1238 5285 gaudentes
1265 5210 1331 5285 (ll
1360 5210 1477 5265 Cor.
1505 5226 1555 5264 Vl
1576 5253 1591 5277 ,
1623 5209 1737 5282 10).
1762 5208 1937 5278 Quare
1957 5252 1971 5277 ,
1999 5225 2133 5263 sem-

552 5309 683 5378 per?
723 5308 793 5363 Et
817 5308 904 5363 hic
931 5317 985 5362 et
1014 5308 1085 5363 ibi
1116 5326 1128 5361 :
1155 5321 1372 5378 prorsus
1398 5315 1451 5362 et
1494 5306 1580 5361 hic
1623 5314 1679 5361 et
1716 5305 1808 5360 ibi.
1855 5304 1953 5359 llic
1991 5305 2133 5360 enim

549 5402 694 5458 unde
735 5401 1064 5471 gaudemus?
1095 5402 1168 5457 De
1198 5416 1313 5473 spe.
1367 5400 1441 5456 lbi
1473 5400 1613 5456 unde
1652 5398 2033 5471 gaudebimus?
2061 5399 2137 5456 De

548 5513 633 5553 re.
665 5495 912 5567 Magnum
940 5492 1189 5564 gaudium
1217 5494 1380 5550 habet
1414 5508 1537 5565 spes
1566 5493 1866 5566 gaudentis.
1895 5493 1961 5549 Et
1983 5495 2028 5550 si
2048 5512 2136 5565 spe

551 5592 861 5665 gaudentes,
886 5588 1062 5644 videte
1102 5588 1228 5659 quid
1268 5589 1545 5658 sequitur:
1577 5588 1637 5643 in
1681 5589 2002 5643 tribulatione
2043 5606 2135 5658 pa-

551 5685 729 5741 tientes
765 5683 941 5755 (Rom.
968 5697 1042 5737 xu
1066 5722 1081 5749 ,
1112 5680 1178 5734 12
1198 5680 1237 5751 ).
1279 5679 1537 5750 Martyres
1563 5695 1691 5750 ergo
1718 5681 1769 5733 in
1794 5679 2134 5735 tribulatione

550 5779 817 5850 patientes
843 5788 1031 5846 erant,
1068 5775 1188 5847 quia
1216 5788 1313 5845 spe
1338 5772 1658 5843 gaudebant.
1703 5772 1807 5827 Sed
1835 5773 1955 5843 quia
1996 5786 2133 5829 non-

552 5874 684 5934 dum
712 5880 828 5935 erat
867 5870 995 5932 illud
1020 5870 1161 5949 quod
1196 5866 1558 5945 promittitur,
1589 5864 1717 5943 quid
1745 5864 1873 5924 dicit
1900 5866 2135 5947 Aposto-

1827 365 1886 425 8..
1918 357 2283 423 AUGUSTINI
2320 362 2623 427 EPISCOPI

3727 385 3862 447 i680

2268 481 2388 539 lus?
2437 485 2567 557 Spes
2596 493 2731 542 enim
2758 504 2872 560 qua:
2894 491 3119 559 videtur,
3172 511 3273 550 non
3314 504 3386 551 est
3429 514 3544 569 spes
3567 514 3589 554 :
3612 499 3658 555 si
3695 514 3861 563 autem

2266 574 2402 642 quod
2430 588 2531 630 non
2556 578 2781 635 videmus
2805 598 3068 651 speramus
3086 626 3102 652 ,
3150 603 3241 657 per
3266 589 3562 658 patientiam
3591 606 3857 665 aspecta-

2266 680 2377 720 mus
2407 665 2580 760 (Rom.
2608 686 2699 726 vni
2720 714 2735 736 ,
2763 672 2834 728 24
2851 684 2897 727 et
2912 674 2981 731 25
2998 675 3040 748 ).
3062 676 3200 733 Ecce
3221 695 3383 749 quare
3398 684 3577 738 omnia
3595 696 3861 760 martyres

2263 759 2619 829 pertulerunt,
2650 766 2771 835 quia
2804 767 2944 835 quod
2973 784 3079 824 non
3111 759 3381 839 videbant,
3416 792 3512 847 per
3541 759 3859 848 patientiam

2264 855 2665 923 exspectabant.
2710 857 2784 913 Illi
2827 861 2917 929 qui
2944 876 3038 916 eos
3061 864 3412 933 occidebant,
3440 885 3561 939 qum
3606 872 3862 930 videbant

2263 944 2513 1000 amabant
2542 963 2556 1000 :
2584 947 2658 1003 illi
2688 951 2777 1019 qui
2803 952 3207 1025 occidebantur,
3240 958 3307 1013 ad
3334 974 3396 1014 ea
3424 977 3544 1031 quin
3575 979 3681 1019 non
3708 966 3861 1023 video

2262 1034 2392 1128 baut
2420 1040 2775 1109 suspirabaot,
2795 1053 2849 1100 et
2875 1062 2937 1101 ea
2968 1063 3088 1118 qua:
3120 1065 3226 1105 non
3258 1052 3528 1121 videbant,
3552 1060 3862 1128 apprehen-

2262 1126 2391 1183 dere
2431 1129 2781 1200 festinabant;
2813 1146 2869 1192 et
2897 1140 3037 1208 quod
3071 1140 3273 1198 tardius
3297 1126 3701 1219 occidebantur,
3736 1168 3862 1206 mo-

2261 1233 2350 1274 ras
2377 1221 2477 1275 sibi
2506 1222 2618 1278 fieri
2644 1226 3063 1285 arbitrabantur.

2332 1312 2384 1368 6.
2417 1315 2590 1386 Ergo,
2620 1318 2847 1389 fratres,
2875 1322 3025 1379 Felix
3055 1336 3259 1399 martyr
3284 1328 3360 1403 (α)
3393 1340 3451 1388 ει
3478 1348 3606 1391 vere
3637 1335 3773 1393 felix
3806 1350 3863 1396 et

2260 1406 2477 1463 nomine
2504 1418 2559 1463 et
2586 1425 2803 1477 corona,
2830 1415 2984 1485 cujus
3013 1415 3172 1473 hodie
3199 1419 3317 1476 dies
3343 1432 3427 1478 est
3454 1426 3495 1494 ',
3527 1434 3864 1500 contempsit

2258 1497 2537 1555 mundum.
2568 1503 2649 1556 An
2675 1502 2810 1559 forte
2829 1507 2952 1577 quia
2984 1509 3205 1565 timebat
3230 1511 3548 1584 Dominum,
3578 1519 3710 1576 inde
3740 1497 3862 1579 erat

2259 1586 2406 1655 felix,
2439 1591 2561 1647 inde
2590 1603 2706 1648 erat
2730 1595 2936 1666 beatus,
2969 1601 3091 1670 quia
3120 1618 3254 1658 uxor
3277 1605 3395 1676 ejus
3420 1617 3675 1680 tanquam
3700 1614 3860 1671 vinea

2257 1680 2445 1737 fertilis
2471 1694 2587 1739 erat
2612 1686 2665 1740 in
2691 1696 2851 1756 terra,
2877 1700 2931 1746 et
2955 1691 3051 1747 filii
3072 1693 3189 1763 ejus
3209 1696 3680 1759 circumdederant
3701 1721 3862 1762 men-

2401 1776 2550 1846 ejus?
2579 1778 2767 1837 Omnia
2796 1783 2897 1839 ista
2928 1786 3163 1854 perfecte
3193 1787 3386 1857 habet,
3412 1793 3509 1849 sed
3537 1794 3591 1850 in
3619 1811 3861 1869 corpore

2256 1864 2398 1922 illius
2442 1869 2530 1939 qui
2578 1870 2663 1926 hic
2705 1872 3065 1931 describitur:
3098 1887 3152 1933 et
3180 1884 3303 1950 quia
3333 1882 3412 1938 sic
3437 1884 3529 1941 ille
3556 1864 3858 1960 intellexit,

2255 1963 2575 2032 contempsit
2602 1966 2880 2033 praesentia
2903 2009 2918 2035 ,
2959 1978 3018 2023 ut
3055 1972 3325 2042 acciperet
3350 1973 3545 2033 futura.
3578 1978 3861 2039 Noveritis

2253 2062 2452 2119 autem,
2483 2055 2692 2123 fratres,
2723 2074 2828 2114 non
2857 2076 2979 2116 eum
3022 2078 3237 2132 passum
3264 2076 3492 2123 mortem
3515 2110 3532 2138 ,
3554 2086 3733 2140 quam
3770 2074 3861 2130 alii

2252 2156 2516 2218 martyres
2546 2151 2687 2218 passi
2716 2161 2859 2206 sunt.
2894 2154 3184 2211 Confessus
3209 2166 3293 2213 est
3325 2160 3499 2226 enim,
3531 2162 3749 2219 dilatus
3778 2176 3861 2223 est

2251 2237 2317 2293 ad
2358 2248 2652 2306 tormenta;
2683 2242 2790 2299 alio
2813 2244 2902 2300 die
2931 2246 3203 2301 inventum
3230 2256 3315 2304 est
3342 2265 3539 2321 corpus
3567 2253 3695 2324 ejus
3721 2271 3860 2313 exa-

2252 2330 2414 2387 nime.
2445 2331 2761 2390 Clauserant
2802 2338 2945 2391 enim
2990 2338 3065 2392 illi
3104 2353 3377 2396 carcerem
3403 2384 3419 2408 ,
3453 2343 3550 2399 sed
3595 2349 3856 2418 corpori,

2249 2440 2355 2480 non
2376 2426 2604 2494 Spiritui.
2630 2427 2799 2495 Quem
2829 2429 2937 2485 illic
2964 2429 3225 2500 parabant
3256 2441 3507 2505 torquere
3532 2438 3855 2507 carniﬁces,

2247 2517 2522 2573 absentem
2567 2519 2917 2589 invenerunt,
2956 2522 3309 2592 perdiderunt
3351 2525 3619 2582 saevitiam
3671 2544 3853 2587 suam.

2248 2609 2466 2666 Jacebat
2508 2613 2803 2681 exanimis,
2833 2614 2951 2669 sine
2993 2628 3154 2671 sensu
3199 2616 3335 2684 illis,
3364 2633 3431 2673 ne
3462 2627 3855 2691 torqueretur;

2247 2720 2369 2761 cum
2397 2720 2559 2760 sensu
2581 2705 2722 2776 apud
2751 2707 2950 2773 Deum,
2984 2717 3042 2762 ut
3067 2717 3442 2765 coronaretur.
3479 2710 3641 2768 Unde
3668 2723 3730 2768 et
3757 2715 3858 2770 iste

2245 2799 2392 2864 felix,
2426 2798 2637 2868 fratres,
2667 2816 2774 2855 non
2804 2810 3009 2856 tantum
3038 2803 3277 2872 nomine,
3305 2804 3402 2860 sed
3428 2812 3483 2860 et
3512 2807 3756 2875 praemio
3778 2808 3857 2863 vi-

2247 2902 2314 2948 ta:
2342 2902 2578 2959 aeterna},
2606 2893 2649 2949 si
2684 2894 2786 2949 ista
2811 2894 2996 2949 dilexit
3016 2895 3076 2950 '?

2315 2987 2369 3043 7.
2402 2986 2545 3057 Ergo
2568 2987 2645 3043 sic
2671 2986 2951 3044 audiamus
2980 2988 3145 3044 istum
3176 2992 3460 3060 psalmum,
3494 2999 3767 3063 tanquam
3788 2993 3857 3049 de

2243 3075 2456 3133 Christo
2485 3077 2728 3134 dicatur:
2752 3088 2809 3134 et
2850 3096 3037 3136 omnes
3084 3079 3353 3137 hierentes
3393 3084 3612 3153 corpori
3643 3084 3857 3140 Christi

2242 3178 2297 3224 et
2322 3168 2495 3224 effecti
2524 3170 2764 3225 membra
2792 3171 3025 3237 Christi,
3072 3173 3408 3229 ambulemus
3439 3174 3555 3228 vias
3588 3175 3854 3245 Domini;

2243 3268 2299 3316 et
2336 3260 2617 3334 timeamus
2657 3262 2937 3317 Dominum
2971 3264 3161 3319 timore
3185 3275 3364 3333 casto,
3394 3266 3589 3322 timore
3615 3282 3855 3337 perma-

2243 3363 2405 3410 nente
2434 3353 2487 3409 in
2512 3356 2766 3410 saeculum
2793 3356 2996 3411 saeculi.
3025 3356 3123 3413 Est
3148 3357 3291 3412 enim
3320 3358 3456 3414 alius
3486 3360 3653 3415 timor
3682 3377 3855 3432 quem

2242 3445 2478 3501 Charitas
2516 3446 2784 3513 excludit,
2827 3446 3039 3504 dicente
3081 3447 3288 3505 Joanne
3310 3490 3325 3515 ,
3348 3449 3524 3504 Timor
3551 3468 3658 3506 non
3692 3462 3779 3507 est
3802 3470 3857 3508 tn

2242 3539 2518 3606 charitate;
2556 3540 2647 3595 sed
2688 3544 2912 3613 perfecta
2950 3540 3173 3595 charitas
3218 3541 3358 3611 [oras
3403 3542 3553 3596 mittit
3600 3544 3855 3600 timorem

2242 3631 2294 3703 (Ι
2321 3630 2477 3686 Joan.
2501 3647 2571 3696 tv,
2601 3629 2714 3704 18).
2740 3630 2855 3687 Νοη
2879 3631 2947 3688 de
2978 3632 3122 3687 omni
3146 3633 3337 3689 timore
3361 3632 3491 3688 dicit
3518 3634 3645 3705 quia
3676 3636 3855 3692 mitti-

2242 3732 2330 3779 tur
2351 3723 2495 3779 foras
2520 3739 2549 3777 a
2570 3723 2861 3791 charitate;
2894 3724 3061 3781 habes
3082 3724 3224 3781 enim
3253 3724 3512 3795 psalmum
3538 3724 3850 3795 dicentem,

2242 3815 2417 3871 Timor
2442 3814 2648 3871 Domini
2672 3826 2874 3882 castus,
2920 3832 3220 3886 permanens
3266 3818 3319 3871 in
3365 3817 3613 3872 steculunt
3661 3821 3853 3875 saeculi

2246 3907 2416 3982 (Psal.
2441 3923 2613 3975 xvut,
2652 3908 2765 3979 10).
2805 3907 2955 3963 Alius
2985 3924 3113 3979 ergo
3144 3909 3306 3966 timor
3334 3919 3657 3978 permanet,
3706 3912 3850 3968 alius

2240 4002 2560 4059 excluditur.
2580 4001 2764 4057 Timor
2784 4001 2876 4071 qui
2905 4001 3226 4067 excluditur,
3258 4011 3437 4057 castus
3464 4016 3569 4056 non
3603 4013 3731 4070 est;
3758 4005 3847 4074 qui

2240 4104 2419 4151 autem
2447 4104 2744 4164 permanet,
2773 4102 2954 4149 castus
2979 4103 3079 4148 eat.
3103 4092 3233 4161 Quis
3253 4101 3337 4149 est
3358 4093 3517 4147 timor
3536 4093 3631 4163 qui
3653 4094 3847 4150 exclu-

2239 4188 2416 4245 ditur?
2437 4187 2735 4258 Dignamini
2767 4186 3066 4242 advertere.
3100 4186 3276 4256 Aliqui
3305 4192 3589 4256 propterea
3624 4194 3844 4244 tantum

2240 4285 2464 4346 timent,
2496 4295 2566 4335 ne
2599 4279 2800 4351 aliquid
2841 4279 2969 4334 mali
3015 4279 3067 4333 in
3110 4287 3250 4333 terra
3292 4279 3592 4348 patiantur,
3632 4294 3703 4335 ne
3737 4281 3844 4336 illis

2241 4372 2499 4445 aegritudo
2520 4372 2749 4437 accidat,
2776 4387 2846 4427 ne
2870 4372 3146 4437 damnum,
3172 4385 3238 4425 ne
3265 4370 3489 4438 orbitas,
3514 4386 3585 4426 ne
3605 4372 3843 4444 alicujus

2240 4465 2458 4520 amissio
2485 4463 2632 4520 chari
2654 4505 2668 4530 ,
2693 4480 2761 4520 ne
2788 4463 3033 4520 exsilium
3058 4504 3074 4528 ,
3106 4478 3175 4519 ne
3199 4462 3491 4530 damnatio,
3522 4480 3594 4519 ne
3622 4479 3836 4532 carcer,

2241 4571 2309 4613 ne
2334 4556 2509 4627 aliqua
2540 4556 2842 4622 tribulatio;
2886 4563 3171 4625 propterea
3217 4559 3408 4610 timent
3455 4566 3509 4611 et
3554 4567 3836 4613 tremunt:

2241 4649 2415 4705 adhuc
2454 4650 2555 4706 iste
2598 4650 2756 4703 timor
2785 4662 2893 4704 non
2930 4656 3015 4702 est
3054 4657 3252 4704 castus.
3282 4648 3471 4704 Adhuc
3501 4650 3651 4704 audi.
3681 4652 3841 4706 Alius

2240 4757 2348 4798 non
2375 4742 2428 4798 in
2459 4741 2560 4797 hac
2586 4749 2725 4797 terra
2747 4739 2855 4810 pati
2878 4740 3047 4806 timet,
3071 4738 3166 4795 sed
3195 4738 3467 4810 gehennas
3490 4740 3665 4806 timet,
3692 4742 3838 4798 unde

2243 4835 2433 4892 terruit
2458 4843 2513 4890 et
2542 4834 2819 4889 Dominus.
2844 4831 3083 4889 Audistis
3103 4847 3222 4886 cum
3248 4831 3592 4903 Evangelium
3625 4834 3839 4905 legere

2240 4935 2327 4983 tur
2350 4946 2363 4981 ε
2391 4925 2489 4981 Ubi
2512 4926 2691 4980 vermis
2713 4941 2883 4979 eorum
2906 4939 3008 4977 non
3030 4924 3288 4990 morietur,
3313 4932 3359 4979 et
3379 4924 3510 4995 ignis
3530 4940 3710 4979 eorum
3732 4942 3839 4980 non

2244 5016 2802 5090 exstinguetuﬂblarc.
2828 5032 2903 5081 ix,
2929 5014 3298 5086 4'5).'Audiunt
3324 5014 3441 5069 hinc
3471 5015 3755 5083 homines;
3785 5025 3841 5071 et

2240 5114 2363 5186 quia
2389 5128 2516 5170 vere
2546 5112 2719 5167 futura
2749 5120 2871 5165 sunt
2902 5109 3100 5179 impiis,
3132 5109 3357 5175 timent,
3386 5117 3440 5163 et
3464 5109 3751 5164 continent
3776 5124 3839 5164 se

2239 5222 2271 5262 a
2296 5214 2536 5277 peccato.
2560 5203 2771 5258 [labent
2796 5202 3065 5268 timorem,
3095 5211 3149 5256 et
3171 5216 3265 5272 per
3285 5201 3531 5255 timorem
3553 5202 3840 5258 continent

2241 5316 2301 5357 se
2325 5316 2355 5355 a
2386 5308 2624 5370 peccato.
2655 5296 2871 5351 Timent
2898 5293 3111 5365 quidem
3134 5335 3150 5362 ,
3183 5292 3277 5349 sed
3305 5308 3410 5348 non
3441 5302 3625 5347 amant
3663 5293 3837 5363 justi-

2242 5394 2390 5448 tiam.
2409 5391 2543 5447 Cum
2564 5397 2742 5444 autem
2770 5402 2865 5458 per
2886 5387 3132 5446 timorem
3153 5387 3427 5442 continent
3446 5400 3506 5441 se
3525 5402 3555 5441 a
3580 5395 3835 5457 peccato,

2240 5485 2301 5541 fit
2337 5480 2663 5540 consuetudo
2700 5480 2955 5549 justitiie,
2988 5487 3042 5533 et
3082 5478 3268 5548 incipit
3301 5476 3443 5548 quod
3482 5475 3676 5532 durum
3709 5487 3839 5532 erat

2308 5622 2323 5652 ι
2351 5620 2423 5668 sic
2446 5629 2619 5680 omnes
2641 5622 2744 5666 Mss.
2773 5613 2885 5680 Edd.
2915 5624 3049 5671 vero,
3075 5610 3250 5680 natalis
3265 5617 3352 5680 est.
3446 5674 3457 5680 _
3659 5668 3669 5680 .
3752 5668 3766 5680 .

2306 5686 2326 5714 ι
2353 5687 2424 5750 Er.
2450 5679 2597 5741 Lugd.
2618 5684 2762 5735 νειμ,
2800 5674 2885 5726 sed
2919 5682 2965 5724 et
3003 5670 3204 5737 prwmio
3241 5671 3350 5722 vita:
3394 5674 3591 5721 (eterna:
3628 5670 3699 5720 sic
3743 5670 3843 5722 iste

2241 5744 2679 5869 ώέῖιῗάιεγῑέἶιιω
2709 5799 3047 5869 ille__1'hiniss:e
3065 5810 3157 5869 seu
3176 5795 3397 5869 Thimiste
3430 5798 3482 5848 in
3514 5797 3691 5869 Africa.
3721 5810 3841 5868 non

2245 5860 2415 5932 procul
2436 5860 2670 5933 Hippone,
2695 5862 2903 5918 subiisse
2922 5867 3143 5918 narratur
3164 5867 3331 5919 octavo
3349 5860 3459 5919 idus
3479 5861 3789 5921 novembris.
