4160 6438
362 345 491 408 1681

355 474 544 542 amari,
563 480 616 529 et
635 456 891 530 dulcescit
918 461 1063 529 Deus
1082 454 1095 528 Ξ
1120 476 1177 530 et
1196 471 1303 543 iam
1316 470 1501 546 incipit
1518 472 1678 528 homo
1696 481 1948 545 propter-

353 582 415 623 ea
439 567 584 637 juste
630 566 837 632 vivere,
863 581 972 621 non
995 564 1117 636 quia
1139 566 1291 620 timet
1315 579 1525 635 poenas,
1542 564 1637 620 sed
1660 566 1783 637 quia
1804 576 1950 623 amat

353 661 733 717 mternitatem.
754 660 1016 715 Exelusus
1042 668 1126 716 est
1152 674 1282 729 ergo
1308 658 1467 714 timor
1486 673 1517 714 a
1543 658 1832 728 charitate;
1851 659 1949 717 sed

352 753 613 810 successit
639 753 799 807 timor
827 760 1025 807 castus.

421 846 477 903 8.
508 845 640 915 Quis
665 852 749 901 est
778 845 880 901 iste
904 844 1065 900 timor
1088 844 1303 900 castus?
1332 842 1640 900 Secundum
1669 859 1827 915 quem
1854 843 1948 901 de-

351 940 578 1006 bemus,
625 938 819 993 fratres
865 937 1003 1004 mei,
1052 936 1350 1008 intelligere
1394 935 1537 1008 quod
1579 936 1781 992 dictum
1826 944 1943 1006 est,

348 1033 495 1088 Beati
524 1047 698 1086 omnes
723 1031 811 1099 qui
840 1032 1014 1085 timent
1044 1028 1339 1094 Dominum,
1371 1030 1458 1100 qui
1487 1029 1751 1083 ambulant
1775 1030 1828 1084 in
1851 1029 1946 1086 viis

347 1128 479 1198 ejus.
532 1125 592 1181 Si
636 1133 863 1197 potuero
904 1124 1065 1196 digne
1097 1124 1279 1181 dicere
1307 1124 1375 1181 de
1403 1123 1509 1180 isto
1536 1122 1728 1179 timore
1753 1132 1903 1179 casto
1924 1166 1940 1193 ,

346 1217 638 1289 adjuvanle
664 1217 894 1273 Domino
918 1217 1030 1273 Deo
1059 1226 1272 1284 nostro,
1308 1217 1461 1272 multi
1488 1216 1715 1273 fortasse
1742 1216 1847 1273 hoc
1872 1218 1943 1273 ti-

346 1324 502 1367 more
530 1317 682 1365 casto
707 1308 1181 1366 inﬂammabuntur
1206 1309 1261 1365 in
1293 1324 1532 1364 amorem
1562 1317 1790 1364 castum.
1831 1307 1943 1364 Nec

347 1416 570 1472 possum
592 1400 864 1472 explicare
887 1400 1153 1466 fortassis,
1171 1401 1273 1457 nisi
1293 1401 1565 1473 proposita
1588 1399 1762 1471 aliqua
1788 1400 1941 1455 simi-

348 1494 596 1550 litudine.
630 1494 779 1550 Pone
818 1494 1053 1566 aliquam
1093 1495 1348 1551 feminam
1390 1504 1591 1551 castam
1613 1537 1626 1561 ,
1661 1495 1940 1552 timentem

300 1596 305 1599 '
344 1586 520 1642 virum
541 1601 698 1643 suum
725 1586 919 1641 :aliam
943 1601 1082 1656 pone
1103 1586 1431 1655 adulteram;
1462 1595 1516 1643 et
1545 1586 1659 1658 ipsa
1688 1586 1840 1642 timet
1860 1585 1942 1642 vi-

342 1692 464 1734 rum
491 1693 669 1733 suum.
701 1678 858 1733 Casta
887 1679 1039 1733 timet
1065 1693 1133 1733 ne
1160 1677 1400 1734 discedat
1425 1678 1536 1745 vir;
1570 1678 1842 1744 adultera,
1870 1693 1941 1735 ne

344 1768 544 1824 veniat.
577 1767 717 1837 Quid
743 1768 788 1823 si
819 1769 978 1824 ambo
1006 1768 1259 1824 absentes
1278 1769 1437 1823 sunt?
1468 1768 1557 1824 Illa
1590 1770 1741 1825 timet
1760 1784 1828 1825 ne
1846 1784 1940 1825 ve-

341 1862 485 1926 niat;
518 1861 644 1929 illa,
677 1876 745 1916 ne
774 1860 967 1916 tardet.
1010 1860 1220 1916 Absens
1261 1869 1344 1915 est
1385 1860 1618 1931 quodam
1655 1862 1815 1918 modo
1854 1863 1940 1918 cui

338 1954 652 2027 desponsati
675 1969 877 2019 sumus,
901 1954 1099 2010 absens
1122 1964 1204 2010 est
1233 1955 1323 2026 qui
1353 1956 1506 2011 nobis
1532 1955 1747 2010 arrham
1788 1954 1939 2012 dedit

337 2046 599 2117 Spiritum
644 2055 888 2101 sanctum
912 2088 926 2112 ,
970 2046 1164 2102 absens
1190 2054 1272 2102 est
1301 2048 1389 2117 qui
1426 2061 1523 2102 nos
1552 2047 1785 2103 redemit
1808 2062 1936 2103 san-

335 2139 501 2211 guine
531 2154 662 2206 suo;
708 2154 936 2210 sponsus
966 2140 1055 2195 ille
1082 2154 1189 2211 quo
1216 2140 1351 2195 nihil
1382 2148 1466 2196 est
1496 2140 1769 2212 pulchrius
1791 2182 1807 2207 ,
1845 2143 1937 2213 qui

334 2231 492 2302 quasi
524 2229 703 2287 ftedus
733 2231 980 2302 apparuit
1011 2231 1151 2285 inter
1171 2245 1360 2286 manus
1387 2233 1841 2302 persequentium,
1868 2232 1937 2289 de

333 2339 445 2395 quo
474 2324 637 2394 paqu
662 2334 788 2380 ante
818 2324 1031 2380 dicebat
1060 2323 1243 2391 Isaias,
1277 2325 1340 2379 Et
1367 2325 1583 2381 vidimus
1605 2343 1738 2393 eum,
1760 2336 1807 2382 et
1830 2344 1935 2384 non

332 2415 557 2470 habebat
593 2416 809 2485 speciem
851 2433 1009 2487 neque
1047 2418 1275 2471 decorem
1314 2416 1466 2488 (Isai.
1494 2434 1584 2473 Llll
1610 2460 1625 2485 ,
1666 2419 1757 2490 2).
1791 2418 1934 2491 Ergo

331 2521 574 2578 sponsus
604 2520 787 2563 noster
816 2507 992 2564 ftedus
1018 2510 1136 2565 est?
1165 2510 1318 2565 Absit
1348 2529 1361 2564 :
1392 2511 1663 2581 quomodo
1690 2514 1831 2568 enim
1865 2514 1932 2568 il-

330 2602 449 2657 lum
479 2602 716 2673 virgines
736 2612 997 2667 amarent,
1025 2620 1145 2674 qua:
1166 2604 1218 2658 in
1247 2612 1387 2660 terra
1412 2606 1629 2661 maritos
1651 2622 1755 2661 non
1779 2623 1931 2679 qua?-

328 2694 586 2749 sierunt?
618 2693 759 2765 Ergo
784 2694 1232 2774 persequentibus
1259 2694 1437 2751 fcedus
1456 2698 1727 2767 apparuit;
1752 2707 1806 2752 et
1830 2698 1933 2754 nisi

325 2800 463 2840 eun
490 2784 695 2840 fcedum
725 2794 993 2856 putarent,
1018 2802 1123 2841 non
1148 2787 1433 2855 insilirent,
1459 2804 1564 2843 non
1586 2789 1807 2859 flagellis
1827 2804 1933 2845 caa-

326 2879 531 2935 derent
556 2922 570 2947 ,
597 2894 702 2935 non
726 2881 895 2950 spinis
916 2889 1269 2947 coronarent,
1296 2897 1399 2936 non
1420 2882 1592 2951 sputis
1613 2882 1930 2938 inhonesta-

325 2982 502 3029 rent:
538 2974 631 3029 sed
680 2975 801 3045 quia
852 2973 1024 3030 ftedus
1071 2975 1177 3029 illis
1220 2976 1538 3045 apparebat,
1568 2968 1807 3032 fecerunt
1853 2977 1929 3033 illi

326 3066 467 3131 ista;
498 3080 605 3121 non
632 3066 775 3121 enim
807 3066 1079 3121 habebant
1107 3067 1293 3123 oculos
1333 3068 1475 3123 unde
1510 3067 1760 3124 Christus
1807 3069 1929 3141 pul-

326 3160 470 3217 cher
489 3160 781 3216 videretur.
807 3160 1062 3229 Qualibus
1098 3162 1268 3217 oculis
1313 3161 1559 3217 Christus
1588 3163 1811 3233 pulcher
1830 3178 1929 3234 ap-

325 3252 550 3324 paruit?
569 3252 765 3321 Quales
786 3254 969 3307 oculos
992 3252 1267 3323 quaerebat
1292 3254 1407 3323 ipse
1432 3252 1696 3319 Christus,
1713 3254 1926 3325 quando

326 3346 548 3402 dicebat
578 3345 828 3416 Philippo
852 3363 865 3399 :
891 3345 1056 3400 Tanto
1083 3356 1303 3417 tempore
1324 3347 1578 3401 vobiscum
1599 3364 1733 3415 sum,
1751 3357 1799 3402 et
1826 3364 1927 3403 non

325 3456 412 3495 me
442 3440 640 3494 vidistis
669 3438 846 3509 (Joan.
872 3456 981 3505 xxv,
1010 3439 1122 3509 9)?
1146 3438 1235 3494 Isti
1275 3440 1415 3495 oculi
1446 3440 1734 3497 mundandi
1763 3450 1888 3497 sunt
1907 3484 1922 3511 ,

330 3542 391 3589 at
425 3534 635 3605 possint
657 3534 838 3589 videre
864 3533 1005 3589 illam
1035 3534 1241 3597 lucem;
1269 3543 1323 3590 et
1362 3535 1550 3589 leviter
1580 3544 1756 3590 tamen
1798 3551 1927 3606 per-

330 3626 505 3680 stricti
548 3625 833 3696 splendore
853 3669 867 3692 ,
891 3624 1256 3682 accenduntur
1281 3642 1466 3683 amore
1484 3670 1499 3695 ,
1533 3636 1589 3681 ut
1618 3627 1795 3681 sanari
1828 3642 1925 3684 ve-

332 3719 455 3784 lint,
474 3726 529 3774 et
555 3718 685 3773 flant
714 3719 1016 3773 illuminati.
1041 3718 1173 3774 Nam
1196 3727 1255 3773 ut
1273 3719 1530 3774 noveritis
1550 3720 1671 3791 quia
1700 3719 1927 3790 pulcher

334 3820 419 3867 est
460 3810 710 3867 Christus
755 3815 843 3881 qui
889 3819 1130 3876 amatur,
1176 3812 1250 3865 ait
1297 3811 1609 3882 Propheta:
1648 3811 1925 3881 Speciosus

337 3905 504 3972 {arma
532 3918 637 3969 pra:
663 3902 786 3971 ﬁliis
812 3903 1069 3957 hominum
1098 3902 1268 3975 (Psal.
1292 3919 1438 3968 mv,
1468 3902 1561 3974 '5).
1595 3903 1797 3959 Omnes
1824 3904 1925 3960 ho-

335 3998 512 4052 mines
539 4005 758 4066 superat
786 3997 928 4051 illius
958 3996 1320 4068 pulchritudo.
1340 3996 1509 4064 Quam
1541 4013 1655 4053 rem
1680 4012 1925 4052 amamus

327 4090 384 4146 in
414 4090 666 4147 Christo?
695 4089 927 4145 Membra
958 4090 1213 4145 crueifixa
1238 4134 1252 4157 ,
1283 4092 1421 4146 latus
1461 4090 1826 4162 perforatum,
1856 4106 1925 4146 an

318 4180 689 4239 charitatem?
713 4181 937 4249 Quando
966 4181 1213 4236 audimus
1237 4180 1357 4253 quia
1388 4197 1577 4252 passus
1601 4190 1683 4238 est
1706 4197 1801 4253 pro
1828 4197 1925 4237 no-

322 4270 438 4337 bis,
469 4272 596 4344 quid
624 4277 905 4328 amamus?
931 4274 1180 4328 Charitas
1202 4284 1410 4329 amatur
1432 4276 1472 4330 ί.
1496 4275 1707 4329 Amavit
1729 4290 1847 4341 nos,
1866 4282 1925 4330 ut

321 4368 736 4424 redamaremus
762 4382 915 4433 eum;
942 4377 995 4423 et
1023 4375 1080 4421 ut
1107 4367 1385 4423 redamare
1412 4383 1712 4439 possemus,
1742 4367 1927 4423 visita-

322 4462 406 4517 vit
446 4475 548 4517 nos
588 4461 792 4532 Spiritu
833 4475 950 4515 suo.
993 4460 1225 4516 Pulcher
1253 4470 1336 4517 est
1362 4461 1486 4528 ille,
1518 4470 1572 4517 et
1595 4461 1792 4516 absens
1818 4470 1920 4516 est.

325 4554 635 4624 lnterroget
660 4568 721 4608 se
749 4567 968 4623 sponsa,
996 4553 1040 4607 si
1064 4562 1209 4609 casta
1238 4562 1339 4608 est.
1370 4551 1425 4607 In
1453 4553 1711 4609 membris
1740 4568 1924 4609 sumus

323 4662 557 4713 omnes,
592 4646 788 4703 fratres
813 4647 951 4711 mei;
986 4647 1038 4701 in
1070 4646 1327 4702 membris
1354 4647 1519 4718 ipsius
1548 4661 1759 4713 sumus,
1803 4646 1924 4703 ideo

326 4755 474 4797 unus
505 4739 668 4795 homo
698 4754 903 4795 sumus.
935 4738 1125 4794 Videat
1149 4739 1513 4809 unusquisque
1536 4738 1745 4808 qualem
1769 4737 1924 4793 timo-

324 4847 447 4890 rem
478 4831 672 4887 habeat
691 4872 708 4901 ,
731 4847 797 4886 an
828 4846 949 4886 eum
980 4846 1137 4902 quem
1168 4830 1403 4886 excludit
1427 4830 1661 4885 Charitas
1682 4871 1697 4897 ,
1730 4844 1797 4884 an
1827 4843 1920 4885 ca-

326 4932 473 4983 stum
514 4932 916 4995 permanentem
943 4923 995 4977 in
1024 4924 1278 4978 saeculum
1303 4921 1503 4977 seaculi.
1546 4920 1703 4976 Modo
1731 4921 1925 4992 proba-

326 5017 406 5071 vit
432 5018 485 5083 ²;
519 5014 639 5071 dico
659 5058 673 5084 ,
713 5024 767 5071 et
804 5014 1075 5086 probabit.
1106 5014 1314 5070 Absens
1340 5022 1423 5069 est
1451 5028 1679 5084 sponsus
1705 5020 1920 5082 noster;

324 5107 604 5178 interroga
625 5107 1007 5162 conscientiam
1034 5114 1179 5161 tuam
1209 5123 1222 5159 :
1252 5105 1333 5160 vis
1359 5115 1417 5160 ut
1441 5104 1639 5170 veniat,
1663 5120 1729 5160 an
1749 5104 1925 5163 adhuc

326 5199 411 5255 vis
454 5207 513 5253 ut
556 5198 765 5254 tardet?
795 5197 1016 5265 Videte,
1060 5196 1291 5252 fratres:
1319 5210 1420 5267 ego
1449 5196 1653 5266 pulsavi
1684 5196 1750 5251 ad
1788 5197 1925 5253 ostia

328 5300 610 5363 pectorum
640 5300 982 5358 vestrorum;
1010 5306 1198 5346 vocem
1223 5289 1631 5345 inhabitantium
1660 5290 1747 5346 ille
1773 5290 1925 5346 audi-

330 5384 423 5439 vit.
460 5382 599 5452 Quid
629 5383 964 5454 singulorum
1007 5397 1344 5454 quorumque
1384 5381 1544 5437 modo
1581 5382 1923 5439 conscientia:

328 5475 588 5543 dixerint,
616 5476 682 5539 ad
712 5491 870 5531 aures
898 5489 1068 5541 meas,
1106 5476 1229 5547 quia
1265 5475 1425 5532 homo
1453 5492 1568 5531 sum
1590 5519 1604 5543 ,
1642 5476 1923 5546 pervenire

352 5602 357 5607 ι
394 5571 413 5601 ι
440 5574 542 5618 Αω.
569 5574 623 5619 et
643 5566 870 5633 plerique
889 5574 1018 5617 lisse
1045 5576 1201 5629 Quare
1219 5580 1457 5627 amamus,
1481 5568 1676 5628 quando
1697 5567 1924 5619 audimus

352 5630 447 5666 min
468 5643 637 5666 manu
653 5636 723 5666 ne!
740 5643 828 5666 mn
845 5629 994 5666 nabis-
1015 5629 1131 5666 rmid
1152 5642 1368 5666 mansne
1387 5629 1409 5666 9
1430 5628 1646 5666 mpmhrn
1659 5629 1902 5666 rrun'ﬁlrn

331 5628 723 5743 mximas“
740 5628 828 5692 pro
844 5629 1001 5691 nobis,
1015 5630 1131 5744 πλιέ
1088 5629 1097 5639 ’
1151 5629 1410 5705 mannis?
1430 5628 1646 5681 membra
1658 5629 1920 5696 cruciﬁxa,

336 5746 434 5776 κω
481 5693 795 5776 ηεζζίζξεπξιξνξ,
810 5705 923 5776 ‘3'."
1200 5692 1228 5743 ε’
1263 5689 1485 5744 cum“
1505 5698 1635 5743 α’παί
1661 5692 1763 5776 (νε)
1786 5706 1921 5744 ⁸³³⁷⁸⁸·

333 5755 925 5888 ﬁnding???
948 5824 1077 5888 uss,
1090 5815 1325 5883 probabit.
1343 5804 1681 5880 Quidam'vero
1697 5816 1808 5871 libri
1831 5826 1922 5873 hoc

338 5883 390 5929 et
409 5891 630 5944 pronmo
646 5878 769 5941 loco,
792 5878 1023 5944 probavit.

1428 345 1823 409 ENARRATIO
1858 349 1927 408 IN
1963 349 2287 416 PSALMUM
2325 359 2582 423 CXXVII.

2058 492 2165 580 nop
2192 482 2402 550 potuit:
2427 484 2518 541 ille
2566 488 2657 559 qui
2702 489 2897 550 absens
2927 499 3015 553 est
3056 502 3340 570 prscsentia
3368 508 3610 578 corporis
3629 551 3652 580 ,

2055 569 2164 667 sed
2182 588 2417 667 prmsens
2443 588 2522 633 est
2548 580 2731 651 vigore
2761 569 3078 656 majestatis,
3106 594 3306 651 audivit
3330 612 3447 655 vos.
3464 569 3650 667 Quam

2056 661 2246 753 multi,
2279 665 2323 719 si
2345 665 2553 725 dicatur
2580 672 2686 727 illis
2709 715 2723 739 ,
2753 675 2891 733 Ecce
2917 678 3028 749 jam
3059 682 3333 753 Christus,
3370 661 3647 750 craswdies

2049 750 2267 859 judicii;
2294 773 2399 813 non
2428 760 2630 830 dicunt,
2659 765 2874 824 Utinam
2905 774 3115 830 veniat!
3143 777 3242 845 Qui
3264 750 3405 836 enim
3432 784 3645 859 dicunt,

2054 846 2281 905 multum
2307 864 2489 909 amant
2512 873 2525 909 :
2548 866 2603 912 et
2630 858 2676 913 si
2705 859 2915 918 dicatur
2943 864 3081 933 illis,
3112 869 3401 939 Tardabit;
3450 846 3645 935 timent

2052 951 2122 992 ne
2167 941 2368 1009 tardet,
2398 946 2521 1016 quia
2566 947 2728 1005 timor
2770 962 2950 1009 castus
2992 968 3093 1012 est.
3126 961 3406 1027 Quomodo
3462 977 3643 1024 autem

2051 1043 2195 1084 nunc
2223 1031 2441 1089 timetur
2467 1051 2535 1091 ne
2564 1038 2758 1105 tardet,
2784 1042 2864 1097 sic
2884 1059 3003 1099 eum
3024 1052 3250 1117 venerit,
3276 1054 3549 1111 timebitur
3572 1032 3653 1114 ne

2051 1118 2309 1221 discedat.
2342 1125 2455 1181 Erit
2478 1138 2657 1186 autem
2682 1142 2862 1190 castus
2891 1135 2990 1192 iste
3022 1139 3203 1206 timor,
3233 1145 3355 1213 quia
3382 1151 3642 1221 tranquil-

2050 1210 2134 1265 lus
2154 1221 2209 1268 et
2229 1230 2468 1273 securus.
2491 1219 2606 1275 Non
2629 1224 2771 1278 enim
2796 1225 3111 1285 deseremur
3136 1232 3203 1289 ab
3226 1210 3313 1302 eo,
3344 1251 3465 1293 cum
3494 1210 3641 1299 inve-

2051 1304 2192 1358 nerit
2209 1320 2328 1374 nos,
2345 1310 2560 1380 quando
2580 1315 2826 1384 qutesivit
2846 1333 2945 1374 nos
2964 1331 3246 1395 antequam
3273 1342 3640 1399 qumreremus

2049 1411 2171 1495 eum
2266 1402 2459 1495 Castus
2502 1422 2632 1479 ergo
2672 1408 2866 1479 timor,
2900 1412 3095 1471 fratres
3138 1419 3277 1485 mei,
3307 1420 3410 1478 hoc
3439 1423 3635 1495 habet;

2048 1491 2228 1547 venit'
2258 1492 2325 1549 de
2365 1509 2566 1553 amore.
2614 1497 2708 1555 Ille
2746 1510 2925 1559 autem
2952 1506 3118 1562 timor
3150 1510 3387 1567 nondum
3414 1491 3632 1587 castus,

2045 1583 2385 1677 praesentiam
2432 1594 2487 1641 et
2527 1601 2716 1657 poenas
2758 1590 2933 1648 timet.
2959 1593 3178 1652 Timore
3214 1599 3337 1656 facit
3376 1583 3634 1677 quidquid

2046 1670 2172 1728 boni
2204 1673 2359 1741 facit;
2392 1692 2500 1732 non
2538 1681 2732 1736 timore
2770 1684 3049 1741 amittendi
3092 1688 3287 1745 bonum
3330 1670 3459 1749 illud
3480 1737 3495 1762 ,
3522 1670 3636 1755 sed

2046 1764 2237 1821 timore
2278 1767 2513 1835 patiendi
2557 1770 2687 1827 illud
2717 1774 2937 1829 malum.
2986 1776 3104 1832 Non
3146 1780 3297 1836 timet
3334 1799 3403 1839 ne
3443 1788 3637 1855 perdat

2044 1858 2322 1927 amplexus
2360 1860 2708 1930 pulcherrimi
2740 1867 2922 1935 sponsi
2949 1908 2965 1934 ,
2996 1869 3091 1923 sed
3122 1871 3270 1926 timet
3296 1889 3362 1927 ne
3392 1877 3635 1935 mittatur

2044 1948 2099 2003 in
2121 1949 2442 2019 gehennam.
2463 1953 2644 2010 Bonus
2665 1965 2748 2011 est
2771 1957 2873 2013 iste
2899 1960 3081 2025 timor,
3101 1963 3245 2017 utilis
3262 1974 3369 2030 est;
3395 1982 3502 2021 non
3523 1970 3637 2039 qui-

2044 2039 2167 2095 dem
2196 2043 2531 2110 permanebit
2557 2046 2611 2100 in
2636 2048 2895 2104 saeculum
2926 2052 3109 2107 saeculi
3134 2070 3149 2107 :
3173 2054 3269 2108 sed
3295 2056 3530 2113 nondum
3550 2067 3637 2116 est

2044 2132 2132 2189 ille
2157 2143 2338 2191 castus
2364 2150 2684 2206 permanens
2706 2140 2759 2195 in
2786 2143 3042 2199 saeculum
3071 2147 3274 2202 saeculi.

2116 2226 2169 2282 9.
2212 2227 2269 2283 In
2312 2244 2420 2298 quo
2459 2239 2544 2285 est
2581 2232 2794 2288 castus?
2832 2233 2948 2289 Jam
2993 2236 3186 2293 iterum
3225 2239 3495 2313 interrogo
3534 2245 3637 2302 ali-

2042 2318 2188 2388 quid,
2235 2320 2375 2391 quod
2404 2324 2763 2396 vosmetipsos
2790 2326 3221 2399 interrogetis.Si
3250 2332 3389 2390 Deus
3416 2336 3637 2396 veniens

2041 2424 2172 2465 voce
2200 2413 2411 2482 propria
2441 2414 2753 2485 loqueretur
2778 2418 2934 2474 nobis
2960 2419 3289 2494 (quanquam
3321 2441 3426 2481 non
3455 2438 3634 2488 taceat

2041 2502 2184 2574 loqui
2214 2519 2308 2574 per
2332 2505 2568 2563 Litteras
2594 2508 2744 2580 suas)
2767 2554 2782 2577 ,
2807 2520 2861 2567 et
2889 2513 3095 2570 diceret
3126 2518 3329 2573 homini
3355 2538 3368 2572 :
3400 2521 3634 2581 Peccare

2039 2595 2139 2660 vis,
2166 2612 2358 2665 pecca;
2388 2601 2467 2654 fac
2486 2601 2743 2671 quidquid
2770 2611 2822 2659 te
2842 2604 3104 2674 delectat;
3135 2610 3391 2681 quidquid
3415 2628 3634 2671 amave-

2039 2688 2114 2769 ris
2159 2691 2214 2745 in
2261 2701 2398 2748 terra
2421 2736 2435 2757 ,
2477 2704 2625 2751 tuum
2658 2698 2785 2765 fiat;
2813 2702 2895 2755 cui
2930 2699 3094 2757 fueris
3125 2705 3327 2774 iratus,
3369 2707 3628 2778 intereat;

2037 2798 2197 2852 quem
2224 2800 2414 2855 rapere
2443 2790 2697 2857 volueris,
2726 2794 2995 2863 rapiatur;
3019 2812 3175 2866 quem
3205 2799 3435 2863 cardere,
3458 2802 3634 2859 czcda-

2040 2885 2153 2939 tur;
2187 2892 2343 2947 quem
2371 2878 2647 2945 danmare,
2671 2883 2985 2950 damnetur;
3010 2902 3168 2956 quem
3196 2890 3491 2957 possidere.
3518 2908 3634 2963 pose

2037 2968 2213 3024 sideas
2241 2987 2256 3021 :
2289 2986 2447 3026 nemo
2479 2973 2571 3027 tibi
2602 2975 2836 3043 resistat,
2873 2992 3033 3031 nemo
3061 2978 3154 3032 tibi
3184 2980 3347 3046 dicat,
3380 2983 3516 3050 Quid
3546 2984 3630 3040 fa-

2036 3062 2145 3117 cis?
2176 3077 2354 3129 nemo,
2386 3063 2502 3119 Noli
2532 3066 2738 3133 facere;
2768 3084 2926 3123 nemo
2945 3111 2961 3135 ,
2991 3070 3167 3138 Quare
3195 3072 3402 3128 fecisti?
3430 3076 3620 3131 Abun-

2035 3153 2165 3210 dent
2193 3155 2285 3209 tibi
2320 3157 2496 3211 omnia
2530 3158 2632 3212 ista
2665 3168 2876 3215 terrena
2909 3178 3029 3232 quae
3058 3166 3393 3233 concupisti,
3426 3174 3482 3221 et
3507 3167 3631 3225 vive

2036 3244 2088 3300 in
2128 3242 2267 3313 illis,
2312 3263 2419 3303 non
2447 3264 2615 3320 usque
2642 3252 2709 3306 ad
2737 3261 2984 3321 tempus,
3016 3256 3109 3310 sed
3156 3272 3407 3327 semper:
3436 3259 3629 3317 faciem

2036 3346 2238 3395 tantum
2278 3357 2452 3397 meam
2496 3360 2766 3416 nunquam
2805 3348 3031 3404 videbis.
3072 3350 3286 3407 Fratres
3313 3355 3452 3421 mei,
3485 3356 3631 3413 unde

2035 3430 2389 3503 ingemuistis,
2411 3436 2510 3491 nisi
2533 3439 2656 3507 quia
2672 3439 2783 3509 jam
2811 3451 2967 3496 natus
2995 3453 3077 3497 est
3098 3445 3257 3499 timor
3283 3454 3483 3513 castus,
3505 3463 3630 3519 per-

2035 3542 2257 3584 manens
2280 3528 2332 3583 in
2353 3531 2607 3586 szeculum
2636 3534 2858 3588 saeculi?
2887 3534 3064 3602 Quare
3091 3554 3407 3608 percussum
3430 3551 3513 3597 est
3532 3558 3631 3599 cor

2033 3621 2306 3675 vestrum?
2339 3620 2394 3677 Si
2422 3622 2627 3679 diceret
2671 3625 2809 3681 Deus
2838 3644 2851 3681 :
2877 3625 3092 3684 Faciem
3136 3646 3308 3685 meam
3353 3649 3625 3702 nunquam

2032 3711 2276 3767 videbis:
2305 3728 2432 3769 ecce
2470 3716 2622 3770 omni
2668 3716 2765 3771 ista
2810 3726 3019 3774 terrena
3059 3719 3348 3788 felicitate,
3377 3724 3628 3780 omnibus

2032 3802 2192 3859 rebus
2220 3803 2520 3861 abundabis
2543 3848 2558 3874 ,
2591 3808 2965 3864 circumfluent
3011 3820 3062 3864 te
3103 3811 3241 3865 bona
3274 3814 3623 3881 temporalia;

2032 3909 2139 3948 non
2167 3895 2253 3949 illa
2282 3896 2504 3963 amittis,
2538 3913 2644 3952 non
2689 3898 2778 3952 illa
2820 3898 3055 3963 deseris;
3086 3902 3214 3970 quid
3245 3902 3324 3958 vis
3354 3903 3627 3972 amplius?

2032 3982 2211 4040 Fleret
2251 3986 2467 4056 quidem
2509 3997 2563 4043 et
2602 4001 2843 4059 gemeret
2872 3993 3034 4047 timor
3057 4005 3268 4058 castus,
3298 4004 3351 4050 et
3377 3996 3621 4055 diceret:

2031 4074 2144 4132 Imo
2172 4078 2423 4134 tollantur
2449 4081 2626 4135 omnia
2646 4123 2660 4147 ,
2687 4091 2741 4136 et
2774 4082 2965 4138 faciem
2999 4092 3143 4138 tuam
3173 4086 3405 4141 videam.
3440 4087 3626 4145 Timor

2031 4180 2209 4227 castus
2236 4172 2564 4230 exclamaret
2591 4175 2659 4231 de
2692 4176 2918 4245 psalmo,
2946 4185 2999 4232 et
3024 4178 3227 4233 diceret
3255 4196 3270 4243 ;
3299 4178 3438 4236 Deus
3464 4181 3626 4236 virtu-

2033 4274 2159 4333 tum,
2186 4276 2416 4320 converte
2444 4284 2537 4321 nos
2548 4283 2569 4331 ,'
2594 4278 2641 4321 et
2667 4270 2874 4323 ostende
2904 4270 3086 4341 faciem
3113 4282 3271 4339 tuam,
3300 4284 3345 4328 et
3372 4275 3497 4329 salvi
3523 4276 3626 4331 eri-

2031 4374 2145 4412 mus
2192 4357 2379 4429 (Psal.
2427 4376 2587 4415 1.xth
2608 4402 2624 4427 ,
2649 4361 2741 4432 8).
2782 4361 2968 4419 Timor
2993 4374 3173 4420 castus
3203 4367 3529 4424 exclamaret
3553 4369 3625 4428 de

2032 4452 2260 4519 psalmo,
2286 4460 2341 4507 et
2368 4451 2570 4509 diceret
2594 4471 2607 4508 :
2636 4454 2805 4509 Unam
2835 4457 2958 4527 petii
2981 4473 3014 4510 a
3044 4456 3285 4515 Domino.
3326 4460 3458 4517 Vide
3484 4471 3624 4532 quo-

2030 4544 2192 4599 modo
2211 4543 2397 4599 ardeat
2421 4545 2580 4602 timor
2607 4546 2707 4601 iste
2728 4559 2931 4616 castus,
2956 4564 3108 4605 amor
3126 4566 3307 4615 verus,
3334 4568 3489 4607 amor
3512 4554 3626 4609 sin-

2030 4652 2187 4692 cerus
2210 4636 2251 4689 ³.
2290 4635 2457 4691 Unam
2484 4639 2606 4709 petii
2634 4656 2665 4692 a
2694 4639 2915 4695 Domino
2935 4684 2950 4707 ,
2981 4643 3112 4696 hanc
3149 4645 3418 4713 requiram.
3449 4643 3622 4711 Quid?

2036 4726 2103 4784 Ut
2146 4728 2421 4782 inltabitem
2464 4730 2520 4783 in
2560 4730 2711 4785 domo
2751 4732 2946 4787 domini
2984 4750 3155 4788 omnes
3185 4735 3289 4788 dies
3330 4736 3443 4787 vlta:
3473 4750 3620 4791 meat.

2030 4819 2167 4887 Quid
2197 4820 2240 4874 si
2272 4829 2491 4891 propter
2521 4830 2789 4879 terrenam
2821 4824 3163 4880 felicitatem?
3194 4824 3329 4879 Audi
3370 4826 3497 4896 quid
3527 4841 3620 4883 se-

2030 4911 2211 4981 quitur
2234 4929 2247 4965 :
2274 4909 2343 4966 Ut
2370 4914 2679 4982 contempler
2706 4915 3087 4970 delectationem
3117 4914 3344 4982 Domini,
3372 4927 3418 4969 et
3450 4926 3622 4986 protea

2030 5018 2124 5073 gar
2153 5003 2394 5071 templum
2413 5004 2523 5072 ejus
2544 5003 2718 5074 (Psal.
2742 5020 2887 5073 xxvt,
2905 5004 2993 5075 4);
3018 5004 3069 5059 id
3090 5014 3192 5071 est,
3218 5022 3338 5061 esse
3360 5009 3619 5079 templum

2032 5092 2181 5161 ejus,
2229 5102 2284 5148 et
2325 5094 2531 5165 protegi
2568 5095 2637 5150 ab
2678 5110 2763 5163 eo,
2797 5094 2934 5150 hanc
2962 5111 3118 5149 uuam
3150 5096 3280 5167 petii
3305 5112 3335 5151 a
3366 5097 3618 5155 Domino.

2031 5183 2179 5241 Hanc
2206 5200 2367 5241 unam
2393 5185 2437 5241 si
2480 5186 2739 5257 petieritis
2760 5184 2804 5253 ‘,
2830 5186 2897 5241 ad
2939 5187 3081 5243 hanc
3133 5204 3291 5243 unam
3324 5190 3369 5244 si
3398 5204 3493 5246 cor
3520 5206 3618 5248 ve-

2094 5321 2111 5352 ι
2137 5321 2210 5370 Sic
2230 5318 2449 5383 melioris
2466 5326 2725 5383 notaeuss.
2745 5317 2832 5368 Alii
2855 5326 3019 5383 autem
3050 5332 3160 5369 cum
3194 5328 3293 5371 Am.
3322 5328 3373 5373 et
3395 5327 3491 5383 Er.,
3509 5337 3622 5376 cum

2030 5380 2262 5452 invenerit
2280 5395 2368 5433 nos
2387 5382 2528 5432 homo
2546 5380 2723 5445 aliquis
2745 5381 2951 5433 credens
2988 5382 3039 5433 in
3062 5396 3190 5434 eum.
3219 5386 3417 5452 Quando
3440 5380 3621 5452 quasi.

2030 5444 2093 5495 vit
2116 5442 2240 5495 nos?
2262 5453 2543 5515 .Arttequalm
2565 5442 2891 5515 quaereremus
2931 5458 3077 5515 eum._
3100 5442 3364 5515 Lava—cum
3387 5442 3623 5515 inuenerit

2028 5520 2113 5558 nos
2136 5506 2361 5556 Dominus
2384 5506 2632 5559 credentes
2665 5506 2717 5556 in
2758 5518 2885 5569 eum,
2912 5510 3107 5571 quando
3136 5508 3352 5572 quiesivit
3375 5521 3458 5559 nos
3480 5514 3620 5561 ante-

2030 5580 2438 5632 quamnossemus
2465 5580 2589 5619 eum

2093 5634 2209 5697 far.
2230 5630 2375 5693 Lugd.
2395 5639 2534 5692 ven.,
2559 5630 2674 5697 quia
2690 5630 2834 5683 venit.
2962 5638 3022 5681 bl.

2094 5694 2116 5726 ³
2136 5694 2209 5743 sic
2227 5700 2428 5759 Am._7Er.
2456 5701 2509 5745 et
2530 5694 2747 5759 potiores
2761 5702 2867 5744 Mss.
2892 5699 2949 5745 At
2970 5702 3101 5755 Lov.,
3130 5694 3273 5759 tenor
3296 5706 3454 5755 verus,
3476 5694 3622 5748 timor

2028 5756 2260 5821 εὶηοαιιδ.
2289 5755 2478 5821 Aliquot
2500 5755 2627 5821 Mss"
2661 5757 2802 5809 timor
2825 5769 3141 5821 vents,_amor
3162 5755 3397 5821 sincerus.

2092 5818 2114 5850 ι
2135 5820 2217 5869 Hic
2238 5817 2497 5884 apud'Lov.
2537 5817 2745 5885 additur,
2779 5817 3062 5884 accipietis:
3088 5819 3219 5883 quod
3257 5821 3320 5872 ab
3351 5819 3459 5873 aliis
3478 5819 3623 5879 libris
