4160 6442
544 319 560 374 l
575 317 677 374 685

537 445 706 492 strum
735 432 1083 492 exercueritis
1105 431 1144 496 ί,
1172 435 1226 486 et
1264 427 1365 485 hoc
1400 425 1572 484 solum
1598 425 1844 481 amittere
1871 424 2123 481 timueri-

502 547 511 552 ·
537 532 626 598 tis,
656 543 755 585 nec
782 525 1082 584 invidebitis
1105 520 1444 580 felicitatibus
1471 517 1718 585 terrenis,
1747 525 1801 573 et
1831 517 1978 572 illam
2005 515 2125 572 feli-

537 624 751 679 citatem
787 635 968 676 veram
997 615 1314 688 sperabitis,
1344 621 1398 669 et
1444 611 1592 667 eritis
1639 611 1691 665 in
1733 611 1851 681 ejus
1895 625 2122 681 corpore

536 713 621 769 cui
659 717 925 776 cantatur,
956 708 1102 763 Beati
1136 721 1306 761 omnes
1351 703 1436 775 qui
1481 704 1652 758 timent
1693 701 2006 768 Dominum,
2037 703 2123 774 qui

534 801 795 858 ambulant
820 800 874 855 in
899 801 991 855 viis
1020 800 1148 871 eius.

603 916 690 972 10.
732 913 953 970 Labores
978 919 1235 986 fructuum
1261 922 1466 968 tuorum
1496 911 1841 966 mandarabis.
1866 912 1910 968 0
1939 926 2053 976 vos,
2085 927 2120 968 0

492 1023 499 1028 '
532 1019 610 1077 tu,
645 1023 739 1065 vos
767 995 921 1063 multi
945 1008 1035 1079 qui
1061 1020 1198 1062 unus
1223 1006 1374 1072 estis,
1404 1003 1599 1058 labores
1626 1005 1884 1074 fructuum
1914 1015 2118 1058 tuorum

530 1099 879 1156 manducabis.
914 1098 1077 1166 Quasi
1103 1113 1358 1169 perverse
1384 1097 1594 1153 videtur
1617 1095 1800 1153 dicere
1830 1111 1936 1152 non
1963 1095 2120 1152 intel-

533 1179 821 1266 ligentibus
853 1212 865 1248 :
900 1193 1084 1249 debuit
1127 1193 1268 1248 enim
1311 1191 1524 1258 dicere,
1566 1189 1821 1246 Fructum
1872 1191 2116 1246 laborum

532 1297 744 1346 tuorum
776 1287 1144 1344 manducabis.
1186 1285 1335 1342 Multi
1362 1285 1505 1341 enim
1532 1285 1854 1341 tnanducant
1883 1283 2114 1341 fructum

533 1381 774 1436 laborum
802 1394 1041 1437 suorum.
1072 1377 1341 1434 Lahorant
1366 1377 1418 1432 in
1446 1378 1600 1433 vinea
1620 1419 1634 1442 ,
1666 1378 1838 1448 ipsum
1878 1377 2115 1432 laborem

531 1489 638 1529 non
668 1471 1017 1537 manducant;
1047 1471 1141 1526 sed
1170 1469 1312 1540 quod
1348 1469 1415 1527 de
1459 1470 1642 1526 labore
1671 1471 1906 1540 ipsorum
1938 1469 2116 1524 nasci-

531 1575 646 1632 tur,
686 1564 1026 1620 manducaut.
1078 1563 1347 1617 Laborant
1373 1562 1515 1616 circa
1541 1562 1764 1617 arbores
1788 1560 2111 1630 pomiferas;

529 1657 650 1727 quis
680 1655 965 1710 manducet
994 1653 1240 1708 labores?
1268 1651 1374 1708 Sed
1407 1652 1550 1722 quod
1594 1653 1700 1707 illae
1728 1653 1948 1708 arbores
1971 1660 2115 1706 attu-

529 1747 708 1813 lerint,
743 1745 946 1801 fructus
973 1745 1192 1811 laboris,
1224 1744 1338 1814 ipse
1360 1745 1621 1815 jucundat
1647 1745 1953 1816 agricolam.
1977 1744 2114 1812 Quid

527 1844 630 1899 sibi
655 1842 790 1908 vult,
816 1842 1036 1896 Labore:
1065 1845 1322 1912 fructuum
1345 1852 1545 1898 tuorum
1565 1844 1934 1898 manducabis.’
1960 1843 2116 1898 Modo

527 1935 740 1990 labores
771 1933 1064 2000 habemus,
1108 1934 1311 1989 fructus
1357 1944 1542 2004 postea
1588 1935 1709 1990 erit.
1761 1934 1867 1989 Sed
1901 1935 2022 2004 quia
2061 1945 2116 1990 et

519 2027 630 2104 ipsi
660 2027 872 2082 labores
897 2043 1002 2081 non
1034 2035 1160 2081 sunt
1189 2027 1306 2082 sine
1329 2027 1555 2097 gaudio,
1590 2035 1807 2096 propter
1830 2042 2016 2096 spem,
2050 2028 2116 2084 de

527 2136 630 2190 qua
662 2121 819 2191 paulo
848 2129 972 2176 ante
995 2120 1250 2186 diximus,
1276 2120 1382 2192 Spe
1398 2121 1697 2192 gaudentes.
1715 2122 1768 2175 in
1793 2121 2116 2178 tribulatione

527 2216 812 2286 patientes;
840 2213 998 2268 modo
1029 2229 1127 2268 nos
1157 2213 1257 2284 ipsi
1284 2214 1496 2269 labores
1525 2214 1689 2268 nostri
1716 2213 2031 2284 jucundant,
2061 2224 2117 2271 et

527 2307 679 2363 lzetos
715 2321 810 2361 nos
848 2305 1051 2361 faciunt
1074 2305 1143 2361 de
1170 2321 1286 2376 spe.
1317 2305 1372 2359 Si
1399 2321 1529 2376 ergo
1554 2306 1707 2360 labor
1732 2315 1918 2362 noster
1944 2308 2116 2378 potuit

527 2399 856 2465 manducari,
886 2407 940 2455 et
971 2402 1141 2470 potuit
1164 2399 1493 2469 jucundare;
1522 2399 1872 2454 manducatus
1911 2400 2113 2456 fructus

527 2495 694 2564 ipsius
719 2492 916 2548 laboris
943 2493 1114 2563 qualis
1144 2492 1278 2546 erit?
1305 2491 1694 2548 Manducabant
1723 2492 1934 2548 labores
1963 2506 2111 2559 suos,

523 2587 612 2656 qui
642 2595 812 2640 euntes
833 2585 970 2640 ibant
993 2593 1037 2638 et
1056 2585 1264 2654 ﬂebant,
1285 2585 1536 2638 mittentes
1559 2585 1752 2638 semina
1773 2600 1899 2638 sua:
1914 2593 2114 2655 quanto

523 2676 807 2748 jucundius
829 2675 1224 2731 manducabuut
1245 2675 1446 2732 fructus
1465 2675 1732 2741 laborum,
1753 2677 1842 2747 qui
1867 2678 2115 2732 uenientes

528 2769 721 2822 venient
765 2785 879 2822 cum
933 2767 1300 2833 exsultatione,
1347 2776 1604 2838 portantes
1656 2768 1945 2838 manipulos
1997 2748 2115 2822 suos

530 2859 699 2928 (Psal.
732 2875 896 2924 cxxv,
921 2859 1022 2928 6)?
1054 2859 1122 2914 Et
1149 2867 1206 2914 ut
1234 2860 1527 2926 noveritis,
1557 2859 1770 2926 fratres,
1804 2860 1925 2929 quia
1958 2876 2112 2915 man-

524 2953 750 3009 ducatur
793 2953 943 3007 labor
984 2953 1084 3006 iste
1104 2993 1119 3018 ,
1153 2951 1205 3005 in
1237 2951 1516 3022 superiore
1548 2952 1756 3021 psalmo
1782 2952 2004 3006 audistis
2029 2952 2112 3007 di-

526 3056 668 3102 ctum
697 3046 940 3116 superbis
960 3089 974 3114 ,
1002 3046 1092 3118 qui
1120 3055 1243 3101 ante
1273 3045 1450 3101 lucem
1475 3045 1724 3101 volebant
1761 3061 1980 3116 surgere
2002 3088 2016 3114 ,
2060 3046 2112 3101 id

527 3148 610 3194 est
633 3147 756 3193 ante
782 3138 1076 3205 Christum,
1093 3153 1200 3194 non
1223 3153 1319 3208 per
1352 3137 1731 3202 humilitatem,
1749 3154 1851 3209 qua
1878 3138 2116 3193 surrexit

524 3231 800 3296 Christus;
831 3231 1032 3286 dictum
1063 3241 1144 3287 est
1173 3231 1297 3298 illis,
1324 3230 1534 3303 Surgite
1561 3240 1889 3303 posteaquam
1915 3232 2116 3287 sedistis

526 3325 696 3396 (Psal.
722 3342 898 3392 cxxvn,
921 3326 976 3396 Ξ)
1008 3345 1019 3378 :
1045 3325 1098 3381 id
1124 3333 1223 3391 est,
1255 3324 1629 3391 humiliamini,
1653 3335 1707 3380 et
1733 3325 1856 3381 inde
1880 3326 2112 3396 surgite;

524 3418 646 3489 quia
676 3427 731 3472 et
761 3417 852 3472 ille
880 3417 1146 3472 humiliari
1176 3418 1341 3484 venit,
1371 3419 1459 3489 qui
1492 3418 1759 3473 exaltatus
1783 3427 1866 3474 est
1894 3428 2114 3488 propter

525 3524 639 3565 vos.
672 3508 740 3562 Et
771 3507 897 3579 quid
922 3508 1122 3563 dictum
1149 3508 1265 3563 est?
1296 3509 1396 3576 Qui
1425 3509 1742 3562 manducutis
1769 3526 1951 3579 panem
1977 3510 2114 3563 dolo-

525 3601 615 3654 ris.
644 3599 747 3654 lste
773 3608 857 3656 est
885 3599 1037 3654 labor
1062 3599 1326 3654 fructuum
1349 3641 1364 3666 ,
1399 3599 1550 3669 panis
1571 3600 1794 3655 doloris.
1828 3601 1939 3655 Nisi
1969 3601 2112 3656 enim

525 3689 960 3763 manducaretur,
992 3706 1097 3746 non
1120 3690 1391 3775 diceretur
1411 3693 1602 3764 panis:
1630 3692 1731 3748 nisi
1750 3703 1929 3749 autem
1953 3695 2116 3750 habe-

525 3792 608 3838 ret
631 3782 865 3854 aliquam
893 3783 1212 3839 suavitatem
1241 3784 1394 3853 panis
1419 3785 1554 3850 iste,
1580 3799 1739 3840 nemo
1767 3785 1917 3840 illum
1958 3791 2114 3842 man-

525 3874 765 3930 ducaret.
788 3875 919 3930 Cum
943 3884 1142 3946 quanta
1164 3876 1433 3933 suavitate
1453 3878 1473 3908 ²
1497 3877 1673 3946 plorat
1697 3878 1750 3933 in
1776 3880 1996 3949 gemitu,
2023 3882 2114 3951 qui

524 3968 674 4022 orat?
701 3967 976 4024 Dulciores
997 3977 1122 4023 sunt
1148 3968 1398 4041 lacrymae
1419 3971 1707 4038 orantium,
1735 3987 1893 4042 quam
1923 3973 2114 4043 gaudia

528 4061 878 4117 theatrorum.
912 4060 981 4116 Et
1008 4061 1134 4118 audi
1163 4061 1435 4118 ﬂammam
1463 4063 1738 4129 desiderii,
1766 4080 1867 4135 qua
1889 4067 2116 4121 mandu-

526 4162 677 4211 catur
704 4154 817 4225 ipse
843 4155 1014 4224 panis,
1040 4153 1107 4210 de
1127 4170 1234 4226 quo
1260 4156 1348 4211 hic
1373 4156 1520 4222 dicit,
1552 4157 1653 4223 Qui
1677 4159 1994 4214 manducatis
2023 4175 2117 4231 pa-

528 4260 642 4311 nem
671 4245 878 4300 doloris.
919 4244 1040 4303 Alio
1066 4246 1188 4303 loco
1213 4245 1344 4302 dicit
1367 4263 1555 4303 amans
1585 4248 1719 4317 iste,
1747 4249 1900 4321 cujus
1926 4267 2113 4308 vocem

526 4335 582 4394 in
629 4335 844 4391 Psalmo
891 4338 1204 4409 plerumque
1243 4341 1583 4410 agnoscimus
1609 4361 1622 4397 :
1645 4341 1824 4398 Facti:
1846 4355 1962 4398 sunt
1993 4346 2118 4401 mihi

529 4430 770 4501 tacryma:
798 4447 922 4486 mete
950 4435 1098 4502 panis
1126 4434 1208 4488 die
1235 4451 1295 4488 ac
1321 4445 1482 4492 nocte.
1516 4437 1668 4494 Unde
1697 4439 1848 4495 facta:
1879 4451 2003 4496 sunt
2033 4441 2114 4496 la-

529 4537 728 4595 cryma:
751 4523 939 4594 panis?
971 4524 1107 4579 Dum
1133 4526 1318 4585 dieitur
1340 4528 1467 4582 mihi
1494 4531 1734 4600 quotidie,
1759 4532 1857 4586 Ubi
1886 4543 1958 4587 est
1983 4532 2117 4590 Dens

529 4628 647 4673 tuus
685 4616 852 4692 (PsaL
885 4633 974 4675 xu
995 4661 1009 4686 ,
1042 4619 1132 4690 ψ
1162 4621 1462 4692 Antequam
1497 4624 1639 4679 enim
1677 4625 1953 4683 videamus
1991 4641 2113 4685 eum

527 4711 617 4784 qui
648 4726 748 4768 nos
772 4711 979 4780 dilexit,
1005 4713 1095 4784 qui
1122 4713 1276 4769 nobis
1298 4714 1488 4786 pignus
1509 4714 1674 4785 dedit,
1699 4718 1787 4773 cui
1808 4718 2116 4789 desponsati

532 4803 1047 4885 sumus,kinsultant
1088 4804 1244 4861 nobis
1285 4804 1515 4877 Pagani,
1548 4817 1604 4863 et
1639 4806 1863 4864 dicunt:
1892 4809 1992 4866 Ubi
2033 4816 2118 4867 est

531 4894 676 4968 quod
697 4895 882 4953 colunt
899 4894 1228 4953 Christiani?
1246 4896 1542 4954 Ostendam
1563 4899 1718 4956 nobis
1731 4901 1890 4972 quem
1913 4903 2113 4958 colunt.

531 4992 671 5048 Ecce
693 5006 792 5063 ego
817 4990 1044 5048 ostendo
1069 4990 1176 5047 illis
1207 4991 1376 5048 Deum
1404 5005 1603 5057 meum,
1631 5002 1686 5049 et
1708 4992 1810 5064 ipsi
1832 4996 2118 5051 ostendant

530 5084 661 5146 mihi
696 5085 860 5140 Deum
885 5097 1060 5141 suum.
1083 5085 1216 5140 Cum
1237 5085 1334 5141 tibi
1361 5086 1463 5142 hoc
1480 5086 1610 5142 dicit
1630 5101 1884 5158 paganus,
1910 5103 2014 5144 non
2039 5090 2118 5144 in-

531 5175 683 5230 venis
707 5176 851 5247 quod
881 5175 956 5231 illi
985 5176 1272 5244 ostendas;
1303 5178 1427 5248 quia
1455 5193 1561 5233 non
1591 5188 1673 5235 est
1711 5180 1796 5235 cui
1838 5182 2106 5238 ostendas.

531 5268 699 5324 Redis
726 5285 855 5342 ergo
875 5313 890 5337 ,
922 5282 973 5327 et
1002 5273 1209 5344 plangis
1232 5272 1299 5328 ad
1333 5274 1530 5341 Deum;
1559 5275 1682 5346 quia
1724 5275 1798 5330 illi
1842 5277 2080 5347 suspiras
2101 5319 2116 5344 ,

536 5361 824 5429 antequam
851 5359 1065 5426 videas,
1106 5371 1162 5419 et
1186 5362 1453 5421 desiderio
1479 5366 1647 5436 ipsius
1671 5366 1876 5437 gemis;
1908 5377 1962 5423 et
1995 5369 2116 5438 quia

535 5450 587 5506 in
615 5450 787 5523 ipsius
808 5450 1076 5507 desiderio
1107 5453 1303 5524 ploras,
1336 5453 1519 5513 dulces
1551 5465 1675 5513 sunt
1703 5467 1756 5514 et
1786 5459 1915 5529 ipsae
1942 5457 2117 5531 lacry-

536 5537 638 5599 ina:
659 5585 673 5612 ,
718 5554 772 5600 et
814 5558 914 5615 pro
940 5543 1060 5600 cibo
1093 5543 1184 5600 tibi
1215 5557 1368 5603 erunt
1389 5590 1403 5616 ,
1436 5549 1557 5619 quia
1587 5550 1740 5606 factae
1769 5561 1895 5606 sunt
1937 5551 2028 5607 tibi
2066 5560 2122 5608 et

547 5710 554 5718 '
597 5705 617 5736 ³
641 5703 863 5766 Quinque
889 5705 1016 5766 Mss_.,
1041 5701 1310 5755 erexeritis.

599 5767 618 5797 ²
646 5759 744 5815 lim.
771 5759 842 5834 ἐξ.
871 5769 922 5813 et
944 5759 1168 5834 plerique
1195 5776 1319 5829 Mss,
1359 5766 1496 5819 nemo
1519 5769 1652 5820 illum
1676 5759 1990 5823 manducare!
2015 5785 2125 5826 cum

535 5833 668 5879 εωιια
689 5827 936 5877 suavitate.
967 5827 1136 5884 Plorat,
1168 5838 1259 5880 etc.

1772 307 1830 362 S.
1872 303 2240 364 AUGUSTINI
2274 306 2579 366 EPISCOPI

3705 323 3858 382 1684

2235 426 2364 495 ipsze
2395 429 2548 498 panis
2573 428 2662 486 die
2698 441 2762 486 ac
2796 439 2953 488 nocte
2975 471 2988 497 ,
3034 431 3160 489 dum
3196 433 3395 493 dicitur
3423 437 3517 494 tibi
3548 440 3816 510 quotidie
3837 482 3854 509 ,

2235 518 2331 574 Ubi
2358 530 2430 576 est
2470 521 2609 578 Deus
2639 526 2788 579 tuus?
2833 525 2939 582 Sed
2972 529 3152 584 veniet
3180 529 3320 586 Deus
3347 540 3490 600 tuus,
3517 533 3589 588 de
3617 550 3738 605 quo
3767 535 3856 592 di-

2229 613 2386 678 citur,
2423 613 2520 669 Ubi
2542 619 2651 672 est?
2682 627 2735 672 et
2765 618 3036 692 absterget
3066 621 3330 695 lacrymas
3359 625 3543 698 (Apoc.
3571 645 3672 685 χχι
3696 671 3714 696 ,
3749 631 3786 685 ι
3807 633 3853 700 ),

2229 714 2282 757 et
2307 705 2419 774 ipse
2445 721 2541 777 pro
2570 723 2706 776 pane
2729 711 3088 782 laerymarum
3113 716 3384 784 succedet,
3415 729 3468 774 et
3494 728 3549 774 te
3573 721 3627 775 in
3661 730 3842 777 aeter-

2228 811 2354 851 num
2384 799 2677 869 saginabit;
2705 804 2826 874 quia
2855 805 2958 859 erit
2988 806 3270 863 nobiscum
3297 810 3521 866 verbum
3558 812 3702 879 Dei,
3735 829 3858 884 quo

2227 900 2518 959 pascuntur
2553 896 2762 966 Angeli.
2811 897 3028 953 Interim
3068 900 3230 956 modo
3273 901 3488 958 labores
3513 904 3812 960 fructuum
3836 950 3852 975 ,

2230 994 2411 1053 postea
2441 987 2642 1043 fructus
2668 979 2885 1046 laboris.
2909 990 3131 1048 Labores
3156 998 3414 1064 fructuum
3445 1009 3658 1054 tuorum
3694 1018 3857 1057 mau-

2225 1076 2467 1145 ducabis;
2496 1080 2667 1137 beatus
2685 1099 2754 1148 es,
2779 1093 2826 1137 et
2853 1083 2975 1139 bene
2997 1086 3089 1138 tibi
3112 1088 3224 1140 erit.
3251 1086 3442 1145 Beatus
3465 1108 3516 1146 es
3540 1135 3555 1159 ,
3589 1093 3666 1148 de
3703 1109 3856 1163 pra:-

2223 1173 2360 1228 scnti
2389 1183 2503 1238 est;
2534 1175 2657 1230 bene
2682 1175 2771 1230 tibi
2798 1178 2912 1244 erit,
2941 1177 3009 1233 de
3027 1177 3207 1235 futuro
3234 1191 3351 1236 est:
3380 1198 3501 1239 cum
3526 1187 3855 1244 manducas

2223 1264 2434 1322 labores
2460 1265 2726 1323 fructuum
2758 1279 2970 1326 tuorum
2989 1311 3004 1337 ,
3036 1271 3209 1328 beatus
3231 1289 3283 1328 es
3300 1290 3320 1339 ,'
3349 1289 3471 1330 cum
3505 1279 3853 1348 perveneris

2221 1356 2288 1411 ad
2335 1356 2562 1414 fructum
2605 1359 2847 1415 laborum
2912 1370 3159 1428 tuorum,
3208 1364 3330 1420 bene
3388 1367 3477 1421 tibi
3523 1371 3640 1422 erit.
3698 1370 3852 1438 Quid

2221 1448 2386 1504 dixit?
2413 1449 2545 1505 Nam
2574 1452 2616 1506 si
2643 1452 2779 1507 bene
2810 1452 2904 1508 tibi
2931 1455 3052 1519 erit,
3088 1456 3272 1526 utique
3298 1457 3488 1513 beatus
3515 1461 3667 1527 eris;
3713 1473 3772 1517 et
3802 1464 3849 1518 si

2223 1539 2409 1597 beatus
2441 1545 2580 1610 eris,
2614 1545 2750 1600 bene
2779 1546 2962 1618 utique
2998 1548 3094 1603 tibi
3121 1551 3244 1604 erit.
3273 1550 3379 1608 Sed
3412 1553 3646 1610 interest
3697 1556 3852 1612 inter

2221 1646 2370 1704 Spem
2385 1642 2438 1690 et
2449 1651 2582 1690 rem.
2597 1636 2653 1692 Si
2669 1652 2792 1710 spes
2805 1647 2910 1694 tam
2928 1638 3119 1707 dulcis,
3136 1651 3338 1712 quanto
3355 1659 3441 1700 res
3453 1646 3675 1703 dulcior
3696 1649 3812 1704 erit
3831 1651 3845 1704 ε

2293 1727 2381 1781 ll.
2398 1726 2514 1782 iam
2532 1729 2804 1785 veniamus
2821 1730 2888 1786 ad
2905 1731 3056 1797 illud,
3081 1732 3223 1788 Uxor
3238 1744 3345 1790 tua:
3361 1735 3577 1793 Christo
3599 1739 3845 1795 dicitur.

2221 1814 2364 1887 Ergo
2382 1833 2522 1873 uxor
2561 1819 2709 1890 ejus,
2735 1821 2976 1878 Ecclesia
3021 1823 3170 1894 ejus;
3203 1825 3444 1882 Ecclesia
3497 1831 3618 1898 ejus
3641 1873 3658 1898 ,
3700 1843 3850 1887 uxor

2219 1907 2334 1978 ejus
2353 1950 2368 1976 ,
2398 1926 2494 1966 nos
2524 1911 2643 1982 ipsi.
2671 1912 2976 1970 Sicutuinea
3003 1917 3206 1986 fertilis.
3231 1916 3336 1972 Sed
3359 1920 3411 1972 in
3434 1921 3632 1990 quibus
3667 1924 3846 1978 vinea

2221 2000 2446 2058 fertilis?
2476 2005 2725 2061 Videmus
2746 2008 2885 2062 enim
2911 2008 3142 2078 parietes
3162 2009 3292 2066 istos
3321 2013 3586 2070 intrantes
3619 2017 3849 2074 inultos

2219 2096 2459 2162 steriles;
2491 2096 2732 2152 videmus
2775 2099 2897 2168 quia
2950 2100 3082 2155 istos
3127 2103 3356 2172 parietes
3415 2105 3618 2162 intrant
3669 2110 3848 2166 multi

2219 2186 2442 2253 ebriosi,
2464 2189 2791 2245 feneratores
2810 2231 2826 2258 ,
2845 2207 3153 2263 mangones,
3179 2206 3480 2264 quaerentes
3501 2201 3843 2272 sortilegos,

2218 2287 2406 2334 euntes
2456 2281 2522 2335 ad
2581 2291 2942 2352 praecantores
2985 2293 3040 2340 ct
3078 2291 3546 2360 prtecantatrices,
3599 2296 3846 2364 quando

2218 2369 2324 2426 illis
2368 2380 2526 2441 caput
2574 2372 2738 2429 dolet.
2782 2374 2885 2430 lsta
2929 2384 3012 2431 est
3066 2375 3313 2436 fertilitas
3339 2381 3546 2438 vineae?
3578 2385 3687 2440 ista
3755 2395 3848 2444 est.

2219 2461 2430 2520 ubertas
2454 2466 2672 2521 uxoris?
2696 2465 2812 2522 Non
2863 2469 2975 2540 ipsa
2999 2478 3100 2525 est.
3155 2471 3274 2528 ista:
3317 2476 3484 2544 spina:
3525 2489 3661 2534 sunt
3691 2521 3709 2545 ,
3735 2483 3840 2539 sed

2218 2572 2323 2610 non
2353 2556 2546 2626 ubique
2572 2557 2834 2627 spinosa‘.
2861 2559 3030 2616 l-labet
3053 2563 3336 2633 quamdam
3368 2565 3707 2639 fertilitatem
3733 2615 3751 2641 ,
3785 2581 3843 2632 et

2218 2658 2299 2704 est
2325 2650 2479 2705 vinea
2524 2650 2745 2719 fertilis;
2777 2653 2873 2707 sed
2913 2653 2968 2709 in
3011 2655 3246 2726 quibus?
3277 2656 3345 2713 In
3365 2660 3610 2718 lateribus
3631 2666 3840 2723 domus

2219 2750 2338 2795 tuae.
2367 2741 2486 2796 Non
2512 2757 2699 2798 omnes
2736 2743 2987 2800 dicuntur
3013 2746 3179 2802 latera
3206 2745 3418 2807 do'mus.
3449 2751 3646 2819 Quaero
3672 2760 3838 2815 eni

2217 2852 2336 2906 quas
2369 2836 2477 2891 sint
2521 2837 2686 2892 latera
2713 2856 2725 2892 :
2757 2839 2883 2909 quid
2932 2839 3146 2895 dicam?
3186 2841 3425 2899 Parietes
3476 2854 3833 2919 sunt,quasi

2219 2929 2419 2999 lapides
2436 2929 2625 2986 fortes?
2656 2931 2712 2987 Si
2742 2931 2809 2987 de
2839 2933 2942 2988 hoc
2969 2933 3270 2991 habitacula
3293 2941 3556 3009 corporali
3578 2941 3830 3011 diceret,

2219 3022 2357 3080 forte
2374 3024 2476 3079 hoc
2495 3025 2914 3097 intelligeremus
2930 3028 3120 3083 latera.
3139 3029 3329 3085 Latera
3347 3031 3575 3088 dicimus
3591 3032 3832 3104 domus,

2217 3134 2310 3175 eos
2335 3120 2424 3190 qui
2452 3119 2718 3175 inhaerent
2743 3119 2980 3177 Christo.
3010 3121 3127 3178 Non
3160 3125 3300 3179 enim
3337 3126 3452 3182 sine
3470 3141 3633 3182 causa
3681 3140 3748 3185 et
3778 3133 3835 3186 in

2218 3225 2465 3268 sermone
2486 3212 2793 3282 quotidiano
2816 3212 3044 3269 dicimus
3071 3215 3138 3270 de
3153 3216 3332 3287 aliquo
3350 3259 3365 3283 ,
3392 3218 3482 3289 qui
3509 3220 3646 3275 forte
3679 3223 3836 3279 male

2218 3306 2326 3377 agit
2351 3320 2417 3361 ex
2444 3306 2703 3361 malorum
2721 3307 2962 3363 consiliis
2984 3309 3275 3367 amicorum
3299 3328 3312 3375 ;
3354 3311 3420 3368 de
3446 3313 3536 3368 illo
3557 3315 3832 3385 dicimus,

2218 3399 2354 3476 Mala
2386 3400 2549 3456 latera
2574 3399 2755 3456 habet.
2786 3401 2923 3470 Quid
2942 3411 3023 3458 est
3041 3443 3056 3471 ,
3085 3403 3220 3458 Mala
3247 3403 3412 3461 latera
3457 3406 3662 3463 habet?
3695 3411 3833 3467 Mali

2219 3494 2296 3548 illi
2343 3493 2624 3550 inhaerent.
2674 3495 2812 3567 Ergo
2856 3495 3007 3553 etde
3056 3497 3198 3567 alio,
3227 3498 3372 3555 Bona
3398 3500 3563 3556 latera
3614 3502 3824 3559 habet:

2220 3586 2373 3641 bonis
2411 3588 2648 3644 consiliis
2695 3588 2842 3643 vivit.
2872 3588 3012 3656 Quid
3059 3598 3144 3646 est
3199 3590 3339 3647 hoc?
3365 3591 3526 3648 Bonis
3571 3597 3828 3651 consiliis

2220 3679 2440 3749 regitur.
2477 3680 2617 3751 Ergo
2664 3681 2829 3737 latera
2871 3682 3064 3738 domus
3111 3692 3235 3739 sunt
3287 3686 3364 3741 illi
3409 3688 3497 3758 qui
3544 3689 3827 3747 inhaerent

2219 3770 2457 3827 Christo.
2488 3772 2600 3828 Nec
2627 3773 2747 3830 sine
2771 3788 2932 3830 causa
2963 3785 3017 3831 et
3037 3776 3150 3846 ipsa
3180 3779 3373 3849 conjux
3392 3779 3460 3836 de
3485 3781 3650 3837 latere
3673 3781 3822 3840 facta

2220 3871 2322 3919 est.
2351 3863 2479 3918 Viro
2498 3864 2827 3934 dormiente,
2855 3867 2964 3921 Eva
2991 3869 3130 3923 facta
3162 3878 3246 3925 est
3288 3870 3439 3943 (Gen.
3467 3887 3538 3940 ιι,
3563 3873 3656 3939 21,
3684 3874 3812 3942 22).

2221 3958 2484 4012 moriente
2511 3957 2726 4014 Christo
2745 3999 2760 4024 ,
2786 3959 3020 4016 Ecclesia
3048 3961 3185 4017 facta
3212 3972 3321 4018 est:
3351 3974 3405 4020 et
3433 3966 3516 4022 illa
3544 3965 3613 4021 de
3644 3968 3810 4023 latere

2221 4049 2354 4115 viri,
2382 4064 2503 4104 cum
2535 4058 2681 4105 costa
2735 4050 2971 4106 detracta
3017 4067 3135 4121 est;
3163 4063 3217 4109 et
3241 4055 3339 4111 ista
3388 4056 3456 4113 de
3480 4058 3648 4114 latere
3673 4060 3806 4126 viri,

2220 4140 2434 4210 quando
2462 4141 2601 4196 latus
2653 4141 2837 4198 lancea
2877 4158 3188 4213 percussum
3224 4155 3308 4202 est
3345 4147 3523 4218 (Joan.
3553 4165 3662 4216 xix,
3691 4151 3805 4220 54),

2221 4245 2274 4290 et
2309 4236 2652 4292 Sacramenta
2678 4239 3065 4310 proﬂuxerunt.
3099 4242 3240 4313 Ergo
3285 4260 3413 4298 uxor
3443 4254 3531 4298 tua
3559 4255 3614 4299 at
3660 4247 3804 4300 vinea

2224 4329 2424 4399 fertilis.
2451 4328 2556 4384 Sed
2589 4330 2639 4384 in
2683 4331 2918 4400 quibus?
2965 4331 3031 4385 In
3080 4333 3317 4388 lateribus
3363 4335 3544 4388 domus
3579 4338 3721 4390 tuw’.
3752 4337 3807 4391 ln

2222 4421 2339 4475 aliis
2364 4422 2452 4492 qui
2479 4437 2584 4476 non
2607 4421 2885 4478 adhaerent
2916 4422 3129 4479 Christo
3152 4465 3169 4492 ,
3197 4425 3410 4480 sterilis.
3432 4426 3538 4482 Sed
3566 4442 3667 4482 nec
3689 4427 3808 4482 illos

2223 4513 2275 4567 in
2304 4513 2453 4568 vinea
2482 4515 2823 4583 computabo.

2295 4606 2382 4662 ﬂ.
2416 4605 2542 4661 Filii
2566 4609 2659 4661 tui.
2688 4608 2817 4675 Quae
2857 4617 2941 4663 est
2988 4624 3146 4675 uxor,
3177 4610 3278 4679 ipsi
3334 4619 3460 4666 sunt
3506 4621 3564 4667 et
3606 4610 3718 4666 filii.
3750 4613 3806 4668 ln

2224 4698 2340 4753 istis
2364 4699 2664 4755 carnalibus
2698 4701 2893 4769 nuptiis
2918 4708 2974 4756 et
2994 4701 3254 4772 conjugiis
3273 4744 3288 4769 ,
3319 4703 3422 4757 alia
3454 4719 3590 4760 uxor
3627 4691 3808 4759 et'alii

2225 4790 2315 4845 ﬁlii
2347 4808 2359 4843 :
2397 4792 2448 4845 in
2477 4791 2717 4847 Ecclesia
2753 4807 2873 4863 quas
2912 4807 3066 4860 uxor,
3112 4794 3210 4864 ipsi
3246 4794 3359 4849 filii.
3392 4795 3471 4849 Ad
3514 4796 3806 4851 Ecclesiam

2223 4885 2366 4940 enim
2405 4885 3004 4956 pertinebantApostoli
3030 4895 3123 4951 ,et
3149 4885 3199 4940 in
3248 4887 3503 4942 membris
3555 4888 3808 4943 Ecclesia:

2224 4984 2396 5030 erant.
2427 4975 2566 5046 Ergo
2617 4978 2668 5030 in
2689 4975 2914 5047 conjuge
2936 4976 3101 5046 ipsius
3128 4985 3315 5043 erant,
3343 4987 3399 5032 et
3433 4977 3627 5047 conjux
3658 4988 3809 5032 erant

2225 5068 2516 5124 secundum
2547 5067 2845 5138 portionem
2869 5083 3022 5122 suam
3053 5083 3211 5139 quam
3241 5069 3295 5124 in
3321 5069 3574 5124 membris
3598 5071 3809 5125 obtine-

2227 5163 2371 5235 bant.
2403 5161 2578 5229 Quare
2622 5175 2748 5232 ergo
2792 5160 2861 5216 de
2907 5160 3009 5215 illis
3043 5160 3236 5216 dicitur
3264 5179 3277 5214 :
3303 5163 3430 5216 Cum
3469 5163 3727 5216 recesserit
3753 5164 3812 5215 ab

2226 5255 2298 5309 eis
2320 5271 2557 5326 sponsus,
2587 5263 2703 5307 tunc
2713 5253 3130 5325 jejunabuntﬁlii
3149 5255 3324 5324 sponsi
3343 5253 3555 5326 (Matth.
3577 5271 3651 5319 Ix,
3690 5253 3813 5322 l5)?

2228 5344 2371 5416 Ergo
2423 5344 2538 5415 ipsa
2575 5343 2801 5414 conjux,
2833 5353 2887 5400 et
2913 5344 3013 5414 ipsi
3045 5342 3181 5398 ﬁlii’.
3209 5344 3400 5399 Mirum
3444 5343 3599 5411 dico,
3623 5344 3815 5398 fratres

2227 5440 2354 5497 mei.
2385 5438 2441 5494 ln
2470 5438 2646 5494 verbis
2677 5437 2886 5493 Domini
2917 5438 3215 5495 invenimus
3243 5439 3537 5495 Ecclesiam
3555 5448 3608 5494 et
3626 5437 3815 5493 fratres

2228 5534 2398 5606 ipsius
2421 5545 2541 5589 esse
2561 5571 2576 5597 ,
2606 5539 2662 5587 et
2686 5545 2899 5586 sorores
2921 5531 3086 5601 ipsius
3115 5547 3237 5587 esse
3255 5572 3271 5598 ,
3300 5541 3356 5586 et
3391 5539 3618 5598 matrem
3651 5530 3813 5600 ipsius

2249 5658 2256 5666 '
2295 5651 2312 5716 ξ
2339 5646 2563 5716 Plerique
2587 5653 2712 5707 5155.,
2736 5643 2820 5698 sed
2843 5657 2938 5716 non
2955 5644 3144 5716 ubique.
3169 5643 3414 5716 spinosam
3436 5641 3595 5716 habet,
3615 5647 3718 5716 etc.

2253 5712 2314 5796 ψ’
2337 5713 2426 5796 .B'ic
2465 5703 2540 5759 Er.
2582 5716 2633 5759 et
2669 5703 2778 5761 ἰλὺν.
2814 5709 3028 5770 addunt,
3049 5703 3122 5759 ἰα
3156 5703 3224 5760 est
3260 5709 3310 5759 in
3348 5708 3408 5759 iis
3444 5705 3529 5770 qui
3563 5703 3809 5758 adiicerent

2231 5773 2437 5826 Christo.

2311 5833 2421 5884 'Er.
2448 5832 2596 5895 Lugd.
2618 5841 2755 5896 νειμ,
2779 5833 2885 5896 ipsa
2907 5832 3014 5898 ﬁlii.
3113 5839 3171 5882 tl.
