4160 6448
396 284 529 344 1685

390 426 528 485 esse.
551 407 687 464 Nam
719 421 840 464 cum
865 404 1240 461 nuntiarentur
1265 402 1315 459 ei
1359 408 1531 458 mater
1554 399 1669 469 ejus
1708 409 1759 451 et
1791 395 1982 451 fratres

391 506 516 563 foris
563 510 801 565 stantes;
831 500 949 571 quia
994 496 1124 553 foris
1169 495 1415 561 stabant,
1467 498 1649 566 typum
1704 487 1979 561 gerebant.

389 582 519 667 Quis
551 603 709 669 typus
766 589 1314 663 matris?Synagoga.
1370 584 1501 655 Quis
1551 591 1708 657 typus
1757 580 1980 637 fratrum

388 676 723 746 carnalium?
749 680 919 740 Judaei
973 682 1103 738 foris
1146 689 1370 737 stantes.
1398 676 1467 736 Et
1515 676 1643 734 foris
1676 678 1782 732 stat
1824 688 1983 747 syna-

386 778 541 861 goga.
567 785 702 842 Nam
729 776 896 840 Maria
924 780 979 839 in
1007 777 1265 837 lateribus
1290 774 1481 835 domus
1511 774 1627 846 ejus
1646 816 1661 843 ,
1693 782 1747 831 ct
1772 771 1980 846 cognati

387 881 504 954 ejus
535 895 599 933 ex
623 874 843 949 virginis
868 871 1047 930 Mariae
1066 868 1528 943 consanguinitate
1553 868 1832 925 venientes
1851 908 1867 934 ,
1890 864 1982 937 qui

387 975 437 1043 in
465 987 589 1027 eum
643 968 1019 1035 crediderunt,
1053 966 1108 1022 in
1160 964 1415 1023 lateribus
1468 963 1660 1020 domus
1704 961 1981 1033 ejus;non

387 1060 439 1120 in
468 1073 729 1134 quantum
760 1057 964 1117 carnali
993 1057 1451 1130 consanguinitate
1473 1050 1645 1129 juncti
1666 1062 1850 1119 erant,
1883 1044 1980 1109 sed

385 1150 437 1215 in
461 1158 717 1230 quantum
744 1153 968 1212 verbum
1015 1144 1109 1209 Dei
1131 1152 1417 1208 audiebant
1461 1159 1515 1206 et
1559 1146 1842 1205 faciebant.
1868 1144 1981 1203 Hoc

384 1240 529 1308 enim
552 1246 835 1320 respondit
866 1244 1127 1301 Dominus
1151 1253 1204 1301 et
1225 1245 1330 1311 ait,
1365 1240 1493 1310 Qute
1519 1239 1644 1296 mihi
1682 1250 1862 1307 mater,
1894 1234 1981 1293 aut

383 1336 471 1419 qui
521 1340 747 1413 fratres?
776 1334 929 1396 Unde
973 1342 1318 1393 tentaverunt
1361 1332 1578 1406 quidam
1632 1330 1811 1389 dicere
1857 1330 1979 1402 quia

382 1432 632 1493 Christus
658 1442 882 1488 matrem
909 1446 1014 1487 non
1067 1426 1290 1494 habuit,
1318 1429 1443 1500 quia
1474 1418 1651 1493 dixit,
1686 1426 1811 1495 Quae
1854 1420 1979 1479 mihi

383 1516 825 1594 mater?Quare?
856 1524 997 1597 Ergo
1023 1518 1216 1578 Petrus
1261 1529 1316 1577 et
1340 1519 1575 1578 Joannes
1604 1528 1659 1576 et
1706 1517 1936 1574 Iacobus
1958 1558 1977 1584 ,

382 1625 438 1675 et
462 1616 552 1673 alii
576 1616 819 1688 Apostoli
865 1623 1045 1686 patres
1098 1628 1203 1668 non
1264 1610 1567 1668 habuerunt
1620 1608 1671 1665 in
1704 1604 1979 1665 terra?Et

386 1719 566 1767 tamen
596 1708 724 1781 quid
744 1706 822 1764 eis
848 1705 1010 1763 dicit?
1042 1704 1220 1761 Nolite
1249 1705 1385 1761 vobis
1407 1705 1571 1761 dicere
1606 1712 1803 1776 patrem
1828 1719 1980 1774 super

382 1812 613 1875 terram;
658 1818 788 1856 unus
836 1809 909 1856 est
947 1800 1080 1855 enim
1112 1796 1269 1853 Pater
1312 1804 1470 1853 vester
1510 1814 1595 1869 qui
1634 1799 1687 1852 in
1739 1796 1878 1852 caelis
1907 1804 1979 1851 est

383 1890 496 1968 (Id.
525 1909 685 1961 xxm,
703 1892 786 1965 9).
810 1890 966 1961 Quod
994 1906 1120 1964 ergo
1161 1889 1213 1947 in
1243 1900 1389 1962 patre
1417 1880 1643 1946 docebat
1668 1888 1976 1960 discipulos,

382 1990 488 2043 hoc
514 1987 568 2043 in
601 1995 770 2042 matre
813 1986 927 2057 ipse
952 1980 1363 2040 demonstravit.
1388 1983 1516 2038 Vult
1543 1984 1685 2039 enim
1719 1982 1977 2038 Dominus

379 2090 441 2138 ut
484 2076 1038 2151 eonsanguinitatibus
1094 2077 1321 2133 terrenis
1359 2092 1734 2147 praeponamus
1787 2076 1974 2132 Deum.

380 2158 547 2229 Defer
595 2173 770 2243 patri,
800 2172 921 2241 quia
974 2176 1123 2241 pater
1171 2178 1292 2236 est;
1321 2168 1473 2226 defer
1501 2170 1633 2237 Deo,
1663 2171 1789 2242 quia
1839 2170 1979 2228 Deus

375 2265 483 2321 est.
518 2263 807 2322 Gcncravit
833 2271 884 2319 te
907 2270 1056 2333 pater
1076 2260 1533 2318 accommodando
1559 2277 1776 2319 carnem
1803 2277 1976 2331 suam;

376 2360 588 2415 ereavit
614 2368 665 2413 te
693 2357 833 2413 Deus
876 2353 1180 2412 adhibendo
1204 2353 1497 2426 potentiam
1526 2370 1699 2412 suam.
1747 2354 1825 2411 Ne
1867 2356 1978 2410 ira-

374 2450 566 2507 ‘scatur
594 2458 743 2520 pater
771 2463 892 2504 cum
918 2448 1061 2504 Deus
1110 2447 1184 2503 illi
1213 2446 1580 2519 praeponitur;
1615 2449 1723 2503 imo
1751 2447 1981 2520 gaudeat

371 2544 487 2601 sibi
536 2554 741 2599 tantum
791 2542 1024 2610 deferri,
1058 2550 1117 2597 ut
1159 2540 1249 2598 ille
1291 2542 1540 2598 inventus
1601 2549 1743 2599 esset
1789 2544 1877 2615 qui
1928 2542 1979 2600 ei

375 2636 605 2692 deberet
631 2635 866 2705 prmponi
892 2634 991 2706 (a).
1023 2630 1163 2704 Ergo
1185 2631 1311 2704 quid
1334 2628 1548 2689 dicam?
1572 2634 1827 2689 Dominus
1853 2633 1978 2706 quid

372 2728 455 2783 ait
472 2727 497 2779 ?
527 2722 655 2792 Qua:
676 2725 800 2779 mihi
820 2733 998 2793 mater,
1020 2734 1107 2779 aut
1126 2726 1212 2795 qui
1232 2726 1415 2797 fratres
1432 2724 1458 2780 ?
1478 2722 1544 2778 Et
1560 2724 1779 2779 extendit
1801 2742 1981 2782 manus

374 2822 430 2874 in
453 2819 732 2890 discipulos
752 2836 891 2887 suos,
915 2828 962 2873 et
986 2822 1093 2873 ait:
1116 2816 1249 2873 Ecce
1271 2829 1430 2873 mater
1446 2836 1557 2874 mea
1576 2830 1624 2874 et
1644 2822 1828 2891 fratres
1856 2819 1977 2875 mei.

380 2910 607 2968 Fratres
656 2921 838 2977 erant;
864 2923 1036 2967 mater
1074 2910 1348 2983 quomodo
1396 2910 1592 2968 erant?
1625 2904 1876 2980 Addidit,
1912 2904 1980 2969 Et

375 3007 470 3077 qui
504 3005 679 3076 fecerit
705 3004 1011 3059 voluntatem
1036 3002 1209 3060 Patris
1248 3004 1379 3070 mei,
1405 3006 1515 3075 ipse
1563 3005 1687 3060 mihi
1732 3009 1910 3079 frater,
1934 3016 1982 3063 et

377 3088 553 3166 soror,
598 3110 645 3153 et
684 3108 842 3153 mater
889 3108 963 3154 est
1010 3096 1122 3169 (Id.
1153 3115 1282 3167 χχιι,
1311 3092 1524 3171 46-50).
1576 3099 1739 3167 Puta,
1797 3104 1977 3173 frater,

381 3196 609 3267 propter
638 3208 824 3248 sexum
853 3191 1065 3247 virilem
1094 3207 1254 3261 quem
1285 3190 1447 3248 habet
1494 3191 1780 3258 Ecclesia';
1811 3211 1978 3263 soror,

380 3296 606 3359 prepter
631 3285 853 3341 feminas
881 3300 1013 3356 quas
1043 3282 1130 3341 hic
1158 3284 1213 3340 in
1236 3282 1490 3340 membris
1518 3285 1678 3340 habet
1703 3285 1978 3343 Christus:

380 3390 547 3434 mater
577 3375 872 3450 quomodo,
896 3376 997 3432 nisi
1023 3376 1146 3448 quia
1176 3376 1289 3447 ipse
1319 3376 1566 3431 Christus
1594 3386 1678 3432 est
1726 3377 1780 3432 in
1815 3375 1976 3434 Chri-

382 3466 612 3535 Stiauis,
642 3485 776 3541 quos
819 3466 1153 3526 Christianos
1201 3484 1296 3539 per
1349 3467 1683 3540 Baptismum
1737 3470 1978 3541 quotidie

386 3566 529 3638 parit
568 3563 838 3621 Ecclesia?
867 3563 1006 3637 Ergo
1058 3562 1111 3619 in
1139 3562 1335 3636 quibus
1364 3562 1617 3636 intelligis
1667 3562 1980 3637 conjugem,

386 3659 442 3717 in
472 3659 578 3715 illis
608 3667 864 3726 matrem,
898 3655 951 3711 in
981 3654 1085 3712 illis
1116 3654 1275 3712 ﬁlios.

460 3754 548 3810 15.
592 3748 812 3809 Dicatur
842 3766 969 3824 ergo
1011 3750 1197 3823 quales
1225 3740 1423 3807 debent
1448 3766 1568 3808 esse
1612 3750 1726 3807 filii.
1750 3751 1983 3820 Quales?

387 3844 624 3906 Paciﬁci.
674 3844 851 3913 Quare
901 3843 1147 3915 paciﬁci?
1190 3842 1358 3913 Quia,
1407 3841 1552 3897 Beati
1599 3845 1833 3914 paciﬁci,
1862 3845 1983 3916 quia

388 3940 489 4014 ipsi
528 3940 624 4010 ﬁlii
664 3938 760 3993 Dei
809 3937 1120 3993 vocabuntur
1158 3935 1283 4008 (Id.
1311 3952 1375 4003 v,
1417 3936 1516 4006 9).
1570 3935 1702 4002 Quia
1757 3952 1886 4007 ergo
1925 3939 1981 3993 in

384 4032 527 4092 Oliva
555 4033 760 4089 fructus
789 4040 870 4088 est
890 4031 1069 4102 pacis:
1102 4028 1282 4085 oleum
1304 4028 1448 4084 enim
1476 4044 1663 4099 pacem
1689 4029 1981 4100 signiﬁcat,

383 4128 513 4205 Quia
560 4127 875 4185 charitatem
923 4124 1219 4197 signiﬁcat;
1252 4124 1368 4180 sine
1409 4122 1668 4179 charitate
1715 4123 1857 4178 nulla
1883 4139 1987 4195 pax

384 4224 509 4280 est:
540 4229 594 4278 et
624 4217 965 4275 manifestum
1001 4227 1084 4273 est
1113 4217 1236 4290 quia
1277 4216 1369 4288 qui
1419 4215 1715 4271 diviserunt
1764 4231 1983 4286 pacem,

384 4309 501 4375 non
527 4314 793 4370 habebant
811 4312 1147 4369 cbaritatem.
1172 4312 1327 4369 Unde
1338 4311 1451 4382 jam
1477 4309 1701 4382 exposui
1728 4307 1987 4368 Charitati

389 4420 585 4467 vestrae
622 4421 786 4477 quare
827 4405 1072 4461 columba
1120 4404 1244 4459 folia
1276 4419 1397 4459 cum
1440 4402 1613 4459 fructu
1651 4405 1883 4475 portavit
1918 4404 1987 4461 ad

390 4517 573 4560 arcam
605 4497 757 4569 (Gen.
784 4514 907 4563 vni,
937 4496 1049 4567 li);
1082 4504 1140 4551 ut
1167 4496 1493 4568 signiﬁcaret
1518 4496 1639 4566 quia
1684 4508 1739 4550 et
1785 4496 1856 4551 illi
1898 4496 1989 4566 qui

391 4582 525 4652 foris
568 4594 818 4665 baptizati
866 4600 1022 4659 sunt,
1054 4592 1193 4646 sicut
1232 4591 1371 4661 ligna
1403 4590 1489 4645 illa
1513 4599 1662 4647 extra
1685 4600 1863 4648 arcam
1890 4590 1987 4646 ba-

390 4689 591 4764 ptizata
610 4698 754 4753 sunt,
785 4688 827 4745 si
848 4702 953 4743 non
978 4685 1090 4741 sola
1121 4684 1243 4741 folia
1277 4684 1554 4742 habuerint
1574 4726 1590 4753 ,
1620 4685 1673 4742 id
1703 4696 1786 4742 est
1825 4686 1989 4743 verba

393 4778 545 4850 Sola,
575 4781 669 4839 sed
692 4770 979 4839 habuerint
1020 4789 1073 4835 et
1121 4778 1381 4848 fructum,
1407 4778 1549 4851 quod
1595 4788 1676 4836 est
1727 4779 1988 4848 charitas,

394 4862 512 4948 ipsa
539 4872 782 4932 columba
807 4873 927 4928 illos
954 4878 1195 4942 reportat
1233 4870 1299 4926 ad
1336 4885 1544 4938 arcam,
1575 4879 1632 4927 et
1656 4873 1878 4928 veniunt
1922 4873 1991 4929 ad

394 4950 655 5024 unitatem
688 4964 786 5039 (ὁ).
818 4963 975 5021 Tales
1001 4977 1128 5034 ergo
1168 4960 1263 5017 ﬁlii
1290 4961 1487 5021 debent
1510 4976 1631 5020 esse
1675 4964 1728 5020 in
1778 4964 1992 5019 circuitu

396 5074 586 5131 meum
638 5058 883 5124 Domini,
920 5058 1052 5113 velut
1106 5056 1374 5112 novellatio
1427 5056 1694 5113 olivarum.
1749 5056 1991 5115 Perfecta

397 5166 490 5211 res
515 5162 626 5220 est,
650 5158 839 5225 magna
885 5150 1186 5208 beatitudo:
1212 5150 1322 5222 jam
1359 5150 1480 5222 quis
1532 5151 1605 5207 ibi
1658 5151 1792 5207 nolit
1833 5152 1991 5209 esse?

399 5246 535 5304 Cum
557 5246 754 5303 videris
802 5246 1034 5317 aliquem
1084 5243 1455 5314 blasphemum
1481 5244 1680 5301 habere
1732 5261 1951 5302 uxorem
1973 5286 1989 5313 ,

400 5338 541 5395 ﬁlios
561 5381 577 5408 ,
628 5345 880 5409 nepotes,
910 5344 965 5394 et
995 5346 1047 5393 te
1077 5334 1216 5393 forte
1240 5350 1347 5392 non
1377 5335 1604 5405 habere,
1633 5337 1743 5394 noli
1781 5338 1989 5405 zelare;

401 5431 527 5488 vide
570 5431 692 5502 quia
725 5440 781 5488 et
821 5432 875 5487 in
903 5439 957 5487 te
984 5430 1308 5501 completum
1338 5438 1453 5499 est,
1476 5429 1571 5485 sed
1627 5430 1990 5500 spiritualiter.

470 5565 488 5598 ί
512 5561 899 5629 Edd.,quos_hic,
928 5570 1023 5614 etc.
1044 5598 1056 5621 ,
1079 5563 1427 5629 omittuntque,
1455 5573 1591 5612 soror
1630 5565 1827 5625 propter
1855 5562 1995 5625 remi-

403 5639 512 5687 nas,
533 5628 664 5691 quod
678 5626 908 5691 'inaltero
930 5626 1160 5691 ex‘gorb.
1188 5634 1295 5691 Mss.
1313 5626 1569 5691 repertum
1588 5631 1682 5675 est.

446 5686 707 5762 .(afForte
736 5689 859 5753 leg.,
898 5695 947 5739 ut
994 5687 1076 5740 ille
1106 5701 1228 5740 unus
1261 5686 1477 5739 inventus
1510 5686 1572 5739 sil
1593 5722 1609 5750 ,
1643 5687 1727 5751 qui
1760 5687 1809 5739 ei
1830 5687 1999 5741 debeat

742 5830 790 5867 Vl
812 5815 862 5864 in
883 5821 1037 5877 Joan.,
1062 5828 1112 5864 ιι.
1135 5813 1209 5863 19.

1416 274 1813 335 ENARRATIO
1851 274 1916 329 IN
1954 272 2275 335 PSALMUM
2301 278 2557 341 CXXVII.

3545 290 3686 353 1686

2093 404 2170 456 An
2201 402 2335 459 forte
2377 420 2482 461 non
2507 421 2565 461 es
2596 406 2649 462 in
2700 408 2992 465 membris?
3016 409 3072 465 Si
3120 424 3225 466 non
3256 410 3327 469 ibi
3371 425 3464 479 es,
3488 413 3685 486 plange

2088 498 2210 568 quia
2243 514 2341 555 nec
2386 500 2625 567 hic,nec
2650 502 2739 559 ibi.
2768 501 2821 560 Si
2871 512 3047 559 autem
3095 504 3202 571 ibi,
3253 521 3472 562 securus
3523 515 3680 576 esto;

2088 591 2212 661 quia
2241 592 2342 647 etsi
2372 591 2442 647 ibi
2480 601 2659 649 etnon
2687 594 2804 663 hic,
2828 594 3150 653 fructuosius
3177 597 3251 653 ibi
3279 614 3439 668 quam
3462 598 3569 655 hic.

2160 686 2247 741 14.
2290 686 2346 743 Si
2423 703 2549 759 ergo
2611 688 2899 755 habemus,
2951 706 3114 761 quare
3185 690 3480 749 habemus?
3546 694 3681 761 Quia

2090 778 2339 834 timemus
2383 779 2688 836 Dominum.
2736 781 2868 836 Ecce
2913 782 2983 836 sic
3038 782 3354 839 benedicatur
3393 785 3544 839 homo
3595 789 3682 856 qui

2088 872 2223 927 timet
2254 871 2547 929 Dominum.
2568 873 2663 930 Ille
2684 882 2765 930 est
2781 875 2950 940 homo,
2970 875 3057 947 qui
3076 884 3200 931 sunt
3216 876 3481 941 homines;
3501 887 3553 932 et
3576 878 3679 947 ipsi

2087 964 2354 1034 homines,
2376 967 2686 1039 homo:quia
2715 968 2866 1023 multi
2892 984 3078 1036 unum,
3099 970 3221 1041 quia
3247 968 3487 1025 Christus
3512 985 3674 1026 unus.

2159 1062 2245 1117 15.
2289 1060 2438 1135 [vers.
2476 1063 2531 1131 5,
2584 1061 2664 1134 6.]
2698 1061 2973 1118 Benedical
3027 1072 3075 1118 te
3124 1061 3375 1118 Dominus
3395 1080 3457 1119 ex
3521 1062 3673 1120 Sion.

2084 1154 2337 1226 Cmperas
2374 1156 2518 1213 enim
2572 1155 2880 1222 attendere,
2910 1155 3043 1211 Ecce
3081 1157 3153 1213 sic
3185 1155 3497 1212 benedicetur
3526 1157 3676 1213 homo

2083 1248 2171 1322 qui
2195 1249 2334 1304 timet
2358 1247 2637 1304 Dominum
2656 1266 2675 1303 :
2691 1247 2800 1320 jam
2832 1248 2969 1306 forte
2993 1248 3148 1305 'oculi
3178 1247 3252 1303 tui
3273 1247 3424 1303 ibant
3443 1264 3537 1317 per
3558 1248 3678 1304 illos

2084 1341 2174 1412 qui
2228 1355 2333 1397 non
2364 1340 2555 1396 timent
2602 1340 2920 1409 Dominum,
2965 1348 3020 1396 et
3068 1338 3321 1396 videbant
3360 1338 3433 1394 ibi
3483 1356 3679 1399 uxores

2084 1417 2369 1501 fecundas,
2401 1433 2537 1488 ﬁlios
2561 1432 2896 1488 abundantes
2935 1432 3162 1487 circuire
3212 1447 3453 1488 mensam
3509 1434 3678 1502 patris

2085 1526 2197 1591 sui;
2232 1526 2412 1581 nescio
2437 1540 2538 1596 qua
2580 1524 2737 1579 ibas‘:
2765 1522 3038 1578 Benedicat
3082 1534 3127 1577 te
3162 1521 3448 1591 Dominus,
3481 1522 3575 1579 sed
3613 1542 3676 1580 ea:

2086 1608 2234 1675 Sion.
2258 1616 2375 1673 Noli
2398 1633 2639 1689 quazrere
2677 1617 2797 1672 illas
2827 1615 3225 1673 benedictiones
3250 1632 3371 1688 qum
3418 1634 3520 1672 non
3550 1626 3677 1673 sunt

2084 1728 2150 1769 ex
2183 1710 2329 1768 Sion.
2359 1710 2477 1766 Non
2512 1709 2782 1767 benedixit
2813 1709 3070 1765 Dominus
3097 1708 3262 1774 tales,
3295 1706 3489 1765 fratres
3533 1704 3675 1764 mei?

2086 1805 2397 1861 Benedictio
2422 1804 2521 1859 ista
2544 1801 2755 1859 Domini
2784 1811 2902 1857 est:
2927 1811 3017 1856 aut
3042 1800 3089 1856 si
3116 1816 3222 1856 non
3250 1811 3331 1857 est
3353 1817 3382 1856 a
3409 1802 3672 1868 Domino,

2084 1902 2205 1979 quis
2230 1900 2391 1957 ducet
2415 1914 2635 1954 uxorem
2656 1941 2670 1966 ,
2702 1884 2747 1953 si
2769 1896 2901 1953 nolit
2922 1895 3348 1966 Dominus?quis
3366 1896 3531 1966 possit
3557 1910 3678 1954 esse

2084 2006 2279 2059 sanus,
2320 1992 2365 2047 si
2396 1991 2529 2047 nolit
2568 1990 2862 2046 Dominus?
2893 1996 2983 2043 aut
3006 1987 3124 2059 quis
3150 1995 3331 2057 posset
3356 2001 3475 2042 esse
3496 1986 3674 2056 dives,

2082 2085 2129 2142 si
2166 2085 2298 2140 nolit
2341 2082 2636 2140 Dominus?
2668 2074 2763 2136 Dat
2812 2081 2935 2137 illa:
2986 2079 3081 2136 sed
3120 2094 3228 2135 non
3282 2079 3433 2136 vides
3460 2080 3580 2150 quia
3623 2091 3679 2136 et

2083 2176 2365 2247 pecoribus
2380 2175 2561 2231 dedit?
2590 2174 2703 2230 Non
2724 2188 2853 2245 ergo
2878 2172 2945 2229 de
2969 2172 3095 2229 Sion
3121 2184 3204 2229 est
3230 2174 3327 2228 ista
3351 2172 3673 2228 benedictio.

2082 2267 2353 2323 Benedical
2381 2280 2427 2323 te
2452 2267 2701 2321 Dominus
2728 2283 2791 2321 ea:
2812 2265 2976 2332 Sion;
3004 2275 3051 2319 et
3070 2265 3240 2319 videas
3255 2280 3364 2333 qua:
3410 2266 3539 2318 bona
3559 2274 3677 2319 siml

2083 2360 2387 2416 Jerusalem.
2412 2360 2542 2415 Nam
2590 2360 2679 2415 illa
2721 2359 2858 2415 bona
2902 2373 3009 2413 non
3058 2366 3182 2412 sunt
3226 2356 3543 2412 Jerusalem.
3580 2356 3677 2414 Vis

2085 2455 2267 2510 videre
2311 2455 2434 2526 quia
2492 2470 2597 2508 non
2640 2461 2766 2509 sunt
2808 2452 2944 2508 bona
2991 2451 3326 2510 Jerusalem?
3380 2452 3450 2507 Et
3490 2452 3676 2508 avibus

2084 2547 2280 2602 dictum
2311 2556 2412 2613 est,
2431 2546 2671 2611 Crescite,
2696 2555 2741 2599 et
2760 2544 3167 2617 multiplicamini
3197 2541 3344 2616 (Gen.
3371 2560 3407 2609 ι,
3428 2542 3545 2614 22).
3572 2544 3675 2599 Pro

2085 2654 2275 2708 magno
2323 2638 2402 2692 vis
2453 2636 2648 2692 habere
2685 2636 2827 2708 quod
2869 2636 3053 2692 avibus
3091 2634 3345 2691 donatum
3386 2636 3505 2691 est?
3535 2635 3676 2693 Voce

2083 2720 2295 2801 quidem
2346 2730 2439 2785 Dei
2482 2730 2736 2785 donatum
2779 2738 2891 2796 est,
2934 2729 3051 2800 quis
3092 2729 3332 2783 nesciat?
3374 2727 3479 2784 Sed
3526 2737 3678 2785 utere

2083 2826 2237 2883 bonis
2260 2825 2393 2891 istis,
2417 2824 2462 2878 si
2484 2824 2680 2895 accipis
2699 2841 2714 2891 ;
2732 2823 2964 2895 etmagis
2991 2823 3163 2893 cogita
3182 2823 3451 2894 quomodo
3469 2824 3678 2879 nutrias

2084 2920 2171 2990 qui
2227 2917 2335 2972 nati
2388 2926 2546 2983 sunt,
2576 2931 2736 2987 quam
2769 2924 2827 2970 ut
2881 2924 3186 2970 nascantur.
3215 2914 3329 2969 Non
3374 2916 3517 2969 enim
3561 2915 3676 2985 jam

2088 3011 2309 3067 felicitas
2355 3020 2439 3065 est
2493 3009 2690 3065 habere
2741 3008 2911 3075 ﬁlios,
2958 3006 3054 3063 sed
3100 3006 3271 3062 bonos
3325 3006 3542 3063 habere.
3602 3009 3680 3064 De

2086 3102 2385 3159 nutriendis
2411 3101 2625 3168 labora,
2660 3102 2703 3157 si
2726 3101 2833 3157 nati
2861 3100 3089 3166 fuerint;
3118 3100 3162 3154 si
3190 3108 3365 3155 autem
3392 3115 3496 3155 non
3527 3100 3637 3155 nati
3656 3140 3675 3167 ,

2086 3214 2182 3270 age
2199 3198 2398 3270 gratias
2426 3198 2556 3252 Deo.
2591 3195 2751 3251 Forte
2774 3196 2947 3249 minus
2969 3193 3228 3249 sollicitus
3257 3194 3366 3248 eris
3382 3236 3396 3260 ,
3417 3203 3470 3249 et
3497 3204 3678 3250 tamen

2087 3290 2285 3346 sterilis
2330 3303 2435 3344 non
2482 3286 2788 3343 remansisti
2838 3285 2981 3339 illius
3035 3285 3238 3339 matris.
3266 3284 3427 3340 Forte
3459 3286 3479 3315 ²
3505 3300 3597 3353 per
3626 3292 3680 3341 te

2088 3391 2380 3437 nascuntur
2433 3378 2779 3451 spiritualiter
2830 3376 2898 3433 de
2938 3377 3038 3433 ista
3081 3386 3285 3441 matre,
3334 3376 3425 3447 qui
3450 3385 3575 3431 sunt
3622 3385 3682 3433 ut

2088 3473 2336 3541 novellae3
2348 3473 2606 3528 olivarum
2620 3470 3010 3526 circumeuntes
3023 3482 3261 3524 mensam
3282 3467 3512 3523 Domini.
3530 3467 3679 3523 Con-

2087 3567 2289 3637 soletur
2341 3579 2467 3637 ergo
2504 3572 2556 3621 te
2584 3563 2869 3629 Dominus,
2895 3568 2953 3615 ut
2996 3561 3166 3616 videas
3208 3559 3340 3615 bona
3371 3560 3680 3617 Jerusalem.

2088 3659 2182 3715 Illa
2207 3659 2351 3716 enim
2376 3659 2513 3713 bona
2530 3665 2669 3712 sunt.
2698 3655 2874 3725 Quare
2918 3654 3081 3709 sunt?
3108 3653 3243 3720 Quia
3287 3661 3486 3709 aeterna
3532 3661 3678 3708 sunt.

2089 3752 2264 3820 Quare
2283 3759 2402 3805 sunt
2420 3749 2445 3802 ?
2466 3748 2599 3817 Quia
2624 3747 2695 3803 ibi
2722 3754 2803 3803 est
2830 3761 2941 3809 rex,
2972 3744 3083 3817 Ego
3110 3761 3221 3799 sum
3246 3744 3330 3814 qui
3346 3760 3456 3798 sum
3478 3742 3680 3816 (Exod.

2089 3861 2174 3912 tu,
2206 3844 2316 3914 14).
2343 3842 2447 3898 Ista
2469 3857 2595 3896 vero
2624 3841 2762 3895 bona
2786 3847 2944 3902 sunt,
2973 3846 3027 3893 et
3051 3852 3159 3891 non
3195 3845 3348 3891 sunt:
3385 3851 3491 3889 non
3532 3836 3680 3891 enim

2090 3945 2263 4001 stant;
2296 3936 2567 4000 labuntur,
2599 3931 2788 3987 ﬂuunt.
2822 3928 2951 3985 Filii
2981 3936 3108 3985 sunt
3151 3927 3391 3997 parvuli;
3418 3927 3680 3983 blandiris

2092 4029 2355 4103 parvulis,
2386 4026 2737 4083 blandiuntur
2766 4022 3002 4095 parvuli:
3027 4019 3283 4091 numquid
3314 4027 3456 4075 stant
3488 4018 3538 4072 in
3579 4019 3683 4075 eo?

2092 4123 2197 4180 Sed
2225 4130 2376 4193 optas
2397 4128 2457 4175 ut
2482 4126 2749 4183 crescant,
2772 4126 2829 4171 ut
2855 4114 3074 4171 accedat
3093 4122 3223 4169 aetas
3242 4110 3534 4184 Optas.Sed
3562 4112 3683 4169 vide

2091 4219 2213 4290 quia
2231 4230 2350 4273 cum
2372 4212 2578 4271 accedit
2609 4227 2743 4277 una,
2774 4210 2942 4265 altera
2973 4208 3218 4264 moritur.
3248 4206 3507 4262 Veniente
3553 4221 3684 4276 pue-

2094 4311 2234 4376 ritia,
2260 4307 2486 4363 moritur
2510 4303 2732 4360 infantia
2752 4320 2766 4372 ;
2785 4302 3032 4358 veniente
3052 4300 3434 4368 adolescentia,
3460 4299 3685 4354 moritur

2096 4400 2355 4475 pueritia;
2382 4399 2631 4455 veniente
2678 4397 2989 4468 juventute,
3018 4393 3243 4454 moritur
3289 4392 3682 4457 adolescentia;

2095 4495 2342 4552 veniente
2420 4498 2727 4557 senectute,
2779 4488 3007 4544 moritur
3071 4485 3359 4557 juventus;
3432 4483 3685 4539 veniente

2096 4598 2286 4652 morte,
2314 4585 2536 4641 moritur
2563 4583 2737 4639 omnis
2765 4581 3071 4647 aetas.Quot
3089 4587 3241 4650 optas
3265 4576 3461 4649 gradus
3488 4576 3682 4641 aetatis,

2099 4692 2178 4738 tot
2202 4681 2359 4735 simul
2383 4687 2535 4749 optas
2562 4685 2617 4733 et
2641 4685 2840 4732 mortes
2867 4681 3101 4730 aetatum.
3128 4671 3243 4727 Non
3266 4678 3392 4726 sunt
3405 4683 3533 4739 ergo
3561 4665 3682 4721 ista.

2096 4778 2230 4833 Num
2256 4774 2450 4832 deinde
2480 4773 2589 4828 uati
2616 4780 2739 4827 sunt
2762 4770 2855 4826 tibi
2878 4768 2970 4823 ﬁlii
3000 4766 3053 4822 in
3080 4774 3222 4822 terra
3248 4772 3421 4819 tecum
3454 4760 3681 4824 victuri,

2098 4885 2162 4937 an
2195 4879 2245 4923 te
2279 4868 2455 4938 potius
2488 4861 2755 4921 exclusuri
2781 4872 2834 4917 et
2861 4856 3197 4917 successuri?
3237 4852 3318 4909 Ad
3346 4867 3439 4908 eos
3485 4850 3687 4923 gaudes

2101 4961 2188 5033 qui
2212 4960 2319 5015 nati
2347 4966 2494 5025 sunt,
2514 4966 2572 5012 ut
2593 4950 2935 5011 excludaris?
2955 4949 3073 5005 Nati
3090 4947 3231 5004 enim
3263 4944 3411 5016 pueri
3434 4953 3687 5014 tanquam

2102 5054 2203 5109 hoc
2232 5051 2415 5108 dicunt
2456 5048 2761 5121 parentibus
2810 5045 2953 5100 suis:
2987 5042 3079 5098 Eia
3099 5081 3115 5109 ,
3143 5040 3371 5111 cogitate
3419 5038 3497 5093 ire
3528 5036 3685 5101 hinc,

2101 5161 2317 5219 agamus
2361 5154 2414 5200 et
2460 5157 2557 5197 nos
2600 5140 2820 5195 mimum
2859 5144 3120 5190 nostrum.
3172 5130 3362 5185 Mimus
3398 5138 3483 5186 est
3540 5129 3683 5183 enim

2099 5240 2309 5310 generis
2331 5234 2546 5292 humani
2577 5240 2685 5287 tota
2714 5230 2817 5284 vita
2842 5223 3321 5295 tentationis;-quia
3354 5221 3557 5277 dictum
3586 5230 3688 5285 eSt,

2105 5332 2351 5401 Universa
2380 5328 2574 5384 vanitas
2596 5324 2756 5380 omnis
2777 5323 2925 5376 homo
2944 5321 3108 5375 vivens
3137 5316 3321 5391 (Paul.
3346 5332 3552 5373 xxxvm
3572 5357 3586 5381 ,
3610 5314 3690 5383 6).

2102 5427 2169 5493 Et
2193 5434 2371 5479 tamen
2399 5421 2443 5475 si
2480 5418 2741 5491 gaudetur
2775 5415 2841 5471 ad
2874 5416 3014 5471 ﬁlios
3035 5426 3399 5479 successuros;
3431 5418 3689 5482 quantum

2166 5556 2185 5591 ι
2208 5552 2348 5606 Corb.
2375 5560 2474 5604 Ms:
2501 5550 2679 5618 Nescio
2704 5560 2822 5613 quas
2850 5544 3197 5618 benedictione;
3219 5541 3483 5618 mtterebas,

2101 5634 2166 5694 ea:
2204 5619 2331 5671 Sion.
2356 5644 2419 5655 —-
2452 5623 2522 5665 Er.
2551 5606 2861 5678 Lugd.'ven.
2891 5624 2904 5660 :
2946 5608 3115 5662 Nescio
3145 5606 3241 5673 qua
3258 5606 3391 5665 ibas,
3425 5610 3471 5655 et
3500 5616 3594 5654 non
3631 5616 3694 5655 ex

2310 5690 2459 5808 Eugd.
2484 5750 2603 5793 Ven.
2636 5746 2688 5811 et
2710 5747 2841 5798 Lov.,
2858 5738 2983 5849 Larte
3013 5732 3119 5799 lilii.
3219 5738 3276 5782 Μ.

2180 5811 2200 5843 ³
2227 5813 2416 5849 AmJZr.
2444 5811 2496 5849 et
2516 5812 2645 5849 Μες..
2668 5815 2720 5849 m
2742 5814 2856 5849 nove
2893 5812 2952 5849 ιε.

2180 5811 2200 5843 ³
2224 5818 2325 5859 am.
2342 5813 2416 5857 Er.
2444 5811 2496 5856 et
2516 5812 2645 5864 Mss,
2668 5815 2720 5854 tn
2742 5811 2952 5852 novatis.
