  <div class='ocr_page' id='page_1' title='image "/cluster/home/n/w/nwhite01/storage/ocr_20150623/37/uva.x000827106/341.png"; bbox 0 0 4160 6484; ppageno 0'>
   <div class='ocr_carea' id='block_1_1' title="bbox 475 351 605 414">
    <p class='ocr_par' dir='ltr' id='par_1_1' title="bbox 475 351 605 414">
     <span class='ocr_line' id='line_1_1' title="bbox 475 351 605 414; baseline -0.038 0"><span class='ocrx_word' id='word_1_1' title='bbox 475 351 605 414; x_wconf 78' lang='grc'><strong>1687</strong></span> 
     </span>
    </p>
   </div>
   <div class='ocr_carea' id='block_1_2' title="bbox 472 453 2050 542">
    <p class='ocr_par' dir='ltr' id='par_1_2' title="bbox 472 453 2050 542">
     <span class='ocr_line' id='line_1_2' title="bbox 472 453 2050 542; baseline -0.012 -16"><span class='ocrx_word' id='word_1_2' title='bbox 472 466 804 542; x_wconf 82' lang='lat' dir='ltr'><strong>gaudendum</strong></span> <span class='ocrx_word' id='word_1_3' title='bbox 834 471 917 521; x_wconf 89' lang='lat' dir='ltr'><strong>est</strong></span> <span class='ocrx_word' id='word_1_4' title='bbox 938 461 1002 517; x_wconf 91' lang='lat' dir='ltr'><strong>ad</strong></span> <span class='ocrx_word' id='word_1_5' title='bbox 1020 459 1155 516; x_wconf 84' lang='lat' dir='ltr'><strong>ﬁlios</strong></span> <span class='ocrx_word' id='word_1_6' title='bbox 1180 471 1301 514; x_wconf 91' lang='lat' dir='ltr'><strong>cum</strong></span> <span class='ocrx_word' id='word_1_7' title='bbox 1344 453 1536 527; x_wconf 81' lang='lat' dir='ltr'><strong>quibus</strong></span> <span class='ocrx_word' id='word_1_8' title='bbox 1587 453 2015 525; x_wconf 87' lang='lat' dir='ltr'><strong>permanebimus</strong></span> <span class='ocrx_word' id='word_1_9' title='bbox 2034 493 2050 520; x_wconf 94' lang='lat'><strong>,</strong></span> 
     </span>
    </p>
   </div>
   <div class='ocr_carea' id='block_1_3' title="bbox 473 547 2040 628">
    <p class='ocr_par' dir='ltr' id='par_1_3' title="bbox 473 547 2040 628">
     <span class='ocr_line' id='line_1_3' title="bbox 473 547 2040 628; baseline -0.013 -8"><span class='ocrx_word' id='word_1_10' title='bbox 473 573 525 621; x_wconf 85' lang='lat' dir='ltr'><strong>et</strong></span> <span class='ocrx_word' id='word_1_11' title='bbox 551 562 616 617; x_wconf 91' lang='lat' dir='ltr'><strong>ad</strong></span> <span class='ocrx_word' id='word_1_12' title='bbox 643 562 788 616; x_wconf 89' lang='lat' dir='ltr'><strong>illum</strong></span> <span class='ocrx_word' id='word_1_13' title='bbox 821 568 1021 628; x_wconf 89' lang='lat' dir='ltr'><strong>patrem</strong></span> <span class='ocrx_word' id='word_1_14' title='bbox 1038 548 1123 607; x_wconf 86' lang='lat' dir='ltr'><strong>cui</strong></span> <span class='ocrx_word' id='word_1_15' title='bbox 1149 551 1259 606; x_wconf 90' lang='lat' dir='ltr'><strong>nati</strong></span> <span class='ocrx_word' id='word_1_16' title='bbox 1301 563 1487 604; x_wconf 89' lang='lat' dir='ltr'><strong>sumus</strong></span> <span class='ocrx_word' id='word_1_17' title='bbox 1537 563 1643 602; x_wconf 92' lang='lat' dir='ltr'><strong>non</strong></span> <span class='ocrx_word' id='word_1_18' title='bbox 1675 547 2040 613; x_wconf 77' lang='lat' dir='ltr'><strong>moriturum‘,</strong></span> 
     </span>
    </p>
   </div>
   <div class='ocr_carea' id='block_1_4' title="bbox 474 638 2051 713">
    <p class='ocr_par' dir='ltr' id='par_1_4' title="bbox 474 638 2051 713">
     <span class='ocr_line' id='line_1_4' title="bbox 474 638 2051 713; baseline -0.01 -3"><span class='ocrx_word' id='word_1_19' title='bbox 474 655 568 710; x_wconf 88' lang='lat' dir='ltr'><strong>sed</strong></span> <span class='ocrx_word' id='word_1_20' title='bbox 599 664 654 708; x_wconf 90' lang='lat' dir='ltr'><strong>ut</strong></span> <span class='ocrx_word' id='word_1_21' title='bbox 674 667 767 706; x_wconf 90' lang='lat' dir='ltr'><strong>nos</strong></span> <span class='ocrx_word' id='word_1_22' title='bbox 795 664 916 704; x_wconf 91' lang='lat' dir='ltr'><strong>cum</strong></span> <span class='ocrx_word' id='word_1_23' title='bbox 939 648 1028 701; x_wconf 94' lang='lat' dir='ltr'><strong>illo</strong></span> <span class='ocrx_word' id='word_1_24' title='bbox 1048 658 1261 713; x_wconf 78' lang='lat' dir='ltr'><strong>semper</strong></span> <span class='ocrx_word' id='word_1_25' title='bbox 1285 641 1560 696; x_wconf 81' lang='lat' dir='ltr'><strong>vivamus?</strong></span> <span class='ocrx_word' id='word_1_26' title='bbox 1589 640 1705 711; x_wconf 88' lang='lat' dir='ltr'><strong>Ipsa</strong></span> <span class='ocrx_word' id='word_1_27' title='bbox 1740 649 1864 695; x_wconf 86' lang='lat' dir='ltr'><strong>sunt</strong></span> <span class='ocrx_word' id='word_1_28' title='bbox 1912 638 2051 695; x_wconf 91' lang='lat' dir='ltr'><strong>bona</strong></span> 
     </span>
    </p>
   </div>
   <div class='ocr_carea' id='block_1_5' title="bbox 474 731 2052 810">
    <p class='ocr_par' dir='ltr' id='par_1_5' title="bbox 474 731 2052 810">
     <span class='ocr_line' id='line_1_5' title="bbox 474 731 2052 810; baseline -0.01 -9"><span class='ocrx_word' id='word_1_29' title='bbox 474 745 763 802; x_wconf 87' lang='lat' dir='ltr'><strong>Jerusalem</strong></span> <span class='ocrx_word' id='word_1_30' title='bbox 787 782 803 807; x_wconf 91' lang='lat'><strong>,</strong></span> <span class='ocrx_word' id='word_1_31' title='bbox 822 740 944 810; x_wconf 83' lang='lat' dir='ltr'><strong>quia</strong></span> <span class='ocrx_word' id='word_1_32' title='bbox 973 739 1087 807; x_wconf 90' lang='lat' dir='ltr'><strong>ipsa</strong></span> <span class='ocrx_word' id='word_1_33' title='bbox 1114 742 1257 791; x_wconf 87' lang='lat' dir='ltr'><strong>sunt.</strong></span> <span class='ocrx_word' id='word_1_34' title='bbox 1290 733 1560 787; x_wconf 85' lang='lat' dir='ltr'><strong>Benedicat</strong></span> <span class='ocrx_word' id='word_1_35' title='bbox 1584 743 1630 788; x_wconf 89' lang='lat' dir='ltr'><strong>te</strong></span> <span class='ocrx_word' id='word_1_36' title='bbox 1650 748 1778 803; x_wconf 90' lang='lat' dir='ltr'><strong>ergo</strong></span> <span class='ocrx_word' id='word_1_37' title='bbox 1801 731 2052 786; x_wconf 76' lang='lat' dir='ltr'><strong>Dominus</strong></span> 
     </span>
    </p>
   </div>
   <div class='ocr_carea' id='block_1_6' title="bbox 474 825 2051 903">
    <p class='ocr_par' dir='ltr' id='par_1_6' title="bbox 474 825 2051 903">
     <span class='ocr_line' id='line_1_6' title="bbox 474 825 2051 903; baseline -0.009 -10"><span class='ocrx_word' id='word_1_38' title='bbox 474 855 536 893; x_wconf 76' lang='lat' dir='ltr'><strong>ea:</strong></span> <span class='ocrx_word' id='word_1_39' title='bbox 557 838 683 891; x_wconf 89' lang='lat' dir='ltr'><strong>Sion</strong></span> <span class='ocrx_word' id='word_1_40' title='bbox 702 853 721 902; x_wconf 88' lang='lat'><strong>;</strong></span> <span class='ocrx_word' id='word_1_41' title='bbox 743 844 789 889; x_wconf 88' lang='lat' dir='ltr'><strong>et</strong></span> <span class='ocrx_word' id='word_1_42' title='bbox 808 832 977 887; x_wconf 82' lang='lat' dir='ltr'><strong>videas</strong></span> <span class='ocrx_word' id='word_1_43' title='bbox 997 846 1112 903; x_wconf 75' lang='lat' dir='ltr'><strong>qtae</strong></span> <span class='ocrx_word' id='word_1_44' title='bbox 1135 831 1264 884; x_wconf 89' lang='lat' dir='ltr'><strong>bona</strong></span> <span class='ocrx_word' id='word_1_45' title='bbox 1289 839 1404 884; x_wconf 88' lang='lat' dir='ltr'><strong>sunt</strong></span> <span class='ocrx_word' id='word_1_46' title='bbox 1425 827 1733 882; x_wconf 81' lang='lat' dir='ltr'><strong>Jerusalem.</strong></span> <span class='ocrx_word' id='word_1_47' title='bbox 1764 825 1898 881; x_wconf 88' lang='lat' dir='ltr'><strong>Nam</strong></span> <span class='ocrx_word' id='word_1_48' title='bbox 1926 825 2051 880; x_wconf 79' lang='lat' dir='ltr'><strong>ista&#39;</strong></span> 
     </span>
    </p>
   </div>
   <div class='ocr_carea' id='block_1_7' title="bbox 472 916 2058 999">
    <p class='ocr_par' dir='ltr' id='par_1_7' title="bbox 472 916 2058 999">
     <span class='ocr_line' id='line_1_7' title="bbox 472 916 2058 999; baseline -0.008 -16"><span class='ocrx_word' id='word_1_49' title='bbox 472 944 590 999; x_wconf 72' lang='lat' dir='ltr'><strong>qua:</strong></span> <span class='ocrx_word' id='word_1_50' title='bbox 630 925 857 982; x_wconf 89' lang='lat' dir='ltr'><strong>attendis</strong></span> <span class='ocrx_word' id='word_1_51' title='bbox 918 923 1089 987; x_wconf 92' lang='lat' dir='ltr'><strong>bona,</strong></span> <span class='ocrx_word' id='word_1_52' title='bbox 1120 935 1295 977; x_wconf 65' lang='lat' dir='ltr'><strong>caecus</strong></span> <span class='ocrx_word' id='word_1_53' title='bbox 1330 919 1500 975; x_wconf 80' lang='lat' dir='ltr'><strong>vides.</strong></span> <span class='ocrx_word' id='word_1_54' title='bbox 1540 917 1755 983; x_wconf 86' lang='lat' dir='ltr'><strong>Videas,</strong></span> <span class='ocrx_word' id='word_1_55' title='bbox 1799 916 1895 973; x_wconf 89' lang='lat' dir='ltr'><strong>sed</strong></span> <span class='ocrx_word' id='word_1_56' title='bbox 1964 916 2058 971; x_wconf 86' lang='lat' dir='ltr'><strong>illa</strong></span> 
     </span>
    </p>
   </div>
   <div class='ocr_carea' id='block_1_8' title="bbox 470 1009 2055 1090">
    <p class='ocr_par' dir='ltr' id='par_1_8' title="bbox 470 1009 2055 1090">
     <span class='ocr_line' id='line_1_8' title="bbox 470 1009 2055 1090; baseline -0.009 -14"><span class='ocrx_word' id='word_1_57' title='bbox 470 1023 611 1077; x_wconf 91' lang='lat' dir='ltr'><strong>bona</strong></span> <span class='ocrx_word' id='word_1_58' title='bbox 639 1035 756 1090; x_wconf 64' lang='lat' dir='ltr'><strong>quae</strong></span> <span class='ocrx_word' id='word_1_59' title='bbox 781 1017 945 1073; x_wconf 90' lang='lat' dir='ltr'><strong>corde</strong></span> <span class='ocrx_word' id='word_1_60' title='bbox 977 1016 1241 1070; x_wconf 90' lang='lat' dir='ltr'><strong>videntur.</strong></span> <span class='ocrx_word' id='word_1_61' title='bbox 1272 1013 1339 1067; x_wconf 91' lang='lat' dir='ltr'><strong>Et</strong></span> <span class='ocrx_word' id='word_1_62' title='bbox 1376 1010 1628 1083; x_wconf 86' lang='lat' dir='ltr'><strong>quamdiu</strong></span> <span class='ocrx_word' id='word_1_63' title='bbox 1675 1010 1867 1065; x_wconf 80' lang='lat' dir='ltr'><strong>videbo</strong></span> <span class='ocrx_word' id='word_1_64' title='bbox 1916 1009 2055 1064; x_wconf 91' lang='lat' dir='ltr'><strong>bona</strong></span> 
     </span>
    </p>
   </div>
   <div class='ocr_carea' id='block_1_9' title="bbox 472 1104 2057 1173">
    <p class='ocr_par' dir='ltr' id='par_1_9' title="bbox 472 1104 2057 1173">
     <span class='ocr_line' id='line_1_9' title="bbox 472 1104 2057 1173; baseline -0.011 0"><span class='ocrx_word' id='word_1_65' title='bbox 472 1114 807 1173; x_wconf 82' lang='lat' dir='ltr'><strong>Jerusalem?</strong></span> <span class='ocrx_word' id='word_1_66' title='bbox 831 1110 1016 1166; x_wconf 82' lang='lat' dir='ltr'><strong>Omnes</strong></span> <span class='ocrx_word' id='word_1_67' title='bbox 1036 1110 1141 1163; x_wconf 86' lang='lat' dir='ltr'><strong>dies</strong></span> <span class='ocrx_word' id='word_1_68' title='bbox 1158 1108 1404 1162; x_wconf 68' lang='lat' dir='ltr'><strong>vitiatum.</strong></span> <span class='ocrx_word' id='word_1_69' title='bbox 1427 1105 1530 1161; x_wconf 86' lang='lat' dir='ltr'><strong>Sed</strong></span> <span class='ocrx_word' id='word_1_70' title='bbox 1554 1105 1597 1159; x_wconf 91' lang='lat' dir='ltr'><strong>si</strong></span> <span class='ocrx_word' id='word_1_71' title='bbox 1623 1104 1725 1159; x_wconf 90' lang='lat' dir='ltr'><strong>vita</strong></span> <span class='ocrx_word' id='word_1_72' title='bbox 1740 1113 1829 1158; x_wconf 89' lang='lat' dir='ltr'><strong>tua</strong></span> <span class='ocrx_word' id='word_1_73' title='bbox 1855 1110 2057 1157; x_wconf 65' lang='lat' dir='ltr'><strong>aeterna</strong></span> 
     </span>
    </p>
   </div>
   <div class='ocr_carea' id='block_1_10' title="bbox 474 1194 2058 1272">
    <p class='ocr_par' dir='ltr' id='par_1_10' title="bbox 474 1194 2058 1272">
     <span class='ocr_line' id='line_1_10' title="bbox 474 1194 2058 1272; baseline -0.009 -9"><span class='ocrx_word' id='word_1_74' title='bbox 474 1210 655 1272; x_wconf 90' lang='lat' dir='ltr'><strong>fuerit,</strong></span> <span class='ocrx_word' id='word_1_75' title='bbox 687 1210 738 1262; x_wconf 91' lang='lat' dir='ltr'><strong>in</strong></span> <span class='ocrx_word' id='word_1_76' title='bbox 768 1215 1028 1260; x_wconf 55' lang='lat' dir='ltr'><strong>aeternum</strong></span> <span class='ocrx_word' id='word_1_77' title='bbox 1075 1201 1280 1256; x_wconf 90' lang='lat' dir='ltr'><strong>videbis</strong></span> <span class='ocrx_word' id='word_1_78' title='bbox 1325 1199 1464 1254; x_wconf 86' lang='lat' dir='ltr'><strong>bona</strong></span> <span class='ocrx_word' id='word_1_79' title='bbox 1508 1196 1824 1253; x_wconf 82' lang='lat' dir='ltr'><strong>Jerusalem.</strong></span> <span class='ocrx_word' id='word_1_80' title='bbox 1859 1194 1914 1250; x_wconf 90' lang='lat' dir='ltr'><strong>Si</strong></span> <span class='ocrx_word' id='word_1_81' title='bbox 1958 1209 2058 1249; x_wconf 88' lang='lat' dir='ltr'><strong>au-</strong></span> 
     </span>
    </p>
   </div>
   <div class='ocr_carea' id='block_1_11' title="bbox 475 1288 2063 1369">
    <p class='ocr_par' dir='ltr' id='par_1_11' title="bbox 475 1288 2063 1369">
     <span class='ocr_line' id='line_1_11' title="bbox 475 1288 2063 1369; baseline -0.009 -11"><span class='ocrx_word' id='word_1_82' title='bbox 475 1303 632 1369; x_wconf 76' lang='lat' dir='ltr'><strong>tem’,</strong></span> <span class='ocrx_word' id='word_1_83' title='bbox 668 1300 856 1355; x_wconf 78' lang='lat' dir='ltr'><strong>fratres</strong></span> <span class='ocrx_word' id='word_1_84' title='bbox 877 1298 1003 1363; x_wconf 91' lang='lat' dir='ltr'><strong>mei,</strong></span> <span class='ocrx_word' id='word_1_85' title='bbox 1026 1298 1124 1352; x_wconf 88' lang='lat' dir='ltr'><strong>ista</strong></span> <span class='ocrx_word' id='word_1_86' title='bbox 1152 1295 1290 1351; x_wconf 90' lang='lat' dir='ltr'><strong>bona</strong></span> <span class='ocrx_word' id='word_1_87' title='bbox 1319 1300 1462 1359; x_wconf 92' lang='lat' dir='ltr'><strong>sunt,</strong></span> <span class='ocrx_word' id='word_1_88' title='bbox 1486 1290 1580 1347; x_wconf 92' lang='lat' dir='ltr'><strong>sed</strong></span> <span class='ocrx_word' id='word_1_89' title='bbox 1604 1304 1707 1345; x_wconf 90' lang='lat' dir='ltr'><strong>non</strong></span> <span class='ocrx_word' id='word_1_90' title='bbox 1735 1304 1921 1345; x_wconf 91' lang='lat' dir='ltr'><strong>omnes</strong></span> <span class='ocrx_word' id='word_1_91' title='bbox 1947 1288 2063 1344; x_wconf 89' lang='lat' dir='ltr'><strong>dies</strong></span> 
     </span>
    </p>
   </div>
   <div class='ocr_carea' id='block_1_12' title="bbox 482 1384 2060 1457">
    <p class='ocr_par' dir='ltr' id='par_1_12' title="bbox 482 1384 2060 1457">
     <span class='ocr_line' id='line_1_12' title="bbox 482 1384 2060 1457; baseline -0.007 -7"><span class='ocrx_word' id='word_1_92' title='bbox 482 1396 607 1450; x_wconf 62' lang='lat' dir='ltr'><strong>vitae</strong></span> <span class='ocrx_word' id='word_1_93' title='bbox 632 1406 732 1449; x_wconf 73' lang='lat' dir='ltr'><strong>tua:</strong></span> <span class='ocrx_word' id='word_1_94' title='bbox 765 1392 911 1446; x_wconf 87' lang='lat' dir='ltr'><strong>vides</strong></span> <span class='ocrx_word' id='word_1_95' title='bbox 937 1410 949 1444; x_wconf 89' lang='lat'><strong>:</strong></span> <span class='ocrx_word' id='word_1_96' title='bbox 982 1406 1087 1445; x_wconf 89' lang='lat' dir='ltr'><strong>non</strong></span> <span class='ocrx_word' id='word_1_97' title='bbox 1111 1388 1251 1444; x_wconf 89' lang='lat' dir='ltr'><strong>enim</strong></span> <span class='ocrx_word' id='word_1_98' title='bbox 1278 1386 1493 1457; x_wconf 86' lang='lat' dir='ltr'><strong>quando</strong></span> <span class='ocrx_word' id='word_1_99' title='bbox 1538 1384 1658 1440; x_wconf 84' lang='lat' dir='ltr'><strong>exis</strong></span> <span class='ocrx_word' id='word_1_100' title='bbox 1696 1384 1763 1439; x_wconf 90' lang='lat' dir='ltr'><strong>de</strong></span> <span class='ocrx_word' id='word_1_101' title='bbox 1792 1398 2018 1454; x_wconf 86' lang='lat' dir='ltr'><strong>corpore</strong></span> <span class='ocrx_word' id='word_1_102' title='bbox 2044 1425 2060 1451; x_wconf 93' lang='lat'><strong>,</strong></span> 
     </span>
    </p>
   </div>
   <div class='ocr_carea' id='block_1_13' title="bbox 482 1477 2065 1552">
    <p class='ocr_par' dir='ltr' id='par_1_13' title="bbox 482 1477 2065 1552">
     <span class='ocr_line' id='line_1_13' title="bbox 482 1477 2065 1552; baseline -0.011 -3"><span class='ocrx_word' id='word_1_103' title='bbox 482 1491 731 1548; x_wconf 89' lang='lat' dir='ltr'><strong>moreris.</strong></span> <span class='ocrx_word' id='word_1_104' title='bbox 749 1489 1061 1544; x_wconf 89' lang='lat' dir='ltr'><strong>Perseverat</strong></span> <span class='ocrx_word' id='word_1_105' title='bbox 1078 1485 1181 1539; x_wconf 90' lang='lat' dir='ltr'><strong>vita</strong></span> <span class='ocrx_word' id='word_1_106' title='bbox 1206 1491 1327 1539; x_wconf 90' lang='lat' dir='ltr'><strong>tua:</strong></span> <span class='ocrx_word' id='word_1_107' title='bbox 1359 1496 1554 1552; x_wconf 90' lang='lat' dir='ltr'><strong>corpus</strong></span> <span class='ocrx_word' id='word_1_108' title='bbox 1572 1480 1817 1547; x_wconf 90' lang='lat' dir='ltr'><strong>moritur,</strong></span> <span class='ocrx_word' id='word_1_109' title='bbox 1832 1477 1927 1533; x_wconf 88' lang='lat' dir='ltr'><strong>sed</strong></span> <span class='ocrx_word' id='word_1_110' title='bbox 1954 1477 2065 1532; x_wconf 88' lang='lat' dir='ltr'><strong>vita</strong></span> 
     </span>
    </p>
   </div>
   <div class='ocr_carea' id='block_1_14' title="bbox 480 1570 2069 1659">
    <p class='ocr_par' dir='ltr' id='par_1_14' title="bbox 480 1570 2069 1659">
     <span class='ocr_line' id='line_1_14' title="bbox 480 1570 2069 1659; baseline -0.011 -17"><span class='ocrx_word' id='word_1_111' title='bbox 480 1588 697 1659; x_wconf 79' lang='lat' dir='ltr'><strong>Spiritus</strong></span> <span class='ocrx_word' id='word_1_112' title='bbox 716 1591 1043 1654; x_wconf 83' lang='lat' dir='ltr'><strong>perseverat.</strong></span> <span class='ocrx_word' id='word_1_113' title='bbox 1088 1578 1238 1634; x_wconf 92' lang='lat' dir='ltr'><strong>Oculi</strong></span> <span class='ocrx_word' id='word_1_114' title='bbox 1262 1592 1367 1632; x_wconf 92' lang='lat' dir='ltr'><strong>non</strong></span> <span class='ocrx_word' id='word_1_115' title='bbox 1416 1574 1779 1645; x_wconf 88' lang='lat' dir='ltr'><strong>vident,quia</strong></span> <span class='ocrx_word' id='word_1_116' title='bbox 1821 1570 2069 1628; x_wconf 79' lang='lat' dir='ltr'><strong>discessit</strong></span> 
     </span>
    </p>
   </div>
   <div class='ocr_carea' id='block_1_15' title="bbox 482 1665 2067 1749">
    <p class='ocr_par' dir='ltr' id='par_1_15' title="bbox 482 1665 2067 1749">
     <span class='ocr_line' id='line_1_15' title="bbox 482 1665 2067 1749; baseline -0.009 -15"><span class='ocrx_word' id='word_1_117' title='bbox 482 1680 571 1749; x_wconf 91' lang='lat' dir='ltr'><strong>qui</strong></span> <span class='ocrx_word' id='word_1_118' title='bbox 597 1693 695 1749; x_wconf 91' lang='lat' dir='ltr'><strong>per</strong></span> <span class='ocrx_word' id='word_1_119' title='bbox 719 1676 900 1731; x_wconf 90' lang='lat' dir='ltr'><strong>oculos</strong></span> <span class='ocrx_word' id='word_1_120' title='bbox 925 1671 1157 1727; x_wconf 82' lang='lat' dir='ltr'><strong>videbat.</strong></span> <span class='ocrx_word' id='word_1_121' title='bbox 1197 1669 1527 1739; x_wconf 88' lang='lat' dir='ltr'><strong>Ubicumque</strong></span> <span class='ocrx_word' id='word_1_122' title='bbox 1553 1666 1745 1736; x_wconf 88' lang='lat' dir='ltr'><strong>estqui</strong></span> <span class='ocrx_word' id='word_1_123' title='bbox 1765 1681 1862 1737; x_wconf 91' lang='lat' dir='ltr'><strong>per</strong></span> <span class='ocrx_word' id='word_1_124' title='bbox 1882 1665 2067 1719; x_wconf 87' lang='lat' dir='ltr'><strong>oculos</strong></span> 
     </span>
    </p>
   </div>
   <div class='ocr_carea' id='block_1_16' title="bbox 483 1757 2069 1834">
    <p class='ocr_par' dir='ltr' id='par_1_16' title="bbox 483 1757 2069 1834">
     <span class='ocr_line' id='line_1_16' title="bbox 483 1757 2069 1834; baseline -0.009 -9"><span class='ocrx_word' id='word_1_125' title='bbox 483 1772 720 1834; x_wconf 82' lang='lat' dir='ltr'><strong>videbat,</strong></span> <span class='ocrx_word' id='word_1_126' title='bbox 752 1767 897 1822; x_wconf 81' lang='lat' dir='ltr'><strong>videt</strong></span> <span class='ocrx_word' id='word_1_127' title='bbox 926 1764 1145 1834; x_wconf 89' lang='lat' dir='ltr'><strong>aliquid.</strong></span> <span class='ocrx_word' id='word_1_128' title='bbox 1175 1763 1289 1818; x_wconf 89' lang='lat' dir='ltr'><strong>Non</strong></span> <span class='ocrx_word' id='word_1_129' title='bbox 1319 1762 1460 1817; x_wconf 89' lang='lat' dir='ltr'><strong>enim</strong></span> <span class='ocrx_word' id='word_1_130' title='bbox 1494 1770 1736 1815; x_wconf 90' lang='lat' dir='ltr'><strong>mortuus</strong></span> <span class='ocrx_word' id='word_1_131' title='bbox 1765 1766 1880 1814; x_wconf 92' lang='lat' dir='ltr'><strong>erat</strong></span> <span class='ocrx_word' id='word_1_132' title='bbox 1920 1757 2069 1812; x_wconf 85' lang='lat' dir='ltr'><strong>dives</strong></span> 
     </span>
    </p>
   </div>
   <div class='ocr_carea' id='block_1_17' title="bbox 484 1850 2071 1932">
    <p class='ocr_par' dir='ltr' id='par_1_17' title="bbox 484 1850 2071 1932">
     <span class='ocr_line' id='line_1_17' title="bbox 484 1850 2071 1932; baseline -0.01 -13"><span class='ocrx_word' id='word_1_133' title='bbox 484 1864 576 1918; x_wconf 88' lang='lat' dir='ltr'><strong>ille</strong></span> <span class='ocrx_word' id='word_1_134' title='bbox 596 1863 683 1932; x_wconf 85' lang='lat' dir='ltr'><strong>qui</strong></span> <span class='ocrx_word' id='word_1_135' title='bbox 716 1862 771 1915; x_wconf 93' lang='lat' dir='ltr'><strong>in</strong></span> <span class='ocrx_word' id='word_1_136' title='bbox 791 1867 932 1914; x_wconf 90' lang='lat' dir='ltr'><strong>terra</strong></span> <span class='ocrx_word' id='word_1_137' title='bbox 960 1857 1276 1912; x_wconf 84' lang='lat' dir='ltr'><strong>induebatur</strong></span> <span class='ocrx_word' id='word_1_138' title='bbox 1302 1868 1534 1926; x_wconf 87' lang='lat' dir='ltr'><strong>purpura</strong></span> <span class='ocrx_word' id='word_1_139' title='bbox 1566 1861 1623 1907; x_wconf 91' lang='lat' dir='ltr'><strong>et</strong></span> <span class='ocrx_word' id='word_1_140' title='bbox 1644 1852 1825 1924; x_wconf 85' lang='lat' dir='ltr'><strong>bysso;</strong></span> <span class='ocrx_word' id='word_1_141' title='bbox 1855 1850 1899 1905; x_wconf 91' lang='lat' dir='ltr'><strong>si</strong></span> <span class='ocrx_word' id='word_1_142' title='bbox 1927 1865 2071 1904; x_wconf 92' lang='lat' dir='ltr'><strong>mor-</strong></span> 
     </span>
    </p>
   </div>
   <div class='ocr_carea' id='block_1_18' title="bbox 484 1944 2067 2022">
    <p class='ocr_par' dir='ltr' id='par_1_18' title="bbox 484 1944 2067 2022">
     <span class='ocr_line' id='line_1_18' title="bbox 484 1944 2067 2022; baseline -0.011 -10"><span class='ocrx_word' id='word_1_143' title='bbox 484 1967 611 2011; x_wconf 87' lang='lat' dir='ltr'><strong>tuus</strong></span> <span class='ocrx_word' id='word_1_144' title='bbox 650 1964 814 2016; x_wconf 85' lang='lat' dir='ltr'><strong>esset,</strong></span> <span class='ocrx_word' id='word_1_145' title='bbox 870 1951 1008 2022; x_wconf 86' lang='lat' dir='ltr'><strong>apud</strong></span> <span class='ocrx_word' id='word_1_146' title='bbox 1040 1949 1237 2005; x_wconf 84' lang='lat' dir='ltr'><strong>inferos</strong></span> <span class='ocrx_word' id='word_1_147' title='bbox 1279 1965 1382 2003; x_wconf 89' lang='lat' dir='ltr'><strong>non</strong></span> <span class='ocrx_word' id='word_1_148' title='bbox 1410 1955 1749 2017; x_wconf 87' lang='lat' dir='ltr'><strong>torqueretur</strong></span> <span class='ocrx_word' id='word_1_149' title='bbox 1778 1944 1926 2012; x_wconf 86' lang='lat' dir='ltr'><strong>(Luc.</strong></span> <span class='ocrx_word' id='word_1_150' title='bbox 1960 1958 2067 2006; x_wconf 87' lang='lat' dir='ltr'><strong>xvt,</strong></span> 
     </span>
    </p>
   </div>
   <div class='ocr_carea' id='block_1_19' title="bbox 487 2033 2068 2113">
    <p class='ocr_par' dir='ltr' id='par_1_19' title="bbox 487 2033 2068 2113">
     <span class='ocr_line' id='line_1_19' title="bbox 487 2033 2068 2113; baseline -0.01 -10"><span class='ocrx_word' id='word_1_151' title='bbox 487 2049 575 2111; x_wconf 71' lang='lat' dir='ltr'><strong>i9,</strong></span> <span class='ocrx_word' id='word_1_152' title='bbox 600 2047 715 2112; x_wconf 70' lang='lat'><strong>2&#39;5).</strong></span> <span class='ocrx_word' id='word_1_153' title='bbox 751 2044 1050 2113; x_wconf 86' lang='lat' dir='ltr'><strong>Optandttm</strong></span> <span class='ocrx_word' id='word_1_154' title='bbox 1081 2042 1153 2096; x_wconf 93' lang='lat' dir='ltr'><strong>illi</strong></span> <span class='ocrx_word' id='word_1_155' title='bbox 1185 2039 1345 2096; x_wconf 64' lang='lat' dir='ltr'><strong>forte‘</strong></span> <span class='ocrx_word' id='word_1_156' title='bbox 1378 2046 1495 2094; x_wconf 92' lang='lat' dir='ltr'><strong>erat</strong></span> <span class='ocrx_word' id='word_1_157' title='bbox 1540 2047 1597 2093; x_wconf 94' lang='lat' dir='ltr'><strong>ut</strong></span> <span class='ocrx_word' id='word_1_158' title='bbox 1625 2045 1942 2101; x_wconf 89' lang='lat' dir='ltr'><strong>moreretur,</strong></span> <span class='ocrx_word' id='word_1_159' title='bbox 1976 2033 2068 2088; x_wconf 88' lang='lat' dir='ltr'><strong>sed</strong></span> 
     </span>
    </p>
   </div>
   <div class='ocr_carea' id='block_1_20' title="bbox 488 2129 2077 2204">
    <p class='ocr_par' dir='ltr' id='par_1_20' title="bbox 488 2129 2077 2204">
     <span class='ocr_line' id='line_1_20' title="bbox 488 2129 2077 2204; baseline -0.009 -9"><span class='ocrx_word' id='word_1_160' title='bbox 488 2140 631 2196; x_wconf 88' lang='lat' dir='ltr'><strong>malo</strong></span> <span class='ocrx_word' id='word_1_161' title='bbox 676 2153 772 2193; x_wconf 91' lang='lat' dir='ltr'><strong>suo</strong></span> <span class='ocrx_word' id='word_1_162' title='bbox 810 2135 942 2191; x_wconf 83' lang='lat' dir='ltr'><strong>vixit</strong></span> <span class='ocrx_word' id='word_1_163' title='bbox 988 2133 1125 2204; x_wconf 89' lang='lat' dir='ltr'><strong>apud</strong></span> <span class='ocrx_word' id='word_1_164' title='bbox 1168 2132 1390 2187; x_wconf 89' lang='lat' dir='ltr'><strong>inferos.</strong></span> <span class='ocrx_word' id='word_1_165' title='bbox 1413 2130 1787 2201; x_wconf 89' lang='lat' dir='ltr'><strong>Torquebatur</strong></span> <span class='ocrx_word' id='word_1_166' title='bbox 1820 2129 1982 2193; x_wconf 88' lang='lat' dir='ltr'><strong>enim,</strong></span> <span class='ocrx_word' id='word_1_167' title='bbox 2020 2134 2077 2182; x_wconf 91' lang='lat' dir='ltr'><strong>et</strong></span> 
     </span>
    </p>
   </div>
   <div class='ocr_carea' id='block_1_21' title="bbox 489 2222 2074 2295">
    <p class='ocr_par' dir='ltr' id='par_1_21' title="bbox 489 2222 2074 2295">
     <span class='ocr_line' id='line_1_21' title="bbox 489 2222 2074 2295; baseline -0.006 -8"><span class='ocrx_word' id='word_1_168' title='bbox 489 2248 595 2287; x_wconf 89' lang='lat' dir='ltr'><strong>non</strong></span> <span class='ocrx_word' id='word_1_169' title='bbox 617 2230 828 2285; x_wconf 89' lang='lat' dir='ltr'><strong>videbat</strong></span> <span class='ocrx_word' id='word_1_170' title='bbox 879 2228 1014 2282; x_wconf 89' lang='lat' dir='ltr'><strong>bona</strong></span> <span class='ocrx_word' id='word_1_171' title='bbox 1044 2226 1131 2280; x_wconf 91' lang='lat' dir='ltr'><strong>illa</strong></span> <span class='ocrx_word' id='word_1_172' title='bbox 1174 2240 1293 2295; x_wconf 65' lang='lat' dir='ltr'><strong>qua:</strong></span> <span class='ocrx_word' id='word_1_173' title='bbox 1333 2225 1385 2279; x_wconf 91' lang='lat' dir='ltr'><strong>in</strong></span> <span class='ocrx_word' id='word_1_174' title='bbox 1424 2233 1561 2277; x_wconf 89' lang='lat' dir='ltr'><strong>terra</strong></span> <span class='ocrx_word' id='word_1_175' title='bbox 1608 2222 1915 2277; x_wconf 84' lang='lat' dir='ltr'><strong>dimiserat:</strong></span> <span class='ocrx_word' id='word_1_176' title='bbox 1944 2236 2074 2277; x_wconf 90' lang='lat' dir='ltr'><strong>ecce</strong></span> 
     </span>
    </p>
   </div>
   <div class='ocr_carea' id='block_1_22' title="bbox 490 2314 2073 2390">
    <p class='ocr_par' dir='ltr' id='par_1_22' title="bbox 490 2314 2073 2390">
     <span class='ocr_line' id='line_1_22' title="bbox 490 2314 2073 2390; baseline -0.006 -12"><span class='ocrx_word' id='word_1_177' title='bbox 490 2324 733 2379; x_wconf 88' lang='lat' dir='ltr'><strong>eratvita</strong></span> <span class='ocrx_word' id='word_1_178' title='bbox 757 2321 921 2390; x_wconf 89' lang='lat' dir='ltr'><strong>ipsius</strong></span> <span class='ocrx_word' id='word_1_179' title='bbox 953 2318 1073 2372; x_wconf 91' lang='lat' dir='ltr'><strong>talis</strong></span> <span class='ocrx_word' id='word_1_180' title='bbox 1095 2359 1109 2379; x_wconf 90' lang='lat'><strong>,</strong></span> <span class='ocrx_word' id='word_1_181' title='bbox 1137 2326 1192 2372; x_wconf 92' lang='lat' dir='ltr'><strong>et</strong></span> <span class='ocrx_word' id='word_1_182' title='bbox 1221 2317 1355 2371; x_wconf 91' lang='lat' dir='ltr'><strong>bona</strong></span> <span class='ocrx_word' id='word_1_183' title='bbox 1389 2316 1473 2370; x_wconf 91' lang='lat' dir='ltr'><strong>illa</strong></span> <span class='ocrx_word' id='word_1_184' title='bbox 1522 2330 1627 2369; x_wconf 90' lang='lat' dir='ltr'><strong>non</strong></span> <span class='ocrx_word' id='word_1_185' title='bbox 1667 2315 1901 2369; x_wconf 87' lang='lat' dir='ltr'><strong>videbat.</strong></span> <span class='ocrx_word' id='word_1_186' title='bbox 1936 2314 2073 2383; x_wconf 85' lang='lat' dir='ltr'><strong>Ergo</strong></span> 
     </span>
    </p>
   </div>
   <div class='ocr_carea' id='block_1_23' title="bbox 496 2408 2077 2480">
    <p class='ocr_par' dir='ltr' id='par_1_23' title="bbox 496 2408 2077 2480">
     <span class='ocr_line' id='line_1_23' title="bbox 496 2408 2077 2480; baseline -0.008 -8"><span class='ocrx_word' id='word_1_187' title='bbox 496 2428 549 2472; x_wconf 91' lang='lat' dir='ltr'><strong>tu</strong></span> <span class='ocrx_word' id='word_1_188' title='bbox 579 2418 701 2471; x_wconf 91' lang='lat' dir='ltr'><strong>talia</strong></span> <span class='ocrx_word' id='word_1_189' title='bbox 752 2414 997 2470; x_wconf 88' lang='lat' dir='ltr'><strong>desidera</strong></span> <span class='ocrx_word' id='word_1_190' title='bbox 1030 2412 1167 2467; x_wconf 89' lang='lat' dir='ltr'><strong>bona</strong></span> <span class='ocrx_word' id='word_1_191' title='bbox 1213 2426 1332 2480; x_wconf 63' lang='lat' dir='ltr'><strong>quae</strong></span> <span class='ocrx_word' id='word_1_192' title='bbox 1373 2409 1553 2463; x_wconf 84' lang='lat' dir='ltr'><strong>videas</strong></span> <span class='ocrx_word' id='word_1_193' title='bbox 1602 2424 1772 2463; x_wconf 88' lang='lat' dir='ltr'><strong>omnes</strong></span> <span class='ocrx_word' id='word_1_194' title='bbox 1811 2408 1917 2460; x_wconf 87' lang='lat' dir='ltr'><strong>dies</strong></span> <span class='ocrx_word' id='word_1_195' title='bbox 1963 2408 2077 2461; x_wconf 68' lang='lat' dir='ltr'><strong>vitta</strong></span> 
     </span>
    </p>
   </div>
   <div class='ocr_carea' id='block_1_24' title="bbox 492 2500 1958 2573">
    <p class='ocr_par' dir='ltr' id='par_1_24' title="bbox 492 2500 1958 2573">
     <span class='ocr_line' id='line_1_24' title="bbox 492 2500 1958 2573; baseline -0.008 -10"><span class='ocrx_word' id='word_1_196' title='bbox 492 2518 623 2570; x_wconf 72' lang='lat' dir='ltr'><strong>tuae,</strong></span> <span class='ocrx_word' id='word_1_197' title='bbox 652 2508 701 2562; x_wconf 92' lang='lat' dir='ltr'><strong>id</strong></span> <span class='ocrx_word' id='word_1_198' title='bbox 719 2517 838 2571; x_wconf 91' lang='lat' dir='ltr'><strong>est,</strong></span> <span class='ocrx_word' id='word_1_199' title='bbox 862 2514 920 2559; x_wconf 94' lang='lat' dir='ltr'><strong>ut</strong></span> <span class='ocrx_word' id='word_1_200' title='bbox 944 2519 1066 2559; x_wconf 91' lang='lat' dir='ltr'><strong>cum</strong></span> <span class='ocrx_word' id='word_1_201' title='bbox 1096 2504 1223 2573; x_wconf 86' lang='lat' dir='ltr'><strong>ipsis</strong></span> <span class='ocrx_word' id='word_1_202' title='bbox 1253 2501 1405 2556; x_wconf 87' lang='lat' dir='ltr'><strong>bonis</strong></span> <span class='ocrx_word' id='word_1_203' title='bbox 1429 2501 1575 2554; x_wconf 89' lang='lat' dir='ltr'><strong>vivas</strong></span> <span class='ocrx_word' id='word_1_204' title='bbox 1596 2500 1650 2553; x_wconf 93' lang='lat' dir='ltr'><strong>in</strong></span> <span class='ocrx_word' id='word_1_205' title='bbox 1678 2508 1958 2554; x_wconf 69' lang='lat' dir='ltr'><strong>internum.</strong></span> 
     </span>
    </p>
   </div>
   <div class='ocr_carea' id='block_1_25' title="bbox 564 2592 2073 2669">
    <p class='ocr_par' dir='ltr' id='par_1_25' title="bbox 564 2592 2073 2669">
     <span class='ocr_line' id='line_1_25' title="bbox 564 2592 2073 2669; baseline -0.009 -10"><span class='ocrx_word' id='word_1_206' title='bbox 564 2602 649 2659; x_wconf 83' lang='grc'><strong>16.</strong></span> <span class='ocrx_word' id='word_1_207' title='bbox 680 2601 808 2669; x_wconf 83' lang='lat' dir='ltr'><strong>Quae</strong></span> <span class='ocrx_word' id='word_1_208' title='bbox 853 2607 978 2653; x_wconf 91' lang='lat' dir='ltr'><strong>sunt</strong></span> <span class='ocrx_word' id='word_1_209' title='bbox 1013 2612 1139 2668; x_wconf 90' lang='lat' dir='ltr'><strong>ergo</strong></span> <span class='ocrx_word' id='word_1_210' title='bbox 1171 2596 1259 2651; x_wconf 92' lang='lat' dir='ltr'><strong>illa</strong></span> <span class='ocrx_word' id='word_1_211' title='bbox 1305 2596 1441 2649; x_wconf 89' lang='lat' dir='ltr'><strong>bona</strong></span> <span class='ocrx_word' id='word_1_212' title='bbox 1467 2636 1481 2659; x_wconf 93' lang='lat'><strong>,</strong></span> <span class='ocrx_word' id='word_1_213' title='bbox 1524 2593 1714 2649; x_wconf 81' lang='lat' dir='ltr'><strong>fratres</strong></span> <span class='ocrx_word' id='word_1_214' title='bbox 1737 2634 1751 2655; x_wconf 91' lang='lat'><strong>,</strong></span> <span class='ocrx_word' id='word_1_215' title='bbox 1796 2592 2073 2649; x_wconf 73' lang='lat' dir='ltr'><strong>attendite.</strong></span> 
     </span>
    </p>
   </div>
   <div class='ocr_carea' id='block_1_26' title="bbox 495 2689 2074 2763">
    <p class='ocr_par' dir='ltr' id='par_1_26' title="bbox 495 2689 2074 2763">
     <span class='ocr_line' id='line_1_26' title="bbox 495 2689 2074 2763; baseline -0.007 -14"><span class='ocrx_word' id='word_1_216' title='bbox 495 2695 606 2749; x_wconf 89' lang='lat' dir='ltr'><strong>Diei</strong></span> <span class='ocrx_word' id='word_1_217' title='bbox 653 2702 872 2763; x_wconf 87' lang='lat' dir='ltr'><strong>possunt</strong></span> <span class='ocrx_word' id='word_1_218' title='bbox 912 2691 1049 2745; x_wconf 89' lang='lat' dir='ltr'><strong>bona</strong></span> <span class='ocrx_word' id='word_1_219' title='bbox 1093 2689 1449 2743; x_wconf 82' lang='lat' dir='ltr'><strong>ista:Attrum</strong></span> <span class='ocrx_word' id='word_1_220' title='bbox 1495 2696 1606 2751; x_wconf 90' lang='lat' dir='ltr'><strong>est,</strong></span> <span class='ocrx_word' id='word_1_221' title='bbox 1652 2693 1928 2756; x_wconf 81' lang='lat' dir='ltr'><strong>argentum</strong></span> <span class='ocrx_word' id='word_1_222' title='bbox 1955 2692 2074 2750; x_wconf 90' lang='lat' dir='ltr'><strong>est,</strong></span> 
     </span>
    </p>
   </div>
   <div class='ocr_carea' id='block_1_27' title="bbox 495 2780 2080 2849">
    <p class='ocr_par' dir='ltr' id='par_1_27' title="bbox 495 2780 2080 2849">
     <span class='ocr_line' id='line_1_27' title="bbox 495 2780 2080 2849; baseline -0.008 -5"><span class='ocrx_word' id='word_1_223' title='bbox 495 2788 687 2844; x_wconf 87' lang='lat' dir='ltr'><strong>fundus</strong></span> <span class='ocrx_word' id='word_1_224' title='bbox 715 2801 957 2841; x_wconf 72' lang='lat' dir='ltr'><strong>amamus</strong></span> <span class='ocrx_word' id='word_1_225' title='bbox 986 2793 1101 2845; x_wconf 92' lang='lat' dir='ltr'><strong>est,</strong></span> <span class='ocrx_word' id='word_1_226' title='bbox 1134 2781 1437 2837; x_wconf 88' lang='lat' dir='ltr'><strong>marmorati</strong></span> <span class='ocrx_word' id='word_1_227' title='bbox 1468 2780 1697 2849; x_wconf 90' lang='lat' dir='ltr'><strong>parietes</strong></span> <span class='ocrx_word' id='word_1_228' title='bbox 1734 2786 1896 2843; x_wconf 90' lang='lat' dir='ltr'><strong>sunt,</strong></span> <span class='ocrx_word' id='word_1_229' title='bbox 1941 2785 2080 2831; x_wconf 88' lang='lat' dir='ltr'><strong>tecta</strong></span> 
     </span>
    </p>
   </div>
   <div class='ocr_carea' id='block_1_28' title="bbox 495 2870 2082 2951">
    <p class='ocr_par' dir='ltr' id='par_1_28' title="bbox 495 2870 2082 2951">
     <span class='ocr_line' id='line_1_28' title="bbox 495 2870 2082 2951; baseline -0.007 -15"><span class='ocrx_word' id='word_1_230' title='bbox 495 2882 735 2951; x_wconf 81' lang='lat' dir='ltr'><strong>laqueata</strong></span> <span class='ocrx_word' id='word_1_231' title='bbox 756 2879 912 2933; x_wconf 88' lang='lat' dir='ltr'><strong>sunt?</strong></span> <span class='ocrx_word' id='word_1_232' title='bbox 930 2877 1093 2930; x_wconf 76' lang='lat' dir='ltr'><strong>Absit.</strong></span> <span class='ocrx_word' id='word_1_233' title='bbox 1122 2876 1219 2928; x_wconf 90' lang='lat' dir='ltr'><strong>Ista</strong></span> <span class='ocrx_word' id='word_1_234' title='bbox 1237 2874 1591 2927; x_wconf 83' lang='lat' dir='ltr'><strong>abundantius</strong></span> <span class='ocrx_word' id='word_1_235' title='bbox 1610 2886 1867 2941; x_wconf 82' lang='lat' dir='ltr'><strong>pauperes</strong></span> <span class='ocrx_word' id='word_1_236' title='bbox 1884 2870 2082 2925; x_wconf 84' lang='lat' dir='ltr'><strong>habent</strong></span> 
     </span>
    </p>
   </div>
   <div class='ocr_carea' id='block_1_29' title="bbox 498 2962 2078 3034">
    <p class='ocr_par' dir='ltr' id='par_1_29' title="bbox 498 2962 2078 3034">
     <span class='ocr_line' id='line_1_29' title="bbox 498 2962 2078 3034; baseline -0.005 -10"><span class='ocrx_word' id='word_1_237' title='bbox 498 2974 549 3025; x_wconf 90' lang='lat' dir='ltr'><strong>in</strong></span> <span class='ocrx_word' id='word_1_238' title='bbox 584 2972 681 3025; x_wconf 89' lang='lat' dir='ltr'><strong>hac</strong></span> <span class='ocrx_word' id='word_1_239' title='bbox 707 2970 829 3023; x_wconf 90' lang='lat' dir='ltr'><strong>vita.</strong></span> <span class='ocrx_word' id='word_1_240' title='bbox 864 2968 987 3021; x_wconf 73' lang='lat' dir='ltr'><strong>Plus</strong></span> <span class='ocrx_word' id='word_1_241' title='bbox 1010 2976 1092 3021; x_wconf 90' lang='lat' dir='ltr'><strong>est</strong></span> <span class='ocrx_word' id='word_1_242' title='bbox 1113 2966 1251 3020; x_wconf 89' lang='lat' dir='ltr'><strong>enim</strong></span> <span class='ocrx_word' id='word_1_243' title='bbox 1274 2964 1495 3034; x_wconf 82' lang='lat' dir='ltr'><strong>pauperi</strong></span> <span class='ocrx_word' id='word_1_244' title='bbox 1521 2964 1703 3017; x_wconf 87' lang='lat' dir='ltr'><strong>videre</strong></span> <span class='ocrx_word' id='word_1_245' title='bbox 1723 2964 1915 3017; x_wconf 59' lang='lat' dir='ltr'><strong>coelum</strong></span> <span class='ocrx_word' id='word_1_246' title='bbox 1944 2962 2078 3017; x_wconf 91' lang='lat' dir='ltr'><strong>stel-</strong></span> 
     </span>
    </p>
   </div>
   <div class='ocr_carea' id='block_1_30' title="bbox 492 3055 2082 3143">
    <p class='ocr_par' dir='ltr' id='par_1_30' title="bbox 492 3055 2082 3143">
     <span class='ocr_line' id='line_1_30' title="bbox 492 3055 2082 3143; baseline -0.005 -26"><span class='ocrx_word' id='word_1_247' title='bbox 492 3063 655 3117; x_wconf 81' lang='lat' dir='ltr'><strong>latum</strong></span> <span class='ocrx_word' id='word_1_248' title='bbox 678 3104 691 3128; x_wconf 90' lang='lat'><strong>,</strong></span> <span class='ocrx_word' id='word_1_249' title='bbox 727 3076 879 3131; x_wconf 88' lang='lat' dir='ltr'><strong>qnatu</strong></span> <span class='ocrx_word' id='word_1_250' title='bbox 911 3058 1057 3143; x_wconf 66' lang='lat' dir='ltr'><strong>diviti</strong></span> <span class='ocrx_word' id='word_1_251' title='bbox 1088 3066 1281 3111; x_wconf 89' lang='lat' dir='ltr'><strong>tectum</strong></span> <span class='ocrx_word' id='word_1_252' title='bbox 1314 3057 1634 3110; x_wconf 89' lang='lat' dir='ltr'><strong>inauratum.</strong></span> <span class='ocrx_word' id='word_1_253' title='bbox 1666 3055 1915 3119; x_wconf 86' lang='lat' dir='ltr'><strong>Fratres,</strong></span> <span class='ocrx_word' id='word_1_254' title='bbox 1953 3069 2082 3125; x_wconf 89' lang='lat' dir='ltr'><strong>ergo</strong></span> 
     </span>
    </p>
   </div>
   <div class='ocr_carea' id='block_1_31' title="bbox 494 3147 2083 3226">
    <p class='ocr_par' dir='ltr' id='par_1_31' title="bbox 494 3147 2083 3226">
     <span class='ocr_line' id='line_1_31' title="bbox 494 3147 2083 3226; baseline -0.006 -17"><span class='ocrx_word' id='word_1_255' title='bbox 494 3155 633 3226; x_wconf 89' lang='lat' dir='ltr'><strong>quod</strong></span> <span class='ocrx_word' id='word_1_256' title='bbox 666 3167 749 3208; x_wconf 88' lang='lat' dir='ltr'><strong>est</strong></span> <span class='ocrx_word' id='word_1_257' title='bbox 782 3152 904 3205; x_wconf 85' lang='lat' dir='ltr'><strong>illud</strong></span> <span class='ocrx_word' id='word_1_258' title='bbox 936 3152 1153 3214; x_wconf 91' lang='lat' dir='ltr'><strong>bonum,</strong></span> <span class='ocrx_word' id='word_1_259' title='bbox 1181 3163 1289 3219; x_wconf 89' lang='lat' dir='ltr'><strong>quo</strong></span> <span class='ocrx_word' id='word_1_260' title='bbox 1316 3148 1658 3204; x_wconf 84' lang='lat' dir='ltr'><strong>accendimur</strong></span> <span class='ocrx_word' id='word_1_261' title='bbox 1681 3191 1694 3215; x_wconf 95' lang='lat'><strong>,</strong></span> <span class='ocrx_word' id='word_1_262' title='bbox 1733 3148 1817 3201; x_wconf 89' lang='lat' dir='ltr'><strong>cui</strong></span> <span class='ocrx_word' id='word_1_263' title='bbox 1849 3147 2083 3217; x_wconf 78' lang='lat' dir='ltr'><strong>suspira-</strong></span> 
     </span>
    </p>
   </div>
   <div class='ocr_carea' id='block_1_32' title="bbox 496 3238 2083 3314">
    <p class='ocr_par' dir='ltr' id='par_1_32' title="bbox 496 3238 2083 3314">
     <span class='ocr_line' id='line_1_32' title="bbox 496 3238 2083 3314; baseline -0.007 -11"><span class='ocrx_word' id='word_1_264' title='bbox 496 3263 633 3312; x_wconf 89' lang='lat' dir='ltr'><strong>mus,</strong></span> <span class='ocrx_word' id='word_1_265' title='bbox 664 3261 769 3314; x_wconf 91' lang='lat' dir='ltr'><strong>quo</strong></span> <span class='ocrx_word' id='word_1_266' title='bbox 798 3244 1220 3306; x_wconf 69' lang='lat' dir='ltr'><strong>inflammantur,</strong></span> <span class='ocrx_word' id='word_1_267' title='bbox 1261 3249 1476 3311; x_wconf 86' lang='lat' dir='ltr'><strong>propter</strong></span> <span class='ocrx_word' id='word_1_268' title='bbox 1515 3239 1656 3310; x_wconf 90' lang='lat' dir='ltr'><strong>quod</strong></span> <span class='ocrx_word' id='word_1_269' title='bbox 1684 3240 1881 3293; x_wconf 93' lang='lat' dir='ltr'><strong>bonum</strong></span> <span class='ocrx_word' id='word_1_270' title='bbox 1909 3238 2083 3309; x_wconf 86' lang='lat' dir='ltr'><strong>adipi-</strong></span> 
     </span>
    </p>
   </div>
   <div class='ocr_carea' id='block_1_33' title="bbox 498 3332 2085 3398">
    <p class='ocr_par' dir='ltr' id='par_1_33' title="bbox 498 3332 2085 3398">
     <span class='ocr_line' id='line_1_33' title="bbox 498 3332 2085 3398; baseline -0.005 -4"><span class='ocrx_word' id='word_1_271' title='bbox 498 3338 750 3394; x_wconf 89' lang='lat' dir='ltr'><strong>scendum</strong></span> <span class='ocrx_word' id='word_1_272' title='bbox 765 3345 819 3391; x_wconf 91' lang='lat' dir='ltr'><strong>et</strong></span> <span class='ocrx_word' id='word_1_273' title='bbox 841 3335 1125 3390; x_wconf 86' lang='lat' dir='ltr'><strong>videndum</strong></span> <span class='ocrx_word' id='word_1_274' title='bbox 1151 3343 1326 3388; x_wconf 88' lang='lat' dir='ltr'><strong>tantos</strong></span> <span class='ocrx_word' id='word_1_275' title='bbox 1352 3334 1560 3388; x_wconf 83' lang='lat' dir='ltr'><strong>labores</strong></span> <span class='ocrx_word' id='word_1_276' title='bbox 1582 3332 1928 3398; x_wconf 88' lang='lat' dir='ltr'><strong>sustinemus,</strong></span> <span class='ocrx_word' id='word_1_277' title='bbox 1948 3332 2085 3386; x_wconf 87' lang='lat' dir='ltr'><strong>sicut</strong></span> 
     </span>
    </p>
   </div>
   <div class='ocr_carea' id='block_1_34' title="bbox 495 3423 2087 3496">
    <p class='ocr_par' dir='ltr' id='par_1_34' title="bbox 495 3423 2087 3496">
     <span class='ocr_line' id='line_1_34' title="bbox 495 3423 2087 3496; baseline -0.005 -13"><span class='ocrx_word' id='word_1_278' title='bbox 495 3428 718 3483; x_wconf 78' lang='lat' dir='ltr'><strong>audistis</strong></span> <span class='ocrx_word' id='word_1_279' title='bbox 764 3441 885 3482; x_wconf 89' lang='lat' dir='ltr'><strong>cum</strong></span> <span class='ocrx_word' id='word_1_280' title='bbox 937 3426 1204 3496; x_wconf 89' lang='lat' dir='ltr'><strong>legeretur</strong></span> <span class='ocrx_word' id='word_1_281' title='bbox 1251 3424 1569 3492; x_wconf 83' lang='lat' dir='ltr'><strong>Apostolus,</strong></span> <span class='ocrx_word' id='word_1_282' title='bbox 1618 3423 1739 3493; x_wconf 90' lang='lat' dir='ltr'><strong>quia</strong></span> <span class='ocrx_word' id='word_1_283' title='bbox 1778 3440 1949 3478; x_wconf 87' lang='lat' dir='ltr'><strong>omnes</strong></span> <span class='ocrx_word' id='word_1_284' title='bbox 1998 3423 2087 3493; x_wconf 89' lang='lat' dir='ltr'><strong>qui</strong></span> 
     </span>
    </p>
   </div>
   <div class='ocr_carea' id='block_1_35' title="bbox 498 3515 2086 3588">
    <p class='ocr_par' dir='ltr' id='par_1_35' title="bbox 498 3515 2086 3588">
     <span class='ocr_line' id='line_1_35' title="bbox 498 3515 2086 3588; baseline -0.004 -13"><span class='ocrx_word' id='word_1_285' title='bbox 498 3523 668 3575; x_wconf 83' lang='lat' dir='ltr'><strong>volunt</strong></span> <span class='ocrx_word' id='word_1_286' title='bbox 698 3522 776 3588; x_wconf 79' lang='lat' dir='ltr'><strong>pie</strong></span> <span class='ocrx_word' id='word_1_287' title='bbox 805 3520 963 3571; x_wconf 80' lang='lat' dir='ltr'><strong>vivere</strong></span> <span class='ocrx_word' id='word_1_288' title='bbox 991 3520 1041 3570; x_wconf 86' lang='lat' dir='ltr'><strong>in</strong></span> <span class='ocrx_word' id='word_1_289' title='bbox 1070 3518 1267 3570; x_wconf 78' lang='lat' dir='ltr'><strong>Christo</strong></span> <span class='ocrx_word' id='word_1_290' title='bbox 1291 3515 1325 3568; x_wconf 88' lang='lat' dir='ltr'><em>J</em></span> <span class='ocrx_word' id='word_1_291' title='bbox 1332 3534 1439 3580; x_wconf 85' lang='lat' dir='ltr'><strong>esu,</strong></span> <span class='ocrx_word' id='word_1_292' title='bbox 1471 3517 1862 3585; x_wconf 79' lang='lat' dir='ltr'><strong>persecutionem</strong></span> <span class='ocrx_word' id='word_1_293' title='bbox 1885 3517 2086 3586; x_wconf 84' lang='lat' dir='ltr'><strong>patiun-</strong></span> 
     </span>
    </p>
   </div>
   <div class='ocr_carea' id='block_1_36' title="bbox 499 3607 2085 3684">
    <p class='ocr_par' dir='ltr' id='par_1_36' title="bbox 499 3607 2085 3684">
     <span class='ocr_line' id='line_1_36' title="bbox 499 3607 2085 3684; baseline -0.003 -17"><span class='ocrx_word' id='word_1_294' title='bbox 499 3625 581 3667; x_wconf 89' lang='lat' dir='ltr'><strong>tur</strong></span> <span class='ocrx_word' id='word_1_295' title='bbox 612 3613 672 3684; x_wconf 91' lang='grc' dir='ltr'><strong>(ΙΙ</strong></span> <span class='ocrx_word' id='word_1_296' title='bbox 702 3611 834 3665; x_wconf 89' lang='lat' dir='ltr'><strong>Tim.</strong></span> <span class='ocrx_word' id='word_1_297' title='bbox 880 3626 958 3677; x_wconf 90' lang='grc' dir='ltr'>ιιι,</span> <span class='ocrx_word' id='word_1_298' title='bbox 999 3607 1130 3680; x_wconf 63' lang='lat'><strong>‘12)?</strong></span> <span class='ocrx_word' id='word_1_299' title='bbox 1166 3609 1280 3664; x_wconf 88' lang='lat' dir='ltr'><strong>Non</strong></span> <span class='ocrx_word' id='word_1_300' title='bbox 1316 3609 1456 3661; x_wconf 91' lang='lat' dir='ltr'><strong>enim</strong></span> <span class='ocrx_word' id='word_1_301' title='bbox 1496 3608 1689 3671; x_wconf 89' lang='lat' dir='ltr'><strong>modo,</strong></span> <span class='ocrx_word' id='word_1_302' title='bbox 1736 3610 1855 3678; x_wconf 87' lang='lat' dir='ltr'><strong>quia</strong></span> <span class='ocrx_word' id='word_1_303' title='bbox 1896 3607 2085 3662; x_wconf 88' lang='lat' dir='ltr'><strong>diabo-</strong></span> 
     </span>
    </p>
   </div>
   <div class='ocr_carea' id='block_1_37' title="bbox 497 3698 2086 3774">
    <p class='ocr_par' dir='ltr' id='par_1_37' title="bbox 497 3698 2086 3774">
     <span class='ocr_line' id='line_1_37' title="bbox 497 3698 2086 3774; baseline -0.006 -15"><span class='ocrx_word' id='word_1_304' title='bbox 497 3706 580 3759; x_wconf 89' lang='lat' dir='ltr'><strong>lus</strong></span> <span class='ocrx_word' id='word_1_305' title='bbox 607 3720 700 3774; x_wconf 88' lang='lat' dir='ltr'><strong>per</strong></span> <span class='ocrx_word' id='word_1_306' title='bbox 730 3717 881 3772; x_wconf 85' lang='lat' dir='ltr'><strong>reges</strong></span> <span class='ocrx_word' id='word_1_307' title='bbox 911 3717 1015 3757; x_wconf 92' lang='lat' dir='ltr'><strong>non</strong></span> <span class='ocrx_word' id='word_1_308' title='bbox 1044 3700 1195 3755; x_wconf 74' lang='lat' dir='ltr'><strong>sazvit</strong></span> <span class='ocrx_word' id='word_1_309' title='bbox 1219 3741 1232 3763; x_wconf 94' lang='lat'><strong>,</strong></span> <span class='ocrx_word' id='word_1_310' title='bbox 1282 3698 1401 3753; x_wconf 85' lang='lat' dir='ltr'><strong>ideo</strong></span> <span class='ocrx_word' id='word_1_311' title='bbox 1427 3698 1713 3753; x_wconf 85' lang='lat' dir='ltr'><strong>Christiani</strong></span> <span class='ocrx_word' id='word_1_312' title='bbox 1746 3713 1848 3752; x_wconf 90' lang='lat' dir='ltr'><strong>non</strong></span> <span class='ocrx_word' id='word_1_313' title='bbox 1878 3699 2086 3767; x_wconf 88' lang='lat' dir='ltr'><strong>patiun-</strong></span> 
     </span>
    </p>
   </div>
   <div class='ocr_carea' id='block_1_38' title="bbox 499 3790 2087 3868">
    <p class='ocr_par' dir='ltr' id='par_1_38' title="bbox 499 3790 2087 3868">
     <span class='ocr_line' id='line_1_38' title="bbox 499 3790 2087 3868; baseline -0.004 -16"><span class='ocrx_word' id='word_1_314' title='bbox 499 3809 584 3852; x_wconf 91' lang='lat' dir='ltr'><strong>tur</strong></span> <span class='ocrx_word' id='word_1_315' title='bbox 607 3795 1054 3868; x_wconf 88' lang='lat' dir='ltr'><strong>persecutionem.</strong></span> <span class='ocrx_word' id='word_1_316' title='bbox 1086 3792 1141 3849; x_wconf 92' lang='lat' dir='ltr'><strong>Si</strong></span> <span class='ocrx_word' id='word_1_317' title='bbox 1173 3800 1415 3847; x_wconf 90' lang='lat' dir='ltr'><strong>mortuus</strong></span> <span class='ocrx_word' id='word_1_318' title='bbox 1457 3802 1540 3846; x_wconf 92' lang='lat' dir='ltr'><strong>est</strong></span> <span class='ocrx_word' id='word_1_319' title='bbox 1569 3790 1830 3857; x_wconf 81' lang='lat' dir='ltr'><strong>diabolus,</strong></span> <span class='ocrx_word' id='word_1_320' title='bbox 1863 3799 2087 3845; x_wconf 69' lang='lat' dir='ltr'><strong>mortuae</strong></span> 
     </span>
    </p>
   </div>
   <div class='ocr_carea' id='block_1_39' title="bbox 495 3882 2088 3960">
    <p class='ocr_par' dir='ltr' id='par_1_39' title="bbox 495 3882 2088 3960">
     <span class='ocr_line' id='line_1_39' title="bbox 495 3882 2088 3960; baseline -0.003 -16"><span class='ocrx_word' id='word_1_321' title='bbox 495 3901 621 3945; x_wconf 87' lang='lat' dir='ltr'><strong>sunt</strong></span> <span class='ocrx_word' id='word_1_322' title='bbox 650 3888 1077 3960; x_wconf 79' lang='lat' dir='ltr'><strong>persecutiones;</strong></span> <span class='ocrx_word' id='word_1_323' title='bbox 1118 3886 1161 3940; x_wconf 91' lang='lat' dir='ltr'><strong>si</strong></span> <span class='ocrx_word' id='word_1_324' title='bbox 1201 3894 1379 3939; x_wconf 90' lang='lat' dir='ltr'><strong>autem</strong></span> <span class='ocrx_word' id='word_1_325' title='bbox 1422 3884 1509 3937; x_wconf 91' lang='lat' dir='ltr'><strong>ille</strong></span> <span class='ocrx_word' id='word_1_326' title='bbox 1539 3882 1876 3938; x_wconf 85' lang='lat' dir='ltr'><strong>adversarius</strong></span> <span class='ocrx_word' id='word_1_327' title='bbox 1907 3893 2088 3939; x_wconf 89' lang='lat' dir='ltr'><strong>noster</strong></span> 
     </span>
    </p>
   </div>
   <div class='ocr_carea' id='block_1_40' title="bbox 497 3977 2086 4048">
    <p class='ocr_par' dir='ltr' id='par_1_40' title="bbox 497 3977 2086 4048">
     <span class='ocr_line' id='line_1_40' title="bbox 497 3977 2086 4048; baseline -0.004 -10"><span class='ocrx_word' id='word_1_328' title='bbox 497 3986 645 4047; x_wconf 85' lang='lat' dir='ltr'><strong>vivit,</strong></span> <span class='ocrx_word' id='word_1_329' title='bbox 675 3983 815 4038; x_wconf 92' lang='lat' dir='ltr'><strong>unde</strong></span> <span class='ocrx_word' id='word_1_330' title='bbox 841 3998 944 4036; x_wconf 92' lang='lat' dir='ltr'><strong>non</strong></span> <span class='ocrx_word' id='word_1_331' title='bbox 969 3980 1289 4035; x_wconf 89' lang='lat' dir='ltr'><strong>tentationes</strong></span> <span class='ocrx_word' id='word_1_332' title='bbox 1312 3977 1577 4048; x_wconf 79' lang='lat' dir='ltr'><strong>suggerit?</strong></span> <span class='ocrx_word' id='word_1_333' title='bbox 1605 3977 1744 4032; x_wconf 86' lang='lat' dir='ltr'><strong>unde</strong></span> <span class='ocrx_word' id='word_1_334' title='bbox 1773 3994 1876 4031; x_wconf 91' lang='lat' dir='ltr'><strong>non</strong></span> <span class='ocrx_word' id='word_1_335' title='bbox 1902 3978 2086 4032; x_wconf 65' lang='lat' dir='ltr'><strong>saevit?</strong></span> 
     </span>
    </p>
   </div>
   <div class='ocr_carea' id='block_1_41' title="bbox 500 4070 2085 4141">
    <p class='ocr_par' dir='ltr' id='par_1_41' title="bbox 500 4070 2085 4141">
     <span class='ocr_line' id='line_1_41' title="bbox 500 4070 2085 4141; baseline -0.004 -10"><span class='ocrx_word' id='word_1_336' title='bbox 500 4077 639 4131; x_wconf 89' lang='lat' dir='ltr'><strong>unde</strong></span> <span class='ocrx_word' id='word_1_337' title='bbox 666 4091 769 4130; x_wconf 90' lang='lat' dir='ltr'><strong>non</strong></span> <span class='ocrx_word' id='word_1_338' title='bbox 802 4074 973 4128; x_wconf 88' lang='lat' dir='ltr'><strong>minas</strong></span> <span class='ocrx_word' id='word_1_339' title='bbox 1002 4083 1092 4127; x_wconf 90' lang='lat' dir='ltr'><strong>aut</strong></span> <span class='ocrx_word' id='word_1_340' title='bbox 1117 4071 1368 4127; x_wconf 89' lang='lat' dir='ltr'><strong>scandala</strong></span> <span class='ocrx_word' id='word_1_341' title='bbox 1397 4070 1687 4139; x_wconf 82' lang='lat' dir='ltr'><strong>procurat?</strong></span> <span class='ocrx_word' id='word_1_342' title='bbox 1716 4071 1760 4125; x_wconf 93' lang='grc' dir='ltr'>Ο</span> <span class='ocrx_word' id='word_1_343' title='bbox 1788 4071 1831 4125; x_wconf 90' lang='lat' dir='ltr'><strong>si</strong></span> <span class='ocrx_word' id='word_1_344' title='bbox 1863 4071 2085 4141; x_wconf 89' lang='lat' dir='ltr'><strong>incipias</strong></span> 
     </span>
    </p>
   </div>
   <div class='ocr_carea' id='block_1_42' title="bbox 499 4152 2085 4238">
    <p class='ocr_par' dir='ltr' id='par_1_42' title="bbox 499 4152 2085 4238">
     <span class='ocr_line' id='line_1_42' title="bbox 499 4152 2085 4238; baseline -0.003 -15"><span class='ocrx_word' id='word_1_345' title='bbox 499 4171 583 4238; x_wconf 90' lang='lat' dir='ltr'><strong>pie</strong></span> <span class='ocrx_word' id='word_1_346' title='bbox 612 4171 789 4221; x_wconf 85' lang='lat' dir='ltr'><strong>vivere</strong></span> <span class='ocrx_word' id='word_1_347' title='bbox 810 4208 823 4230; x_wconf 92' lang='lat'><strong>,</strong></span> <span class='ocrx_word' id='word_1_348' title='bbox 872 4165 1077 4220; x_wconf 88' lang='lat' dir='ltr'><strong>videbis</strong></span> <span class='ocrx_word' id='word_1_349' title='bbox 1106 4152 1228 4234; x_wconf 86' lang='lat' dir='ltr'><strong>quia</strong></span> <span class='ocrx_word' id='word_1_350' title='bbox 1254 4164 1427 4218; x_wconf 90' lang='lat' dir='ltr'><strong>omnis</strong></span> <span class='ocrx_word' id='word_1_351' title='bbox 1452 4164 1538 4233; x_wconf 89' lang='lat' dir='ltr'><strong>qui</strong></span> <span class='ocrx_word' id='word_1_352' title='bbox 1570 4163 1681 4218; x_wconf 86' lang='lat' dir='ltr'><strong>vult</strong></span> <span class='ocrx_word' id='word_1_353' title='bbox 1712 4163 1798 4232; x_wconf 87' lang='lat' dir='ltr'><strong>pie</strong></span> <span class='ocrx_word' id='word_1_354' title='bbox 1823 4164 2004 4219; x_wconf 86' lang='lat' dir='ltr'><strong>vivere</strong></span> <span class='ocrx_word' id='word_1_355' title='bbox 2032 4164 2085 4218; x_wconf 90' lang='lat' dir='ltr'><strong>in</strong></span> 
     </span>
    </p>
   </div>
   <div class='ocr_carea' id='block_1_43' title="bbox 497 4254 2086 4326">
    <p class='ocr_par' dir='ltr' id='par_1_43' title="bbox 497 4254 2086 4326">
     <span class='ocr_line' id='line_1_43' title="bbox 497 4254 2086 4326; baseline -0.003 -12"><span class='ocrx_word' id='word_1_356' title='bbox 497 4259 709 4314; x_wconf 87' lang='lat' dir='ltr'><strong>Christo</strong></span> <span class='ocrx_word' id='word_1_357' title='bbox 738 4258 861 4312; x_wconf 90' lang='lat' dir='ltr'><strong>Jesu</strong></span> <span class='ocrx_word' id='word_1_358' title='bbox 884 4298 898 4323; x_wconf 95' lang='lat'><strong>,</strong></span> <span class='ocrx_word' id='word_1_359' title='bbox 950 4256 1371 4326; x_wconf 89' lang='lat' dir='ltr'><strong>persecutionem</strong></span> <span class='ocrx_word' id='word_1_360' title='bbox 1414 4255 1666 4324; x_wconf 87' lang='lat' dir='ltr'><strong>patietur.</strong></span> <span class='ocrx_word' id='word_1_361' title='bbox 1711 4254 1934 4324; x_wconf 88' lang='lat' dir='ltr'><strong>Pr0pter</strong></span> <span class='ocrx_word' id='word_1_362' title='bbox 1959 4254 2086 4325; x_wconf 89' lang='lat' dir='ltr'><strong>quid</strong></span> 
     </span>
    </p>
   </div>
   <div class='ocr_carea' id='block_1_44' title="bbox 498 4344 2088 4420">
    <p class='ocr_par' dir='ltr' id='par_1_44' title="bbox 498 4344 2088 4420">
     <span class='ocr_line' id='line_1_44' title="bbox 498 4344 2088 4420; baseline -0.003 -16"><span class='ocrx_word' id='word_1_363' title='bbox 498 4367 626 4420; x_wconf 84' lang='lat' dir='ltr'><strong>ergo</strong></span> <span class='ocrx_word' id='word_1_364' title='bbox 666 4350 891 4417; x_wconf 87' lang='lat' dir='ltr'><strong>patimur</strong></span> <span class='ocrx_word' id='word_1_365' title='bbox 932 4357 1104 4402; x_wconf 90' lang='lat' dir='ltr'><strong>tantas</strong></span> <span class='ocrx_word' id='word_1_366' title='bbox 1146 4347 1579 4416; x_wconf 85' lang='lat' dir='ltr'><strong>persecutiones?</strong></span> <span class='ocrx_word' id='word_1_367' title='bbox 1623 4344 1683 4400; x_wconf 89' lang='lat' dir='ltr'><strong>Si</strong></span> <span class='ocrx_word' id='word_1_368' title='bbox 1726 4346 1858 4398; x_wconf 89' lang='lat' dir='ltr'><strong>enim</strong></span> <span class='ocrx_word' id='word_1_369' title='bbox 1895 4347 1949 4399; x_wconf 86' lang='lat' dir='ltr'><strong>in</strong></span> <span class='ocrx_word' id='word_1_370' title='bbox 1992 4345 2088 4399; x_wconf 86' lang='lat' dir='ltr'><strong>hac</strong></span> 
     </span>
    </p>
   </div>
   <div class='ocr_carea' id='block_1_45' title="bbox 499 4438 2082 4508">
    <p class='ocr_par' dir='ltr' id='par_1_45' title="bbox 499 4438 2082 4508">
     <span class='ocr_line' id='line_1_45' title="bbox 499 4438 2082 4508; baseline -0.001 -14"><span class='ocrx_word' id='word_1_371' title='bbox 499 4443 600 4495; x_wconf 85' lang='lat' dir='ltr'><strong>vita</strong></span> <span class='ocrx_word' id='word_1_372' title='bbox 629 4443 680 4493; x_wconf 89' lang='lat' dir='ltr'><strong>in</strong></span> <span class='ocrx_word' id='word_1_373' title='bbox 707 4440 907 4493; x_wconf 77' lang='lat' dir='ltr'><strong>Christo</strong></span> <span class='ocrx_word' id='word_1_374' title='bbox 938 4448 1195 4508; x_wconf 79' lang='lat' dir='ltr'><strong>sperantes</strong></span> <span class='ocrx_word' id='word_1_375' title='bbox 1221 4454 1395 4492; x_wconf 89' lang='lat' dir='ltr'><strong>sumus</strong></span> <span class='ocrx_word' id='word_1_376' title='bbox 1426 4448 1641 4503; x_wconf 88' lang='lat' dir='ltr'><strong>tantum,</strong></span> <span class='ocrx_word' id='word_1_377' title='bbox 1675 4438 1747 4492; x_wconf 88' lang='lat' dir='ltr'><strong>ait</strong></span> <span class='ocrx_word' id='word_1_378' title='bbox 1774 4439 2082 4507; x_wconf 79' lang='lat' dir='ltr'><strong>Apostolus,</strong></span> 
     </span>
    </p>
   </div>
   <div class='ocr_carea' id='block_1_46' title="bbox 498 4529 2084 4602">
    <p class='ocr_par' dir='ltr' id='par_1_46' title="bbox 498 4529 2084 4602">
     <span class='ocr_line' id='line_1_46' title="bbox 498 4529 2084 4602; baseline -0.001 -15"><span class='ocrx_word' id='word_1_379' title='bbox 498 4533 883 4588; x_wconf 78' lang='lat' dir='ltr'><strong>miserabiliores</strong></span> <span class='ocrx_word' id='word_1_380' title='bbox 907 4546 1082 4587; x_wconf 87' lang='lat' dir='ltr'><strong>sumus</strong></span> <span class='ocrx_word' id='word_1_381' title='bbox 1103 4530 1331 4584; x_wconf 86' lang='lat' dir='ltr'><strong>omnibus</strong></span> <span class='ocrx_word' id='word_1_382' title='bbox 1352 4530 1633 4584; x_wconf 78' lang='lat' dir='ltr'><strong>hominibus</strong></span> <span class='ocrx_word' id='word_1_383' title='bbox 1658 4530 1700 4600; x_wconf 91' lang='lat' dir='ltr'><strong>(I</strong></span> <span class='ocrx_word' id='word_1_384' title='bbox 1721 4529 1838 4585; x_wconf 85' lang='lat' dir='ltr'><strong>Cor.</strong></span> <span class='ocrx_word' id='word_1_385' title='bbox 1864 4546 1952 4596; x_wconf 86' lang='lat' dir='ltr'><strong>xv,</strong></span> <span class='ocrx_word' id='word_1_386' title='bbox 1972 4530 2084 4602; x_wconf 74' lang='lat' dir='ltr'><strong>i9).</strong></span> 
     </span>
    </p>
   </div>
   <div class='ocr_carea' id='block_1_47' title="bbox 498 4621 2085 4695">
    <p class='ocr_par' dir='ltr' id='par_1_47' title="bbox 498 4621 2085 4695">
     <span class='ocr_line' id='line_1_47' title="bbox 498 4621 2085 4695; baseline -0.002 -14"><span class='ocrx_word' id='word_1_387' title='bbox 498 4626 725 4695; x_wconf 75' lang='lat' dir='ltr'><strong>Propter</strong></span> <span class='ocrx_word' id='word_1_388' title='bbox 747 4623 869 4693; x_wconf 87' lang='lat' dir='ltr'><strong>quid</strong></span> <span class='ocrx_word' id='word_1_389' title='bbox 897 4623 1131 4679; x_wconf 87' lang='lat' dir='ltr'><strong>damnati</strong></span> <span class='ocrx_word' id='word_1_390' title='bbox 1158 4630 1284 4676; x_wconf 90' lang='lat' dir='ltr'><strong>sunt</strong></span> <span class='ocrx_word' id='word_1_391' title='bbox 1308 4621 1372 4676; x_wconf 92' lang='lat' dir='ltr'><strong>ad</strong></span> <span class='ocrx_word' id='word_1_392' title='bbox 1401 4622 1597 4678; x_wconf 86' lang='lat' dir='ltr'><strong>bestias</strong></span> <span class='ocrx_word' id='word_1_393' title='bbox 1622 4623 1923 4693; x_wconf 82' lang='lat' dir='ltr'><strong>martyres?</strong></span> <span class='ocrx_word' id='word_1_394' title='bbox 1944 4621 2085 4693; x_wconf 88' lang='lat' dir='ltr'><strong>quod</strong></span> 
     </span>
    </p>
   </div>
   <div class='ocr_carea' id='block_1_48' title="bbox 497 4714 2086 4786">
    <p class='ocr_par' dir='ltr' id='par_1_48' title="bbox 497 4714 2086 4786">
     <span class='ocr_line' id='line_1_48' title="bbox 497 4714 2086 4786; baseline -0.003 -11"><span class='ocrx_word' id='word_1_395' title='bbox 497 4728 581 4776; x_wconf 91' lang='lat' dir='ltr'><strong>est</strong></span> <span class='ocrx_word' id='word_1_396' title='bbox 620 4718 748 4774; x_wconf 88' lang='lat' dir='ltr'><strong>illud</strong></span> <span class='ocrx_word' id='word_1_397' title='bbox 781 4718 975 4772; x_wconf 91' lang='lat' dir='ltr'><strong>bonum</strong></span> <span class='ocrx_word' id='word_1_398' title='bbox 997 4756 1011 4781; x_wconf 95' lang='lat'><strong>,</strong></span> <span class='ocrx_word' id='word_1_399' title='bbox 1055 4714 1157 4770; x_wconf 91' lang='lat' dir='ltr'><strong>dici</strong></span> <span class='ocrx_word' id='word_1_400' title='bbox 1190 4714 1406 4785; x_wconf 86' lang='lat' dir='ltr'><strong>potest?</strong></span> <span class='ocrx_word' id='word_1_401' title='bbox 1440 4714 1582 4769; x_wconf 89' lang='lat' dir='ltr'><strong>unde</strong></span> <span class='ocrx_word' id='word_1_402' title='bbox 1603 4755 1619 4778; x_wconf 90' lang='lat'><strong>,</strong></span> <span class='ocrx_word' id='word_1_403' title='bbox 1646 4722 1737 4768; x_wconf 90' lang='lat' dir='ltr'><strong>aut</strong></span> <span class='ocrx_word' id='word_1_404' title='bbox 1762 4729 1881 4784; x_wconf 60' lang='lat' dir='ltr'><strong>quae</strong></span> <span class='ocrx_word' id='word_1_405' title='bbox 1908 4714 2086 4786; x_wconf 89' lang='lat' dir='ltr'><strong>lingua</strong></span> 
     </span>
    </p>
   </div>
   <div class='ocr_carea' id='block_1_49' title="bbox 498 4806 2085 4882">
    <p class='ocr_par' dir='ltr' id='par_1_49' title="bbox 498 4806 2085 4882">
     <span class='ocr_line' id='line_1_49' title="bbox 498 4806 2085 4882; baseline -0.003 -15"><span class='ocrx_word' id='word_1_406' title='bbox 498 4814 675 4868; x_wconf 89' lang='lat' dir='ltr'><strong>dicat?</strong></span> <span class='ocrx_word' id='word_1_407' title='bbox 714 4821 807 4866; x_wconf 85' lang='lat' dir='ltr'><strong>aut</strong></span> <span class='ocrx_word' id='word_1_408' title='bbox 844 4826 963 4882; x_wconf 79' lang='lat' dir='ltr'><strong>qua:</strong></span> <span class='ocrx_word' id='word_1_409' title='bbox 1002 4823 1159 4864; x_wconf 88' lang='lat' dir='ltr'><strong>aures</strong></span> <span class='ocrx_word' id='word_1_410' title='bbox 1202 4806 1459 4862; x_wconf 88' lang='lat' dir='ltr'><strong>audiant?</strong></span> <span class='ocrx_word' id='word_1_411' title='bbox 1496 4807 1563 4861; x_wconf 88' lang='lat' dir='ltr'><strong>Et</strong></span> <span class='ocrx_word' id='word_1_412' title='bbox 1588 4807 1801 4877; x_wconf 89' lang='lat' dir='ltr'><strong>quidem</strong></span> <span class='ocrx_word' id='word_1_413' title='bbox 1843 4808 1967 4864; x_wconf 92' lang='lat' dir='ltr'><strong>illud</strong></span> <span class='ocrx_word' id='word_1_414' title='bbox 1996 4826 2085 4863; x_wconf 85' lang='lat' dir='ltr'><strong>nec</strong></span> 
     </span>
    </p>
   </div>
   <div class='ocr_carea' id='block_1_50' title="bbox 498 4897 2081 4973">
    <p class='ocr_par' dir='ltr' id='par_1_50' title="bbox 498 4897 2081 4973">
     <span class='ocr_line' id='line_1_50' title="bbox 498 4897 2081 4973; baseline -0.002 -16"><span class='ocrx_word' id='word_1_415' title='bbox 498 4906 636 4959; x_wconf 87' lang='lat' dir='ltr'><strong>auris</strong></span> <span class='ocrx_word' id='word_1_416' title='bbox 662 4903 882 4966; x_wconf 84' lang='lat' dir='ltr'><strong>audivit,</strong></span> <span class='ocrx_word' id='word_1_417' title='bbox 932 4916 1022 4955; x_wconf 89' lang='lat' dir='ltr'><strong>nec</strong></span> <span class='ocrx_word' id='word_1_418' title='bbox 1051 4901 1104 4954; x_wconf 89' lang='lat' dir='ltr'><strong>in</strong></span> <span class='ocrx_word' id='word_1_419' title='bbox 1144 4916 1231 4954; x_wconf 89' lang='lat' dir='ltr'><strong>cor</strong></span> <span class='ocrx_word' id='word_1_420' title='bbox 1273 4899 1490 4953; x_wconf 82' lang='lat' dir='ltr'><strong>hominis</strong></span> <span class='ocrx_word' id='word_1_421' title='bbox 1526 4898 1748 4953; x_wconf 82' lang='lat' dir='ltr'><strong>ascendit</strong></span> <span class='ocrx_word' id='word_1_422' title='bbox 1773 4897 1885 4969; x_wconf 85' lang='lat' dir='ltr'><strong>(Id.</strong></span> <span class='ocrx_word' id='word_1_423' title='bbox 1914 4916 1972 4964; x_wconf 88' lang='grc' dir='ltr'>ιι,</span> <span class='ocrx_word' id='word_1_424' title='bbox 2002 4901 2081 4973; x_wconf 90' lang='grc'><strong>9).</strong></span> 
     </span>
    </p>
   </div>
   <div class='ocr_carea' id='block_1_51' title="bbox 498 4992 2083 5064">
    <p class='ocr_par' dir='ltr' id='par_1_51' title="bbox 498 4992 2083 5064">
     <span class='ocr_line' id='line_1_51' title="bbox 498 4992 2083 5064; baseline -0.002 -11"><span class='ocrx_word' id='word_1_425' title='bbox 498 5000 753 5053; x_wconf 85' lang='lat' dir='ltr'><strong>Amemus</strong></span> <span class='ocrx_word' id='word_1_426' title='bbox 784 5004 986 5050; x_wconf 88' lang='lat' dir='ltr'><strong>tantum</strong></span> <span class='ocrx_word' id='word_1_427' title='bbox 1006 4995 1049 5060; x_wconf 76' lang='grc'>⁵,</span> <span class='ocrx_word' id='word_1_428' title='bbox 1082 4992 1425 5064; x_wconf 91' lang='lat' dir='ltr'><strong>proﬁciamus</strong></span> <span class='ocrx_word' id='word_1_429' title='bbox 1454 5000 1656 5047; x_wconf 90' lang='lat' dir='ltr'><strong>tantum</strong></span> <span class='ocrx_word' id='word_1_430' title='bbox 1685 4993 1912 5049; x_wconf 89' lang='lat' dir='ltr'><strong>:videtis</strong></span> <span class='ocrx_word' id='word_1_431' title='bbox 1940 4995 2083 5051; x_wconf 92' lang='lat' dir='ltr'><strong>enim</strong></span> 
     </span>
    </p>
   </div>
   <div class='ocr_carea' id='block_1_52' title="bbox 498 5086 2084 5161">
    <p class='ocr_par' dir='ltr' id='par_1_52' title="bbox 498 5086 2084 5161">
     <span class='ocr_line' id='line_1_52' title="bbox 498 5086 2084 5161; baseline 0 -18"><span class='ocrx_word' id='word_1_432' title='bbox 498 5091 618 5161; x_wconf 88' lang='lat' dir='ltr'><strong>quia</strong></span> <span class='ocrx_word' id='word_1_433' title='bbox 652 5104 840 5159; x_wconf 82' lang='lat' dir='ltr'><strong>pugnae</strong></span> <span class='ocrx_word' id='word_1_434' title='bbox 866 5102 971 5142; x_wconf 92' lang='lat' dir='ltr'><strong>non</strong></span> <span class='ocrx_word' id='word_1_435' title='bbox 1002 5086 1214 5153; x_wconf 87' lang='lat' dir='ltr'><strong>desunt,</strong></span> <span class='ocrx_word' id='word_1_436' title='bbox 1261 5093 1316 5139; x_wconf 89' lang='lat' dir='ltr'><strong>et</strong></span> <span class='ocrx_word' id='word_1_437' title='bbox 1352 5100 1650 5156; x_wconf 82' lang='lat' dir='ltr'><strong>pugnamus</strong></span> <span class='ocrx_word' id='word_1_438' title='bbox 1677 5100 1797 5140; x_wconf 89' lang='lat' dir='ltr'><strong>cum</strong></span> <span class='ocrx_word' id='word_1_439' title='bbox 1828 5088 2084 5159; x_wconf 84' lang='lat' dir='ltr'><strong>concupi-</strong></span> 
     </span>
    </p>
   </div>
   <div class='ocr_carea' id='block_1_53' title="bbox 497 5178 2086 5250">
    <p class='ocr_par' dir='ltr' id='par_1_53' title="bbox 497 5178 2086 5250">
     <span class='ocr_line' id='line_1_53' title="bbox 497 5178 2086 5250; baseline 0.002 -15"><span class='ocrx_word' id='word_1_440' title='bbox 497 5182 715 5236; x_wconf 89' lang='lat' dir='ltr'><strong>scentiis</strong></span> <span class='ocrx_word' id='word_1_441' title='bbox 758 5181 974 5236; x_wconf 80' lang='lat' dir='ltr'><strong>nostris.</strong></span> <span class='ocrx_word' id='word_1_442' title='bbox 1010 5180 1314 5250; x_wconf 88' lang='lat' dir='ltr'><strong>Pugnamus</strong></span> <span class='ocrx_word' id='word_1_443' title='bbox 1355 5178 1486 5233; x_wconf 81' lang='lat' dir='ltr'><strong>foris</strong></span> <span class='ocrx_word' id='word_1_444' title='bbox 1528 5194 1648 5234; x_wconf 92' lang='lat' dir='ltr'><strong>cum</strong></span> <span class='ocrx_word' id='word_1_445' title='bbox 1694 5178 1993 5236; x_wconf 87' lang='lat' dir='ltr'><strong>inﬁdelibus</strong></span> <span class='ocrx_word' id='word_1_446' title='bbox 2031 5190 2086 5238; x_wconf 85' lang='lat' dir='ltr'><strong>et</strong></span> 
     </span>
    </p>
   </div>
   <div class='ocr_carea' id='block_1_54' title="bbox 496 5270 2084 5344">
    <p class='ocr_par' dir='ltr' id='par_1_54' title="bbox 496 5270 2084 5344">
     <span class='ocr_line' id='line_1_54' title="bbox 496 5270 2084 5344; baseline 0.001 -18"><span class='ocrx_word' id='word_1_447' title='bbox 496 5272 926 5328; x_wconf 84' lang='lat' dir='ltr'><strong>inobedient&#39;tbus</strong></span> <span class='ocrx_word' id='word_1_448' title='bbox 949 5271 1284 5337; x_wconf 84' lang='lat' dir='ltr'><strong>hominibus;</strong></span> <span class='ocrx_word' id='word_1_449' title='bbox 1318 5285 1615 5341; x_wconf 78' lang='lat' dir='ltr'><strong>pugnamus</strong></span> <span class='ocrx_word' id='word_1_450' title='bbox 1644 5270 1785 5327; x_wconf 87' lang='lat' dir='ltr'><strong>intus</strong></span> <span class='ocrx_word' id='word_1_451' title='bbox 1813 5285 1932 5327; x_wconf 88' lang='lat' dir='ltr'><strong>cum</strong></span> <span class='ocrx_word' id='word_1_452' title='bbox 1955 5288 2084 5344; x_wconf 85' lang='lat' dir='ltr'><strong>sug-</strong></span> 
     </span>
    </p>
   </div>
   <div class='ocr_carea' id='block_1_55' title="bbox 496 5362 2086 5434">
    <p class='ocr_par' dir='ltr' id='par_1_55' title="bbox 496 5362 2086 5434">
     <span class='ocr_line' id='line_1_55' title="bbox 496 5362 2086 5434; baseline 0 -15"><span class='ocrx_word' id='word_1_453' title='bbox 496 5362 848 5434; x_wconf 83' lang='lat' dir='ltr'><strong>gestionibus,</strong></span> <span class='ocrx_word' id='word_1_454' title='bbox 872 5378 992 5418; x_wconf 93' lang='lat' dir='ltr'><strong>cum</strong></span> <span class='ocrx_word' id='word_1_455' title='bbox 1016 5362 1504 5432; x_wconf 89' lang='lat' dir='ltr'><strong>perturbationibus</strong></span> <span class='ocrx_word' id='word_1_456' title='bbox 1524 5362 1825 5418; x_wconf 89' lang='lat' dir='ltr'><strong>carnalibus</strong></span> <span class='ocrx_word' id='word_1_457' title='bbox 1849 5381 1863 5417; x_wconf 91' lang='lat'>:</span> <span class='ocrx_word' id='word_1_458' title='bbox 1889 5362 2086 5433; x_wconf 87' lang='lat' dir='ltr'><strong>ubique</strong></span> 
     </span>
    </p>
   </div>
   <div class='ocr_carea' id='block_1_56' title="bbox 496 5452 2079 5527">
    <p class='ocr_par' dir='ltr' id='par_1_56' title="bbox 496 5452 2079 5527">
     <span class='ocr_line' id='line_1_56' title="bbox 496 5452 2079 5527; baseline -0.001 -16"><span class='ocrx_word' id='word_1_459' title='bbox 496 5470 796 5527; x_wconf 77' lang='lat' dir='ltr'><strong>pugnamus</strong></span> <span class='ocrx_word' id='word_1_460' title='bbox 840 5452 1036 5523; x_wconf 90' lang='lat' dir='ltr'><strong>adhuc,</strong></span> <span class='ocrx_word' id='word_1_461' title='bbox 1084 5454 1205 5524; x_wconf 90' lang='lat' dir='ltr'><strong>quia</strong></span> <span class='ocrx_word' id='word_1_462' title='bbox 1256 5467 1451 5523; x_wconf 89' lang='lat' dir='ltr'><strong>corpus</strong></span> <span class='ocrx_word' id='word_1_463' title='bbox 1492 5452 1634 5523; x_wconf 89' lang='lat' dir='ltr'><strong>quod</strong></span> <span class='ocrx_word' id='word_1_464' title='bbox 1681 5454 2079 5525; x_wconf 89' lang='lat' dir='ltr'><strong>corrumpitur,</strong></span> 
     </span>
    </p>
   </div>
   <div class='ocr_carea' id='block_1_57' title="bbox 494 5545 2077 5619">
    <p class='ocr_par' dir='ltr' id='par_1_57' title="bbox 494 5545 2077 5619">
     <span class='ocr_line' id='line_1_57' title="bbox 494 5545 2077 5619; baseline 0.001 -16"><span class='ocrx_word' id='word_1_465' title='bbox 494 5556 747 5619; x_wconf 87' lang='lat' dir='ltr'><strong>aggravat</strong></span> <span class='ocrx_word' id='word_1_466' title='bbox 773 5546 1003 5601; x_wconf 89' lang='lat' dir='ltr'><strong>animam</strong></span> <span class='ocrx_word' id='word_1_467' title='bbox 1034 5545 1191 5617; x_wconf 88' lang='lat' dir='ltr'><strong>(Sap.</strong></span> <span class='ocrx_word' id='word_1_468' title='bbox 1234 5562 1308 5613; x_wconf 80' lang='grc' dir='ltr'>ιιι,</span> <span class='ocrx_word' id='word_1_469' title='bbox 1354 5546 1478 5614; x_wconf 78' lang='grc'><strong>15);</strong></span> <span class='ocrx_word' id='word_1_470' title='bbox 1528 5560 1824 5616; x_wconf 87' lang='lat' dir='ltr'><strong>pugnamus</strong></span> <span class='ocrx_word' id='word_1_471' title='bbox 1864 5548 2038 5604; x_wconf 89' lang='lat' dir='ltr'><strong>adhuc</strong></span> <span class='ocrx_word' id='word_1_472' title='bbox 2063 5588 2077 5613; x_wconf 91' lang='lat'><strong>,</strong></span> 
     </span>
    </p>
   </div>
   <div class='ocr_carea' id='block_1_58' title="bbox 557 5635 1414 5699">
    <p class='ocr_par' dir='ltr' id='par_1_58' title="bbox 557 5635 1414 5699">
     <span class='ocr_line' id='line_1_58' title="bbox 557 5635 1414 5699; baseline -0.007 -9"><span class='ocrx_word' id='word_1_473' title='bbox 557 5642 574 5671; x_wconf 69' lang='grc' dir='ltr'><strong>ι</strong></span> <span class='ocrx_word' id='word_1_474' title='bbox 601 5641 674 5690; x_wconf 87' lang='lat' dir='ltr'><strong>sic</strong></span> <span class='ocrx_word' id='word_1_475' title='bbox 695 5646 805 5690; x_wconf 66' lang='lat' dir='ltr'><strong>uss.</strong></span> <span class='ocrx_word' id='word_1_476' title='bbox 832 5646 885 5688; x_wconf 82' lang='lat' dir='ltr'><strong>At</strong></span> <span class='ocrx_word' id='word_1_477' title='bbox 900 5637 1037 5699; x_wconf 78' lang='lat' dir='ltr'><strong>Edd.,</strong></span> <span class='ocrx_word' id='word_1_478' title='bbox 1058 5650 1151 5688; x_wconf 87' lang='lat' dir='ltr'><strong>non</strong></span> <span class='ocrx_word' id='word_1_479' title='bbox 1174 5635 1414 5687; x_wconf 84' lang='lat' dir='ltr'><strong>morituri.</strong></span> 
     </span>
    </p>
   </div>
   <div class='ocr_carea' id='block_1_59' title="bbox 556 5702 975 5763">
    <p class='ocr_par' dir='ltr' id='par_1_59' title="bbox 556 5702 975 5763">
     <span class='ocr_line' id='line_1_59' title="bbox 556 5702 975 5763; baseline 0.002 -15"><span class='ocrx_word' id='word_1_480' title='bbox 556 5704 576 5734; x_wconf 81' lang='grc'><strong><em>²</em></strong></span> <span class='ocrx_word' id='word_1_481' title='bbox 602 5710 727 5763; x_wconf 72' lang='lat' dir='ltr'><strong>Mss,</strong></span> <span class='ocrx_word' id='word_1_482' title='bbox 750 5714 843 5752; x_wconf 88' lang='lat' dir='ltr'><strong>non</strong></span> <span class='ocrx_word' id='word_1_483' title='bbox 866 5702 975 5752; x_wconf 86' lang='lat' dir='ltr'><strong>ista.</strong></span> 
     </span>
    </p>
   </div>
   <div class='ocr_carea' id='block_1_60' title="bbox 557 5762 1743 5823">
    <p class='ocr_par' dir='ltr' id='par_1_60' title="bbox 557 5762 1743 5823">
     <span class='ocr_line' id='line_1_60' title="bbox 557 5762 1743 5823; baseline -0.002 -11"><span class='ocrx_word' id='word_1_484' title='bbox 557 5766 577 5795; x_wconf 75' lang='grc' dir='ltr'><strong><em>ε</em></strong></span> <span class='ocrx_word' id='word_1_485' title='bbox 601 5771 666 5813; x_wconf 88' lang='lat' dir='ltr'><strong>tta</strong></span> <span class='ocrx_word' id='word_1_486' title='bbox 692 5776 796 5815; x_wconf 75' lang='lat' dir='ltr'><strong>MSS.</strong></span> <span class='ocrx_word' id='word_1_487' title='bbox 823 5765 935 5813; x_wconf 69' lang='lat' dir='ltr'><strong>edd.</strong></span> <span class='ocrx_word' id='word_1_488' title='bbox 958 5776 1093 5823; x_wconf 85' lang='lat' dir='ltr'><strong>vero,</strong></span> <span class='ocrx_word' id='word_1_489' title='bbox 1124 5766 1216 5812; x_wconf 84' lang='lat' dir='ltr'><strong>Ista</strong></span> <span class='ocrx_word' id='word_1_490' title='bbox 1239 5763 1397 5811; x_wconf 87' lang='lat' dir='ltr'><strong>autem</strong></span> <span class='ocrx_word' id='word_1_491' title='bbox 1426 5772 1443 5809; x_wconf 88' lang='lat'><strong><em>:</em></strong></span> <span class='ocrx_word' id='word_1_492' title='bbox 1468 5762 1661 5821; x_wconf 89' lang='lat' dir='ltr'><strong>omisso,</strong></span> <span class='ocrx_word' id='word_1_493' title='bbox 1686 5762 1743 5813; x_wconf 86' lang='lat' dir='ltr'><strong>si.</strong></span> 
     </span>
    </p>
   </div>
   <div class='ocr_carea' id='block_1_61' title="bbox 556 5824 1081 5879">
    <p class='ocr_par' dir='ltr' id='par_1_61' title="bbox 556 5824 1081 5879">
     <span class='ocr_line' id='line_1_61' title="bbox 556 5824 1081 5879; baseline 0 -7"><span class='ocrx_word' id='word_1_494' title='bbox 556 5824 574 5856; x_wconf 74' lang='grc' dir='ltr'><strong>ἰ</strong></span> <span class='ocrx_word' id='word_1_495' title='bbox 599 5825 767 5875; x_wconf 69' lang='lat' dir='ltr'><strong>Plures</strong></span> <span class='ocrx_word' id='word_1_496' title='bbox 784 5833 911 5879; x_wconf 73' lang='lat' dir='ltr'><strong>Mss,</strong></span> <span class='ocrx_word' id='word_1_497' title='bbox 940 5832 1081 5874; x_wconf 66' lang='lat' dir='ltr'><strong>rt’rte.</strong></span> 
     </span>
    </p>
   </div>
   <div class='ocr_carea' id='block_1_62' title="bbox 553 5886 1482 5952">
    <p class='ocr_par' dir='ltr' id='par_1_62' title="bbox 553 5886 1482 5952">
     <span class='ocr_line' id='line_1_62' title="bbox 553 5886 1482 5952; baseline -0.002 -16"><span class='ocrx_word' id='word_1_498' title='bbox 553 5890 573 5918; x_wconf 74' lang='grc' dir='ltr'><strong>δ</strong></span> <span class='ocrx_word' id='word_1_499' title='bbox 598 5890 668 5939; x_wconf 79' lang='lat' dir='ltr'><strong>sic</strong></span> <span class='ocrx_word' id='word_1_500' title='bbox 690 5889 912 5952; x_wconf 75' lang='lat' dir='ltr'><strong>plerique</strong></span> <span class='ocrx_word' id='word_1_501' title='bbox 937 5899 1040 5939; x_wconf 73' lang='lat' dir='ltr'><strong>Mss.</strong></span> <span class='ocrx_word' id='word_1_502' title='bbox 1069 5894 1121 5939; x_wconf 79' lang='lat' dir='ltr'><strong>At</strong></span> <span class='ocrx_word' id='word_1_503' title='bbox 1146 5886 1277 5950; x_wconf 81' lang='lat' dir='ltr'><strong>Edd.,</strong></span> <span class='ocrx_word' id='word_1_504' title='bbox 1308 5891 1482 5937; x_wconf 80' lang='lat' dir='ltr'><strong>tamen.</strong></span> 
     </span>
    </p>
   </div>
   <div class='ocr_carea' id='block_1_63' title="bbox 1697 336 2505 399">
    <p class='ocr_par' dir='ltr' id='par_1_63' title="bbox 1697 336 2505 399">
     <span class='ocr_line' id='line_1_63' title="bbox 1697 336 2505 399; baseline -0.002 -2"><span class='ocrx_word' id='word_1_505' title='bbox 1697 340 1753 397; x_wconf 90' lang='lat' dir='ltr'><strong>S.</strong></span> <span class='ocrx_word' id='word_1_506' title='bbox 1796 337 2159 399; x_wconf 81' lang='lat' dir='ltr'><strong>AUGUSTINI</strong></span> <span class='ocrx_word' id='word_1_507' title='bbox 2199 336 2505 398; x_wconf 84' lang='lat' dir='ltr'><strong>EPISCOPI</strong></span> 
     </span>
    </p>
   </div>
   <div class='ocr_carea' id='block_1_64' title="bbox 3625 343 3778 407">
    <p class='ocr_par' dir='ltr' id='par_1_64' title="bbox 3625 343 3778 407">
     <span class='ocr_line' id='line_1_64' title="bbox 3625 343 3778 407; baseline 0.013 -2"><span class='ocrx_word' id='word_1_508' title='bbox 3625 343 3778 407; x_wconf 66' lang='lat'><strong>1688</strong></span> 
     </span>
    </p>
   </div>
   <div class='ocr_carea' id='block_1_65' title="bbox 2167 451 3784 531">
    <p class='ocr_par' dir='ltr' id='par_1_65' title="bbox 2167 451 3784 531">
     <span class='ocr_line' id='line_1_65' title="bbox 2167 451 3784 531; baseline 0.005 -22"><span class='ocrx_word' id='word_1_509' title='bbox 2167 454 2417 525; x_wconf 88' lang='lat' dir='ltr'><strong>quoniam</strong></span> <span class='ocrx_word' id='word_1_510' title='bbox 2445 451 2492 508; x_wconf 89' lang='lat' dir='ltr'><strong>si</strong></span> <span class='ocrx_word' id='word_1_511' title='bbox 2518 452 2725 523; x_wconf 84' lang='lat' dir='ltr'><strong>spiritus</strong></span> <span class='ocrx_word' id='word_1_512' title='bbox 2743 454 2846 509; x_wconf 82' lang='lat' dir='ltr'><strong>vita</strong></span> <span class='ocrx_word' id='word_1_513' title='bbox 2865 462 2959 523; x_wconf 89' lang='lat' dir='ltr'><strong>est,</strong></span> <span class='ocrx_word' id='word_1_514' title='bbox 2994 462 3171 513; x_wconf 89' lang='lat' dir='ltr'><strong>tamen</strong></span> <span class='ocrx_word' id='word_1_515' title='bbox 3198 473 3379 531; x_wconf 84' lang='lat' dir='ltr'><strong>corpus</strong></span> <span class='ocrx_word' id='word_1_516' title='bbox 3403 468 3679 517; x_wconf 71' lang='lat' dir='ltr'><strong>mortuum</strong></span> <span class='ocrx_word' id='word_1_517' title='bbox 3703 468 3784 517; x_wconf 79' lang='lat' dir='ltr'><strong>est</strong></span> 
     </span>
    </p>
   </div>
   <div class='ocr_carea' id='block_1_66' title="bbox 2167 548 3787 621">
    <p class='ocr_par' dir='ltr' id='par_1_66' title="bbox 2167 548 3787 621">
     <span class='ocr_line' id='line_1_66' title="bbox 2167 548 3787 621; baseline 0.006 -20"><span class='ocrx_word' id='word_1_518' title='bbox 2167 557 2374 619; x_wconf 84' lang='lat' dir='ltr'><strong>propter</strong></span> <span class='ocrx_word' id='word_1_519' title='bbox 2400 557 2677 619; x_wconf 81' lang='lat' dir='ltr'><strong>peccatum.</strong></span> <span class='ocrx_word' id='word_1_520' title='bbox 2721 548 2827 605; x_wconf 89' lang='lat' dir='ltr'><strong>Sed</strong></span> <span class='ocrx_word' id='word_1_521' title='bbox 2878 550 3004 621; x_wconf 90' lang='lat' dir='ltr'><strong>quid</strong></span> <span class='ocrx_word' id='word_1_522' title='bbox 3051 551 3281 608; x_wconf 90' lang='lat' dir='ltr'><strong>futurum</strong></span> <span class='ocrx_word' id='word_1_523' title='bbox 3322 554 3444 610; x_wconf 87' lang='lat' dir='ltr'><strong>est?</strong></span> <span class='ocrx_word' id='word_1_524' title='bbox 3488 555 3555 613; x_wconf 85' lang='lat' dir='ltr'><strong>Si</strong></span> <span class='ocrx_word' id='word_1_525' title='bbox 3600 565 3787 611; x_wconf 74' lang='lat' dir='ltr'><strong>autem</strong></span> 
     </span>
    </p>
   </div>
   <div class='ocr_carea' id='block_1_67' title="bbox 2168 638 3787 715">
    <p class='ocr_par' dir='ltr' id='par_1_67' title="bbox 2168 638 3787 715">
     <span class='ocr_line' id='line_1_67' title="bbox 2168 638 3787 715; baseline 0.004 -20"><span class='ocrx_word' id='word_1_526' title='bbox 2168 638 2393 710; x_wconf 83' lang='lat' dir='ltr'><strong>Spiritus</strong></span> <span class='ocrx_word' id='word_1_527' title='bbox 2429 640 2537 711; x_wconf 87' lang='lat' dir='ltr'><strong>ejus</strong></span> <span class='ocrx_word' id='word_1_528' title='bbox 2564 640 2756 695; x_wconf 88' lang='lat' dir='ltr'><strong>habitat</strong></span> <span class='ocrx_word' id='word_1_529' title='bbox 2801 642 2855 695; x_wconf 87' lang='lat' dir='ltr'><strong>in</strong></span> <span class='ocrx_word' id='word_1_530' title='bbox 2895 642 3066 711; x_wconf 85' lang='lat' dir='ltr'><strong>vobis,</strong></span> <span class='ocrx_word' id='word_1_531' title='bbox 3115 645 3204 715; x_wconf 85' lang='lat' dir='ltr'><strong>qui</strong></span> <span class='ocrx_word' id='word_1_532' title='bbox 3226 648 3483 701; x_wconf 82' lang='lat' dir='ltr'><strong>suscitavit</strong></span> <span class='ocrx_word' id='word_1_533' title='bbox 3502 646 3787 703; x_wconf 81' lang='lat' dir='ltr'><strong>Christum</strong></span> 
     </span>
    </p>
   </div>
   <div class='ocr_carea' id='block_1_68' title="bbox 2168 730 3787 809">
    <p class='ocr_par' dir='ltr' id='par_1_68' title="bbox 2168 730 3787 809">
     <span class='ocr_line' id='line_1_68' title="bbox 2168 730 3787 809; baseline 0.006 -22"><span class='ocrx_word' id='word_1_534' title='bbox 2168 749 2231 788; x_wconf 81' lang='lat' dir='ltr'><strong>ea:</strong></span> <span class='ocrx_word' id='word_1_535' title='bbox 2256 735 2470 788; x_wconf 86' lang='lat' dir='ltr'><strong>mortuis</strong></span> <span class='ocrx_word' id='word_1_536' title='bbox 2490 775 2504 800; x_wconf 94' lang='lat'><strong>,</strong></span> <span class='ocrx_word' id='word_1_537' title='bbox 2537 733 2806 803; x_wconf 78' lang='lat' dir='ltr'><strong>viviﬁcabit</strong></span> <span class='ocrx_word' id='word_1_538' title='bbox 2833 744 2880 790; x_wconf 82' lang='lat' dir='ltr'><strong>et</strong></span> <span class='ocrx_word' id='word_1_539' title='bbox 2907 730 3151 791; x_wconf 82' lang='lat' dir='ltr'><strong>mortalia</strong></span> <span class='ocrx_word' id='word_1_540' title='bbox 3167 753 3380 809; x_wconf 79' lang='lat' dir='ltr'><strong>corpora</strong></span> <span class='ocrx_word' id='word_1_541' title='bbox 3405 749 3601 807; x_wconf 80' lang='lat' dir='ltr'><strong>uestra,</strong></span> <span class='ocrx_word' id='word_1_542' title='bbox 3649 757 3787 809; x_wconf 82' lang='lat' dir='ltr'><strong>pro-</strong></span> 
     </span>
    </p>
   </div>
   <div class='ocr_carea' id='block_1_69' title="bbox 2169 826 3786 903">
    <p class='ocr_par' dir='ltr' id='par_1_69' title="bbox 2169 826 3786 903">
     <span class='ocr_line' id='line_1_69' title="bbox 2169 826 3786 903; baseline 0.006 -24"><span class='ocrx_word' id='word_1_543' title='bbox 2169 835 2279 896; x_wconf 84' lang='lat' dir='ltr'><strong>pter</strong></span> <span class='ocrx_word' id='word_1_544' title='bbox 2305 826 2555 896; x_wconf 85' lang='lat' dir='ltr'><strong>Spiritum</strong></span> <span class='ocrx_word' id='word_1_545' title='bbox 2591 829 2701 898; x_wconf 86' lang='lat' dir='ltr'><strong>ejus</strong></span> <span class='ocrx_word' id='word_1_546' title='bbox 2725 828 2811 895; x_wconf 88' lang='lat' dir='ltr'><strong>qui</strong></span> <span class='ocrx_word' id='word_1_547' title='bbox 2837 828 3029 883; x_wconf 83' lang='lat' dir='ltr'><strong>habitat</strong></span> <span class='ocrx_word' id='word_1_548' title='bbox 3057 829 3111 883; x_wconf 88' lang='lat' dir='ltr'><strong>in</strong></span> <span class='ocrx_word' id='word_1_549' title='bbox 3149 829 3287 886; x_wconf 82' lang='lat' dir='ltr'><strong>vobis</strong></span> <span class='ocrx_word' id='word_1_550' title='bbox 3313 830 3485 903; x_wconf 81' lang='lat' dir='ltr'><strong>(Rom.</strong></span> <span class='ocrx_word' id='word_1_551' title='bbox 3524 849 3653 899; x_wconf 85' lang='lat' dir='ltr'><strong>vm,</strong></span> <span class='ocrx_word' id='word_1_552' title='bbox 3687 831 3786 901; x_wconf 70' lang='grc'><strong>10,</strong></span> 
     </span>
    </p>
   </div>
   <div class='ocr_carea' id='block_1_70' title="bbox 2169 916 3790 989">
    <p class='ocr_par' dir='ltr' id='par_1_70' title="bbox 2169 916 3790 989">
     <span class='ocr_line' id='line_1_70' title="bbox 2169 916 3790 989; baseline 0.004 -15"><span class='ocrx_word' id='word_1_553' title='bbox 2169 918 2281 989; x_wconf 81' lang='grc' dir='ltr'><strong>Η).</strong></span> <span class='ocrx_word' id='word_1_554' title='bbox 2309 916 2441 973; x_wconf 91' lang='lat' dir='ltr'><strong>Cum</strong></span> <span class='ocrx_word' id='word_1_555' title='bbox 2472 933 2600 989; x_wconf 89' lang='lat' dir='ltr'><strong>ergo</strong></span> <span class='ocrx_word' id='word_1_556' title='bbox 2626 919 2885 976; x_wconf 88' lang='lat' dir='ltr'><strong>viviﬁeata</strong></span> <span class='ocrx_word' id='word_1_557' title='bbox 2914 920 3111 976; x_wconf 81' lang='lat' dir='ltr'><strong>fuerint</strong></span> <span class='ocrx_word' id='word_1_558' title='bbox 3136 922 3374 977; x_wconf 90' lang='lat' dir='ltr'><strong>membra</strong></span> <span class='ocrx_word' id='word_1_559' title='bbox 3398 933 3592 980; x_wconf 87' lang='lat' dir='ltr'><strong>nostra</strong></span> <span class='ocrx_word' id='word_1_560' title='bbox 3626 940 3790 981; x_wconf 84' lang='lat' dir='ltr'><strong>mor-</strong></span> 
     </span>
    </p>
   </div>
   <div class='ocr_carea' id='block_1_71' title="bbox 2171 1011 3793 1085">
    <p class='ocr_par' dir='ltr' id='par_1_71' title="bbox 2171 1011 3793 1085">
     <span class='ocr_line' id='line_1_71' title="bbox 2171 1011 3793 1085; baseline 0.004 -19"><span class='ocrx_word' id='word_1_561' title='bbox 2171 1012 2331 1081; x_wconf 89' lang='lat' dir='ltr'><strong>talia,</strong></span> <span class='ocrx_word' id='word_1_562' title='bbox 2359 1012 2467 1083; x_wconf 88' lang='lat' dir='ltr'><strong>jam</strong></span> <span class='ocrx_word' id='word_1_563' title='bbox 2509 1011 2640 1067; x_wconf 88' lang='lat' dir='ltr'><strong>nihil</strong></span> <span class='ocrx_word' id='word_1_564' title='bbox 2685 1013 2897 1069; x_wconf 87' lang='lat' dir='ltr'><strong>resistet</strong></span> <span class='ocrx_word' id='word_1_565' title='bbox 2945 1013 3153 1085; x_wconf 88' lang='lat' dir='ltr'><strong>spiritui</strong></span> <span class='ocrx_word' id='word_1_566' title='bbox 3198 1022 3402 1071; x_wconf 89' lang='lat' dir='ltr'><strong>nostro.</strong></span> <span class='ocrx_word' id='word_1_567' title='bbox 3444 1015 3569 1071; x_wconf 88' lang='lat' dir='ltr'><strong>Non</strong></span> <span class='ocrx_word' id='word_1_568' title='bbox 3603 1014 3793 1073; x_wconf 82' lang='lat' dir='ltr'><strong>fames</strong></span> 
     </span>
    </p>
   </div>
   <div class='ocr_carea' id='block_1_72' title="bbox 2171 1104 3793 1180">
    <p class='ocr_par' dir='ltr' id='par_1_72' title="bbox 2171 1104 3793 1180">
     <span class='ocr_line' id='line_1_72' title="bbox 2171 1104 3793 1180; baseline 0.004 -22"><span class='ocrx_word' id='word_1_569' title='bbox 2171 1106 2292 1170; x_wconf 89' lang='lat' dir='ltr'><strong>erit,</strong></span> <span class='ocrx_word' id='word_1_570' title='bbox 2327 1119 2434 1160; x_wconf 92' lang='lat' dir='ltr'><strong>non</strong></span> <span class='ocrx_word' id='word_1_571' title='bbox 2458 1104 2575 1161; x_wconf 88' lang='lat' dir='ltr'><strong>sitis</strong></span> <span class='ocrx_word' id='word_1_572' title='bbox 2604 1105 2740 1171; x_wconf 89' lang='lat' dir='ltr'><strong>erit,</strong></span> <span class='ocrx_word' id='word_1_573' title='bbox 2787 1105 2905 1176; x_wconf 90' lang='lat' dir='ltr'><strong>quia</strong></span> <span class='ocrx_word' id='word_1_574' title='bbox 2936 1105 3001 1162; x_wconf 89' lang='lat' dir='ltr'><strong>de</strong></span> <span class='ocrx_word' id='word_1_575' title='bbox 3026 1108 3367 1177; x_wconf 89' lang='lat' dir='ltr'><strong>corruptione</strong></span> <span class='ocrx_word' id='word_1_576' title='bbox 3391 1108 3650 1180; x_wconf 87' lang='lat' dir='ltr'><strong>corporis</strong></span> <span class='ocrx_word' id='word_1_577' title='bbox 3683 1108 3793 1165; x_wconf 82' lang='lat' dir='ltr'><strong>ista</strong></span> 
     </span>
    </p>
   </div>
   <div class='ocr_carea' id='block_1_73' title="bbox 2172 1197 3793 1269">
    <p class='ocr_par' dir='ltr' id='par_1_73' title="bbox 2172 1197 3793 1269">
     <span class='ocr_line' id='line_1_73' title="bbox 2172 1197 3793 1269; baseline 0.004 -17"><span class='ocrx_word' id='word_1_578' title='bbox 2172 1206 2482 1253; x_wconf 91' lang='lat' dir='ltr'><strong>nascuntur.</strong></span> <span class='ocrx_word' id='word_1_579' title='bbox 2518 1197 2642 1253; x_wconf 89' lang='lat' dir='ltr'><strong>Ideo</strong></span> <span class='ocrx_word' id='word_1_580' title='bbox 2672 1197 2867 1264; x_wconf 85' lang='lat' dir='ltr'><strong>reficis,</strong></span> <span class='ocrx_word' id='word_1_581' title='bbox 2892 1198 3011 1268; x_wconf 90' lang='lat' dir='ltr'><strong>quia</strong></span> <span class='ocrx_word' id='word_1_582' title='bbox 3040 1213 3069 1253; x_wconf 89' lang='lat' dir='ltr'><strong>a</strong></span> <span class='ocrx_word' id='word_1_583' title='bbox 3097 1207 3148 1254; x_wconf 90' lang='lat' dir='ltr'><strong>te</strong></span> <span class='ocrx_word' id='word_1_584' title='bbox 3174 1199 3373 1269; x_wconf 90' lang='lat' dir='ltr'><strong>aliquid</strong></span> <span class='ocrx_word' id='word_1_585' title='bbox 3397 1200 3608 1257; x_wconf 90' lang='lat' dir='ltr'><strong>deﬁcit.</strong></span> <span class='ocrx_word' id='word_1_586' title='bbox 3634 1201 3793 1258; x_wconf 83' lang='lat' dir='ltr'><strong>Con-</strong></span> 
     </span>
    </p>
   </div>
   <div class='ocr_carea' id='block_1_74' title="bbox 2172 1292 3795 1367">
    <p class='ocr_par' dir='ltr' id='par_1_74' title="bbox 2172 1292 3795 1367">
     <span class='ocr_line' id='line_1_74' title="bbox 2172 1292 3795 1367; baseline 0.002 -19"><span class='ocrx_word' id='word_1_587' title='bbox 2172 1293 2516 1365; x_wconf 80' lang='lat' dir='ltr'><strong>cupiscentiae</strong></span> <span class='ocrx_word' id='word_1_588' title='bbox 2543 1292 2954 1348; x_wconf 89' lang='lat' dir='ltr'><strong>delectationum</strong></span> <span class='ocrx_word' id='word_1_589' title='bbox 2994 1293 3287 1349; x_wconf 82' lang='lat' dir='ltr'><strong>carnalium</strong></span> <span class='ocrx_word' id='word_1_590' title='bbox 3318 1304 3504 1351; x_wconf 90' lang='lat' dir='ltr'><strong>contra</strong></span> <span class='ocrx_word' id='word_1_591' title='bbox 3542 1310 3655 1351; x_wconf 90' lang='lat' dir='ltr'><strong>nos</strong></span> <span class='ocrx_word' id='word_1_592' title='bbox 3686 1310 3795 1367; x_wconf 85' lang='lat' dir='ltr'><strong>pu-</strong></span> 
     </span>
    </p>
   </div>
   <div class='ocr_carea' id='block_1_75' title="bbox 2171 1384 3796 1458">
    <p class='ocr_par' dir='ltr' id='par_1_75' title="bbox 2171 1384 3796 1458">
     <span class='ocr_line' id='line_1_75' title="bbox 2171 1384 3796 1458; baseline 0.004 -19"><span class='ocrx_word' id='word_1_593' title='bbox 2171 1394 2353 1455; x_wconf 86' lang='lat' dir='ltr'><strong>gnant.</strong></span> <span class='ocrx_word' id='word_1_594' title='bbox 2400 1384 2622 1440; x_wconf 79' lang='lat' dir='ltr'><strong>Mortem</strong></span> <span class='ocrx_word' id='word_1_595' title='bbox 2661 1393 2934 1455; x_wconf 89' lang='lat' dir='ltr'><strong>portamus</strong></span> <span class='ocrx_word' id='word_1_596' title='bbox 2982 1385 3290 1441; x_wconf 85' lang='lat' dir='ltr'><strong>infirmitate</strong></span> <span class='ocrx_word' id='word_1_597' title='bbox 3313 1388 3329 1418; x_wconf 83' lang='grc'>¹</span> <span class='ocrx_word' id='word_1_598' title='bbox 3365 1387 3617 1458; x_wconf 89' lang='lat' dir='ltr'><strong>corporis</strong></span> <span class='ocrx_word' id='word_1_599' title='bbox 3648 1388 3796 1446; x_wconf 77' lang='lat' dir='ltr'><strong>:sed</strong></span> 
     </span>
    </p>
   </div>
   <div class='ocr_carea' id='block_1_76' title="bbox 2174 1479 3795 1551">
    <p class='ocr_par' dir='ltr' id='par_1_76' title="bbox 2174 1479 3795 1551">
     <span class='ocr_line' id='line_1_76' title="bbox 2174 1479 3795 1551; baseline 0.002 -17"><span class='ocrx_word' id='word_1_600' title='bbox 2174 1494 2296 1534; x_wconf 88' lang='lat' dir='ltr'><strong>cum</strong></span> <span class='ocrx_word' id='word_1_601' title='bbox 2328 1494 2472 1534; x_wconf 91' lang='lat' dir='ltr'><strong>mors</strong></span> <span class='ocrx_word' id='word_1_602' title='bbox 2500 1479 2612 1551; x_wconf 88' lang='lat' dir='ltr'><strong>ipsa</strong></span> <span class='ocrx_word' id='word_1_603' title='bbox 2640 1493 2895 1533; x_wconf 90' lang='lat' dir='ltr'><strong>conversa</strong></span> <span class='ocrx_word' id='word_1_604' title='bbox 2927 1479 3080 1533; x_wconf 89' lang='lat' dir='ltr'><strong>fuerit</strong></span> <span class='ocrx_word' id='word_1_605' title='bbox 3102 1480 3153 1534; x_wconf 93' lang='lat' dir='ltr'><strong>in</strong></span> <span class='ocrx_word' id='word_1_606' title='bbox 3185 1480 3329 1534; x_wconf 90' lang='lat' dir='ltr'><strong>illam</strong></span> <span class='ocrx_word' id='word_1_607' title='bbox 3353 1480 3795 1539; x_wconf 82' lang='lat' dir='ltr'><strong>incommutabi-</strong></span> 
     </span>
    </p>
   </div>
   <div class='ocr_carea' id='block_1_77' title="bbox 2173 1571 3791 1647">
    <p class='ocr_par' dir='ltr' id='par_1_77' title="bbox 2173 1571 3791 1647">
     <span class='ocr_line' id='line_1_77' title="bbox 2173 1571 3791 1647; baseline 0.006 -23"><span class='ocrx_word' id='word_1_608' title='bbox 2173 1571 2378 1628; x_wconf 89' lang='lat' dir='ltr'><strong>litatem</strong></span> <span class='ocrx_word' id='word_1_609' title='bbox 2402 1615 2416 1639; x_wconf 94' lang='lat'><strong>,</strong></span> <span class='ocrx_word' id='word_1_610' title='bbox 2446 1581 2499 1627; x_wconf 93' lang='lat' dir='ltr'><strong>et</strong></span> <span class='ocrx_word' id='word_1_611' title='bbox 2524 1572 2869 1640; x_wconf 89' lang='lat' dir='ltr'><strong>corruptibile</strong></span> <span class='ocrx_word' id='word_1_612' title='bbox 2896 1571 2996 1627; x_wconf 94' lang='lat' dir='ltr'><strong>hoc</strong></span> <span class='ocrx_word' id='word_1_613' title='bbox 3028 1572 3259 1628; x_wconf 90' lang='lat' dir='ltr'><strong>induerit</strong></span> <span class='ocrx_word' id='word_1_614' title='bbox 3285 1574 3791 1647; x_wconf 74' lang='lat' dir='ltr'><strong>incorruptionem,</strong></span> 
     </span>
    </p>
   </div>
   <div class='ocr_carea' id='block_1_78' title="bbox 2174 1664 3795 1739">
    <p class='ocr_par' dir='ltr' id='par_1_78' title="bbox 2174 1664 3795 1739">
     <span class='ocr_line' id='line_1_78' title="bbox 2174 1664 3795 1739; baseline 0.006 -20"><span class='ocrx_word' id='word_1_615' title='bbox 2174 1674 2229 1720; x_wconf 90' lang='lat' dir='ltr'><strong>et</strong></span> <span class='ocrx_word' id='word_1_616' title='bbox 2266 1665 2494 1720; x_wconf 88' lang='lat' dir='ltr'><strong>mortale</strong></span> <span class='ocrx_word' id='word_1_617' title='bbox 2524 1666 2626 1720; x_wconf 90' lang='lat' dir='ltr'><strong>hoc</strong></span> <span class='ocrx_word' id='word_1_618' title='bbox 2664 1664 2897 1720; x_wconf 89' lang='lat' dir='ltr'><strong>induerit</strong></span> <span class='ocrx_word' id='word_1_619' title='bbox 2927 1666 3404 1735; x_wconf 88' lang='lat' dir='ltr'><strong>immortalitatem,</strong></span> <span class='ocrx_word' id='word_1_620' title='bbox 3433 1668 3561 1739; x_wconf 89' lang='lat' dir='ltr'><strong>quid</strong></span> <span class='ocrx_word' id='word_1_621' title='bbox 3590 1670 3795 1729; x_wconf 86' lang='lat' dir='ltr'><strong>audiet</strong></span> 
     </span>
    </p>
   </div>
   <div class='ocr_carea' id='block_1_79' title="bbox 2176 1759 3791 1831">
    <p class='ocr_par' dir='ltr' id='par_1_79' title="bbox 2176 1759 3791 1831">
     <span class='ocr_line' id='line_1_79' title="bbox 2176 1759 3791 1831; baseline 0.003 -16"><span class='ocrx_word' id='word_1_622' title='bbox 2176 1769 2304 1815; x_wconf 92' lang='lat' dir='ltr'><strong>tunc</strong></span> <span class='ocrx_word' id='word_1_623' title='bbox 2334 1760 2516 1814; x_wconf 87' lang='lat' dir='ltr'><strong>mors?</strong></span> <span class='ocrx_word' id='word_1_624' title='bbox 2548 1759 2645 1815; x_wconf 88' lang='lat' dir='ltr'><strong>Ubi</strong></span> <span class='ocrx_word' id='word_1_625' title='bbox 2665 1770 2759 1825; x_wconf 87' lang='lat' dir='ltr'><strong>est,</strong></span> <span class='ocrx_word' id='word_1_626' title='bbox 2785 1776 2938 1823; x_wconf 88' lang='lat' dir='ltr'><strong>mors,</strong></span> <span class='ocrx_word' id='word_1_627' title='bbox 2964 1762 3214 1815; x_wconf 87' lang='lat' dir='ltr'><strong>contentio</strong></span> <span class='ocrx_word' id='word_1_628' title='bbox 3240 1762 3467 1817; x_wconf 80' lang='lat' dir='ltr'><strong>tua.’ubi</strong></span> <span class='ocrx_word' id='word_1_629' title='bbox 3486 1773 3586 1829; x_wconf 87' lang='lat' dir='ltr'><strong>est,</strong></span> <span class='ocrx_word' id='word_1_630' title='bbox 3612 1781 3791 1831; x_wconf 86' lang='lat' dir='ltr'><strong>mors,</strong></span> 
     </span>
    </p>
   </div>
   <div class='ocr_carea' id='block_1_80' title="bbox 2175 1851 3795 1919">
    <p class='ocr_par' dir='ltr' id='par_1_80' title="bbox 2175 1851 3795 1919">
     <span class='ocr_line' id='line_1_80' title="bbox 2175 1851 3795 1919; baseline 0.004 -12"><span class='ocrx_word' id='word_1_631' title='bbox 2175 1853 2380 1907; x_wconf 77' lang='lat' dir='ltr'><strong>aculeus</strong></span> <span class='ocrx_word' id='word_1_632' title='bbox 2408 1852 2566 1906; x_wconf 86' lang='lat' dir='ltr'><strong>tuus?</strong></span> <span class='ocrx_word' id='word_1_633' title='bbox 2592 1851 2657 1906; x_wconf 89' lang='lat' dir='ltr'><strong>Et</strong></span> <span class='ocrx_word' id='word_1_634' title='bbox 2686 1851 2824 1907; x_wconf 86' lang='lat' dir='ltr'><strong>forte</strong></span> <span class='ocrx_word' id='word_1_635' title='bbox 2860 1855 3085 1907; x_wconf 91' lang='lat' dir='ltr'><strong>moritur</strong></span> <span class='ocrx_word' id='word_1_636' title='bbox 3110 1896 3122 1919; x_wconf 89' lang='lat'><strong>,</strong></span> <span class='ocrx_word' id='word_1_637' title='bbox 3173 1862 3227 1908; x_wconf 92' lang='lat' dir='ltr'><strong>et</strong></span> <span class='ocrx_word' id='word_1_638' title='bbox 3269 1853 3475 1910; x_wconf 89' lang='lat' dir='ltr'><strong>dicetur</strong></span> <span class='ocrx_word' id='word_1_639' title='bbox 3502 1875 3512 1910; x_wconf 95' lang='lat'>:</span> <span class='ocrx_word' id='word_1_640' title='bbox 3544 1855 3795 1914; x_wconf 78' lang='lat' dir='ltr'><strong>Restant</strong></span> 
     </span>
    </p>
   </div>
   <div class='ocr_carea' id='block_1_81' title="bbox 2177 1942 3790 2014">
    <p class='ocr_par' dir='ltr' id='par_1_81' title="bbox 2177 1942 3790 2014">
     <span class='ocr_line' id='line_1_81' title="bbox 2177 1942 3790 2014; baseline 0.003 -17"><span class='ocrx_word' id='word_1_641' title='bbox 2177 1944 2336 2014; x_wconf 90' lang='lat' dir='ltr'><strong>aliqui</strong></span> <span class='ocrx_word' id='word_1_642' title='bbox 2368 1942 2606 1997; x_wconf 85' lang='lat' dir='ltr'><strong>inimici?</strong></span> <span class='ocrx_word' id='word_1_643' title='bbox 2636 1943 2780 2008; x_wconf 85' lang='lat' dir='ltr'><strong>Non;</strong></span> <span class='ocrx_word' id='word_1_644' title='bbox 2816 1946 3055 2013; x_wconf 90' lang='lat' dir='ltr'><strong>sequitur</strong></span> <span class='ocrx_word' id='word_1_645' title='bbox 3084 1946 3355 1999; x_wconf 81' lang='lat' dir='ltr'><strong>novissima</strong></span> <span class='ocrx_word' id='word_1_646' title='bbox 3381 1947 3590 2001; x_wconf 86' lang='lat' dir='ltr'><strong>inimica</strong></span> <span class='ocrx_word' id='word_1_647' title='bbox 3613 1964 3790 2005; x_wconf 82' lang='lat' dir='ltr'><strong>mors.</strong></span> 
     </span>
    </p>
   </div>
   <div class='ocr_carea' id='block_1_82' title="bbox 2179 2034 3792 2099">
    <p class='ocr_par' dir='ltr' id='par_1_82' title="bbox 2179 2034 3792 2099">
     <span class='ocr_line' id='line_1_82' title="bbox 2179 2034 3792 2099; baseline 0.004 -9"><span class='ocrx_word' id='word_1_648' title='bbox 2179 2035 2312 2090; x_wconf 88' lang='lat' dir='ltr'><strong>Cum</strong></span> <span class='ocrx_word' id='word_1_649' title='bbox 2347 2035 2459 2089; x_wconf 82' lang='lat' dir='ltr'><strong>haec</strong></span> <span class='ocrx_word' id='word_1_650' title='bbox 2485 2035 2753 2091; x_wconf 89' lang='lat' dir='ltr'><strong>destructa</strong></span> <span class='ocrx_word' id='word_1_651' title='bbox 2786 2034 2976 2099; x_wconf 89' lang='lat' dir='ltr'><strong>fuerit,</strong></span> <span class='ocrx_word' id='word_1_652' title='bbox 3011 2037 3381 2094; x_wconf 88' lang='lat' dir='ltr'><strong>immortalitas</strong></span> <span class='ocrx_word' id='word_1_653' title='bbox 3411 2040 3693 2097; x_wconf 87' lang='lat' dir='ltr'><strong>succedet.</strong></span> <span class='ocrx_word' id='word_1_654' title='bbox 3730 2041 3792 2097; x_wconf 88' lang='lat' dir='ltr'><strong>Si</strong></span> 
     </span>
    </p>
   </div>
   <div class='ocr_carea' id='block_1_83' title="bbox 2178 2128 3793 2199">
    <p class='ocr_par' dir='ltr' id='par_1_83' title="bbox 2178 2128 3793 2199">
     <span class='ocr_line' id='line_1_83' title="bbox 2178 2128 3793 2199; baseline 0.005 -16"><span class='ocrx_word' id='word_1_655' title='bbox 2178 2128 2353 2183; x_wconf 87' lang='lat' dir='ltr'><strong>nullus</strong></span> <span class='ocrx_word' id='word_1_656' title='bbox 2396 2130 2498 2184; x_wconf 89' lang='lat' dir='ltr'><strong>erit</strong></span> <span class='ocrx_word' id='word_1_657' title='bbox 2522 2128 2764 2183; x_wconf 86' lang='lat' dir='ltr'><strong>inimicus</strong></span> <span class='ocrx_word' id='word_1_658' title='bbox 2790 2170 2804 2193; x_wconf 94' lang='lat'><strong>,</strong></span> <span class='ocrx_word' id='word_1_659' title='bbox 2853 2128 3003 2199; x_wconf 90' lang='lat' dir='ltr'><strong>quasi</strong></span> <span class='ocrx_word' id='word_1_660' title='bbox 3035 2130 3303 2185; x_wconf 86' lang='lat' dir='ltr'><strong>novissima</strong></span> <span class='ocrx_word' id='word_1_661' title='bbox 3331 2132 3615 2188; x_wconf 85' lang='lat' dir='ltr'><strong>destruetur</strong></span> <span class='ocrx_word' id='word_1_662' title='bbox 3638 2151 3793 2191; x_wconf 81' lang='lat' dir='ltr'><strong>mors</strong></span> 
     </span>
    </p>
   </div>
   <div class='ocr_carea' id='block_1_84' title="bbox 2181 2223 3792 2294">
    <p class='ocr_par' dir='ltr' id='par_1_84' title="bbox 2181 2223 3792 2294">
     <span class='ocr_line' id='line_1_84' title="bbox 2181 2223 3792 2294; baseline 0.004 -17"><span class='ocrx_word' id='word_1_663' title='bbox 2181 2223 2224 2291; x_wconf 88' lang='grc' dir='ltr'><strong>(Ι</strong></span> <span class='ocrx_word' id='word_1_664' title='bbox 2252 2223 2369 2278; x_wconf 88' lang='lat' dir='ltr'><strong>Cor.</strong></span> <span class='ocrx_word' id='word_1_665' title='bbox 2396 2240 2483 2289; x_wconf 82' lang='lat' dir='ltr'><strong>xv,</strong></span> <span class='ocrx_word' id='word_1_666' title='bbox 2514 2224 2602 2291; x_wconf 75' lang='lat'><strong>55,</strong></span> <span class='ocrx_word' id='word_1_667' title='bbox 2631 2224 2722 2291; x_wconf 77' lang='grc'><strong>54,</strong></span> <span class='ocrx_word' id='word_1_668' title='bbox 2756 2224 2845 2287; x_wconf 79' lang='grc'><strong>55,</strong></span> <span class='ocrx_word' id='word_1_669' title='bbox 2880 2223 2992 2294; x_wconf 72' lang='grc'><strong>26).</strong></span> <span class='ocrx_word' id='word_1_670' title='bbox 3026 2223 3231 2280; x_wconf 90' lang='lat' dir='ltr'><strong>Bonum</strong></span> <span class='ocrx_word' id='word_1_671' title='bbox 3275 2235 3515 2282; x_wconf 86' lang='lat' dir='ltr'><strong>nostrum</strong></span> <span class='ocrx_word' id='word_1_672' title='bbox 3542 2228 3630 2283; x_wconf 90' lang='lat' dir='ltr'><strong>cui</strong></span> <span class='ocrx_word' id='word_1_673' title='bbox 3694 2244 3792 2284; x_wconf 89' lang='lat' dir='ltr'><strong>su-</strong></span> 
     </span>
    </p>
   </div>
   <div class='ocr_carea' id='block_1_85' title="bbox 2179 2314 3789 2393">
    <p class='ocr_par' dir='ltr' id='par_1_85' title="bbox 2179 2314 3789 2393">
     <span class='ocr_line' id='line_1_85' title="bbox 2179 2314 3789 2393; baseline 0.005 -24"><span class='ocrx_word' id='word_1_674' title='bbox 2179 2315 2476 2385; x_wconf 88' lang='lat' dir='ltr'><strong>spiramus,</strong></span> <span class='ocrx_word' id='word_1_675' title='bbox 2509 2330 2610 2385; x_wconf 86' lang='lat' dir='ltr'><strong>pax</strong></span> <span class='ocrx_word' id='word_1_676' title='bbox 2651 2315 2770 2369; x_wconf 85' lang='lat' dir='ltr'><strong>erit.</strong></span> <span class='ocrx_word' id='word_1_677' title='bbox 2796 2314 2936 2371; x_wconf 84' lang='lat' dir='ltr'><strong>Ecce</strong></span> <span class='ocrx_word' id='word_1_678' title='bbox 2986 2316 3183 2370; x_wconf 91' lang='lat' dir='ltr'><strong>bonum</strong></span> <span class='ocrx_word' id='word_1_679' title='bbox 3210 2358 3224 2382; x_wconf 95' lang='lat'><strong>,</strong></span> <span class='ocrx_word' id='word_1_680' title='bbox 3267 2316 3477 2385; x_wconf 89' lang='lat' dir='ltr'><strong>fratres,</strong></span> <span class='ocrx_word' id='word_1_681' title='bbox 3520 2336 3789 2393; x_wconf 86' lang='lat' dir='ltr'><strong>magnum</strong></span> 
     </span>
    </p>
   </div>
   <div class='ocr_carea' id='block_1_86' title="bbox 2181 2406 3789 2480">
    <p class='ocr_par' dir='ltr' id='par_1_86' title="bbox 2181 2406 3789 2480">
     <span class='ocr_line' id='line_1_86' title="bbox 2181 2406 3789 2480; baseline 0.007 -21"><span class='ocrx_word' id='word_1_682' title='bbox 2181 2406 2377 2460; x_wconf 90' lang='lat' dir='ltr'><strong>bonum</strong></span> <span class='ocrx_word' id='word_1_683' title='bbox 2412 2423 2508 2476; x_wconf 91' lang='lat' dir='ltr'><strong>pax</strong></span> <span class='ocrx_word' id='word_1_684' title='bbox 2538 2416 2776 2461; x_wconf 89' lang='lat' dir='ltr'><strong>vocatur.</strong></span> <span class='ocrx_word' id='word_1_685' title='bbox 2818 2407 3150 2475; x_wconf 81' lang='lat' dir='ltr'><strong>Quaerebatis</strong></span> <span class='ocrx_word' id='word_1_686' title='bbox 3177 2410 3301 2480; x_wconf 91' lang='lat' dir='ltr'><strong>quid</strong></span> <span class='ocrx_word' id='word_1_687' title='bbox 3324 2421 3607 2467; x_wconf 87' lang='lat' dir='ltr'><strong>vocaretur</strong></span> <span class='ocrx_word' id='word_1_688' title='bbox 3631 2432 3645 2467; x_wconf 91' lang='lat'>:</span> <span class='ocrx_word' id='word_1_689' title='bbox 3674 2416 3789 2470; x_wconf 77' lang='lat' dir='ltr'><strong>Au-</strong></span> 
     </span>
    </p>
   </div>
   <div class='ocr_carea' id='block_1_87' title="bbox 2182 2499 3788 2569">
    <p class='ocr_par' dir='ltr' id='par_1_87' title="bbox 2182 2499 3788 2569">
     <span class='ocr_line' id='line_1_87' title="bbox 2182 2499 3788 2569; baseline 0.007 -17"><span class='ocrx_word' id='word_1_690' title='bbox 2182 2514 2299 2553; x_wconf 89' lang='lat' dir='ltr'><strong>rum</strong></span> <span class='ocrx_word' id='word_1_691' title='bbox 2328 2506 2429 2564; x_wconf 92' lang='lat' dir='ltr'><strong>est,</strong></span> <span class='ocrx_word' id='word_1_692' title='bbox 2477 2507 2754 2569; x_wconf 82' lang='lat' dir='ltr'><strong>argentum</strong></span> <span class='ocrx_word' id='word_1_693' title='bbox 2796 2508 2913 2565; x_wconf 92' lang='lat' dir='ltr'><strong>est,</strong></span> <span class='ocrx_word' id='word_1_694' title='bbox 2955 2515 3022 2555; x_wconf 88' lang='lat' dir='ltr'><strong>an</strong></span> <span class='ocrx_word' id='word_1_695' title='bbox 3076 2499 3287 2565; x_wconf 88' lang='lat' dir='ltr'><strong>fundus,</strong></span> <span class='ocrx_word' id='word_1_696' title='bbox 3335 2518 3401 2558; x_wconf 90' lang='lat' dir='ltr'><strong>an</strong></span> <span class='ocrx_word' id='word_1_697' title='bbox 3435 2505 3643 2560; x_wconf 88' lang='lat' dir='ltr'><strong>vestis?</strong></span> <span class='ocrx_word' id='word_1_698' title='bbox 3672 2507 3788 2564; x_wconf 81' lang='lat' dir='ltr'><strong>Pax</strong></span> 
     </span>
    </p>
   </div>
   <div class='ocr_carea' id='block_1_88' title="bbox 2183 2586 3786 2663">
    <p class='ocr_par' dir='ltr' id='par_1_88' title="bbox 2183 2586 3786 2663">
     <span class='ocr_line' id='line_1_88' title="bbox 2183 2586 3786 2663; baseline 0.005 -19"><span class='ocrx_word' id='word_1_699' title='bbox 2183 2596 2267 2644; x_wconf 86' lang='lat' dir='ltr'><strong>est</strong></span> <span class='ocrx_word' id='word_1_700' title='bbox 2291 2606 2303 2642; x_wconf 93' lang='lat'>:</span> <span class='ocrx_word' id='word_1_701' title='bbox 2330 2602 2434 2642; x_wconf 92' lang='lat' dir='ltr'><strong>non</strong></span> <span class='ocrx_word' id='word_1_702' title='bbox 2467 2604 2565 2657; x_wconf 82' lang='lat' dir='ltr'><strong>pax</strong></span> <span class='ocrx_word' id='word_1_703' title='bbox 2608 2590 2818 2659; x_wconf 92' lang='lat' dir='ltr'><strong>qualem</strong></span> <span class='ocrx_word' id='word_1_704' title='bbox 2867 2589 3005 2644; x_wconf 89' lang='lat' dir='ltr'><strong>inter</strong></span> <span class='ocrx_word' id='word_1_705' title='bbox 3031 2606 3089 2647; x_wconf 90' lang='lat' dir='ltr'><strong>se</strong></span> <span class='ocrx_word' id='word_1_706' title='bbox 3118 2586 3315 2647; x_wconf 86' lang='lat' dir='ltr'><strong>habent</strong></span> <span class='ocrx_word' id='word_1_707' title='bbox 3343 2593 3588 2651; x_wconf 89' lang='lat' dir='ltr'><strong>homines</strong></span> <span class='ocrx_word' id='word_1_708' title='bbox 3608 2638 3624 2663; x_wconf 96' lang='lat'><strong>,</strong></span> <span class='ocrx_word' id='word_1_709' title='bbox 3655 2596 3786 2652; x_wconf 87' lang='lat' dir='ltr'><strong>inﬁ-</strong></span> 
     </span>
    </p>
   </div>
   <div class='ocr_carea' id='block_1_89' title="bbox 2185 2680 3787 2755">
    <p class='ocr_par' dir='ltr' id='par_1_89' title="bbox 2185 2680 3787 2755">
     <span class='ocr_line' id='line_1_89' title="bbox 2185 2680 3787 2755; baseline 0.007 -21"><span class='ocrx_word' id='word_1_710' title='bbox 2185 2680 2330 2745; x_wconf 89' lang='lat' dir='ltr'><strong>dam,</strong></span> <span class='ocrx_word' id='word_1_711' title='bbox 2361 2681 2684 2749; x_wconf 87' lang='lat' dir='ltr'><strong>instabilem,</strong></span> <span class='ocrx_word' id='word_1_712' title='bbox 2709 2681 3042 2749; x_wconf 90' lang='lat' dir='ltr'><strong>mutabilem,</strong></span> <span class='ocrx_word' id='word_1_713' title='bbox 3072 2683 3368 2750; x_wconf 90' lang='lat' dir='ltr'><strong>incertam;</strong></span> <span class='ocrx_word' id='word_1_714' title='bbox 3398 2701 3497 2740; x_wconf 90' lang='lat' dir='ltr'><strong>nec</strong></span> <span class='ocrx_word' id='word_1_715' title='bbox 3525 2702 3627 2755; x_wconf 81' lang='lat' dir='ltr'><strong>pax</strong></span> <span class='ocrx_word' id='word_1_716' title='bbox 3661 2689 3787 2745; x_wconf 87' lang='lat' dir='ltr'><strong>talis</strong></span> 
     </span>
    </p>
   </div>
   <div class='ocr_carea' id='block_1_90' title="bbox 2185 2771 3783 2844">
    <p class='ocr_par' dir='ltr' id='par_1_90' title="bbox 2185 2771 3783 2844">
     <span class='ocr_line' id='line_1_90' title="bbox 2185 2771 3783 2844; baseline 0.008 -19"><span class='ocrx_word' id='word_1_717' title='bbox 2185 2771 2397 2842; x_wconf 89' lang='lat' dir='ltr'><strong>qualem</strong></span> <span class='ocrx_word' id='word_1_718' title='bbox 2426 2788 2608 2827; x_wconf 88' lang='lat' dir='ltr'><strong>secum</strong></span> <span class='ocrx_word' id='word_1_719' title='bbox 2642 2772 2805 2828; x_wconf 87' lang='lat' dir='ltr'><strong>habet</strong></span> <span class='ocrx_word' id='word_1_720' title='bbox 2832 2774 2946 2844; x_wconf 91' lang='lat' dir='ltr'><strong>ipse</strong></span> <span class='ocrx_word' id='word_1_721' title='bbox 2981 2789 3116 2828; x_wconf 92' lang='lat' dir='ltr'><strong>unus</strong></span> <span class='ocrx_word' id='word_1_722' title='bbox 3145 2774 3325 2830; x_wconf 91' lang='lat' dir='ltr'><strong>homo.</strong></span> <span class='ocrx_word' id='word_1_723' title='bbox 3362 2776 3607 2833; x_wconf 80' lang='lat' dir='ltr'><strong>Diximus</strong></span> <span class='ocrx_word' id='word_1_724' title='bbox 3635 2780 3783 2837; x_wconf 90' lang='lat' dir='ltr'><strong>enim</strong></span> 
     </span>
    </p>
   </div>
   <div class='ocr_carea' id='block_1_91' title="bbox 2186 2866 3784 2938">
    <p class='ocr_par' dir='ltr' id='par_1_91' title="bbox 2186 2866 3784 2938">
     <span class='ocr_line' id='line_1_91' title="bbox 2186 2866 3784 2938; baseline 0.006 -19"><span class='ocrx_word' id='word_1_725' title='bbox 2186 2866 2308 2936; x_wconf 90' lang='lat' dir='ltr'><strong>quia</strong></span> <span class='ocrx_word' id='word_1_726' title='bbox 2339 2874 2393 2921; x_wconf 87' lang='lat' dir='ltr'><strong>et</strong></span> <span class='ocrx_word' id='word_1_727' title='bbox 2416 2881 2596 2921; x_wconf 88' lang='lat' dir='ltr'><strong>secum</strong></span> <span class='ocrx_word' id='word_1_728' title='bbox 2624 2874 2821 2936; x_wconf 86' lang='lat' dir='ltr'><strong>pugnat</strong></span> <span class='ocrx_word' id='word_1_729' title='bbox 2849 2866 3042 2933; x_wconf 91' lang='lat' dir='ltr'><strong>homo;</strong></span> <span class='ocrx_word' id='word_1_730' title='bbox 3076 2882 3351 2938; x_wconf 88' lang='lat' dir='ltr'><strong>usqueqtto</strong></span> <span class='ocrx_word' id='word_1_731' title='bbox 3376 2868 3559 2925; x_wconf 91' lang='lat' dir='ltr'><strong>domet</strong></span> <span class='ocrx_word' id='word_1_732' title='bbox 3585 2886 3784 2929; x_wconf 86' lang='lat' dir='ltr'><strong>omnes</strong></span> 
     </span>
    </p>
   </div>
   <div class='ocr_carea' id='block_1_92' title="bbox 2185 2957 3781 3031">
    <p class='ocr_par' dir='ltr' id='par_1_92' title="bbox 2185 2957 3781 3031">
     <span class='ocr_line' id='line_1_92' title="bbox 2185 2957 3781 3031; baseline 0.006 -20"><span class='ocrx_word' id='word_1_733' title='bbox 2185 2957 2522 3027; x_wconf 89' lang='lat' dir='ltr'><strong>cupiditates,</strong></span> <span class='ocrx_word' id='word_1_734' title='bbox 2566 2957 2740 3013; x_wconf 90' lang='lat' dir='ltr'><strong>adhuc</strong></span> <span class='ocrx_word' id='word_1_735' title='bbox 2783 2968 2997 3028; x_wconf 86' lang='lat' dir='ltr'><strong>pugnat.</strong></span> <span class='ocrx_word' id='word_1_736' title='bbox 3042 2958 3224 3025; x_wconf 87' lang='lat' dir='ltr'><strong>Qualis</strong></span> <span class='ocrx_word' id='word_1_737' title='bbox 3269 2976 3396 3031; x_wconf 87' lang='lat' dir='ltr'><strong>ergo</strong></span> <span class='ocrx_word' id='word_1_738' title='bbox 3437 2963 3583 3031; x_wconf 80' lang='lat' dir='ltr'><strong>pax?</strong></span> <span class='ocrx_word' id='word_1_739' title='bbox 3610 2963 3781 3030; x_wconf 86' lang='lat' dir='ltr'><strong>Quam</strong></span> 
     </span>
    </p>
   </div>
   <div class='ocr_carea' id='block_1_93' title="bbox 2184 3050 3782 3123">
    <p class='ocr_par' dir='ltr' id='par_1_93' title="bbox 2184 3050 3782 3123">
     <span class='ocr_line' id='line_1_93' title="bbox 2184 3050 3782 3123; baseline 0.005 -19"><span class='ocrx_word' id='word_1_740' title='bbox 2184 3051 2360 3104; x_wconf 88' lang='lat' dir='ltr'><strong>oculus</strong></span> <span class='ocrx_word' id='word_1_741' title='bbox 2404 3068 2505 3105; x_wconf 90' lang='lat' dir='ltr'><strong>non</strong></span> <span class='ocrx_word' id='word_1_742' title='bbox 2542 3050 2687 3117; x_wconf 83' lang='lat' dir='ltr'><strong>vidit,</strong></span> <span class='ocrx_word' id='word_1_743' title='bbox 2737 3067 2826 3104; x_wconf 88' lang='lat' dir='ltr'><strong>nec</strong></span> <span class='ocrx_word' id='word_1_744' title='bbox 2867 3051 3006 3105; x_wconf 84' lang='lat' dir='ltr'><strong>auris</strong></span> <span class='ocrx_word' id='word_1_745' title='bbox 3048 3052 3257 3105; x_wconf 86' lang='lat' dir='ltr'><strong>audivit.</strong></span> <span class='ocrx_word' id='word_1_746' title='bbox 3301 3052 3487 3119; x_wconf 81' lang='lat' dir='ltr'><strong>Qualis</strong></span> <span class='ocrx_word' id='word_1_747' title='bbox 3533 3054 3675 3123; x_wconf 83' lang='lat' dir='ltr'><strong>pax?</strong></span> <span class='ocrx_word' id='word_1_748' title='bbox 3706 3055 3782 3113; x_wconf 87' lang='lat' dir='ltr'><strong>De</strong></span> 
     </span>
    </p>
   </div>
   <div class='ocr_carea' id='block_1_94' title="bbox 2184 3143 3775 3217">
    <p class='ocr_par' dir='ltr' id='par_1_94' title="bbox 2184 3143 3775 3217">
     <span class='ocr_line' id='line_1_94' title="bbox 2184 3143 3775 3217; baseline 0.003 -18"><span class='ocrx_word' id='word_1_749' title='bbox 2184 3144 2501 3211; x_wconf 87' lang='lat' dir='ltr'><strong>Jerusalem,</strong></span> <span class='ocrx_word' id='word_1_750' title='bbox 2532 3144 2653 3215; x_wconf 90' lang='lat' dir='ltr'><strong>quia</strong></span> <span class='ocrx_word' id='word_1_751' title='bbox 2680 3143 2973 3199; x_wconf 89' lang='lat' dir='ltr'><strong>Jerusalem</strong></span> <span class='ocrx_word' id='word_1_752' title='bbox 3004 3144 3402 3215; x_wconf 87' lang='lat' dir='ltr'><strong>interpretatur,</strong></span> <span class='ocrx_word' id='word_1_753' title='bbox 3438 3146 3585 3203; x_wconf 86' lang='lat' dir='ltr'><strong>Visio</strong></span> <span class='ocrx_word' id='word_1_754' title='bbox 3611 3148 3775 3217; x_wconf 88' lang='lat' dir='ltr'><strong>pacis.</strong></span> 
     </span>
    </p>
   </div>
   <div class='ocr_carea' id='block_1_95' title="bbox 2189 3234 3777 3309">
    <p class='ocr_par' dir='ltr' id='par_1_95' title="bbox 2189 3234 3777 3309">
     <span class='ocr_line' id='line_1_95' title="bbox 2189 3234 3777 3309; baseline 0.003 -17"><span class='ocrx_word' id='word_1_755' title='bbox 2189 3236 2277 3292; x_wconf 87' lang='lat' dir='ltr'><strong>Sic</strong></span> <span class='ocrx_word' id='word_1_756' title='bbox 2305 3252 2434 3309; x_wconf 87' lang='lat' dir='ltr'><strong>ergo</strong></span> <span class='ocrx_word' id='word_1_757' title='bbox 2464 3237 2722 3290; x_wconf 87' lang='lat' dir='ltr'><strong>benedicat</strong></span> <span class='ocrx_word' id='word_1_758' title='bbox 2747 3247 2793 3291; x_wconf 91' lang='lat' dir='ltr'><strong>te</strong></span> <span class='ocrx_word' id='word_1_759' title='bbox 2818 3234 3067 3292; x_wconf 87' lang='lat' dir='ltr'><strong>Dominus</strong></span> <span class='ocrx_word' id='word_1_760' title='bbox 3090 3254 3153 3292; x_wconf 77' lang='lat' dir='ltr'><strong>ea:</strong></span> <span class='ocrx_word' id='word_1_761' title='bbox 3183 3238 3349 3305; x_wconf 84' lang='lat' dir='ltr'><strong>Sion;</strong></span> <span class='ocrx_word' id='word_1_762' title='bbox 3378 3248 3424 3293; x_wconf 90' lang='lat' dir='ltr'><strong>et</strong></span> <span class='ocrx_word' id='word_1_763' title='bbox 3449 3240 3622 3295; x_wconf 78' lang='lat' dir='ltr'><strong>videas</strong></span> <span class='ocrx_word' id='word_1_764' title='bbox 3649 3243 3777 3297; x_wconf 86' lang='lat' dir='ltr'><strong>bona</strong></span> 
     </span>
    </p>
   </div>
   <div class='ocr_carea' id='block_1_96' title="bbox 2185 3329 3776 3401">
    <p class='ocr_par' dir='ltr' id='par_1_96' title="bbox 2185 3329 3776 3401">
     <span class='ocr_line' id='line_1_96' title="bbox 2185 3329 3776 3401; baseline 0.004 -18"><span class='ocrx_word' id='word_1_765' title='bbox 2185 3346 2298 3401; x_wconf 77' lang='lat' dir='ltr'><strong>qua:</strong></span> <span class='ocrx_word' id='word_1_766' title='bbox 2325 3339 2443 3383; x_wconf 87' lang='lat' dir='ltr'><strong>sunt</strong></span> <span class='ocrx_word' id='word_1_767' title='bbox 2466 3329 2770 3393; x_wconf 82' lang='lat' dir='ltr'><strong>Jerusalem,</strong></span> <span class='ocrx_word' id='word_1_768' title='bbox 2798 3339 2852 3384; x_wconf 85' lang='lat' dir='ltr'><strong>et</strong></span> <span class='ocrx_word' id='word_1_769' title='bbox 2874 3329 3055 3385; x_wconf 88' lang='lat' dir='ltr'><strong>videas</strong></span> <span class='ocrx_word' id='word_1_770' title='bbox 3088 3346 3259 3386; x_wconf 87' lang='lat' dir='ltr'><strong>omnes</strong></span> <span class='ocrx_word' id='word_1_771' title='bbox 3288 3331 3394 3386; x_wconf 88' lang='lat' dir='ltr'><strong>dies</strong></span> <span class='ocrx_word' id='word_1_772' title='bbox 3415 3333 3530 3387; x_wconf 66' lang='lat' dir='ltr'><strong>vita</strong></span> <span class='ocrx_word' id='word_1_773' title='bbox 3558 3342 3675 3389; x_wconf 70' lang='lat' dir='ltr'><strong>tua.</strong></span> <span class='ocrx_word' id='word_1_774' title='bbox 3710 3332 3776 3388; x_wconf 82' lang='lat' dir='ltr'><strong>Et</strong></span> 
     </span>
    </p>
   </div>
   <div class='ocr_carea' id='block_1_97' title="bbox 2186 3421 3773 3494">
    <p class='ocr_par' dir='ltr' id='par_1_97' title="bbox 2186 3421 3773 3494">
     <span class='ocr_line' id='line_1_97' title="bbox 2186 3421 3773 3494; baseline 0.004 -20"><span class='ocrx_word' id='word_1_775' title='bbox 2186 3421 2374 3488; x_wconf 87' lang='lat' dir='ltr'><strong>videas,</strong></span> <span class='ocrx_word' id='word_1_776' title='bbox 2405 3438 2509 3476; x_wconf 92' lang='lat' dir='ltr'><strong>non</strong></span> <span class='ocrx_word' id='word_1_777' title='bbox 2553 3421 2691 3477; x_wconf 89' lang='lat' dir='ltr'><strong>ﬁlios</strong></span> <span class='ocrx_word' id='word_1_778' title='bbox 2717 3430 2836 3477; x_wconf 89' lang='lat' dir='ltr'><strong>tuos</strong></span> <span class='ocrx_word' id='word_1_779' title='bbox 2860 3430 3062 3476; x_wconf 89' lang='lat' dir='ltr'><strong>tantum</strong></span> <span class='ocrx_word' id='word_1_780' title='bbox 3084 3464 3098 3488; x_wconf 93' lang='lat'><strong>,</strong></span> <span class='ocrx_word' id='word_1_781' title='bbox 3131 3422 3225 3477; x_wconf 89' lang='lat' dir='ltr'><strong>sed</strong></span> <span class='ocrx_word' id='word_1_782' title='bbox 3256 3422 3390 3493; x_wconf 79' lang='lat' dir='ltr'><strong>ﬁlios</strong></span> <span class='ocrx_word' id='word_1_783' title='bbox 3412 3425 3639 3494; x_wconf 80' lang='lat' dir='ltr'><strong>filiorum</strong></span> <span class='ocrx_word' id='word_1_784' title='bbox 3665 3436 3773 3481; x_wconf 87' lang='lat' dir='ltr'><strong>tuo-</strong></span> 
     </span>
    </p>
   </div>
   <div class='ocr_carea' id='block_1_98' title="bbox 2187 3516 3770 3593">
    <p class='ocr_par' dir='ltr' id='par_1_98' title="bbox 2187 3516 3770 3593">
     <span class='ocr_line' id='line_1_98' title="bbox 2187 3516 3770 3593; baseline 0.005 -24"><span class='ocrx_word' id='word_1_785' title='bbox 2187 3533 2318 3569; x_wconf 87' lang='lat' dir='ltr'><strong>rtmt.</strong></span> <span class='ocrx_word' id='word_1_786' title='bbox 2362 3516 2498 3584; x_wconf 85' lang='lat' dir='ltr'><strong>Quid</strong></span> <span class='ocrx_word' id='word_1_787' title='bbox 2529 3526 2631 3580; x_wconf 85' lang='lat' dir='ltr'><strong>est,</strong></span> <span class='ocrx_word' id='word_1_788' title='bbox 2665 3516 2803 3572; x_wconf 91' lang='lat' dir='ltr'><strong>ﬁlios</strong></span> <span class='ocrx_word' id='word_1_789' title='bbox 2843 3517 3001 3572; x_wconf 85' lang='lat' dir='ltr'><strong>tuos?</strong></span> <span class='ocrx_word' id='word_1_790' title='bbox 3048 3516 3222 3589; x_wconf 90' lang='lat' dir='ltr'><strong>Opera</strong></span> <span class='ocrx_word' id='word_1_791' title='bbox 3252 3527 3339 3573; x_wconf 91' lang='lat' dir='ltr'><strong>tua</strong></span> <span class='ocrx_word' id='word_1_792' title='bbox 3369 3536 3485 3591; x_wconf 84' lang='lat' dir='ltr'><strong>quae</strong></span> <span class='ocrx_word' id='word_1_793' title='bbox 3530 3520 3619 3577; x_wconf 89' lang='lat' dir='ltr'><strong>hic</strong></span> <span class='ocrx_word' id='word_1_794' title='bbox 3644 3523 3770 3593; x_wconf 86' lang='lat' dir='ltr'><strong>agis.</strong></span> 
     </span>
    </p>
   </div>
   <div class='ocr_carea' id='block_1_99' title="bbox 2189 3610 3773 3683">
    <p class='ocr_par' dir='ltr' id='par_1_99' title="bbox 2189 3610 3773 3683">
     <span class='ocr_line' id='line_1_99' title="bbox 2189 3610 3773 3683; baseline 0.008 -21"><span class='ocrx_word' id='word_1_795' title='bbox 2189 3610 2286 3678; x_wconf 91' lang='lat' dir='ltr'><strong>Qui</strong></span> <span class='ocrx_word' id='word_1_796' title='bbox 2310 3619 2435 3664; x_wconf 90' lang='lat' dir='ltr'><strong>sunt</strong></span> <span class='ocrx_word' id='word_1_797' title='bbox 2458 3610 2549 3664; x_wconf 89' lang='lat' dir='ltr'><strong>ﬁlii</strong></span> <span class='ocrx_word' id='word_1_798' title='bbox 2573 3610 2843 3666; x_wconf 90' lang='lat' dir='ltr'><strong>ﬁliorum?</strong></span> <span class='ocrx_word' id='word_1_799' title='bbox 2869 3611 3098 3667; x_wconf 90' lang='lat' dir='ltr'><strong>Fructus</strong></span> <span class='ocrx_word' id='word_1_800' title='bbox 3119 3628 3343 3683; x_wconf 89' lang='lat' dir='ltr'><strong>operum</strong></span> <span class='ocrx_word' id='word_1_801' title='bbox 3367 3622 3601 3669; x_wconf 89' lang='lat' dir='ltr'><strong>tuorum.</strong></span> <span class='ocrx_word' id='word_1_802' title='bbox 3627 3615 3773 3673; x_wconf 85' lang='lat' dir='ltr'><strong>Facis</strong></span> 
     </span>
    </p>
   </div>
   <div class='ocr_carea' id='block_1_100' title="bbox 2189 3701 3773 3777">
    <p class='ocr_par' dir='ltr' id='par_1_100' title="bbox 2189 3701 3773 3777">
     <span class='ocr_line' id='line_1_100' title="bbox 2189 3701 3773 3777; baseline 0.004 -22"><span class='ocrx_word' id='word_1_803' title='bbox 2189 3701 2589 3771; x_wconf 88' lang='lat' dir='ltr'><strong>cleemosynas,</strong></span> <span class='ocrx_word' id='word_1_804' title='bbox 2624 3702 2716 3756; x_wconf 87' lang='lat' dir='ltr'><strong>lilii</strong></span> <span class='ocrx_word' id='word_1_805' title='bbox 2749 3705 2821 3757; x_wconf 93' lang='lat' dir='ltr'><strong>tui</strong></span> <span class='ocrx_word' id='word_1_806' title='bbox 2849 3712 3012 3757; x_wconf 88' lang='lat' dir='ltr'><strong>sunt:</strong></span> <span class='ocrx_word' id='word_1_807' title='bbox 3044 3712 3262 3773; x_wconf 87' lang='lat' dir='ltr'><strong>propter</strong></span> <span class='ocrx_word' id='word_1_808' title='bbox 3286 3703 3659 3777; x_wconf 87' lang='lat' dir='ltr'><strong>eleetnosynas</strong></span> <span class='ocrx_word' id='word_1_809' title='bbox 3686 3723 3773 3762; x_wconf 88' lang='lat' dir='ltr'><strong>ac-</strong></span> 
     </span>
    </p>
   </div>
   <div class='ocr_carea' id='block_1_101' title="bbox 2187 3793 3772 3862">
    <p class='ocr_par' dir='ltr' id='par_1_101' title="bbox 2187 3793 3772 3862">
     <span class='ocr_line' id='line_1_101' title="bbox 2187 3793 3772 3862; baseline 0.004 -16"><span class='ocrx_word' id='word_1_810' title='bbox 2187 3794 2321 3862; x_wconf 92' lang='lat' dir='ltr'><strong>cipis</strong></span> <span class='ocrx_word' id='word_1_811' title='bbox 2374 3794 2536 3848; x_wconf 91' lang='lat' dir='ltr'><strong>vitam</strong></span> <span class='ocrx_word' id='word_1_812' title='bbox 2588 3804 2881 3861; x_wconf 65' lang='lat' dir='ltr'><strong>aeternam,</strong></span> <span class='ocrx_word' id='word_1_813' title='bbox 2942 3793 3036 3848; x_wconf 86' lang='lat' dir='ltr'><strong>ﬁlii</strong></span> <span class='ocrx_word' id='word_1_814' title='bbox 3085 3795 3313 3851; x_wconf 90' lang='lat' dir='ltr'><strong>ﬁliorum</strong></span> <span class='ocrx_word' id='word_1_815' title='bbox 3369 3804 3580 3853; x_wconf 89' lang='lat' dir='ltr'><strong>tuorum</strong></span> <span class='ocrx_word' id='word_1_816' title='bbox 3635 3808 3772 3857; x_wconf 91' lang='lat' dir='ltr'><strong>sunt.</strong></span> 
     </span>
    </p>
   </div>
   <div class='ocr_carea' id='block_1_102' title="bbox 2197 3885 3773 3964">
    <p class='ocr_par' dir='ltr' id='par_1_102' title="bbox 2197 3885 3773 3964">
     <span class='ocr_line' id='line_1_102' title="bbox 2197 3885 3773 3964; baseline 0.006 -25"><span class='ocrx_word' id='word_1_817' title='bbox 2197 3885 2379 3939; x_wconf 85' lang='lat' dir='ltr'><strong>Videas</strong></span> <span class='ocrx_word' id='word_1_818' title='bbox 2405 3886 2539 3954; x_wconf 79' lang='lat' dir='ltr'><strong>ﬁlios</strong></span> <span class='ocrx_word' id='word_1_819' title='bbox 2568 3887 2789 3956; x_wconf 78' lang='lat' dir='ltr'><strong>ﬁliorum</strong></span> <span class='ocrx_word' id='word_1_820' title='bbox 2820 3896 3052 3953; x_wconf 89' lang='lat' dir='ltr'><strong>tuorum;</strong></span> <span class='ocrx_word' id='word_1_821' title='bbox 3103 3897 3157 3944; x_wconf 93' lang='lat' dir='ltr'><strong>et</strong></span> <span class='ocrx_word' id='word_1_822' title='bbox 3193 3890 3296 3943; x_wconf 89' lang='lat' dir='ltr'><strong>erit</strong></span> <span class='ocrx_word' id='word_1_823' title='bbox 3333 3890 3475 3961; x_wconf 91' lang='lat' dir='ltr'><strong>quod</strong></span> <span class='ocrx_word' id='word_1_824' title='bbox 3507 3894 3773 3964; x_wconf 88' lang='lat' dir='ltr'><strong>sequitur,</strong></span> 
     </span>
    </p>
   </div>
   <div class='ocr_carea' id='block_1_103' title="bbox 2188 3978 3775 4054">
    <p class='ocr_par' dir='ltr' id='par_1_103' title="bbox 2188 3978 3775 4054">
     <span class='ocr_line' id='line_1_103' title="bbox 2188 3978 3775 4054; baseline 0.006 -22"><span class='ocrx_word' id='word_1_825' title='bbox 2188 3995 2293 4050; x_wconf 91' lang='lat' dir='ltr'><strong>quo</strong></span> <span class='ocrx_word' id='word_1_826' title='bbox 2320 3978 2691 4047; x_wconf 89' lang='lat' dir='ltr'><strong>concluditur,</strong></span> <span class='ocrx_word' id='word_1_827' title='bbox 2740 3978 2857 4034; x_wconf 72' lang='lat' dir='ltr'><strong>Pax</strong></span> <span class='ocrx_word' id='word_1_828' title='bbox 2899 3996 3051 4049; x_wconf 88' lang='lat' dir='ltr'><strong>super</strong></span> <span class='ocrx_word' id='word_1_829' title='bbox 3099 3979 3283 4035; x_wconf 85' lang='lat' dir='ltr'><strong>Israel.</strong></span> <span class='ocrx_word' id='word_1_830' title='bbox 3333 3981 3457 4038; x_wconf 71' lang='lat' dir='ltr'><strong>Haec</strong></span> <span class='ocrx_word' id='word_1_831' title='bbox 3487 3999 3591 4054; x_wconf 89' lang='lat' dir='ltr'><strong>pax</strong></span> <span class='ocrx_word' id='word_1_832' title='bbox 3632 3985 3775 4042; x_wconf 88' lang='lat' dir='ltr'><strong>vobis</strong></span> 
     </span>
    </p>
   </div>
   <div class='ocr_carea' id='block_1_104' title="bbox 2189 4072 3775 4149">
    <p class='ocr_par' dir='ltr' id='par_1_104' title="bbox 2189 4072 3775 4149">
     <span class='ocr_line' id='line_1_104' title="bbox 2189 4072 3775 4149; baseline 0.006 -23"><span class='ocrx_word' id='word_1_833' title='bbox 2189 4072 2508 4142; x_wconf 61' lang='lat' dir='ltr'><strong>praedicatur</strong></span> <span class='ocrx_word' id='word_1_834' title='bbox 2536 4086 2565 4127; x_wconf 91' lang='lat' dir='ltr'><strong>a</strong></span> <span class='ocrx_word' id='word_1_835' title='bbox 2598 4072 2751 4127; x_wconf 91' lang='lat' dir='ltr'><strong>nobis</strong></span> <span class='ocrx_word' id='word_1_836' title='bbox 2772 4114 2787 4139; x_wconf 94' lang='lat'><strong>,</strong></span> <span class='ocrx_word' id='word_1_837' title='bbox 2837 4073 2949 4143; x_wconf 89' lang='lat' dir='ltr'><strong>ipsa</strong></span> <span class='ocrx_word' id='word_1_838' title='bbox 2980 4083 3190 4129; x_wconf 90' lang='lat' dir='ltr'><strong>amatur</strong></span> <span class='ocrx_word' id='word_1_839' title='bbox 3217 4090 3248 4129; x_wconf 93' lang='lat' dir='ltr'><strong>a</strong></span> <span class='ocrx_word' id='word_1_840' title='bbox 3277 4076 3465 4145; x_wconf 90' lang='lat' dir='ltr'><strong>nobis,</strong></span> <span class='ocrx_word' id='word_1_841' title='bbox 3506 4078 3621 4149; x_wconf 90' lang='lat' dir='ltr'><strong>ipsa</strong></span> <span class='ocrx_word' id='word_1_842' title='bbox 3666 4089 3775 4136; x_wconf 87' lang='lat' dir='ltr'><strong>uta</strong></span> 
     </span>
    </p>
   </div>
   <div class='ocr_carea' id='block_1_105' title="bbox 2187 4165 3779 4238">
    <p class='ocr_par' dir='ltr' id='par_1_105' title="bbox 2187 4165 3779 4238">
     <span class='ocr_line' id='line_1_105' title="bbox 2187 4165 3779 4238; baseline 0.007 -20"><span class='ocrx_word' id='word_1_843' title='bbox 2187 4165 2338 4220; x_wconf 91' lang='lat' dir='ltr'><strong>vobis</strong></span> <span class='ocrx_word' id='word_1_844' title='bbox 2362 4173 2570 4220; x_wconf 87' lang='lat' dir='ltr'><strong>ametur</strong></span> <span class='ocrx_word' id='word_1_845' title='bbox 2592 4206 2607 4230; x_wconf 94' lang='lat'><strong>,</strong></span> <span class='ocrx_word' id='word_1_846' title='bbox 2654 4176 2919 4235; x_wconf 83' lang='lat' dir='ltr'><strong>Optamus.</strong></span> <span class='ocrx_word' id='word_1_847' title='bbox 2962 4166 3042 4221; x_wconf 85' lang='lat' dir='ltr'><strong>Ad</strong></span> <span class='ocrx_word' id='word_1_848' title='bbox 3070 4167 3215 4221; x_wconf 91' lang='lat' dir='ltr'><strong>illam</strong></span> <span class='ocrx_word' id='word_1_849' title='bbox 3251 4183 3433 4237; x_wconf 91' lang='lat' dir='ltr'><strong>pacem</strong></span> <span class='ocrx_word' id='word_1_850' title='bbox 3465 4172 3779 4238; x_wconf 89' lang='lat' dir='ltr'><strong>perveniunt</strong></span> 
     </span>
    </p>
   </div>
   <div class='ocr_carea' id='block_1_106' title="bbox 2188 4256 3775 4333">
    <p class='ocr_par' dir='ltr' id='par_1_106' title="bbox 2188 4256 3775 4333">
     <span class='ocr_line' id='line_1_106' title="bbox 2188 4256 3775 4333; baseline 0.006 -22"><span class='ocrx_word' id='word_1_851' title='bbox 2188 4258 2277 4328; x_wconf 90' lang='lat' dir='ltr'><strong>qui</strong></span> <span class='ocrx_word' id='word_1_852' title='bbox 2308 4266 2361 4311; x_wconf 90' lang='lat' dir='ltr'><strong>ct</strong></span> <span class='ocrx_word' id='word_1_853' title='bbox 2388 4257 2473 4312; x_wconf 92' lang='lat' dir='ltr'><strong>hic</strong></span> <span class='ocrx_word' id='word_1_854' title='bbox 2519 4256 2724 4327; x_wconf 90' lang='lat' dir='ltr'><strong>paciﬁci</strong></span> <span class='ocrx_word' id='word_1_855' title='bbox 2772 4256 2988 4312; x_wconf 87' lang='lat' dir='ltr'><strong>fuerint.</strong></span> <span class='ocrx_word' id='word_1_856' title='bbox 3035 4258 3111 4312; x_wconf 91' lang='lat' dir='ltr'><strong>Illi</strong></span> <span class='ocrx_word' id='word_1_857' title='bbox 3162 4267 3287 4314; x_wconf 91' lang='lat' dir='ltr'><strong>sunt</strong></span> <span class='ocrx_word' id='word_1_858' title='bbox 3316 4269 3369 4316; x_wconf 90' lang='lat' dir='ltr'><strong>et</strong></span> <span class='ocrx_word' id='word_1_859' title='bbox 3413 4260 3500 4316; x_wconf 91' lang='lat' dir='ltr'><strong>hic</strong></span> <span class='ocrx_word' id='word_1_860' title='bbox 3539 4263 3775 4333; x_wconf 87' lang='lat' dir='ltr'><strong>paciﬁci,</strong></span> 
     </span>
    </p>
   </div>
   <div class='ocr_carea' id='block_1_107' title="bbox 2187 4348 3778 4429">
    <p class='ocr_par' dir='ltr' id='par_1_107' title="bbox 2187 4348 3778 4429">
     <span class='ocr_line' id='line_1_107' title="bbox 2187 4348 3778 4429; baseline 0.006 -25"><span class='ocrx_word' id='word_1_861' title='bbox 2187 4350 2276 4421; x_wconf 89' lang='lat' dir='ltr'><strong>qui</strong></span> <span class='ocrx_word' id='word_1_862' title='bbox 2307 4358 2359 4405; x_wconf 90' lang='lat' dir='ltr'><strong>et</strong></span> <span class='ocrx_word' id='word_1_863' title='bbox 2382 4348 2487 4415; x_wconf 89' lang='lat' dir='ltr'><strong>ibi;</strong></span> <span class='ocrx_word' id='word_1_864' title='bbox 2521 4349 2611 4419; x_wconf 89' lang='lat' dir='ltr'><strong>qui</strong></span> <span class='ocrx_word' id='word_1_865' title='bbox 2651 4350 2981 4405; x_wconf 90' lang='lat' dir='ltr'><strong>circumeunt</strong></span> <span class='ocrx_word' id='word_1_866' title='bbox 3010 4367 3250 4406; x_wconf 84' lang='lat' dir='ltr'><strong>mensam</strong></span> <span class='ocrx_word' id='word_1_867' title='bbox 3291 4354 3499 4409; x_wconf 89' lang='lat' dir='ltr'><strong>Domini</strong></span> <span class='ocrx_word' id='word_1_868' title='bbox 3526 4365 3778 4429; x_wconf 89' lang='lat' dir='ltr'><strong>tanquam</strong></span> 
     </span>
    </p>
   </div>
   <div class='ocr_carea' id='block_1_108' title="bbox 2189 4443 3779 4522">
    <p class='ocr_par' dir='ltr' id='par_1_108' title="bbox 2189 4443 3779 4522">
     <span class='ocr_line' id='line_1_108' title="bbox 2189 4443 3779 4522; baseline 0.006 -25"><span class='ocrx_word' id='word_1_869' title='bbox 2189 4443 2474 4499; x_wconf 87' lang='lat' dir='ltr'><strong>novellatio</strong></span> <span class='ocrx_word' id='word_1_870' title='bbox 2499 4443 2780 4512; x_wconf 87' lang='lat' dir='ltr'><strong>olivarum,</strong></span> <span class='ocrx_word' id='word_1_871' title='bbox 2826 4452 2883 4498; x_wconf 91' lang='lat' dir='ltr'><strong>ut</strong></span> <span class='ocrx_word' id='word_1_872' title='bbox 2912 4459 3016 4499; x_wconf 90' lang='lat' dir='ltr'><strong>non</strong></span> <span class='ocrx_word' id='word_1_873' title='bbox 3061 4444 3131 4499; x_wconf 90' lang='lat' dir='ltr'><strong>sit</strong></span> <span class='ocrx_word' id='word_1_874' title='bbox 3156 4446 3352 4501; x_wconf 88' lang='lat' dir='ltr'><strong>sterilis</strong></span> <span class='ocrx_word' id='word_1_875' title='bbox 3380 4447 3541 4503; x_wconf 88' lang='lat' dir='ltr'><strong>arbor</strong></span> <span class='ocrx_word' id='word_1_876' title='bbox 3561 4493 3574 4513; x_wconf 91' lang='lat'><strong>,</strong></span> <span class='ocrx_word' id='word_1_877' title='bbox 3607 4451 3779 4522; x_wconf 90' lang='lat' dir='ltr'><strong>qualis</strong></span> 
     </span>
    </p>
   </div>
   <div class='ocr_carea' id='block_1_109' title="bbox 2187 4534 3779 4598">
    <p class='ocr_par' dir='ltr' id='par_1_109' title="bbox 2187 4534 3779 4598">
     <span class='ocr_line' id='line_1_109' title="bbox 2187 4534 3779 4598; baseline 0.005 -9"><span class='ocrx_word' id='word_1_878' title='bbox 2187 4534 2289 4590; x_wconf 82' lang='lat' dir='ltr'><strong>fuit</strong></span> <span class='ocrx_word' id='word_1_879' title='bbox 2327 4536 2411 4589; x_wconf 90' lang='lat' dir='ltr'><strong>illa</strong></span> <span class='ocrx_word' id='word_1_880' title='bbox 2464 4535 2688 4591; x_wconf 88' lang='lat' dir='ltr'><strong>ﬁculnea</strong></span> <span class='ocrx_word' id='word_1_881' title='bbox 2737 4535 2825 4591; x_wconf 91' lang='lat' dir='ltr'><strong>ubi</strong></span> <span class='ocrx_word' id='word_1_882' title='bbox 2859 4535 3084 4591; x_wconf 87' lang='lat' dir='ltr'><strong>fructum</strong></span> <span class='ocrx_word' id='word_1_883' title='bbox 3138 4553 3246 4592; x_wconf 91' lang='lat' dir='ltr'><strong>non</strong></span> <span class='ocrx_word' id='word_1_884' title='bbox 3290 4538 3489 4594; x_wconf 87' lang='lat' dir='ltr'><strong>invenit</strong></span> <span class='ocrx_word' id='word_1_885' title='bbox 3535 4542 3779 4598; x_wconf 83' lang='lat' dir='ltr'><strong>esuriens</strong></span> 
     </span>
    </p>
   </div>
   <div class='ocr_carea' id='block_1_110' title="bbox 2188 4627 3777 4701">
    <p class='ocr_par' dir='ltr' id='par_1_110' title="bbox 2188 4627 3777 4701">
     <span class='ocr_line' id='line_1_110' title="bbox 2188 4627 3777 4701; baseline 0.004 -18"><span class='ocrx_word' id='word_1_886' title='bbox 2188 4628 2462 4683; x_wconf 89' lang='lat' dir='ltr'><strong>Dominus.</strong></span> <span class='ocrx_word' id='word_1_887' title='bbox 2515 4627 2581 4682; x_wconf 91' lang='lat' dir='ltr'><strong>Et</strong></span> <span class='ocrx_word' id='word_1_888' title='bbox 2623 4627 2814 4683; x_wconf 90' lang='lat' dir='ltr'><strong>videtis</strong></span> <span class='ocrx_word' id='word_1_889' title='bbox 2859 4628 2983 4698; x_wconf 91' lang='lat' dir='ltr'><strong>quid</strong></span> <span class='ocrx_word' id='word_1_890' title='bbox 3030 4629 3080 4683; x_wconf 89' lang='lat' dir='ltr'><strong>ei</strong></span> <span class='ocrx_word' id='word_1_891' title='bbox 3125 4630 3425 4701; x_wconf 86' lang='lat' dir='ltr'><strong>contigerit.</strong></span> <span class='ocrx_word' id='word_1_892' title='bbox 3472 4630 3622 4687; x_wconf 86' lang='lat' dir='ltr'><strong>Folia</strong></span> <span class='ocrx_word' id='word_1_893' title='bbox 3668 4633 3777 4689; x_wconf 87' lang='lat' dir='ltr'><strong>sola</strong></span> 
     </span>
    </p>
   </div>
   <div class='ocr_carea' id='block_1_111' title="bbox 2188 4721 3775 4799">
    <p class='ocr_par' dir='ltr' id='par_1_111' title="bbox 2188 4721 3775 4799">
     <span class='ocr_line' id='line_1_111' title="bbox 2188 4721 3775 4799; baseline 0.003 -22"><span class='ocrx_word' id='word_1_894' title='bbox 2188 4722 2438 4789; x_wconf 88' lang='lat' dir='ltr'><strong>habebat,</strong></span> <span class='ocrx_word' id='word_1_895' title='bbox 2469 4722 2697 4778; x_wconf 74' lang='lat' dir='ltr'><strong>fructum</strong></span> <span class='ocrx_word' id='word_1_896' title='bbox 2724 4738 2829 4777; x_wconf 91' lang='lat' dir='ltr'><strong>non</strong></span> <span class='ocrx_word' id='word_1_897' title='bbox 2863 4722 3091 4778; x_wconf 88' lang='lat' dir='ltr'><strong>habebat</strong></span> <span class='ocrx_word' id='word_1_898' title='bbox 3111 4721 3318 4793; x_wconf 83' lang='lat' dir='ltr'><strong>(Matth.</strong></span> <span class='ocrx_word' id='word_1_899' title='bbox 3354 4740 3470 4793; x_wconf 82' lang='lat' dir='ltr'><strong>xxt,</strong></span> <span class='ocrx_word' id='word_1_900' title='bbox 3504 4726 3630 4782; x_wconf 83' lang='lat' dir='ltr'><strong>l8et</strong></span> <span class='ocrx_word' id='word_1_901' title='bbox 3656 4728 3775 4799; x_wconf 82' lang='lat' dir='ltr'><strong>I9):</strong></span> 
     </span>
    </p>
   </div>
   <div class='ocr_carea' id='block_1_112' title="bbox 2187 4813 3777 4885">
    <p class='ocr_par' dir='ltr' id='par_1_112' title="bbox 2187 4813 3777 4885">
     <span class='ocr_line' id='line_1_112' title="bbox 2187 4813 3777 4885; baseline 0.004 -16"><span class='ocrx_word' id='word_1_902' title='bbox 2187 4815 2265 4871; x_wconf 91' lang='lat' dir='ltr'><strong>sic</strong></span> <span class='ocrx_word' id='word_1_903' title='bbox 2295 4822 2418 4870; x_wconf 92' lang='lat' dir='ltr'><strong>sunt</strong></span> <span class='ocrx_word' id='word_1_904' title='bbox 2445 4815 2535 4885; x_wconf 91' lang='lat' dir='ltr'><strong>qui</strong></span> <span class='ocrx_word' id='word_1_905' title='bbox 2562 4814 2724 4870; x_wconf 90' lang='lat' dir='ltr'><strong>verba</strong></span> <span class='ocrx_word' id='word_1_906' title='bbox 2750 4813 2990 4882; x_wconf 88' lang='lat' dir='ltr'><strong>habent,</strong></span> <span class='ocrx_word' id='word_1_907' title='bbox 3039 4823 3094 4869; x_wconf 92' lang='lat' dir='ltr'><strong>et</strong></span> <span class='ocrx_word' id='word_1_908' title='bbox 3119 4814 3257 4871; x_wconf 87' lang='lat' dir='ltr'><strong>facta</strong></span> <span class='ocrx_word' id='word_1_909' title='bbox 3285 4832 3390 4871; x_wconf 92' lang='lat' dir='ltr'><strong>non</strong></span> <span class='ocrx_word' id='word_1_910' title='bbox 3422 4817 3639 4875; x_wconf 88' lang='lat' dir='ltr'><strong>habent.</strong></span> <span class='ocrx_word' id='word_1_911' title='bbox 3671 4818 3777 4875; x_wconf 79' lang='lat' dir='ltr'><strong>Ve-</strong></span> 
     </span>
    </p>
   </div>
   <div class='ocr_carea' id='block_1_113' title="bbox 2188 4904 3774 4981">
    <p class='ocr_par' dir='ltr' id='par_1_113' title="bbox 2188 4904 3774 4981">
     <span class='ocr_line' id='line_1_113' title="bbox 2188 4904 3774 4981; baseline 0.003 -20"><span class='ocrx_word' id='word_1_912' title='bbox 2188 4906 2342 4961; x_wconf 90' lang='lat' dir='ltr'><strong>niens</strong></span> <span class='ocrx_word' id='word_1_913' title='bbox 2364 4906 2608 4961; x_wconf 88' lang='lat' dir='ltr'><strong>esuriens</strong></span> <span class='ocrx_word' id='word_1_914' title='bbox 2651 4904 2908 4961; x_wconf 87' lang='lat' dir='ltr'><strong>Dominus</strong></span> <span class='ocrx_word' id='word_1_915' title='bbox 2953 4921 3059 4961; x_wconf 94' lang='lat' dir='ltr'><strong>non</strong></span> <span class='ocrx_word' id='word_1_916' title='bbox 3109 4907 3179 4963; x_wconf 92' lang='lat' dir='ltr'><strong>ibi</strong></span> <span class='ocrx_word' id='word_1_917' title='bbox 3224 4909 3424 4966; x_wconf 85' lang='lat' dir='ltr'><strong>invenit</strong></span> <span class='ocrx_word' id='word_1_918' title='bbox 3450 4911 3595 4981; x_wconf 86' lang='lat' dir='ltr'><strong>quod</strong></span> <span class='ocrx_word' id='word_1_919' title='bbox 3625 4928 3774 4967; x_wconf 89' lang='lat' dir='ltr'><strong>man-</strong></span> 
     </span>
    </p>
   </div>
   <div class='ocr_carea' id='block_1_114' title="bbox 2188 4997 3777 5069">
    <p class='ocr_par' dir='ltr' id='par_1_114' title="bbox 2188 4997 3777 5069">
     <span class='ocr_line' id='line_1_114' title="bbox 2188 4997 3777 5069; baseline 0.003 -15"><span class='ocrx_word' id='word_1_920' title='bbox 2188 4998 2375 5064; x_wconf 90' lang='lat' dir='ltr'><strong>ducet;</strong></span> <span class='ocrx_word' id='word_1_921' title='bbox 2408 4998 2530 5069; x_wconf 89' lang='lat' dir='ltr'><strong>quia</strong></span> <span class='ocrx_word' id='word_1_922' title='bbox 2560 4997 2716 5054; x_wconf 90' lang='lat' dir='ltr'><strong>ﬁdem</strong></span> <span class='ocrx_word' id='word_1_923' title='bbox 2749 5007 2988 5054; x_wconf 87' lang='lat' dir='ltr'><strong>nostram</strong></span> <span class='ocrx_word' id='word_1_924' title='bbox 3028 5008 3082 5054; x_wconf 92' lang='lat' dir='ltr'><strong>et</strong></span> <span class='ocrx_word' id='word_1_925' title='bbox 3124 4997 3261 5056; x_wconf 82' lang='lat' dir='ltr'><strong>facta</strong></span> <span class='ocrx_word' id='word_1_926' title='bbox 3306 5002 3444 5057; x_wconf 90' lang='lat' dir='ltr'><strong>bona</strong></span> <span class='ocrx_word' id='word_1_927' title='bbox 3480 5003 3648 5057; x_wconf 88' lang='lat' dir='ltr'><strong>esurit</strong></span> <span class='ocrx_word' id='word_1_928' title='bbox 3678 5004 3777 5058; x_wconf 61' lang='lat' dir='ltr'><strong>Do.</strong></span> 
     </span>
    </p>
   </div>
   <div class='ocr_carea' id='block_1_115' title="bbox 2188 5089 3773 5164">
    <p class='ocr_par' dir='ltr' id='par_1_115' title="bbox 2188 5089 3773 5164">
     <span class='ocr_line' id='line_1_115' title="bbox 2188 5089 3773 5164; baseline 0.004 -20"><span class='ocrx_word' id='word_1_929' title='bbox 2188 5089 2384 5147; x_wconf 89' lang='lat' dir='ltr'><strong>minus.</strong></span> <span class='ocrx_word' id='word_1_930' title='bbox 2402 5089 2688 5145; x_wconf 85' lang='lat' dir='ltr'><strong>Pascamus</strong></span> <span class='ocrx_word' id='word_1_931' title='bbox 2713 5089 2861 5144; x_wconf 87' lang='lat' dir='ltr'><strong>illum</strong></span> <span class='ocrx_word' id='word_1_932' title='bbox 2892 5089 3031 5146; x_wconf 91' lang='lat' dir='ltr'><strong>bene</strong></span> <span class='ocrx_word' id='word_1_933' title='bbox 3056 5091 3312 5157; x_wconf 89' lang='lat' dir='ltr'><strong>vivendo,</strong></span> <span class='ocrx_word' id='word_1_934' title='bbox 3341 5100 3392 5149; x_wconf 93' lang='lat' dir='ltr'><strong>et</strong></span> <span class='ocrx_word' id='word_1_935' title='bbox 3421 5103 3607 5164; x_wconf 86' lang='lat' dir='ltr'><strong>pascet</strong></span> <span class='ocrx_word' id='word_1_936' title='bbox 3635 5110 3730 5150; x_wconf 88' lang='lat' dir='ltr'><strong>nos</strong></span> <span class='ocrx_word' id='word_1_937' title='bbox 3753 5096 3773 5128; x_wconf 86' lang='grc'>¹</span> 
     </span>
    </p>
   </div>
   <div class='ocr_carea' id='block_1_116' title="bbox 2189 5181 3213 5237">
    <p class='ocr_par' dir='ltr' id='par_1_116' title="bbox 2189 5181 3213 5237">
     <span class='ocr_line' id='line_1_116' title="bbox 2189 5181 3213 5237; baseline 0 0"><span class='ocrx_word' id='word_1_938' title='bbox 2189 5181 2240 5237; x_wconf 93' lang='lat' dir='ltr'><strong>in</strong></span> <span class='ocrx_word' id='word_1_939' title='bbox 2270 5187 2529 5237; x_wconf 68' lang='lat' dir='ltr'><strong>aeternum</strong></span> <span class='ocrx_word' id='word_1_940' title='bbox 2559 5182 2711 5237; x_wconf 90' lang='lat' dir='ltr'><strong>nobis</strong></span> <span class='ocrx_word' id='word_1_941' title='bbox 2735 5182 2914 5237; x_wconf 84' lang='lat' dir='ltr'><strong>vivere</strong></span> <span class='ocrx_word' id='word_1_942' title='bbox 2943 5181 3213 5237; x_wconf 88' lang='lat' dir='ltr'><strong>donando.</strong></span> 
     </span>
    </p>
   </div>
   <div class='ocr_carea' id='block_1_117' title="bbox 2546 5326 3411 5391">
    <p class='ocr_par' dir='ltr' id='par_1_117' title="bbox 2546 5326 3411 5391">
     <span class='ocr_line' id='line_1_117' title="bbox 2546 5326 3411 5391; baseline 0.001 -2"><span class='ocrx_word' id='word_1_943' title='bbox 2546 5327 2629 5389; x_wconf 89' lang='lat' dir='ltr'><strong>IN</strong></span> <span class='ocrx_word' id='word_1_944' title='bbox 2658 5326 3045 5390; x_wconf 86' lang='lat' dir='ltr'><strong>PSALMUM</strong></span> <span class='ocrx_word' id='word_1_945' title='bbox 3086 5326 3411 5391; x_wconf 81' lang='lat' dir='ltr'><strong>CXXVIII</strong></span> 
     </span>
    </p>
   </div>
   <div class='ocr_carea' id='block_1_118' title="bbox 2772 5433 3205 5507">
    <p class='ocr_par' dir='ltr' id='par_1_118' title="bbox 2772 5433 3205 5507">
     <span class='ocr_line' id='line_1_118' title="bbox 2772 5433 3205 5507; baseline 0.002 -19"><span class='ocrx_word' id='word_1_946' title='bbox 2772 5433 3205 5507; x_wconf 54' lang='lat' dir='ltr'><strong>,ENARRATIO.</strong></span> 
     </span>
    </p>
   </div>
   <div class='ocr_carea' id='block_1_119' title="bbox 2748 5540 3266 5583">
    <p class='ocr_par' dir='ltr' id='par_1_119' title="bbox 2748 5540 3266 5583">
     <span class='ocr_line' id='line_1_119' title="bbox 2748 5540 3266 5583; baseline 0.002 -1"><span class='ocrx_word' id='word_1_947' title='bbox 2748 5540 2919 5582; x_wconf 68' lang='lat' dir='ltr'><strong>SERHO</strong></span> <span class='ocrx_word' id='word_1_948' title='bbox 2946 5542 3014 5581; x_wconf 85' lang='grc' dir='ltr'><strong>ΔΙ)</strong></span> <span class='ocrx_word' id='word_1_949' title='bbox 3038 5543 3266 5583; x_wconf 74' lang='lat' dir='ltr'><strong>PLEBEI-</strong></span> 
     </span>
    </p>
   </div>
   <div class='ocr_carea' id='block_1_120' title="bbox 2257 5618 3767 5690">
    <p class='ocr_par' dir='ltr' id='par_1_120' title="bbox 2257 5618 3767 5690">
     <span class='ocr_line' id='line_1_120' title="bbox 2257 5618 3767 5690; baseline 0.001 -15"><span class='ocrx_word' id='word_1_950' title='bbox 2257 5622 2310 5675; x_wconf 79' lang='grc'><strong>1.</strong></span> <span class='ocrx_word' id='word_1_951' title='bbox 2344 5619 2587 5675; x_wconf 87' lang='lat' dir='ltr'><strong>Psalmus</strong></span> <span class='ocrx_word' id='word_1_952' title='bbox 2618 5633 2775 5690; x_wconf 90' lang='lat' dir='ltr'><strong>quem</strong></span> <span class='ocrx_word' id='word_1_953' title='bbox 2803 5620 3156 5686; x_wconf 88' lang='lat' dir='ltr'><strong>cantavimus,</strong></span> <span class='ocrx_word' id='word_1_954' title='bbox 3184 5618 3362 5675; x_wconf 88' lang='lat' dir='ltr'><strong>brevis</strong></span> <span class='ocrx_word' id='word_1_955' title='bbox 3382 5627 3497 5676; x_wconf 84' lang='lat' dir='ltr'><strong>est:</strong></span> <span class='ocrx_word' id='word_1_956' title='bbox 3518 5620 3611 5677; x_wconf 88' lang='lat' dir='ltr'><strong>sed</strong></span> <span class='ocrx_word' id='word_1_957' title='bbox 3638 5619 3767 5677; x_wconf 87' lang='lat' dir='ltr'><strong>sicut</strong></span> 
     </span>
    </p>
   </div>
   <div class='ocr_carea' id='block_1_121' title="bbox 2185 5710 3752 5783">
    <p class='ocr_par' dir='ltr' id='par_1_121' title="bbox 2185 5710 3752 5783">
     <span class='ocr_line' id='line_1_121' title="bbox 2185 5710 3752 5783; baseline -0.002 -13"><span class='ocrx_word' id='word_1_958' title='bbox 2185 5712 2440 5783; x_wconf 88' lang='lat' dir='ltr'><strong>scriptum</strong></span> <span class='ocrx_word' id='word_1_959' title='bbox 2485 5722 2568 5769; x_wconf 92' lang='lat' dir='ltr'><strong>est</strong></span> <span class='ocrx_word' id='word_1_960' title='bbox 2611 5712 2663 5767; x_wconf 91' lang='lat' dir='ltr'><strong>in</strong></span> <span class='ocrx_word' id='word_1_961' title='bbox 2694 5711 2986 5782; x_wconf 85' lang='lat' dir='ltr'><strong>Evangelio</strong></span> <span class='ocrx_word' id='word_1_962' title='bbox 3010 5711 3079 5767; x_wconf 89' lang='lat' dir='ltr'><strong>de</strong></span> <span class='ocrx_word' id='word_1_963' title='bbox 3106 5710 3361 5766; x_wconf 65' lang='lat' dir='ltr'><strong>Zacchaao</strong></span> <span class='ocrx_word' id='word_1_964' title='bbox 3381 5753 3394 5778; x_wconf 90' lang='lat'><strong>,</strong></span> <span class='ocrx_word' id='word_1_965' title='bbox 3427 5719 3627 5767; x_wconf 85' lang='lat' dir='ltr'><strong>statura</strong></span> <span class='ocrx_word' id='word_1_966' title='bbox 3654 5712 3752 5768; x_wconf 85' lang='lat' dir='ltr'><strong>bre-</strong></span> 
     </span>
    </p>
   </div>
   <div class='ocr_carea' id='block_1_122' title="bbox 2253 5821 3642 5888">
    <p class='ocr_par' dir='ltr' id='par_1_122' title="bbox 2253 5821 3642 5888">
     <span class='ocr_line' id='line_1_122' title="bbox 2253 5821 3642 5888; baseline -0.002 -12"><span class='ocrx_word' id='word_1_967' title='bbox 2253 5829 2267 5857; x_wconf 89' lang='grc'>¹</span> <span class='ocrx_word' id='word_1_968' title='bbox 2297 5826 2369 5876; x_wconf 87' lang='lat' dir='ltr'><strong>Sic</strong></span> <span class='ocrx_word' id='word_1_969' title='bbox 2392 5833 2491 5874; x_wconf 83' lang='lat' dir='ltr'><strong>Am.</strong></span> <span class='ocrx_word' id='word_1_970' title='bbox 2518 5832 2592 5874; x_wconf 78' lang='lat' dir='ltr'><strong>Er.</strong></span> <span class='ocrx_word' id='word_1_971' title='bbox 2616 5831 2666 5875; x_wconf 89' lang='lat' dir='ltr'><strong>et</strong></span> <span class='ocrx_word' id='word_1_972' title='bbox 2690 5824 2913 5888; x_wconf 80' lang='lat' dir='ltr'><strong>plerique</strong></span> <span class='ocrx_word' id='word_1_973' title='bbox 2938 5830 3043 5874; x_wconf 66' lang='lat' dir='ltr'><strong>Mss.</strong></span> <span class='ocrx_word' id='word_1_974' title='bbox 3072 5830 3127 5873; x_wconf 81' lang='lat' dir='ltr'><strong>At</strong></span> <span class='ocrx_word' id='word_1_975' title='bbox 3147 5830 3277 5888; x_wconf 56' lang='lat' dir='ltr'><strong>hom,</strong></span> <span class='ocrx_word' id='word_1_976' title='bbox 3299 5821 3642 5888; x_wconf 73' lang='lat' dir='ltr'><strong>inﬁrmitatem.</strong></span> 
     </span>
    </p>
   </div>
   <div class='ocr_carea' id='block_1_123' title="bbox 2251 5887 3671 5952">
    <p class='ocr_par' dir='ltr' id='par_1_123' title="bbox 2251 5887 3671 5952">
     <span class='ocr_line' id='line_1_123' title="bbox 2251 5887 3671 5952; baseline -0.001 -15"><span class='ocrx_word' id='word_1_977' title='bbox 2251 5890 2269 5920; x_wconf 75' lang='grc'><strong>’</strong></span> <span class='ocrx_word' id='word_1_978' title='bbox 2298 5890 2367 5940; x_wconf 84' lang='lat' dir='ltr'><strong>sic</strong></span> <span class='ocrx_word' id='word_1_979' title='bbox 2394 5895 2465 5938; x_wconf 78' lang='lat' dir='ltr'><strong>Er.</strong></span> <span class='ocrx_word' id='word_1_980' title='bbox 2490 5888 2633 5952; x_wconf 78' lang='lat' dir='ltr'><strong>Lugd.</strong></span> <span class='ocrx_word' id='word_1_981' title='bbox 2658 5887 2771 5938; x_wconf 76' lang='lat' dir='ltr'><strong>Ven.</strong></span> <span class='ocrx_word' id='word_1_982' title='bbox 2812 5896 2861 5938; x_wconf 82' lang='lat' dir='ltr'><strong>et</strong></span> <span class='ocrx_word' id='word_1_983' title='bbox 2886 5894 2994 5938; x_wconf 88' lang='lat' dir='ltr'><strong>Lov.</strong></span> <span class='ocrx_word' id='word_1_984' title='bbox 3016 5893 3067 5939; x_wconf 88' lang='lat' dir='ltr'><strong>tn</strong></span> <span class='ocrx_word' id='word_1_985' title='bbox 3090 5893 3136 5936; x_wconf 79' lang='grc' dir='ltr'><strong>Β.</strong></span> <span class='ocrx_word' id='word_1_986' title='bbox 3154 5887 3297 5940; x_wconf 85' lang='lat' dir='ltr'><strong>deest</strong></span> <span class='ocrx_word' id='word_1_987' title='bbox 3318 5887 3430 5951; x_wconf 74' lang='lat' dir='ltr'><strong>rex,</strong></span> <span class='ocrx_word' id='word_1_988' title='bbox 3451 5899 3554 5940; x_wconf 77' lang='lat' dir='ltr'><strong>nos.</strong></span> <span class='ocrx_word' id='word_1_989' title='bbox 3616 5894 3671 5939; x_wconf 79' lang='lat' dir='ltr'><strong>l.</strong></span> 
     </span>
    </p>
   </div>
  </div>
