4160 6432
357 450 471 514 vis,
517 451 575 504 et
610 455 836 516 magnus
859 442 913 498 in
939 453 1103 511 opere
1130 438 1280 515 (Luc.
1308 454 1418 504 nx,
1449 438 1612 509 2’9);
1658 438 1796 493 sicut
1818 435 1951 491 scri-

358 550 506 613 ptum
554 544 639 593 est
690 536 760 592 de
809 535 897 590 illa
946 532 1104 588 vidua
1149 547 1268 603 qua:
1311 530 1418 585 duo
1462 528 1665 584 minuta
1710 527 1854 582 misit
1896 526 1950 581 in

355 628 795 705 gazophylacium
817 668 833 691 ,
880 625 1059 682 brevis
1088 624 1311 695 pecunia
1334 620 1472 688 ,.sed
1504 634 1693 691 magna
1718 618 1951 673 charitas

358 724 551 798 (Marc.
599 737 703 789 ιιι,
740 720 930 791 42-“)
965 738 980 775 :
1017 720 1096 775 sic
1126 726 1181 773 et
1219 717 1318 772 iste
1368 716 1636 786 psalmus,
1698 714 1742 768 si
1786 711 1949 767 verba

355 828 634 881 numeres,
660 812 840 868 brevis
860 821 978 875 est;
1011 810 1056 866 si
1084 808 1377 865 sententias
1404 805 1695 877 appendas,
1724 816 1948 873 magnus

352 915 455 963 est.
497 904 617 962 Non
647 919 777 976 ergo
801 917 903 958 nos
942 901 1139 973 poterit
1163 900 1362 956 diutius
1389 914 1558 967 usque
1582 897 1651 953 ad
1678 896 1948 953 fastidium

353 998 617 1054 detinere.
646 995 864 1064 Quare?
892 993 1149 1050 Advertat
1190 992 1471 1063 prudentia
1497 1001 1697 1056 vestra,
1728 1000 1781 1046 et
1810 988 1950 1045 adsit

321 1085 585 1150 intentio
625 1090 915 1146 christiana
945 1107 958 1144 :
988 1098 1145 1143 sonet
1188 1088 1411 1142 verbum
1463 1085 1555 1140 Dei
1605 1084 1943 1151 volentibus,

351 1185 680 1246 nolentibus,
704 1189 1023 1253 Opportune,
1047 1179 1372 1250 importune.
1396 1176 1599 1233 Invenit
1620 1176 1719 1231 sibi
1744 1176 1943 1243 locum,

351 1279 555 1335 invenit
578 1277 741 1334 corda
770 1276 855 1332 ubi
887 1276 1223 1345 requiescat,
1255 1272 1459 1328 invenit
1486 1280 1683 1327 terram
1708 1269 1797 1324 ubi
1820 1284 1945 1339 ger-

350 1373 523 1428 minet
551 1379 607 1426 et
638 1370 866 1425 fructum
897 1366 1057 1423 ferat.
1085 1365 1218 1420 Nam
1263 1364 1385 1435 quia
1414 1363 1563 1417 multi
1591 1361 1712 1416 mali
1740 1370 1864 1415 sunt
1891 1369 1948 1415 et

348 1466 515 1537 iniqui
537 1478 672 1536 quos
701 1460 1125 1533 portatEcclesia
1145 1473 1313 1530 usque
1337 1458 1387 1512 in
1412 1458 1593 1518 tinem,
1609 1455 1944 1509 manifestum

348 1564 433 1613 est
459 1574 473 1610 :
500 1564 556 1610 et
578 1554 629 1609 hi
653 1560 780 1609 sunt
805 1551 997 1622 quibus
1024 1549 1243 1605 verbum
1271 1548 1362 1602 Dei
1390 1545 1715 1617 superfluum
1743 1553 1825 1599 est
1850 1560 1863 1609 ;
1890 1550 1946 1599 et

348 1657 439 1705 aut
462 1649 543 1704 sic
567 1648 622 1703 in
652 1647 775 1702 illos
799 1646 963 1713 cadit,
1007 1642 1278 1714 quomodo
1304 1656 1488 1697 semen
1532 1640 1585 1695 in
1612 1640 1696 1693 via
1726 1638 1946 1694 concul-

345 1751 521 1809 catur,
549 1751 604 1798 et
627 1756 656 1795 a
696 1738 1003 1795 volatilibus
1028 1737 1329 1807 colligitur;
1363 1743 1453 1789 aut
1480 1734 1556 1789 sic
1584 1733 1636 1787 in
1664 1746 1757 1787 eos
1778 1731 1940 1799 cadit,

345 1833 618 1907 quomodo
644 1847 826 1888 semen
858 1830 909 1885 in
934 1839 1147 1901 petrosa
1168 1829 1305 1893 loca,
1329 1826 1415 1882 ubi
1437 1841 1543 1881 non
1565 1824 1726 1879 habet
1744 1831 1942 1879 terram

343 1928 572 1984 multam
596 1968 612 1993 ,
643 1925 820 1980 statim
847 1924 983 1989 exit,
1013 1930 1068 1978 et
1092 1921 1349 1977 calefacto
1386 1920 1498 1975 sole
1540 1918 1730 1973 arescit
1755 1959 1769 1981 ,
1817 1916 1942 1987 quia

343 2036 453 2077 non
493 2018 658 2074 habet
681 2016 949 2081 radicem;
980 2023 1072 2069 aut
1098 2014 1235 2069 sicut
1262 2014 1397 2067 inter
1426 2013 1626 2081 Spinas,
1667 2008 1811 2081 quod
1839 2009 1939 2065 etsi

339 2110 615 2183 germinet
633 2116 690 2161 et
710 2116 935 2162 conetur
956 2106 1010 2160 in
1036 2119 1192 2158 auras
1213 2118 1451 2173 surgere,
1477 2100 1737 2156 oﬂ'ocatur
1759 2108 1937 2155 tamen

339 2200 687 2257 multitudine
716 2200 1011 2269 spinarum.
1053 2196 1209 2251 Tales
1238 2204 1414 2249 autem
1445 2203 1568 2249 sunt
1596 2194 1683 2264 qui
1717 2192 1935 2247 verbum

336 2294 437 2351 Dei
467 2301 819 2350 contemnunt
843 2292 983 2346 sicut
1009 2289 1114 2354 via,
1146 2298 1238 2343 aut
1265 2288 1354 2358 qui
1379 2286 1444 2341 ad
1474 2286 1655 2340 horam
1681 2284 1931 2356 gaudent,

335 2395 393 2444 et
446 2385 587 2442 facta
637 2383 1015 2449 tribulatione,
1070 2382 1206 2436 sicut
1256 2389 1389 2436 zcstu
1434 2379 1596 2444 solis,
1652 2386 1935 2442 arescunt;

332 2488 431 2537 aut
467 2480 562 2550 qui
603 2474 1014 2549 cogitationibus
1051 2483 1107 2529 et
1153 2472 1296 2529 curis
1321 2480 1375 2528 et
1400 2469 1752 2527 sollicitudine
1779 2468 1937 2536 hujus

330 2571 553 2638 mundi,
582 2579 836 2641 tanquam
866 2567 1037 2637 spinis
1064 2566 1303 2621 avaritia:
1331 2564 1562 2619 otfocaut
1590 2562 1730 2633 quod
1754 2563 1806 2617 in
1830 2562 1936 2619 illis

329 2672 585 2737 cmperat
622 2662 941 2735 germinare.
992 2660 1089 2715 Est
1138 2669 1315 2713 autem
1366 2658 1525 2713 etiam
1572 2666 1709 2712 terra
1753 2656 1930 2722 bona,

329 2776 447 2832 quo
474 2772 662 2815 semen
692 2770 814 2817 cum
840 2752 1132 2818 ceciderit,
1181 2750 1333 2806 aﬁ‘ert
1364 2750 1590 2805 fructum
1611 2790 1627 2809 .
1660 2747 1803 2803 aliud
1835 2747 1930 2803 tri-

330 2841 560 2919 eenum,
583 2850 728 2907 aliud
749 2862 1094 2920 sexagenum,
1119 2844 1260 2899 aliud
1280 2852 1561 2899 centenum
1585 2841 1797 2911 (Matth.
1814 2856 1928 2908 xm,

329 2947 502 3018 5-25)
528 2964 543 3000 :
566 2946 681 3000 sive
713 2957 898 3014 parum
924 2982 940 3007 ,
988 2939 1100 2994 sive
1131 2935 1352 2991 multum
1372 2976 1385 2999 ,
1437 2947 1627 2988 omnes
1653 2932 1705 2985 in
1738 2932 1933 2986 horreo

328 3049 520 3099 erunt.
562 3038 696 3096 Sunt
736 3050 867 3105 ergo
916 3033 1088 3097 tales,
1136 3037 1190 3085 et
1239 3035 1455 3099 propter
1496 3028 1592 3079 hos
1643 3024 1930 3095 loquimur.

332 3137 573 3206 Propter
597 3131 696 3187 hos
722 3128 956 3199 loquitur
979 3125 1274 3195 Scriptura,
1300 3128 1516 3191 propter
1543 3118 1641 3173 hos
1666 3134 1772 3172 non
1796 3124 1935 3173 tacet

331 3225 711 3298 Evangelium.
744 3220 850 3277 Sed
891 3228 945 3274 ct
987 3216 1063 3272 illi
1102 3214 1338 3279 audiant,
1386 3228 1455 3267 ne
1494 3212 1626 3265 forte
1652 3208 1795 3264 aliud
1825 3208 1936 3263 sint

330 3320 501 3377 hodie
520 3360 537 3385 ,
564 3315 705 3372 aliud
735 3328 881 3378 cras;
915 3327 981 3366 ne
1026 3310 1162 3364 forte
1207 3314 1480 3361 mutentur
1509 3302 1811 3368 audiendo,
1839 3309 1934 3357 aut

331 3421 495 3472 arent
522 3411 685 3475 viam,
712 3415 805 3463 aut
835 3403 1040 3477 lapides
1071 3408 1317 3473 purgent,
1348 3407 1440 3452 aut
1469 3397 1649 3467 spinas
1677 3395 1927 3451 evellant.

332 3508 494 3565 Dicat
533 3504 763 3576 Spiritus
791 3500 925 3567 Dei,
971 3497 1119 3552 dicat
1161 3495 1337 3558 nobis,
1384 3499 1563 3547 cantet
1602 3490 1790 3555 nobis;
1822 3489 1935 3545 sive

332 3600 570 3659 velimus
620 3597 836 3661 saitare,
891 3593 1002 3647 sive
1047 3590 1315 3654 nolimus,
1364 3592 1546 3641 cantet
1593 3584 1728 3654 ipse.
1780 3581 1935 3637 Sicut

334 3696 483 3752 enim
522 3693 610 3764 qui
641 3690 838 3754 saltat,
871 3684 1111 3741 membra
1139 3689 1316 3738 movet
1344 3678 1411 3734 ad
1438 3686 1691 3739 cantum;
1738 3674 1816 3730 sic
1844 3673 1933 3744 qui

336 3786 538 3842 saltant
580 3782 645 3837 ad
696 3786 1019 3851 praeceptum
1074 3774 1201 3837 Dei,
1257 3769 1509 3839 operibus
1563 3768 1936 3835 obtemperant

341 3891 498 3934 sono.
528 3873 656 3930 Ideo
683 3870 775 3943 qui
814 3869 1100 3924 noluerunt
1128 3865 1227 3918 hoc
1274 3862 1488 3925 facere,
1531 3857 1656 3929 quid
1702 3857 1806 3911 illis
1829 3857 1936 3911 Do-

340 3972 521 4026 minus
556 3965 687 4022 dicit
726 3965 776 4018 in
816 3958 1140 4031 Evangelia?
1188 3954 1513 4010 Cantavimus
1541 3950 1697 4017 vobis,
1745 3958 1790 4003 et
1834 3966 1935 4003 non

333 4060 596 4123 wltaatis;
646 4054 957 4127 planximus,
979 4060 1026 4105 et
1064 4066 1166 4103 non
1205 4043 1517 4101 lamentastis
1559 4039 1671 4111 (Id.
1701 4055 1784 4104 XI,
1818 4038 1931 4108 Π).

328 4153 538 4209 Cantet
566 4163 728 4219 ergo;
762 4145 1032 4201 credimus
1060 4142 1110 4194 in
1158 4139 1250 4193 Dei
1290 4130 1769 4194 misericordiam‘,
1810 4128 1932 4199 quia

330 4250 502 4299 erunt
543 4239 613 4296 de
642 4237 835 4309 quibus
862 4250 959 4289 nos
988 4230 1315 4288 consoletur.
1347 4225 1479 4281 Nam
1510 4223 1600 4293 qui
1633 4220 1933 4290 pertinaces

332 4342 495 4397 sunt,
526 4336 936 4404 perseverantes
961 4326 1014 4381 in
1046 4322 1269 4388 malitia,
1301 4317 1541 4390 quamvis
1568 4313 1786 4369 audiant
1814 4325 1935 4365 ver-

332 4429 470 4485 bum
517 4402 612 4480 Dei
638 4464 653 4488 ,
712 4419 978 4477 scandulis
1004 4414 1244 4487 quotidie
1274 4409 1585 4481 perturbant
1616 4402 1932 4459 Ecclesium.

337 4520 423 4575 De
451 4516 645 4571 talibus
666 4513 795 4568 dicit
822 4512 923 4566 iste
950 4507 1221 4579 psalmus;
1268 4503 1345 4557 sic
1366 4501 1507 4555 enim
1532 4497 1729 4567 coepit:

411 4611 469 4667 2.
519 4606 672 4681 [vers.
710 4602 847 4675 1-5.]
897 4602 1047 4672 Saepe
1090 4601 1499 4667 expugnaverunt
1524 4605 1603 4643 me
1626 4605 1657 4641 a
1679 4587 1938 4658 juventute

336 4719 477 4759 mea.
502 4698 741 4757 Ecclesia
770 4695 1002 4765 loquitur
1022 4691 1091 4747 tle
1117 4690 1200 4744 his
1223 4701 1359 4759 quos
1385 4684 1591 4746 tolerat,
1616 4689 1670 4735 et
1688 4688 1935 4765 tanquam

338 4795 633 4855 diceretur,
654 4762 916 4857 Numquid
940 4781 1136 4839 modo?
1161 4779 1297 4835 Olim
1320 4784 1403 4832 est
1424 4773 1659 4829 Ecclesia
1675 4762 1721 4836 ’ς’
1747 4786 1810 4823 ex
1834 4783 1938 4839 quo

338 4894 605 4943 vocantur
631 4879 833 4946 sancti,
866 4886 949 4933 est
980 4872 1217 4930 Ecclesia
1257 4872 1311 4924 in
1356 4876 1517 4922 terra.
1551 4858 1851 4932 Aliquando
1881 4860 1932 4913 in

339 4978 464 5036 solo
490 4974 623 5031 Abel
661 4969 900 5027 Ecclesia
943 4975 1097 5031 erat,
1143 4972 1198 5017 et
1240 4964 1572 5027 expugnatus
1614 4961 1749 5007 esta
1778 4950 1939 5005 fratre

340 5069 491 5126 malo
518 5074 574 5122 et
602 5063 811 5135 perdito
838 5060 970 5117 Cain
1018 5055 1171 5129 (Gen.
1202 5070 1275 5119 tv,
1306 5051 1379 5121 8).
1416 5045 1716 5116 Aliquando
1742 5044 1794 5098 in
1821 5042 1939 5135 solo

343 5159 534 5218 Enoch
559 5131 796 5213 Ecclesia
822 5160 940 5209 erat
961 5191 977 5218 ,
1009 5158 1064 5204 et
1089 5144 1380 5201 translatus
1399 5148 1483 5195 est
1506 5139 1574 5193 ab
1602 5135 1796 5205 iniquis
1828 5131 1935 5206 (Id.

342 5270 403 5319 ν,
428 5252 550 5322 24).
576 5245 881 5318 Aliquando
908 5243 961 5298 in
992 5237 1105 5295 sola
1132 5236 1293 5291 domo
1317 5232 1429 5286 Noe
1455 5227 1692 5283 Ecclesia
1719 5232 1856 5322 erat,
1888 5231 1943 5278 et

345 5315 568 5416 pertulit
604 5315 795 5393 omnes
840 5333 932 5405 qui
979 5328 1177 5387 diluvio
1206 5323 1509 5396 perierunt,
1562 5327 1618 5416 et
1646 5315 1773 5416 sola
1818 5328 1941 5416 arca

347 5406 551 5492 natavit
578 5431 630 5486 in
656 5426 925 5490 fluctibus,
953 5432 1010 5479 et
1036 5418 1207 5477 evasit
1230 5414 1298 5472 ad
1325 5414 1523 5470 siccum
1562 5407 1676 5481 (Id.
1714 5406 1938 5477 vt-vm).

348 5521 653 5596 Aliquando
684 5522 737 5577 in
764 5518 882 5575 solo
906 5512 1176 5572 Abraham
1220 5504 1461 5564 Ecclesia
1486 5510 1642 5596 erat,
1666 5506 1721 5555 et
1744 5506 1941 5596 quanta

350 5589 573 5692 pertulit
595 5615 662 5671 ab
702 5611 923 5683 iniquis,
956 5606 1221 5664 novimus.
1257 5601 1312 5655 ln
1339 5597 1455 5655 solo
1484 5594 1594 5649 filio
1619 5590 1796 5647 fratris
1825 5589 1942 5661 ejus

348 5685 474 5780 Lot,
518 5718 575 5766 et
615 5709 668 5765 in
694 5705 857 5763 domo
884 5702 1001 5772 ejus
1045 5698 1100 5753 in
1136 5690 1385 5752 Sodomis
1425 5685 1663 5744 Ecclesia
1708 5690 1844 5748 erat,
1888 5691 1944 5737 et

417 5829 434 5861 ι
461 5826 650 5889 Aliquot
663 5811 1175 5889 Ilss.,_misericord_ia.

417 5856 439 5923 λ
1164 5856 1316 5924 modo
1327 5873 1371 5921 et
1383 5878 1477 5919 non
1493 5863 1607 5917 olim
1617 5866 1687 5916 est
1696 5856 1943 5916 Ecclesia?

1392 320 1791 382 ENARRATIO
1816 317 1886 378 IN
1921 312 2249 380 PSALMUM
2284 319 2566 381 CXXVIII.

3508 329 3647 388 «σου

2062 438 2280 507 pertulit
2297 439 2653 496 Sodomorum
2680 440 2988 514 iniquitates
3010 449 3065 500 et
3085 442 3491 517 perversitates,
3514 462 3647 515 quo-

2056 546 2223 601 usque
2238 534 2377 589 Deus
2394 550 2515 590 eum
2534 536 2600 592 de
2620 537 2794 593 medio
2822 538 3058 608 ipsorum
3088 539 3331 594 liberavit
3354 538 3500 611 (Gen.
3536 556 3643 597 xu-

2054 627 2165 695 xx).
2196 624 2369 697 Coepit
2395 642 2513 683 esse
2543 637 2597 683 et
2627 630 2678 683 in
2713 630 2908 701 pepulo
2936 629 3094 685 Israel
3125 631 3396 694 Ecclesi;
3428 632 3647 702 pertulit

2054 716 2389 775 Pharaonem
2417 730 2472 776 et
2497 722 2799 794 Aigyjttios.
2848 723 3023 793 Cmpit
3046 730 3098 778 et
3127 722 3178 777 in
3210 722 3323 794 ipsa
3365 722 3605 779 Ecclesia
3626 764 3642 789 ,

2054 807 2108 863 id
2149 818 2231 864 est
2276 811 2330 865 in
2368 814 2564 882 populo
2603 814 2787 881 Israel,
2836 829 3092 871 numerus
3131 830 3252 871 esse
3294 825 3641 871 sanctorum:

2052 900 2261 973 Moyses
2288 911 2341 957 et
2369 904 2550 960 caeteri
2579 907 2746 960 sancti
2796 904 3135 975 pertulerunt
3171 905 3385 976 iniquos
3427 904 3643 961 Judzeos

2052 995 2306 1063 populum
2359 995 2541 1051 israel.
2592 996 2820 1052 Ventum
2865 1007 2948 1053 est
3008 1006 3063 1053 et
3102 998 3169 1053 ad
3226 998 3507 1053 Dominum
3541 1012 3641 1052 no-

2052 1094 2220 1140 strum
2248 1086 2430 1142 Iesum
2458 1086 2753 1155 Christum,
2787 1089 3134 1159 prmdicatum
3160 1098 3244 1145 est
3269 1089 3638 1159 Evangelium,

2051 1178 2183 1233 dixit
2208 1180 2259 1234 in
2292 1180 2537 1246 Psalmis,
2576 1181 2885 1237 Annuntiavi
2911 1191 2955 1237 et
2980 1183 3176 1236 loeutus
3214 1200 3346 1247 sum,
3395 1183 3642 1250 multipli-

2051 1270 2222 1340 plicati
2271 1280 2388 1326 sunt
2429 1289 2582 1343 super
2625 1290 2890 1327 numerum
2940 1274 3108 1347 (Psal.
3161 1290 3359 1340 χχχιιι,
3400 1272 3477 1345 6).
3505 1274 3640 1342 Quid

2050 1370 2152 1427 est,
2180 1379 2335 1433 super
2356 1366 2665 1418 numerum?
2690 1364 2803 1419 Non
2830 1366 3006 1421 solum
3037 1366 3115 1420 illi
3142 1366 3481 1421 crediderunt
3509 1369 3521 1397 ⁸
3550 1366 3640 1437 qui

2051 1455 2320 1524 pertinent
2356 1455 2421 1511 ad
2452 1472 2733 1512 numerum
2780 1466 3123 1523 sanctorum;
3154 1458 3247 1512 sed
3290 1468 3342 1513 et
3370 1475 3520 1527 super
3547 1475 3641 1512 nu-

2050 1563 2244 1601 merum
2284 1548 2552 1602 intrarunt
2579 1566 2593 1601 :
2622 1549 2773 1604 multi
2815 1548 2943 1619 justi
2970 1591 2985 1616 ,
3023 1549 3117 1604 sed
3145 1560 3199 1604 et
3226 1549 3405 1619 plures
3434 1550 3596 1619 iniqui
3622 1566 3638 1616 ;

2048 1647 2102 1692 et
2146 1639 2483 1708 pertulerunt
2523 1640 2654 1709 justi
2687 1640 2916 1712 iniquos.
2962 1640 3225 1708 Quando?
3270 1641 3325 1694 lu
3376 1640 3635 1695 Ecclesia.

2048 1730 2314 1802 Numquid
2360 1732 2521 1787 modo
2565 1733 2757 1798 solum,
2807 1749 2874 1789 ex
2924 1747 3032 1803 quo
3075 1741 3374 1800 enumerat,
3422 1749 3486 1789 ex
3533 1748 3639 1803 quo

2048 1827 2478 1880 commemorat?
2510 1825 2633 1882 ldeo
2670 1843 2738 1882 ne
2767 1827 3053 1882 miraretur
3080 1826 3240 1881 modo
3272 1826 3526 1895 Ecclesia,
3557 1826 3638 1884 vel

2049 1930 2116 1969 ne
2142 1916 2421 1987 quisquam
2447 1917 2735 1973 miraretur
2758 1919 2810 1972 in
2835 1918 3093 1985 Ecclesia,
3116 1918 3300 1972 volens
3321 1932 3440 1972 esse
3470 1933 3639 1973 mem-

2048 2008 2201 2063 brum
2230 2008 2427 2064 bonum
2468 2010 2744 2076 Ecclesiae,
2799 2010 2982 2065 audiat
3024 2018 3077 2064 et
3118 2011 3288 2080 ipsam
3340 2009 3637 2065 Ecclesium

2048 2110 2275 2156 matrem
2323 2116 2474 2155 suam
2520 2100 2789 2156 dicentem
2848 2100 3132 2157 sibizNoli
3177 2101 3359 2156 mirari
3398 2100 3467 2156 ad
3512 2100 3635 2168 ista,

2047 2192 2149 2258 fili;
2177 2194 2326 2263 Swpe
2354 2202 2765 2265 expugnaverunt
2790 2211 2869 2248 me
2888 2212 2920 2247 a
2934 2196 3201 2265 jurentute
3221 2211 3355 2248 utea.

2116 2286 2173 2339 '5.
2196 2285 2413 2355 Magnus
2435 2285 2654 2341 affectus
2678 2286 2758 2341 sic
2785 2287 3011 2355 cmpisse
3033 2286 3300 2341 Psalmum
3327 2303 3339 2338 :
3368 2284 3519 2358 Stepe
3545 2302 3635 2343 ειη

2045 2388 2397 2450 pugnaverunt
2434 2396 2513 2433 me
2553 2396 2584 2431 a
2619 2380 2884 2450 juventute
2912 2396 3042 2434 mea.
3084 2380 3246 2449 Quasi
3284 2381 3482 2452 aliquid
3519 2382 3633 2451 jam

2044 2461 2357 2542 loquebatur
2380 2488 2395 2527 :
2421 2471 2634 2526 videtur
2679 2472 2821 2527 enim
2850 2488 2953 2526 non
2980 2473 3207 2542 cmpisse
3229 2514 3243 2538 ,
3277 2472 3371 2527 sed
3413 2488 3636 2544 respon-

2045 2563 2207 2619 disse.
2230 2564 2524 2633 Respondit
2543 2572 2719 2619 autem
2738 2605 2752 2628 ,
2776 2563 3000 2634 quibus?
3015 2562 3379 2633 Cogitantibus
3391 2571 3445 2619 et
3464 2563 3637 2620 dicen-

2044 2654 2185 2710 tibus
2219 2674 2231 2709 ;
2262 2655 2465 2722 Quanta
2522 2656 2659 2710 mala
2711 2656 3062 2726 perferimus,
3133 2664 3329 2726 quanta
3381 2656 3633 2711 scandala

2043 2750 2385 2805 crebrescunt
2411 2749 2645 2819 quotidie
2664 2790 2680 2816 ,
2709 2749 2921 2820 quando
2947 2752 2967 2781 ¹
2998 2750 3162 2820 iniqui
3206 2749 3403 2803 intrant
3443 2750 3495 2803 in
3526 2750 3634 2805 Ec—

2042 2843 2260 2898 clesiam
2288 2849 2343 2896 et
2370 2850 2643 2911 portamus
2669 2842 2801 2896 eos?
2828 2840 3168 2911 Respondeat
3192 2850 3369 2895 autem
3396 2841 3634 2895 Ecclesia

2046 2933 2113 2989 de
2142 2934 2460 3004 quibusdam
2481 2975 2494 2996 ,
2522 2934 2573 2988 id
2604 2942 2687 2988 est
2710 2975 2725 3000 ,
2749 2932 2817 2988 de
2843 2932 3126 2987 fortiorum
3157 2946 3288 2987 voce
3315 2932 3637 3001 respondeat

2046 3026 2278 3097 querelis
2309 3026 2640 3080 infirmorum
2662 3066 2676 3090 ,
2699 3033 2753 3081 et
2773 3023 3092 3080 confirment
3121 3024 3258 3077 firmi
3282 3023 3518 3078 infirmus
3536 3066 3551 3089 ,
3578 3031 3636 3081 et

2040 3120 2269 3191 grandes
2309 3120 2556 3189 parvulos
2576 3163 2591 3184 ,
2622 3129 2676 3174 et
2713 3119 2855 3174 dicat
2884 3118 3120 3174 Ecclesia
3147 3160 3161 3185 ,
3196 3118 3347 3188 Swpe
3369 3100 3631 3188 expugna-

2041 3222 2216 3269 verunt
2243 3229 2322 3267 me
2349 3230 2380 3265 a
2400 3214 2665 3283 juventute
2692 3229 2822 3266 mea.
2869 3210 3014 3265 Dicat
3043 3228 3157 3265 vero
3189 3211 3208 3242 ³
3240 3209 3403 3264 Israel
3427 3252 3442 3279 ,
3477 3210 3630 3282 Saepe

2040 3314 2455 3376 expugnaverunt
2482 3321 2559 3358 me
2581 3322 2614 3357 a
2650 3305 2918 3375 juventute
2943 3320 3074 3358 mea.
3121 3303 3273 3358 Dicat
3316 3302 3445 3358 illud
3467 3345 3481 3369 ,
3524 3318 3631 3359 non

2040 3398 2167 3454 illud
2192 3399 2393 3453 timeat.
2423 3398 2540 3466 Quo
2558 3397 2699 3452 enim
2733 3396 2911 3463 valet,
2939 3396 3079 3467 quod
3108 3412 3229 3451 cum
3252 3396 3469 3451 dixisset
3494 3394 3632 3462 ,δω-

2041 3508 2104 3559 pe
2130 3500 2541 3563 expugnaverunt
2576 3506 2653 3543 me
2677 3530 2691 3554 ,
2725 3488 2964 3555 addidit,
2994 3507 3026 3543 a
3041 3490 3305 3560 juventute
3330 3489 3483 3543 mea?
3509 3487 3629 3544 Iam

2042 3583 2201 3639 modo
2229 3584 2478 3638 Ecclesia:
2499 3591 2748 3638 senectus
2774 3592 3107 3653 eXpuguatur
3126 3623 3140 3648 ,
3166 3582 3258 3637 sed
3282 3598 3384 3637 non
3412 3580 3627 3637 timeat:

2038 3677 2214 3742 dicat,
2244 3676 2395 3748 Saepe
2422 3684 2839 3746 expugnaverunt
2864 3691 2943 3728 me
2962 3691 2992 3727 a
3004 3675 3269 3745 juventute
3312 3689 3441 3726 mea.
3465 3671 3630 3726 Num-

2040 3770 2164 3841 quid
2198 3770 2318 3824 ideo
2345 3784 2448 3823 non
2482 3770 2723 3838 pervenit
2749 3768 2815 3822 ad
2841 3775 3202 3830 senectutem,
3227 3764 3349 3835 quia
3378 3781 3481 3818 non
3507 3778 3628 3817 ces-

2039 3869 2293 3918 saverunt
2312 3860 2383 3914 illi
2405 3859 2760 3930 expugnando
2781 3859 2805 3911 ?
2824 3856 3078 3927 numquid
3101 3856 3281 3910 delere
3305 3854 3629 3925 potuerunt’

2042 3953 2192 4007 Dicat
2213 3968 2327 4005 vero
2351 3950 2559 4016 Israel;
2588 3963 2641 4005 et
2671 3950 2982 4005 consoletur
3008 3962 3068 4001 se
3096 3946 3258 4001 Israel
3278 3988 3294 4013 ,
3318 3946 3628 4000 consoletur

2040 4060 2099 4101 se
2139 4045 2252 4115 ipsa
2301 4042 2543 4097 Ecclesia
2595 4041 2663 4096 de
2690 4038 2973 4111 praeteritis
2998 4037 3301 4107 exemplis,
3351 4045 3406 4092 et
3447 4036 3625 4102 dicat,

2041 4140 2194 4211 Swpe
2216 4144 2627 4209 expugnaverunt
2652 4152 2730 4189 me
2753 4151 2785 4187 a
2803 4133 3063 4204 juventute
3088 4148 3217 4185 mea.

2111 4233 2369 4299 4.Qu:ire
2419 4228 2898 4301 expugnaverunt?
2947 4225 3152 4280 Etenim
3207 4241 3308 4280 non
3363 4231 3631 4294 potuerunt

2041 4327 2184 4381 mihi.
2217 4325 2391 4394 Supra
2433 4322 2641 4377 dorsum
2676 4335 2843 4374 meum
2888 4318 3261 4390 fabricaverunt
3304 4325 3630 4387 peccatores;

2042 4422 2191 4492 longe
2210 4422 2428 4487 fecerunt
2450 4414 2749 4485 injustitiam
2768 4429 2932 4467 suam.
2952 4411 3128 4480 Quare
3153 4408 3631 4481 expugnaverunt?

2045 4513 2180 4579 Quia
2225 4528 2327 4566 non
2379 4518 2643 4580 potuerunt
2685 4506 2830 4561 mihi.
2868 4504 3005 4574 Quid
3051 4513 3168 4571 est,
3217 4520 3316 4558 non
3362 4507 3632 4574 potuerunt

2043 4604 2165 4658 mihi
2189 4604 2213 4656 ?
2238 4600 2541 4656 Fabricare.
2571 4597 2707 4666 Quid
2737 4604 2854 4661 est,
2886 4613 2988 4650 non
3020 4603 3284 4665 potuerunt
3314 4594 3437 4646 mihi
3462 4592 3485 4645 ?
3512 4591 3631 4647 Non

2044 4696 2149 4751 illis
2187 4691 2437 4749 consensi
2460 4689 2528 4744 ad
2550 4690 2768 4744 malum.
2793 4687 2979 4744 Omnis
3001 4687 3142 4742 enim
3170 4685 3342 4739 malus
3364 4683 3482 4737 ideo
3510 4697 3633 4752 per-

2044 4787 2283 4860 sequitur
2327 4785 2560 4849 bonum,
2606 4782 2728 4853 quia
2773 4798 2877 4837 non
2923 4780 2999 4835 illi
3040 4777 3306 4834 consentit
3353 4777 3521 4830 bonus
3561 4774 3628 4829 ad

2046 4880 2265 4933 malum.
2292 4875 2474 4930 Faciat
2501 4872 2699 4944 aliquid
2732 4872 2853 4927 mali
2873 4913 2887 4936 ,
2916 4885 3019 4924 non
3043 4868 3285 4936 objurget
3309 4866 3591 4935 episcopus
3610 4904 3628 4932 ,

2046 4971 2219 5027 bonus
2244 4976 2326 5023 est
2353 4967 2635 5037 episcopus
2668 4983 2682 5020 :
2714 4964 2956 5033 objurget
2988 4961 3271 5031 episcopus
3291 4999 3305 5023 ,
3353 4958 3521 5011 malus
3550 4967 3635 5013 est

2048 5061 2349 5130 episcopus.
2384 5057 2574 5127 Rapiat
2622 5053 2855 5125 aliquid,
2908 5058 3081 5106 taceat
3125 5049 3212 5103 cui
3254 5048 3429 5118 rapit,
3464 5048 3635 5103 bonus

2048 5162 2132 5209 est
2160 5170 2173 5206 :
2202 5152 2390 5207 saltem
2415 5149 2660 5218 loquatur
2688 5153 2743 5199 et
2769 5140 3167 5213 reprehendat,
3199 5140 3299 5195 etsi
3322 5155 3428 5194 non
3476 5155 3632 5209 repe-

2050 5254 2161 5313 tat,
2191 5244 2363 5300 malus
2389 5250 2490 5297 est.
2520 5240 2685 5293 Malus
2724 5245 2807 5292 est
2832 5236 2919 5307 qui
2950 5232 3293 5304 reprehendit
3319 5242 3590 5302 raptorem
3615 5274 3631 5298 ,

2049 5346 2103 5393 et
2127 5338 2297 5391 bonus
2323 5343 2405 5389 est
2430 5331 2517 5401 qui
2542 5330 2710 5400 rapit!
2750 5327 3000 5382 Ambulet
3022 5366 3036 5390 ,
3086 5324 3451 5379 .ilanducemus
3476 5336 3523 5378 et
3556 5324 3635 5377 bi-

2053 5431 2262 5491 bamus;
2289 5438 2404 5480 cras
2429 5424 2562 5478 enim
2608 5421 2899 5476 moriemur.
2930 5418 3128 5475 Contra
3155 5418 3439 5488 Apostolus
3466 5433 3479 5469 :
3504 5415 3634 5470 Cor-

2050 5529 2289 5593 rumpunt
2318 5502 2470 5574 bonos
2496 5532 2659 5571 mores
2683 5514 2933 5584 colloquia
2957 5514 3115 5567 mala.
3148 5511 3318 5568 Sobrii
3344 5520 3495 5564 estote
3528 5509 3627 5578 Ῑιιο

2117 5664 2133 5695 ι
2160 5661 2232 5709 sic
2249 5656 2427 5725 plures
2443 5663 2551 5705 Mss.
2574 5660 2629 5725 At
2650 5654 2785 5716 Edd.,
2813 5656 2896 5717 qui
2919 5649 3230 5703 crediderunt
3252 5655 3297 5698 et
3318 5646 3418 5710 qui,
3445 5654 3540 5694 etc.

2112 5726 2133 5755 ²
2155 5724 2296 5771 Corb.
2325 5726 2407 5768 Ms.
2424 5756 2439 5779 ,
2462 5724 2643 5779 quanti.

2115 5770 2293 5834 aedd;
2320 5770 2459 5832 Dicat
2477 5770 2592 5831 'vero
2612 5791 2757 5829 nunc.
2797 5779 2967 5837 Abest,
3008 5786 3164 5834 nunc,
3200 5785 3229 5821 a
3260 5779 3365 5823 Mss.
3392 5780 3443 5819 et
3466 5770 3643 5823 suniat

2053 5845 2301 5916 particula,
2322 5858 2451 5906 vero,
2476 5858 2562 5906 pro
2584 5854 2741 5907 graeca
2757 5840 2836 5891 de.
