4160 6434
563 310 703 373 I695

558 447 676 492 cem
724 445 832 491 non
857 433 1037 492 habet.
1069 433 1279 504 Quanto
1308 435 1497 494 melius
1526 438 1781 496 humilius
1806 452 2135 512 nasceretur,

563 537 618 586 et
643 529 817 587 laetius
842 530 1170 586 viresceret?
1195 529 1352 586 Modo
1378 532 1612 588 nascitur
1636 533 1793 590 altius
1822 535 1886 591 ad
1915 538 2142 595 celerio-

554 640 669 681 rem
690 623 1005 679 ariditatem.
1039 622 1284 679 Nondum
1308 625 1551 680 evulsum
1574 636 1657 682 est
1678 669 1691 695 ,
1724 636 1778 684 et
1803 630 1972 686 aruit:
2007 646 2141 687 non-

553 714 679 771 dum
711 712 841 768 ﬁniti
868 714 885 745 ί
914 720 1038 769 sunt
1066 713 1119 769 in
1152 713 1355 785 judicio
1392 716 1487 772 Dei
1510 758 1524 781 ,
1565 726 1620 774 et
1655 718 1767 788 jam
1806 735 1912 776 non
1943 722 2140 780 habent

551 819 767 861 succum
785 804 1088 861 viriditatis.
1113 806 1384 865 Attendite
1411 824 1573 882 opera
1600 811 1857 884 ipsorum,
1885 824 1940 872 et
1962 817 2140 878 videte

547 898 670 968 quia
694 897 1087 955 aruerunt.'Sed
1112 899 1369 968 vivunt,et
1389 901 1475 958 hic
1495 914 1651 959 sunt:
1683 906 1917 963 nondum
1938 924 2065 982 ergo
2080 926 2138 967 a-

550 990 689 1046 vulsi
702 991 1139 1060 suntzAruerunt,
1156 994 1246 1051 sed
1264 996 1498 1052 nondum
1519 999 1687 1055 avulsi
1704 1012 1853 1056 sunt:
1870 1002 1991 1059 facti
2011 1016 2137 1063 sunt

545 1084 672 1139 sicut
697 1085 873 1155 fenum
901 1094 1163 1152 tectorum,
1195 1088 1332 1157 quod
1358 1089 1498 1160 prius
1522 1108 1673 1162 quam
1698 1094 1939 1150 evellatur
1960 1099 2116 1157 aruit.

616 1176 705 1233 i2.
737 1177 805 1233 Et
833 1178 1050 1234 venient
1077 1193 1380 1250 messores,
1409 1181 1503 1239 sed
1547 1199 1653 1240 non
1680 1184 1748 1242 de
1774 1186 1881 1243 illis
1911 1189 2133 1260 implent

542 1271 864 1341 manipulos.
898 1270 1117 1328 Venturi
1156 1282 1283 1329 sunt
1330 1278 1472 1331 enim
1528 1293 1796 1337 messores
1818 1323 1831 1347 ,
1865 1291 1920 1338 et
1958 1284 2127 1342 colle-

541 1363 676 1419 cturi
702 1372 825 1418 sunt
841 1362 1073 1419 triticum
1090 1365 1143 1419 in
1165 1364 1439 1435 horreum,
1453 1378 1506 1425 et
1528 1370 1726 1426 zizania
1748 1373 2059 1445 alligabunt,
2074 1387 2130 1435 et

540 1457 749 1513 mittent
773 1458 829 1512 in
859 1457 1054 1529 ignem.
1086 1458 1177 1516 Sic
1197 1469 1251 1515 et
1277 1460 1454 1518 fenum
1483 1472 1743 1522 tectorum
1774 1479 2123 1542 expurgatur,

538 1557 593 1605 et
619 1548 869 1621 quidquid
896 1549 1019 1606 inde
1046 1551 1323 1621 evellitur,
1354 1555 1408 1611 in
1436 1557 1609 1628 ignem
1633 1559 1893 1627 mittitur;
1927 1564 2048 1634 quia
2068 1574 2124 1623 et

537 1640 842 1712 priusquam
879 1641 1199 1699 evelleretur
1230 1646 1385 1701 aruit.
1414 1647 1528 1703 Non
1557 1650 1680 1706 inde
1709 1652 1894 1724 implet
1920 1670 2127 1711 messor

534 1748 745 1790 manus.
784 1733 1034 1805 Sequitur
1062 1736 1204 1793 enim
1244 1748 1299 1795 et
1327 1739 1489 1796 dicit:
1524 1742 1645 1799 Non
1680 1746 1889 1816 replevit
1916 1767 2124 1805 manum

534 1842 681 1880 suam
699 1842 906 1894 messor,
928 1836 975 1881 et
985 1827 1151 1883 sinum
1169 1847 1317 1885 suum
1332 1833 1418 1903 qui
1435 1835 1721 1906 manipulos
1743 1840 1953 1912 colligit.
1979 1841 2119 1899 Mes-

531 1934 667 1973 sores
677 1926 844 1972 autent
860 1919 1041 1991 Angeli
1058 1931 1174 1976 sunt
1190 1922 1209 1993 (
1220 1921 1402 1978 Matth.
1418 1926 1678 1999 xiu,59.),
1701 1930 1955 1988 Dominus
1969 1935 2117 1992 dicit.

603 2010 689 2064 15.
724 2007 870 2083 [vers.
912 2010 991 2085 8.]
1041 2011 1109 2067 Et
1160 2031 1264 2069 non
1315 2016 1553 2075 dixerunt
1595 2029 1905 2079 transeuntes
1942 2028 2115 2097 viam,

528 2100 817 2157 Benedictio
834 2101 1042 2158 Domini
1064 2121 1218 2177 super
1235 2122 1323 2163 vos
1344 2125 1365 2173 ;
1393 2110 1735 2169 benediximus
1759 2130 1846 2171 vos
1870 2117 1921 2171 in
1950 2121 2115 2175 nomi-

528 2212 591 2251 ne
632 2195 857 2250 Domini.
886 2196 1065 2252 Nostis
1095 2199 1260 2268 enim,
1288 2200 1496 2269 fratres,
1521 2206 1737 2274 quando
1757 2209 2011 2264 transitur
2024 2226 2117 2281 per

526 2295 827 2356 operantes,
864 2296 947 2343 est
969 2291 1299 2347 consuetudo
1326 2303 1385 2349 ut
1410 2295 1617 2352 dicatur
1648 2298 1788 2368 illis,
1828 2300 2115 2360 Benedictio

524 2378 734 2434 Domini
761 2397 912 2452 super
936 2398 1041 2439 vos.
1084 2384 1153 2439 Et
1189 2386 1358 2457 magis
1398 2388 1497 2444 ista
1534 2393 1865 2450 consuetudo
1906 2408 2018 2451 erat
2059 2398 2112 2454 in

522 2480 682 2542 gente
720 2471 1049 2531 Judreorum.
1092 2474 1263 2533 Nemo
1292 2480 1555 2537 transibat
1589 2492 1641 2539 et
1670 2483 1882 2541 videbat
1904 2488 2111 2560 aliquos

522 2564 699 2621 facere
724 2565 937 2638 aliquod
960 2583 1093 2641 opus
1114 2570 1168 2626 in
1183 2585 1333 2643 agro,
1350 2573 1436 2629 vel
1460 2575 1515 2630 in
1536 2576 1711 2645 vinea,
1728 2579 1811 2633 vel
1831 2580 1883 2635 in
1911 2597 2106 2653 messe,

520 2657 604 2712 vel
632 2658 830 2729 aliquid
853 2659 1187 2732 huiusmodi;
1212 2680 1317 2720 non
1342 2665 1535 2725 licebat
1559 2672 1787 2728 transire
1810 2672 1927 2729 sine
1949 2674 2107 2733 bene-

519 2746 775 2805 dictione.
808 2751 911 2806 Alii
958 2762 1082 2809 sunt
1109 2755 1197 2825 qui
1220 2758 1518 2828 manipulos
1544 2762 1831 2835 colligunt,
1866 2766 1954 2822 alii
1984 2778 2109 2825 sunt

522 2849 858 2899 transeuntes
884 2844 1045 2901 viam.
1091 2846 1191 2915 Qui
1232 2852 1529 2922 manipulos
1562 2856 1819 2928 colligunt
1848 2902 1862 2926 ,
1910 2876 2013 2917 non
2039 2863 2107 2920 de

516 2932 623 2989 illis
652 2935 860 3005 replent
886 2952 1076 2994 manus
1106 2955 1120 3005 ;
1162 2941 1287 3011 quia
1320 2957 1426 2999 non
1462 2945 1729 3018 colligitur
1757 2950 1823 3005 ad
1852 2950 2103 3011 horreum

516 3027 695 3085 fenum
728 3037 1008 3088 tectorum.
1051 3033 1151 3103 Qui
1190 3044 1315 3092 sunt
1350 3039 1439 3108 qui
1478 3042 1778 3112 manipulos
1805 3046 2104 3119 colligunt?

515 3118 800 3179 Messores.
842 3123 943 3193 Qui
981 3134 1105 3181 sunt
1129 3130 1441 3185 messores?
1490 3129 1745 3190 Dominus
1770 3118 2104 3197 dixitziMes-

513 3227 653 3269 sores
679 3223 842 3271 autem
871 3216 1053 3288 Angeli
1076 3228 1211 3275 sunt.
1230 3220 1331 3287 Qui
1356 3231 1480 3278 sunt
1508 3231 1880 3285 transeuntes?
1902 3230 1979 3286 Illi
2008 3233 2100 3303 qui

511 3305 619 3377 iam
650 3320 748 3376 per
771 3308 911 3362 viam
940 3307 1118 3378 istam,
1152 3310 1204 3365 id
1236 3321 1353 3380 est,
1384 3328 1478 3384 per
1500 3316 1663 3371 vitam
1686 3318 1841 3374 istam
1869 3322 2100 3379 transie-

514 3404 643 3452 runt
667 3397 793 3453 hinc
831 3399 898 3454 ad
932 3401 1192 3470 patriam:
1222 3405 1463 3475 Apostoli
1495 3416 1831 3467 transeuntes
1861 3425 2013 3470 erant
2043 3415 2096 3471 in

512 3490 617 3546 ista
652 3490 760 3547 vita
789 3533 804 3558 ,
830 3492 1112 3564 Propheta:
1164 3506 1498 3557 transeuntes
1545 3513 1717 3557 erant.
1746 3503 1890 3571 Quos
1938 3506 2099 3563 bene-

512 3580 1054 3654 dixeruntProphetae
1070 3588 1408 3657 etApostoli?
1424 3590 1545 3648 Illos
1570 3593 1623 3647 in
1651 3594 1842 3663 quibus
1866 3596 2097 3654 radicem

512 3672 788 3732 charitatis
830 3675 1097 3735 viderunt.
1143 3678 1289 3747 Quos
1314 3690 1491 3738 autem
1522 3685 1839 3743 invenerunt
1864 3689 1917 3745 in
1946 3692 2096 3748 tectis

511 3768 751 3826 eminere
788 3778 843 3827 et
878 3773 1156 3842 superbire
1198 3773 1254 3829 in
1302 3776 1489 3832 cervice
1524 3780 1654 3833 scuti
1700 3782 1819 3848 sui,
1848 3781 2096 3841 dixerunt

512 3868 699 3915 contra
729 3860 851 3917 illos
870 3862 1013 3933 quod
1042 3862 1204 3920 futuri
1224 3875 1377 3921 erant
1396 3907 1412 3933 ,
1443 3867 1863 3928 benedictionem
1915 3883 2091 3931 autem

507 3965 669 4022 super
691 3966 784 4008 eos
806 3966 913 4008 non
929 3952 1207 4011 dederunt.
1235 3956 1375 4029 Ergo
1400 3973 1587 4014 omnes
1613 3960 1742 4017 istos
1766 3963 1933 4019 malos
1960 3980 2093 4036 quos

509 4051 687 4114 portat
710 4043 948 4102 Ecclesia
978 4087 992 4112 ,
1029 4046 1121 4117 qui
1156 4047 1332 4119 legitis
1366 4049 1419 4105 in
1462 4048 1749 4122 Scripturis
1772 4094 1787 4121 ,
1843 4056 2091 4115 invenitis

507 4137 818 4194 maledictos
844 4138 1150 4212 designatos
1188 4142 1255 4198 ad
1291 4143 1661 4201 antichristum
1695 4149 1993 4219 pertinere,
2022 4152 2089 4208 ad

506 4228 775 4286 diabolum
798 4233 1065 4302 pertinere
1088 4276 1103 4301 ,
1131 4233 1197 4289 ad
1228 4236 1433 4306 paleam
1462 4239 1727 4307 pertinere
1749 4280 1764 4306 ,
1792 4241 1859 4297 ad
1888 4243 2087 4300 zizania

506 4321 796 4392 pertinere.
829 4324 896 4380 Et
915 4325 1082 4381 multa
1112 4328 1515 4385 innumerabilia
1556 4346 1653 4401 per
1689 4333 2087 4391 similitudinem

506 4412 757 4469 dicuntur
780 4414 848 4470 de
871 4415 1011 4471 illis:
1045 4417 1178 4485 Quia
1200 4435 1301 4473 non
1320 4421 1482 4474 omnis
1510 4422 1596 4492 qui
1623 4423 1745 4476 dicit
1772 4424 1896 4478 mihi
1915 4467 1930 4492 ,
1980 4424 2087 4481 Do-

507 4505 660 4571 mine,
680 4504 915 4574 Domine,
938 4507 1146 4563 intrabit
1159 4510 1214 4563 in
1236 4526 1447 4582 regnum
1465 4514 1703 4568 caelorum
1726 4515 1833 4585 (Id.
1857 4532 1946 4583 vn,
1968 4518 2029 4574 2i
2044 4519 2083 4591 ).

503 4597 713 4656 Nullam
740 4599 948 4657 invenis
968 4600 1297 4672 Scripturam
1312 4618 1431 4674 quae
1451 4604 1517 4660 de
1542 4605 1648 4660 illis
1670 4606 1805 4664 bene
1821 4608 2079 4680 loquatur,

503 4694 628 4766 quia
653 4702 991 4751 transeuntes
1014 4694 1155 4751 viam
1178 4709 1285 4751 non
1315 4696 1433 4754 illos
1457 4697 1862 4756 benedixcrunt.
1886 4702 2085 4760 Trans-

501 4796 690 4843 euntes
717 4786 1000 4858 Propheta:
1024 4787 1202 4844 omnia
1241 4788 1309 4845 de
1350 4790 1456 4845 illis
1482 4792 1619 4847 mala
1644 4791 1914 4849 dixerunt.
1947 4795 2084 4853 Ecce

500 4886 557 4933 et
579 4878 680 4934 iste
704 4893 863 4950 quem
893 4889 1167 4950 portamus
1189 4920 1205 4946 ,
1239 4880 1402 4936 David
1433 4882 1641 4937 transiit
1662 4883 1836 4951 viam;
1864 4886 2084 4942 audistis

502 4969 632 5041 quid
657 4968 726 5025 de
752 4970 860 5027 illis
898 4970 1033 5027 dixit
1071 4989 1084 5024 :
1125 4971 1376 5029 Dominus
1412 4974 1585 5045 justus
1622 4976 1846 5032 concidet
1875 4980 2083 5036 cervices

500 5072 836 5133 peccatorum.
895 5061 1284 5142 Confundantur
1304 5107 1320 5132 ,
1365 5074 1413 5120 et
1461 5077 1748 5123 avertantur
1788 5078 2079 5140 retrorsum,

499 5170 670 5209 omnes
715 5155 799 5222 qui
837 5154 1050 5210 aderunt
1080 5156 1229 5212 Sion.
1258 5156 1415 5212 Fiant
1458 5159 1585 5213 sicut
1614 5164 2079 5233 fenumtectorum,

497 5246 635 5315 quod
665 5246 958 5317 priusquam
1001 5249 1239 5304 evellatur
1266 5251 1419 5306 aruit.
1467 5250 1590 5308 Non
1626 5255 1834 5325 replevit
1878 5273 2084 5311 manum

499 5355 644 5393 suam
665 5354 872 5405 messor,
891 5349 939 5394 et
962 5341 1130 5395 sinum
1149 5358 1297 5397 suum
1314 5344 1401 5415 qui
1419 5346 1703 5417 manipulos
1729 5348 1938 5420 colligit.
1959 5349 2083 5406 Haec

499 5431 566 5487 de
618 5431 725 5488 illis
766 5430 921 5487 dixit.
972 5432 1089 5489 Non
1136 5450 1264 5505 ergo
1317 5451 1476 5507 supra
1518 5438 1639 5494 illos
1679 5440 1780 5497 iste
1817 5442 2083 5499 transiens

500 5524 796 5594 benedixit,
824 5534 880 5582 et
899 5526 1175 5597 impletum
1196 5538 1280 5584 est
1298 5529 1456 5585 etiam
1482 5545 1580 5602 per
1605 5532 1779 5599 illum,
1802 5534 1944 5605 quod
1968 5536 2083 5607 ipse

498 5617 661 5674 dixit:
694 5617 763 5673 Et
788 5635 889 5674 non
916 5619 1151 5675 dixerunt
1178 5630 1493 5677 transeuntes
1533 5624 1663 5679 viam
1682 5667 1697 5693 ,
1725 5623 2083 5684 Benediximus

499 5726 584 5766 vos
604 5711 658 5766 in
679 5712 878 5766 nomine
904 5710 1129 5768 Domini.
1153 5712 1221 5769 Et
1248 5713 1335 5769 isti
1357 5722 1693 5775 transeuntes
1713 5718 1825 5776 sive
1846 5720 2082 5794 Prophe-

566 5826 583 5858 ί
603 5824 724 5875 Corb
769 5832 872 5889 Ms.,

1737 320 1794 377 S.
1834 318 2198 382 AUGUSTINI
2234 325 2539 396 EPISCOPI

2250 456 2342 551 tae,
2372 452 2488 510 sive
2516 455 2861 564 Patriarehee,
2890 468 3003 526 sive
3029 473 3642 564 Apostoli,quicumque
3674 505 3856 563 trans.

2248 553 2425 646 terunt
2449 588 2463 613 ,
2504 550 2548 603 si
2577 551 2713 610 bene
2740 557 3005 631 vivimus,
3039 565 3230 627 fratres
3258 550 3281 640 ,ν
3316 550 3720 645 benedixerunt
3751 550 3853 654 εἷος

2246 633 2297 744 in
2327 638 2528 694 nomine
2545 641 2773 702 Domini.
2796 650 3019 720 Quando
3049 674 3153 727 me,
3188 665 3383 738 inquis,
3408 672 3687 737 benedixit
3712 633 3855 744 Pan:

2246 723 2328 781 lus
2344 728 2602 838 iquando
2620 753 2706 795 me
2727 741 3003 804 benedixit
3034 723 3225 811 Petrus
3240 723 3275 811 il

2234 1296 2341 1340 non
2366 1287 2419 1344 in
2449 1294 2666 1351 nomine
2687 1297 2920 1358 Domini.
2949 1306 3047 1374 Qui
3078 1319 3257 1370 autem
3302 1317 3507 1387 dicunt,
3531 1324 3648 1382 Non
3717 1287 3845 1386 san:

2232 1378 2430 1480 etii-teat
2465 1384 2565 1440 nisi
2594 1386 2755 1457 Deus,
2789 1408 2887 1450 nec
2934 1398 3213 1471 quisquam
3254 1416 3337 1462 est
3365 1378 3667 1473 bonusiii‘si
3692 1420 3844 1480 dono

2234 1469 2358 1538 Dei;
2398 1474 2499 1545 ipsi
2528 1478 2582 1533 in
2610 1483 2828 1541 nomine
2854 1488 3061 1547 Domini
3094 1494 3413 1558 benedicunt
3438 1546 3453 1570 ,
3503 1525 3612 1564 non
3645 1512 3703 1568 in
3738 1531 3839 1571 no-

2230 1561 2376 1680 mi'ne
2422 1580 2557 1623 suo:
2586 1573 2709 1680 quia
2744 1575 2763 1608 ί
2785 1579 2943 1634 amici
2971 1594 3094 1639 sunt
3132 1592 3315 1657 sponsi
3364 1561 3539 1666 (Joan.
3575 1618 3631 1657 Ill
3654 1647 3670 1671 ,
3708 1606 3836 1680 19),

2228 1655 2415 1712 nolunt
2436 1673 2557 1717 esse
2580 1662 2805 1722 adulteri
2850 1686 3082 1741 sponsae.

2664 1872 2745 1934 IN
2787 1877 3171 1949 PSALMUM
3213 1891 3482 1963 CXXIX

2804 2003 3222 2070 ENARRATIO.

2742 2129 2912 2175 SERIO
2940 2136 3008 2177 AD
3036 2138 3257 2183 PLEBEII.

2216 2414 2401 2477 genter
2424 2424 2523 2464 nos
2547 2423 2764 2471 cantare
2792 2428 3001 2488 oportet
3035 2440 3049 2477 :
3089 2424 3165 2480 De
3205 2435 3473 2503 profundis
3498 2440 3725 2499 clamavi
3751 2448 3822 2503 ad

2216 2506 2278 2563 te,
2310 2498 2562 2569 Domine;
2590 2504 2824 2575 Domine,
2853 2515 3039 2568 exaudi
3062 2532 3226 2573 vocem
3256 2539 3437 2581 meam.
3466 2529 3678 2590 Etenim
3711 2553 3820 2597 vox

2215 2588 2327 2646 haec
2354 2595 2689 2653 ascendentis
2717 2612 2817 2668 est,
2851 2606 3122 2673 pertinens
3142 2611 3207 2666 ad
3233 2617 3495 2676 canticum
3517 2626 3815 2694 graduum.

2215 2682 2380 2792 Debet
2402 2688 2577 2760 itaque
2606 2696 2963 2769 unusquisque
2991 2712 3229 2760 nostrum
3262 2710 3443 2768 videre
3470 2682 3656 2789 invquo
3678 2738 3815 2792 pro-

2214 2774 2376 2833 fundo
2400 2778 2496 2846 sit,
2524 2782 2592 2837 de
2618 2799 2724 2855 quo
2751 2787 2947 2845 clamet
2986 2794 3051 2847 ad
3094 2795 3396 2856 Dominum.
3430 2774 3707 2867 Clamavitr
3721 2774 3814 2875 de

2211 2869 2473 2936 profundo
2497 2871 2678 2941 Jonas,
2700 2876 2765 2933 de
2784 2890 2969 2938 ventre
2994 2887 3094 2941 ceti
3124 2886 3305 2960 (Iona:
3326 2909 3382 2962 ll,
3412 2896 3503 2970 2).
3533 2900 3663 2959 Erat
3693 2869 3810 2966 no;

2210 2962 2381 3016 solum
2403 2966 2503 3021 sub
2518 2964 2785 3038 ﬂuctibus,
2802 2987 2986 3030 verum
3007 2978 3165 3034 etiam
3188 2982 3239 3037 in
3258 2962 3549 3046 visceribus
3566 2993 3765 3054 bellua:
3787 3018 3807 3070 ;

2210 3068 2307 3107 nec
2339 3063 2513 3112 tamen
2554 3058 2682 3115 illud
2711 3076 2904 3134 corpus
2933 3074 2988 3122 et
3033 3070 3109 3125 illi
3152 3073 3345 3133 ﬂuctus
3388 3058 3806 3153 intercluseruni

2208 3149 2498 3206 orationem
2531 3169 2597 3208 ne
2626 3158 2926 3225 perveniret
2968 3162 3034 3218 ad
3079 3164 3245 3223 Deum
3273 3214 3287 3239 ,
3316 3180 3370 3228 et
3394 3186 3581 3255 venter
3608 3181 3799 3242 bestiae

2207 3257 2313 3298 non
2372 3247 2539 3315 potuit
2596 3259 2777 3309 tenere
2831 3271 3017 3313 vocem
3072 3261 3429 3334 deprecantis.
3459 3247 3795 3339 'Penetravit

2205 3339 2403 3408 omnia,
2435 3340 2658 3414 disrupit
2692 3350 2888 3419 omnia,
2918 3357 3160 3424 pervenit
3188 3360 3253 3414 ad
3283 3375 3440 3419 aures
3470 3366 3562 3422 Dei
3596 3388 3609 3425 :
3636 3372 3681 3427 si
3711 3384 3793 3430 ta-

2206 3444 2327 3486 men
2348 3431 2631 3490 dicendum
2659 3447 2741 3494 est
2766 3442 2888 3511 quia
2918 3443 3169 3518 disruptis
3195 3454 3441 3512 omnibus
3461 3464 3703 3528 pervenit
3722 3467 3789 3530 ad

2203 3538 2357 3580 aures
2379 3526 2493 3595 Dei,
2518 3532 2732 3600 quando
2752 3548 2909 3592 aures
2938 3538 3030 3594 Dei
3062 3541 3115 3596 in
3145 3546 3306 3601 corde
3333 3526 3595 3619 precantis
3616 3569 3785 3615 erant.

2203 3616 2301 3674 Ubi
2338 3620 2478 3676 enim
2510 3622 2675 3680 Deum
2721 3640 3037 3697 praesentem
3069 3651 3173 3691 non
3205 3616 3397 3708 habet,
3438 3646 3588 3716 cujus
3618 3649 3785 3709 ﬁdelis

2199 3717 2282 3764 est
2310 3714 2452 3768 vox?
2477 3712 2852 3775 Verumtamen
2880 3731 2933 3777 et
2960 3739 3059 3782 nos
3088 3726 3345 3787 debemus
3387 3712 3685 3806 intelligere
3720 3742 3785 3799 de

2198 3816 2304 3872 quo
2351 3806 2613 3874 profundo
2657 3811 2949 3870 clamemus
2998 3817 3066 3873 ad
3112 3821 3413 3880 Dominum.
3461 3827 3781 3891 Profundum

2197 3897 2338 3950 enim
2372 3898 2525 3955 nobis
2554 3910 2635 3958 est
2663 3905 2768 3959 vita
2801 3906 2898 3962 ista
2929 3914 3189 3969 mortalis.
3220 3915 3469 3990 Quisquis
3494 3936 3554 3979 se
3584 3925 3634 3980 in
3667 3943 3784 3998 pro-

2197 3988 2360 4045 fundo
2389 3991 2729 4063 intellexerit,
2761 3999 2975 4067 clamat,
3003 4006 3164 4075 gemit
3188 4048 3203 4075 ,
3232 3988 3479 4080 suspirat,
3522 3988 3694 4073 donec
3717 4018 3784 4077 de

2195 4081 2455 4151 profundo
2483 4096 2699 4143 eruatur
2720 4131 2733 4155 ,
2767 4099 2821 4145 et
2850 4095 3029 4150 veniat
3057 4097 3122 4152 ad
3148 4114 3268 4154 eum
3295 4104 3384 4173 qui
3414 4122 3575 4176 super
3600 4125 3783 4168 omnes

2193 4173 2416 4246 abyssos
2446 4178 2595 4235 sedet
2633 4190 2685 4235 ct
2726 4196 2888 4253 super
2913 4186 3197 4245 Cherubim
3222 4234 3237 4259 ,
3274 4208 3436 4265 super
3461 4173 3642 4256 omnia
3669 4219 3783 4274 qua

2192 4267 2391 4323 creavit
2414 4310 2429 4334 ,
2458 4285 2563 4325 non
2596 4271 2767 4329 solum
2794 4280 3109 4348 corporalia,
3144 4284 3237 4338 sed
3267 4288 3424 4342 etiam
3453 4267 3778 4364 spiritualia;

2191 4357 2360 4415 donec
2385 4360 2450 4415 ad
2489 4377 2609 4417 eum
2636 4366 2814 4422 veniat
2841 4373 3015 4424 anima
3041 4414 3056 4439 ,
3099 4373 3272 4432 donec
3309 4378 3375 4433 ab
3406 4357 3498 4436 illo
3527 4384 3781 4444 liberetur

2191 4450 2364 4521 imago
2404 4454 2569 4523 ipsius
2597 4498 2610 4522 ,
2643 4458 2785 4528 quod
2814 4469 2898 4516 est
2928 4463 3088 4518 homo
3108 4507 3123 4533 ,
3155 4482 3275 4538 quae
3304 4470 3355 4526 in
3388 4472 3490 4530 hoc
3516 4478 3779 4545 profundo

2193 4551 2437 4613 tanquam
2468 4549 2695 4606 assiduis
2740 4551 2985 4611 ﬂuctibus
3009 4560 3268 4629 exagitata
3296 4604 3310 4629 ,
3342 4564 3534 4621 detrita
3566 4579 3650 4626 est
3680 4589 3695 4628 :
3726 4583 3780 4630 et

2189 4635 2289 4690 nisi
2313 4648 2598 4696 renovetur
2617 4651 2673 4697 et
2698 4654 2977 4714 reparetur
3002 4663 3031 4701 a
3057 4650 3187 4719 Deo,
3216 4654 3305 4724 qui
3336 4656 3477 4712 illam
3510 4660 3779 4732 impressit

2187 4728 2401 4797 quando
2453 4729 2699 4789 formavit
2746 4734 3014 4792 hominem
3054 4742 3075 4772 '
3127 4742 3389 4815 (ldoneus
3439 4728 3609 4819 potuit
3658 4770 3777 4812 esse

2188 4817 2348 4876 homo
2375 4820 2441 4876 ad
2470 4836 2653 4880 casum
2683 4841 2868 4894 suum;
2899 4844 3005 4886 non
3048 4839 3130 4888 est
3171 4834 3394 4893 idoneus
3434 4817 3500 4895 ad
3530 4858 3775 4902 resurre-

2187 4912 2417 4967 ctionem
2444 4917 2657 4986 suam),
2688 4933 2901 4989 semper
2929 4922 2982 4978 in
3013 4924 3278 4993 profundo
3306 4938 3419 4995 est;
3452 4933 3552 4988 nisi
3584 4934 3776 4994 libere-

2188 5012 2292 5073 tur,
2318 5014 2377 5062 ut
2400 5007 2529 5078 dixi,
2557 5024 2770 5082 semper
2789 5015 2843 5070 in
2869 5017 3135 5086 profundo
3161 5029 3262 5076 est.
3290 5021 3393 5079 Sed
3418 5040 3537 5081 cum
3563 5029 3632 5084 de
3653 5046 3774 5101 pro-

2186 5095 2350 5153 fundo
2376 5099 2589 5168 clamat,
2621 5105 2791 5175 surgit
2815 5106 2883 5163 de
2907 5109 3189 5179 profundo,
3222 5122 3275 5169 et
3301 5115 3415 5186 ipse
3444 5095 3772 5179 clamor-non

2186 5207 2306 5247 eum
2346 5197 2604 5264 permittit
2645 5200 2870 5256 multum
2920 5201 2972 5257 in
3014 5204 3122 5260 imo
3163 5221 3302 5264 esse.
3335 5208 3503 5267 Valde
3545 5213 3690 5271 enim
3719 5216 3770 5275 in

2186 5286 2448 5355 profundo
2476 5298 2639 5359 sunt,
2670 5291 2760 5362 qui
2803 5308 2903 5349 nec
2931 5294 3161 5352 clamant
3204 5299 3272 5354 de
3316 5301 3600 5370 profundo.
3635 5306 3769 5363 Dicit

2186 5377 2459 5450 Scriptura
2489 5397 2503 5435 :
2535 5380 2781 5438 Peccator
2800 5426 2816 5452 ,
2844 5402 2957 5439 cum
2983 5389 3168 5443 venerit
3192 5390 3246 5444 in
3270 5394 3582 5463 profundum
3608 5399 3767 5451 malo-

2186 5489 2318 5541 rum,
2351 5476 2620 5530 contemnit
2649 5475 2838 5551 (Prov.
2868 5496 3020 5547 xvm,
3044 5482 3135 5553 5).
3164 5482 3280 5538 Jam
3310 5486 3507 5553 videte,
3538 5488 3730 5546 fratres
3750 5532 3763 5556 ,

2187 5564 2343 5635 quale
2384 5565 2707 5635 profundum
2760 5571 2867 5638 sit,
2907 5573 2998 5628 ubi
3046 5577 3402 5631 contemnitur
3446 5578 3607 5635 Deus.
3639 5582 3763 5643 Cum

2186 5658 2409 5729 quisque
2428 5660 2619 5716 viderit
2638 5676 2697 5718 se
2724 5663 3044 5734 quotidianis
3070 5668 3302 5737 peccatis
3322 5669 3594 5741 obrutum,
3616 5688 3763 5730 acere

2252 5772 2728 5851 ἶνῖυνίῖξΜεξοεὲἵῖά·
2773 5840 2817 5851 ..
2894 5848 2902 5851 _
3169 5842 3180 5851 .
3341 5846 3357 5851 -
3441 5847 3451 5851 _
3564 5848 3575 5851 _
3738 5848 3741 5851 ,

2253 5839 2271 5867 ³
2293 5838 2374 5888 Hic
2394 5835 2579 5900 aliquot
2596 5835 2700 5889 Mss.
2729 5840 2927 5904 addunt,
2950 5854 3138 5907 semper
3160 5842 3211 5895 in
3240 5846 3481 5912 ρνοησιάο
3501 5848 3611 5902 ενα,
3738 5842 3782 5882 1
