4160 6426
369 377 521 443 109⁸1

368 501 453 558 vis
506 493 828 570 quibusdam
881 497 937 547 et
986 484 1217 543 molibus
1265 476 1583 552 quibusdam
1633 470 1970 543 iniquitatum

364 563 587 666 premi,
621 589 667 647 si
706 587 907 644 dictum
937 581 1017 638 illi
1059 577 1220 635 fuerit
1248 584 1307 630 ut
1348 574 1515 629 Deum
1546 576 1738 640 roget,
1770 563 1975 621 irridet.

364 655 585 757 Quibus
612 680 822 740 modis?
850 678 1029 734 Primo
1054 673 1181 730 dicit
1209 688 1223 725 :
1253 669 1309 726 Si
1340 668 1451 722 Deo
1481 662 1828 734 diSplicerent
1852 655 1981 712 faci-

364 792 536 843 nora,
568 790 670 846 ego
696 769 971 827 viverem?
998 766 1056 822 Si
1082 768 1297 820 curaret
1322 760 1465 815 Deus
1490 770 1577 812 res
1608 754 1887 815 humanas,
1916 747 1984 804 ad

364 879 532 927 tanta
559 866 764 922 scelera
810 876 929 932 qum
971 857 1111 925 feci,
1144 869 1249 909 non
1294 851 1467 907 solum
1496 848 1731 902 viverem
1757 886 1773 912 ,
1801 841 1896 898 sed
1936 847 1991 896 et

364 961 523 1019 bene
557 956 691 1015 mihi
720 953 909 1011 esset?
947 950 1095 1008 Solet
1124 948 1265 1003 enim
1310 943 1414 999 hoc
1458 941 1561 997 illis
1604 938 1821 996 evenire
1846 978 1860 1004 ,
1900 932 1990 1005 qui

364 1052 615 1109 multum
655 1048 709 1103 in
739 1041 1002 1117 profundo
1032 1047 1175 1105 sunt,
1208 1046 1262 1093 et
1289 1040 1674 1107 prosperantur
1708 1028 1762 1083 in
1794 1026 1991 1097 iniqui-

374 1144 591 1201 tatibus
618 1139 729 1195 suis
764 1156 776 1193 :
808 1145 862 1192 et
887 1142 1039 1190 tanto
1067 1131 1237 1201 magis
1260 1129 1314 1183 in
1342 1123 1605 1198 profundo
1645 1128 1958 1191 merguntur
1976 1159 1992 1185 ,

379 1246 598 1309 quanto
624 1231 791 1302 magis
814 1227 1062 1284 videntur
1086 1237 1206 1280 esse
1232 1220 1446 1284 felices;
1476 1216 1636 1271 fallax
1663 1214 1803 1269 enim
1832 1210 1998 1265 felici-

382 1302 475 1384 tas
500 1369 516 1395 ,
550 1326 663 1397 ipsa
690 1322 863 1392 major
894 1327 978 1375 est
1023 1314 1323 1372 infelicitas.
1369 1308 1574 1365 Deinde
1602 1315 1657 1362 et
1685 1305 1788 1359 hoc
1824 1302 2001 1357 solent

385 1396 644 1478 homines
666 1416 848 1472 dicere
885 1430 898 1466 :
931 1411 1046 1468 Jam
1069 1407 1318 1480 quoniam
1343 1403 1510 1459 multa
1533 1400 1637 1456 feci
1658 1408 1711 1455 et
1731 1396 2001 1452 damnatio

392 1513 665 1575 imminet,
688 1510 789 1565 hoc
811 1504 999 1577 perdo,
1018 1500 1163 1574 quod
1184 1514 1288 1554 non
1310 1496 1449 1553 facio
1470 1489 1723 1564 quidquid
1746 1502 1961 1560 possum
1985 1502 2000 1551 ;

396 1617 453 1663 et
478 1648 494 1674 ,
526 1604 607 1659 Ex
637 1603 740 1657 hoc
769 1598 965 1672 perdor
988 1636 1003 1662 ,
1036 1609 1131 1649 cur
1158 1607 1267 1648 non
1296 1590 1432 1646 facio
1460 1584 1715 1658 quidquid
1742 1580 2003 1653 possum?

398 1693 682 1765 Quomodo
726 1692 903 1747 solent
943 1685 1210 1756 desperati
1258 1683 1491 1736 latrones
1535 1677 1715 1731 dicere
1752 1692 1765 1728 :
1799 1673 1889 1729 Sic
1916 1685 2005 1726 me

404 1789 682 1845 occisurus
708 1793 791 1840 est
815 1780 981 1852 judex
1009 1792 1106 1849 pro
1149 1775 1335 1831 decem
1366 1768 1668 1826 homicidiis
1692 1807 1707 1833 ,
1737 1761 2007 1835 quomodo

405 1897 505 1953 pro
530 1880 786 1951 quinque,
816 1871 1087 1945 quomodo
1116 1885 1212 1940 pro
1239 1880 1376 1931 uno;
1407 1877 1574 1935 quare
1601 1875 1705 1915 non
1729 1860 1836 1929 jam
1864 1853 2009 1927 quid-

408 1972 536 2046 quid
565 1972 695 2026 mihi
722 1966 1018 2025 occurrerit
1047 1961 1225 2017 facio?
1252 1959 1364 2014 Hoc
1391 1955 1774 2021 est,Peccator,
1798 1967 1911 2004 cum
1935 1964 2011 2004 ve-

412 2042 538 2119 nerit
570 2064 622 2116 in
653 2059 967 2133 profundum
998 2054 1269 2120 malorum,
1300 2048 1588 2105 contemnit.
1622 2045 1727 2101 Sed
1755 2042 2010 2098 Dominus

414 2159 571 2215 Jesus
614 2155 859 2211 Christus
888 2150 977 2222 qui
1010 2164 1109 2204 nec
1140 2144 1398 2217 profunda
1443 2151 1623 2198 nostra
1651 2135 2008 2206 contempsit,

414 2249 501 2322 qui
528 2264 697 2318 usque
722 2245 789 2301 ad
818 2246 973 2299 istam
991 2240 1154 2295 vitam
1176 2238 1359 2293 venire
1384 2234 1630 2305 dignatus
1654 2238 1756 2296 est,
1782 2225 2010 2297 promit-

417 2350 532 2398 tens
558 2337 930 2394 remissionem
957 2333 1195 2388 omnium
1224 2336 1597 2401 peccatorum;
1620 2322 1781 2378 etiam
1803 2318 1871 2374 de
1889 2331 2017 2388 pro-

419 2435 585 2491 fundo
616 2430 872 2489 excitavit
916 2427 1185 2483 hominem
1212 2466 1227 2493 ,
1259 2432 1319 2478 ut
1357 2422 1611 2477 clamaret
1638 2417 1707 2473 de
1754 2411 2017 2486 profundo

415 2527 517 2583 sub
545 2524 772 2581 molibus
812 2527 1155 2592 peccatorum
1181 2557 1194 2582 ,
1225 2522 1279 2570 et
1322 2512 1625 2585 perveniret
1668 2523 1771 2564 vox
1818 2518 2015 2576 pecca-

420 2619 551 2674 toris
571 2616 637 2673 ad
667 2617 835 2672 Deum
860 2631 874 2669 :
895 2610 1037 2668 unde
1064 2607 1363 2674 clamantis,
1393 2605 1496 2660 nisi
1520 2603 1587 2659 de
1613 2599 1878 2671 profundo
1900 2611 2016 2652 ma-

418 2708 638 2766 hmm?

489 2801 547 2855 2.
597 2799 667 2855 Et
690 2797 863 2854 videte
891 2796 1015 2867 quia
1052 2808 1156 2849 vox
1198 2788 1496 2862 peccatoris
1543 2785 1741 2842 clamat
1781 2782 1850 2838 de
1892 2794 2017 2851 pro-

421 2893 591 2950 fundo
626 2911 640 2947 :
670 2891 747 2945 De
775 2889 1043 2961 profundis
1073 2884 1286 2940 clamavi
1314 2882 1382 2935 ad
1407 2890 1474 2946 te,
1507 2878 1755 2942 Domine;
1782 2874 2018 2939 Domine,

423 2987 610 3044 exaudi
652 3001 820 3040 vocem
864 2999 1047 3038 meant.
1079 2979 1239 3035 Fiant
1277 2993 1422 3032 aures
1468 2986 1568 3029 tum
1614 2969 1925 3026 intendentes
1968 2967 2024 3021 in

424 3095 590 3135 vocem
613 3075 983 3148 deprecationis
1012 3087 1155 3127 mete.
1193 3069 1345 3126 Unde
1372 3064 1603 3124 clamat?
1633 3064 1708 3118 De
1737 3058 2020 3132 profundo.

426 3174 650 3244 Quisest
665 3185 793 3243 ergo
812 3169 899 3240 qui
916 3164 1148 3223 clamat?
1166 3164 1440 3219 Pcccator.
1461 3159 1527 3213 Et
1556 3172 1656 3227 qua
1681 3170 1773 3224 spe
1789 3150 2024 3208 clamat?

429 3267 561 3337 Quia
601 3266 691 3337 qui
718 3263 864 3319 venit
892 3261 1101 3317 solvere
1138 3266 1352 3328 peccata
1376 3297 1389 3321 ,
1418 3252 1566 3308 dedit
1608 3264 1757 3320 spem
1784 3247 1943 3302 etiam
1970 3245 2023 3299 in

429 3359 692 3433 profundo
716 3357 887 3429 posito
905 3351 1191 3425 peccatori.
1219 3348 1344 3404 ideo
1359 3345 1485 3417 quid
1502 3343 1743 3414 sequitur
1760 3348 1879 3412 post
1897 3340 2026 3395 istas

431 3431 623 3517 voces?
666 3450 729 3507 Si
757 3447 1043 3517 iniquitates
1070 3440 1403 3498 observaveris
1423 3479 1438 3505 ,
1486 3435 1739 3498 Domine;
1772 3431 1988 3485 Domine
2008 3471 2023 3495 ,

432 3549 541 3619 quis
577 3542 884 3602 sustinebit?
913 3539 1055 3595 Ecce
1090 3534 1300 3608 aperuit
1330 3535 1348 3565 ί
1381 3532 1449 3587 de
1491 3545 1596 3602 quo
1627 3525 1890 3598 profundo
1915 3525 2027 3580 cla-

434 3618 623 3697 maret.
649 3635 859 3693 Clamat
884 3633 1025 3689 enim
1065 3630 1169 3685 sub
1199 3626 1429 3683 molibus
1467 3634 1522 3679 et
1558 3621 1807 3677 ﬂuctibus
1833 3618 2028 3689 iniqui-

441 3742 607 3789 tatum
633 3743 872 3786 suarum.
900 3721 1290 3794 Circumspexit
1332 3733 1391 3774 se
1414 3760 1430 3786 ,
1462 3713 1839 3785 circumspexit
1868 3713 2028 3767 vitam

439 3838 588 3880 suam
613 3838 630 3887 ;
665 3818 797 3874 vidit
823 3817 968 3871 illam
999 3813 1231 3883 undique
1258 3808 1472 3880 flagitiis
1501 3815 1552 3862 et
1583 3805 1909 3861 facinoribus
1936 3818 2032 3858 co-

440 3922 679 3986 opertam
716 3927 729 3964 :
761 3921 1094 3980 quacumque
1140 3902 1412 3972 respexit,
1457 3897 1587 3952 nihil
1634 3898 1687 3951 in
1734 3911 1792 3951 se
1835 3896 2032 3951 bonum

442 4008 681 4071 invenit,
712 4004 846 4059 nihil
876 4002 950 4057 illi
974 3996 1193 4071 iustitiae
1235 4008 1485 4051 serenum
1528 3990 1700 4061 potuit
1727 4000 2068 4044 occurrere.-

443 4101 655 4157 Etcum
684 4104 827 4152 tanta
854 4104 909 4151 et
938 4100 1043 4147 tam
1070 4090 1234 4145 multa
1270 4093 1487 4158 peccata
1522 4081 1758 4152 undique
1783 4088 1838 4135 et
1865 4087 2038 4134 cater-

444 4207 537 4249 vas
564 4190 829 4247 scelerum
870 4198 1089 4240 suorum
1113 4179 1358 4243 videret,
1392 4184 1642 4244 tanquam
1678 4183 2039 4241 expavescens

446 4282 795 4347 exclamavit,
827 4277 889 4334 Si
916 4274 1207 4344 iniquitates
1236 4262 1570 4325 observaveris
1592 4307 1606 4331 ,
1642 4262 1896 4326 Domine;
1924 4259 2038 4314 Do-

446 4379 579 4433 mine
602 4418 616 4443 ,
645 4374 759 4445 quis
783 4366 1086 4427 sustinebit?
1114 4364 1230 4421 Non
1252 4362 1424 4427 dixit,
1455 4361 1566 4430 Ego
1591 4373 1699 4413 non
1726 4354 2038 4420 sustinebo;

448 4472 543 4528 sed
567 4512 580 4537 ,
623 4469 736 4541 quis
773 4462 1081 4521 sustinebit?
1120 4457 1263 4514 Vidit
1300 4455 1444 4511 enim
1472 4467 1646 4524 prope
1685 4458 1850 4506 totam
1878 4447 2040 4503 vitam

452 4564 737 4620 humanam
763 4552 1150 4615 circumlatrari
1177 4548 1411 4621 peccatis
1437 4546 1565 4611 suis,
1596 4541 1835 4598 accusari
1856 4554 2043 4596 omnes

452 4653 807 4715 conscientias
835 4643 1246 4720 cogitationibus
1276 4640 1409 4706 suis,
1439 4651 1546 4693 non
1578 4633 1806 4690 inveniri
1833 4647 1928 4686 cor
1952 4645 2045 4686 ca-

453 4760 593 4806 stum
623 4756 951 4817 praesumens
978 4738 1045 4795 de
1082 4749 1176 4791 sua
1203 4732 1431 4805 iustitia.
1462 4729 1520 4785 Si
1563 4740 1690 4797 ergo
1719 4740 1814 4781 cor
1842 4732 2046 4779 castum

455 4858 561 4899 non
595 4846 770 4912 potest
794 4833 1023 4891 inveniri
1047 4873 1061 4895 ,
1092 4828 1235 4900 quod
1261 4834 1550 4897 praesumat
1587 4821 1656 4876 de
1684 4835 1780 4876 sua
1803 4816 2044 4888 justitia;

457 4940 744 5008 pmsnmat
769 4928 1007 4987 omnium
1046 4939 1142 4980 cor
1167 4922 1235 4978 de
1263 4915 1627 4976 misericordia
1660 4915 1774 4981 Dei,
1804 4921 1858 4967 et
1885 4911 2046 4977 dicat,

459 5028 520 5085 Si
546 5025 829 5098 iniquitates
855 5016 1189 5075 observaveris
1212 5054 1229 5081 ,
1256 5010 1509 5071 Domine;
1536 5005 1775 5070 Domine,
1804 5002 1914 5074 quis
1936 5017 2051 5057 sus-

458 5119 656 5175 stinebt't
682 5117 708 5173 ἒ)
1290 5142 1293 5145 ν

532 5213 584 5267 5.
619 5207 784 5283 [vers.
816 5202 976 5277 λιν-6.]
1014 5201 1191 5270 Quare
1239 5202 1418 5251 autem
1467 5206 1592 5264 spes
1635 5190 1754 5245 est?
1798 5185 2051 5253 Quoniam

461 5302 599 5375 apud
622 5277 668 5355 le
688 5295 978 5369 prapitiatio
1004 5302 1099 5347 est.
1129 5290 1196 5345 Et
1222 5301 1341 5358 qua:
1364 5292 1448 5341 est
1471 5283 1573 5339 ista
1600 5279 1926 5352 propitiatio,
1948 5277 2052 5332 nisi

462 5368 910 5450 sacrificium'lEt
934 5382 1079 5455 quod
1122 5387 1206 5437 est
1245 5374 1603 5440 sacrificium,
1629 5371 1732 5427 nisi
1777 5368 1917 5440 quod
1956 5382 2054 5438 pro

464 5484 618 5543 nobis
646 5481 887 5538 oblatum
935 5473 1055 5532 est?
1092 5469 1317 5541 Sanguis
1363 5467 1623 5521 innocens
1668 5462 1818 5517 fusus
1861 5458 2057 5515 delevit

463 5577 641 5635 omnia
668 5580 886 5646 peccata
907 5564 1251 5624 nocentium:
1282 5559 1513 5632 pretium
1543 5563 1746 5611 tantum
1770 5552 1952 5609 datum
1979 5566 2057 5606 re-

466 5668 633 5725 demit
668 5642 858 5721 omnes
899 5659 1137 5730 captivos
1178 5654 1249 5710 de
1286 5667 1450 5707 manu
1490 5646 1804 5720 captivantis
1836 5642 2055 5699 inimici.

467 5762 611 5835 Ergo
636 5768 708 5816 est
736 5757 876 5829 apud
904 5764 950 5810 te
979 5748 1290 5824 propitiatio.
1317 5744 1453 5801 Nam
1476 5743 1657 5805 sinon
1679 5746 1822 5804 esset
1844 5735 1986 5815 apud
2010 5744 2061 5797 te

538 5880 681 5949 tam.
705 5880 780 5931 Er.
810 5878 862 5932 et
884 5868 1055 5941 plures
1068 5870 1202 5930 ωδε,
1222 5857 1471 5933 amittet.

1420 350 1820 419 ENARRATIO
1856 346 1923 408 lN
1948 342 2281 407 PSALMUM
2315 343 2559 405 CXXIX.

3539 354 3681 419 4698

2091 462 2401 535 propitiatio
2424 506 2438 531 ,
2468 465 2512 519 si
2545 463 2710 536 iudex
2740 464 2913 522 solum
2942 480 3064 525 esse
3093 468 3261 527 velles
3288 480 3343 528 et
3378 473 3686 544 misericors

2092 572 2213 614 esse
2234 558 2406 614 nolles
2427 601 2443 628 ,
2475 558 2791 616 ubservares
2820 576 3007 618 omnes
3034 563 3338 635 iniquitates
3360 580 3570 627 nostras
3589 614 3605 640 ,
3630 581 3688 631 et

2094 663 2523 752 quaereres-eas;
2551 654 2671 723 quis
2696 654 3024 710 sustineret?
3049 656 3168 727 quis
3192 666 3315 715 ante
3345 669 3397 717 te
3427 672 3612 731 staret,
3634 674 3690 724 et

2096 740 2333 809 diceret,
2368 742 2628 799 lnnocens
2665 745 2818 799 sum?
2861 747 2980 817 quis
3020 757 3186 805 staret
3227 750 3282 805 in
3326 752 3529 822 judicio
3557 757 3692 813 tuo!

2101 832 2236 903 Spes
2261 850 2390 905 ergo
2429 850 2533 890 una
2574 846 2690 903 est,
2724 838 2977 906 Quoniam
3015 852 3088 896 est
3124 844 3263 913 apud
3293 855 3339 899 te
3377 850 3689 921 propitiatio.

2102 924 2323 997 Propter
2340 927 2500 998 legem
2519 936 2657 983 tuam
2681 931 2897 986 sustinui
2926 942 2992 1001 te,
3020 933 3255 991 Domine.
3289 938 3459 1006 Quam
3484 942 3695 1014 legem?

2102 1018 2231 1123 Quae
2256 1021 2566 1123 reoshfecit?
2597 1022 2725 1077 Data
2753 1034 2835 1079 est
2859 1026 3001 1081 enim
3031 1028 3116 1083 lex
3142 1041 3344 1098 sancta,
3364 1017 3528 1103 iusta,
3555 1038 3692 1093 bona

2103 1110 2518 1181 Judazis(Rom.
2555 1130 2657 1180 vn,
2696 1116 2839 1188 12);
2870 1119 2965 1174 sed
3010 1136 3132 1177 reos
3170 1138 3263 1181 eos
3302 1129 3472 1195 potuit
3498 1131 3690 1189 facere.

2105 1199 2219 1296 Non
2242 1202 2362 1256 data
2384 1211 2469 1258 est
2493 1204 2575 1259 lex
2602 1221 2720 1276 quae
2749 1219 2931 1277 posset
2956 1211 3227 1269 vivificare
3250 1214 3442 1285 (Galat.
3476 1237 3550 1290 ιιι,
3576 1222 3667 1296 2i)

2106 1291 2201 1353 sed
2229 1308 2349 1364 qua:
2376 1297 2683 1354 ostenderet
2710 1311 2924 1369 peccata
2957 1266 3696 1375 peccatori.‘Peccator’e.r-iini

2107 1386 2304 1489 oblitus
2341 1400 2456 1444 erat
2492 1402 2583 1457 se,
2616 1406 2715 1447 nec
2744 1393 2958 1450 videbat
2994 1412 3087 1463 se;
3120 1399 3242 1455 data
3273 1414 3354 1459 est
3383 1405 3455 1460 illi
3488 1408 3572 1463 lex
3595 1452 3609 1477 ,
3644 1420 3698 1467 ut

2109 1478 2314 1535 videret
2356 1495 2433 1536 se.
2476 1482 2625 1537 Fecit
2668 1500 2817 1540 reum
2866 1486 2984 1553 lex;
3034 1489 3277 1548 liberavit
3320 1495 3483 1553 Lator
3507 1452 3695 1572 legis“;

2110 1572 2271 1627 Lator
2293 1574 2435 1628 enim
2466 1574 2597 1645 legis
2624 1575 2919 1648 Imperator
2938 1590 3039 1635 est.
3070 1580 3180 1637 Lex
3206 1584 3327 1641 data
3354 1598 3433 1643 est
3460 1607 3576 1661 quae
3596 1602 3700 1649 ter-

2111 1674 2228 1720 reat
2254 1672 2315 1720 et
2347 1667 2676 1738 constringat
2722 1670 2772 1723 in
2812 1680 3052 1737 reatum;
3100 1684 3153 1729 et
3194 1692 3299 1732 non
3340 1680 3497 1735 solvit
3545 1683 3628 1738 lex
3669 1700 3700 1741 a

2114 1757 2346 1826 peccatis
2369 1799 2384 1824 ,
2414 1758 2510 1814 sed
2536 1760 2769 1816 ostendit
2800 1774 3034 1832 peccata.
3065 1766 3133 1821 Et
3161 1767 3298 1825 forte
3326 1772 3426 1827 sub
3451 1773 3562 1844 ipsa
3588 1775 3701 1849 lege

2114 1851 2352 1919 positus,
2385 1851 2760 1908 animadvertit
2798 1854 2898 1911 iste
2924 1856 2977 1911 in
3009 1857 3272 1927 profundo
3297 1874 3491 1933 quanta
3521 1865 3704 1925 fecerit

2115 1954 2300 1999 contra
2326 1945 2496 2016 legem
2518 1989 2533 2015 ,
2561 1956 2615 2003 et
2636 1948 2714 2003 sic
2740 1950 3058 2007 exclamavit
3083 1954 3266 2011 dicens
3286 1998 3300 2021 ,
3338 1955 3399 2012 Si
3422 1958 3704 2030 iniquitates

2116 2037 2449 2093 observaveris
2472 2080 2486 2105 ,
2530 2039 2775 2105 Domine;
2819 2042 3073 2113 Domine,
3119 2049 3230 2116 quis
3274 2052 3572 2106 sustinebit?
3612 2053 3707 2110 Est

2117 2143 2248 2199 ergo
2268 2129 2352 2183 lex
2383 2131 2764 2187 misericordia:
2792 2132 2906 2199 Dei,
2939 2136 3022 2189 lex
3051 2137 3443 2208 propitiationis
3469 2143 3584 2199 Dei.
3614 2144 3706 2201 Illa

2120 2222 2327 2277 timoris
2353 2223 2467 2289 fuit,
2499 2232 2580 2279 est
2608 2225 2708 2279 alia
2737 2225 2821 2281 lex
2852 2226 3146 2285 charitatis.
3180 2231 3286 2287 Lex
3318 2234 3592 2293 charitatis
3618 2236 3706 2296 dat

2119 2313 2331 2416 veniam
2358 2316 2618 2416 peccatis,
2636 2316 2779 2372 delet
2808 2321 3099 2390 praeterita,
3122 2322 3372 2381 admonet
3392 2325 3458 2381 de
3479 2326 3666 2385 futuris
3690 2346 3706 2397 ;

2122 2406 2175 2460 in
2197 2406 2281 2460 via
2314 2420 2417 2461 non
2446 2406 2647 2463 deserit
2674 2410 2924 2466 comitem
2946 2453 2962 2479 ,
2991 2427 3171 2469 comes
3197 2415 3255 2470 fit
3292 2417 3339 2472 ei
3378 2433 3535 2488 quem
3565 2418 3709 2479 ducit

2122 2502 2177 2556 in
2206 2501 2310 2556 via.
2342 2500 2446 2557 Sed
2482 2502 2914 2558 concordandum
2943 2514 3026 2559 est
3063 2489 3191 2561 cuni
3211 2506 3517 2565 adversario
3538 2552 3557 2577 ,
3586 2510 3710 2570 dum

2122 2607 2182 2647 es
2207 2607 2327 2647 cum
2354 2607 2420 2647 eo
2446 2593 2498 2647 in
2526 2594 2610 2647 via
2641 2593 2864 2662 (Matth.
2893 2611 2948 2661 v,
2973 2594 3097 2669 25).
3128 2596 3225 2653 Est
3250 2600 3390 2655 enim
3420 2615 3598 2657 sermo
3620 2602 3711 2662 Dei

2124 2683 2462 2738 adversarius
2490 2693 2609 2739 tuus
2634 2727 2648 2749 ,
2679 2686 2929 2754 quamdiu
2975 2703 3097 2743 cum
3129 2689 3221 2744 illo
3261 2706 3367 2745 non
3395 2693 3710 2750 concordas.

2124 2776 2432 2832 Concordas
2460 2785 2637 2833 autem
2662 2820 2677 2844 ,
2712 2794 2832 2833 cum
2878 2781 3103 2849 coeperit
3145 2790 3199 2837 te
3236 2782 3502 2841 delectare
3539 2786 3712 2845 facere

2127 2870 2266 2941 quod
2297 2870 2425 2927 dicit
2463 2886 2641 2926 sermo
2681 2872 2794 2926 Dei.
2834 2872 2952 2926 Jam
2990 2873 3079 2943 qui
3118 2885 3233 2929 erat
3271 2875 3628 2945 adversarius,
3658 2878 3715 2943 fit

2126 2965 2329 3019 amicus
2360 2982 2372 3018 :
2405 2965 2483 3019 sic
2504 3004 2518 3027 ,
2544 2962 2691 3018 [inita
2721 2965 2803 3018 via
2830 3007 2845 3031 ,
2878 2979 2984 3020 non
3011 2967 3115 3020 erit
3140 2968 3229 3037 qui
3259 2968 3427 3025 tradat
3456 2977 3507 3025 te
3528 2970 3715 3040 judici.

2130 3057 2271 3127 Ergo
2294 3064 2497 3127 prapter
2517 3056 2674 3126 legem
2705 3065 2845 3110 tuam
2874 3058 3085 3112 sustinui
3116 3067 3180 3125 te,
3215 3057 3465 3126 Domine;
3493 3062 3613 3131 quia
3639 3062 3717 3120 di-

2127 3158 2319 3220 gnatus
2341 3163 2401 3204 es
2422 3148 2591 3217 legem
2622 3147 3000 3204 misericordia:
3026 3148 3218 3205 afferre
3240 3190 3255 3216 ,
3294 3152 3423 3206 mihi
3452 3151 3719 3211 dimittere

2129 3240 2307 3295 omnia
2348 3248 2562 3309 peccata
2590 3253 2707 3294 mea
2729 3280 2743 3303 ,
2773 3238 2903 3294 dare
2933 3239 3064 3294 mihi
3104 3240 3172 3296 de
3199 3250 3395 3297 caetero
3425 3244 3623 3298 monita
3654 3259 3721 3301 ne

2132 3341 2183 3388 te
2203 3331 2470 3388 offendam
2496 3350 2509 3385 :
2540 3332 2594 3387 in
2622 3332 2752 3402 ipsis
2778 3334 2991 3389 monitis
3019 3334 3063 3388 si
3090 3334 3215 3405 quid
3239 3334 3375 3391 forte
3399 3336 3720 3406 titubavero,

2130 3424 2324 3479 dedisti
2353 3422 2483 3478 mihi
2511 3423 2831 3489 remedium,
2862 3439 2968 3494 quo
2994 3433 3046 3479 te
3075 3440 3248 3492 orem,
3280 3426 3485 3495 dicens,
3518 3426 3724 3484 Dimitte

2132 3514 2274 3570 nobis
2300 3514 2465 3569 debita
2507 3524 2678 3570 nostra
2701 3555 2715 3581 ,
2748 3515 2880 3570 sicut
2906 3524 2954 3569 et
2980 3531 3071 3570 nos
3100 3516 3399 3571 dimittimus
3422 3517 3725 3574 debitoribus

2132 3611 2318 3664 nostris
2349 3607 2470 3680 (Id.
2498 3624 2554 3663 vt
2577 3650 2593 3677 ,
2624 3608 2746 3680 12).
2792 3608 2942 3664 lianc
2986 3608 3160 3680 legem
3204 3612 3435 3665 statuisti
3475 3612 3641 3680 mihi,
3670 3620 3726 3670 ut

2134 3700 2402 3772 quomodo
2430 3700 2640 3756 dimitto
2662 3741 2677 3767 ,
2709 3700 3008 3756 dimittatur
3050 3700 3200 3755 mihi.
3238 3701 3456 3771 Propter
3485 3701 3620 3757 hanc
3649 3702 3725 3757 le-

2135 3811 2247 3865 gem
2285 3794 2500 3847 sustinui
2530 3803 2613 3858 te,
2647 3790 2883 3846 Domine.
2933 3791 3255 3860 Exspectavi
3304 3792 3515 3861 quando
3546 3792 3728 3849 venias

2137 3896 2191 3940 et
2215 3887 2410 3941 liberes
2436 3885 2505 3940 ab
2540 3886 2685 3939 omni
2714 3884 3034 3939 necessitate
3060 3924 3075 3947 ,
3104 3884 3227 3952 quia
3260 3884 3313 3937 in
3342 3884 3453 3953 ipsa
3492 3884 3730 3941 necessi-

2142 3986 2249 4032 tate
2277 3992 2384 4031 non
2413 3975 2692 4030 deseruisti
2721 3975 2892 4044 legem
2922 3973 3322 4029 misericordia}.

2219 4070 2274 4125 Δ.
2316 4069 2451 4124 Audi
2480 4081 2638 4138 quam
2668 4069 2838 4136 legem
2868 4066 3045 4132 dicat,
3078 4066 3122 4120 si
3154 4066 3387 4121 nondum
3428 4066 3731 4126 intellexisti

2144 4163 2266 4233 quia
2295 4162 2470 4233 legem
2498 4158 2661 4214 modo
2704 4158 2834 4214 dicit
2861 4158 3171 4223 charitatis;
3213 4158 3335 4212 audi
3368 4158 3679 4228 Apostolum
3716 4178 3731 4216 :

2144 4255 2366 4310 Invicem
2404 4269 2558 4307 onera
2598 4261 2764 4307 vestra
2808 4259 3004 4321 portate
3027 4291 3040 4315 ,
3087 4260 3134 4305 et
3176 4250 3249 4304 sic
3276 4251 3547 4321 implebitis
3575 4252 3733 4322 legem

2146 4346 2351 4401 Christi.
2371 4344 2471 4413 Qui
2493 4350 2706 4413 portant
2725 4344 2951 4397 invicem
2979 4357 3142 4398 onera
3164 4357 3282 4407 sua,
3300 4343 3401 4399 nisi
3427 4343 3514 4414 qui
3538 4342 3735 4399 habent

2146 4437 2505 4495 charitatem?
2532 4434 2632 4505 Qui
2662 4451 2770 4491 non
2800 4435 2998 4491 habent
3024 4435 3361 4504 charitatem,
3393 4449 3583 4507 graves
3612 4444 3737 4492 sunt

2147 4532 2282 4599 sibi;
2308 4531 2398 4601 qui
2427 4538 2605 4585 autem
2635 4527 2834 4584 habent
2859 4527 3195 4594 charitatem,
3227 4537 3442 4598 portant
3466 4541 3544 4582 se.
3577 4526 3738 4582 laesit

2148 4633 2203 4680 te
2226 4622 2420 4693 aliquis
2442 4663 2457 4688 ,
2486 4621 2617 4692 petit
2643 4621 2853 4676 veniam
2884 4640 2898 4676 :
2931 4620 2976 4676 si
3003 4635 3110 4675 non
3134 4619 3393 4683 dimittis,
3427 4633 3533 4672 non
3559 4626 3739 4686 portas

2151 4732 2287 4773 onus
2315 4714 2493 4769 fratris
2521 4713 2593 4769 tui
2621 4729 2635 4779 ;
2677 4713 2722 4769 si
2768 4712 3026 4775 dimittis,
3055 4721 3238 4781 portas
3277 4711 3565 4766 inlirmum.
3597 4711 3663 4764 Et
3684 4719 3739 4768 tu

2152 4807 2198 4861 si
2216 4805 2350 4861 forte
2367 4806 2417 4859 in
2440 4806 2673 4875 aliquam
2698 4802 3062 4859 infirmitatem
3084 4800 3364 4866 cecideris,
3384 4800 3534 4871 quasi
3557 4799 3739 4868 homo,

2155 4909 2361 4972 oportet
2385 4908 2445 4955 ut
2479 4899 2557 4954 sic
2586 4907 2638 4954 te
2673 4906 2851 4969 portet
2876 4904 2929 4951 et
2960 4895 3047 4949 ille
3066 4934 3082 4961 ,
3110 4892 3553 4964 quemadmodum
3579 4902 3632 4949 et
3662 4901 3740 4949 tu.

2156 4994 2293 5050 Audi
2334 4992 2459 5064 quid
2507 4991 2843 5063 praecesserit
2883 5004 2897 5041 :
2945 4986 3191 5051 Fratres,
3227 4987 3433 5058 inquit,
3465 4988 3508 5041 si
3549 5002 3743 5057 privos-

2156 5096 2368 5158 cupatus
2412 5086 2561 5157 fuerit
2598 5086 2747 5139 homo
2792 5082 2846 5136 in
2894 5081 3064 5150 aliquo
3117 5080 3327 5144 delicto,
3383 5096 3470 5134 vos
3513 5081 3599 5151 qui
3640 5082 3745 5149 spi-

2158 5179 2368 5233 rituales
2388 5178 2525 5241 estis,
2553 5175 2786 5229 instruite
2812 5171 3100 5242 hujusmodi
3130 5172 3183 5226 in
3208 5172 3386 5243 spiritu
3414 5172 3648 5228 lenitatis.
3680 5172 3748 5229 Et

2161 5288 2228 5329 ne
2255 5271 2389 5327 forte
2408 5271 2531 5342 quia
2559 5266 2863 5339 spirituales
2906 5273 3224 5330 monuerat,
3254 5264 3415 5319 veluti
3442 5266 3616 5320 securi
3648 5263 3748 5320 sibi

2161 5365 2501 5429 viderentur,
2550 5360 2802 5416 continuo
2848 5357 3073 5426 subjecit
3118 5374 3132 5409 :
3182 5356 3455 5413 lntendens
3499 5359 3747 5428 teipsnm,

2164 5476 2226 5514 ne
2251 5468 2296 5513 et
2326 5468 2379 5511 tu
2407 5454 2629 5510 tenteris.
2662 5450 2865 5506 Deinde
2893 5449 3035 5521 quod
3064 5449 3499 5517 commemoravi,
3531 5447 3751 5514 subjun-

2163 5553 2276 5617 xit,
2308 5550 2447 5603 Alter
2471 5548 2676 5602 alterius
2697 5544 2851 5600 oner'a
2878 5552 3075 5615 portate
3100 5584 3115 5607 ,
3144 5552 3191 5597 et
3216 5543 3288 5596 sic
3316 5538 3651 5609 adimplebitis
3674 5537 3749 5592 le-

2166 5661 2277 5717 gem
2304 5641 2490 5697 Christi
2520 5638 2721 5713 (Galat.
2750 5653 2821 5705 vr,
2856 5638 2909 5704 l,
2936 5634 3002 5708 ἓ)
3038 5654 3050 5689 :
3084 5633 3226 5689 unde
3252 5632 3400 5697 dicit,
3430 5630 3648 5701 Pr0ptcr
3676 5631 3751 5684 le-

2169 5754 2281 5812 gem
2308 5746 2444 5791 tuam
2469 5734 2686 5790 sustinui
2712 5741 2775 5798 te,
2809 5730 3045 5785 Domine.
3072 5726 3327 5782 Dicuntur
3347 5723 3514 5789 cervi,
3544 5722 3753 5793 quando

2180 5840 2462 5898 transeunt
2504 5828 2639 5889 freta
2681 5829 2736 5887 in
2768 5824 3053 5905 'proximas
3093 5818 3294 5900 insulas
3333 5830 3541 5895 pascua:
3564 5815 3752 5897 gratia.

2496 6032 2497 6035 η
2520 6009 2814 6043 *ηῷννσῌνῇτ-σαρ
2824 6020 2831 6027 .
2848 6019 2859 6025 -
