4160 6476
487 470 664 543 capita
680 481 844 539 super
866 480 926 529 se
949 462 1176 533 invicem
1195 474 1427 532 ponere;
1456 468 1511 517 et
1532 473 1689 527 unus,
1708 459 1798 529 qui
1822 467 1945 515 ante
1970 468 2072 527 est,

486 544 636 623 solus
664 569 836 631 portat
870 564 1030 629 caput
1072 564 1128 610 et
1168 568 1275 611 non
1300 552 1464 622 .ponit
1491 565 1653 623 super
1680 550 1907 609 alterum
1941 570 1954 605 :
1982 552 2077 608 sed

487 667 610 709 cum
637 660 690 706 et
720 650 832 720 ipse
872 644 1129 703 defecerit
1153 683 1167 711 ,
1198 643 1336 699 tollit
1361 657 1422 699 se
1458 642 1526 697 ab
1553 642 1822 699 anteriore
1851 652 2001 713 parte
2026 651 2081 701 et

488 747 629 809 redit
654 743 939 816 posterius,
969 749 1028 795 ut
1054 748 1110 805 et
1136 739 1251 809 ipse
1278 738 1329 793 in
1357 738 1525 795 altero
1550 738 1851 808 requiescat
1881 754 1893 791 :
1920 746 1977 794 et
2001 738 2079 793 sic

486 846 701 911 portant
726 848 917 908 omnes
943 846 1107 889 onera
1135 846 1228 886 sua
1252 871 1270 900 ,
1292 838 1348 887 et
1375 829 1691 901 perveniunt
1718 829 1784 887 ad
1819 829 1961 902 quod
1986 830 2081 886 de-

480 930 755 993 siderant;
786 935 841 983 et
864 941 971 981 non
999 923 1274 997 patiuntur
1292 921 1648 993 naufragium,
1670 922 1792 993 quia
1814 924 1966 994 quasi
1985 938 2079 979 na-

479 1021 561 1077 vis
586 1029 667 1077 est
690 1021 797 1075 illis
818 1017 1071 1074 Charitas.
1097 1015 1279 1087 itaque
1302 1014 1538 1071 cbaritas
1563 1023 1741 1085 portat
1764 1030 1958 1080 onera;
1983 1015 2077 1071 sed

481 1131 588 1170 non
622 1114 807 1169 timeat
837 1127 904 1167 ne
930 1118 1208 1185 prematur
1235 1107 1431 1165 talibus
1458 1107 1714 1163 oneribus
1748 1125 1761 1162 :
1793 1122 1860 1163 ne
1887 1121 2075 1176 pecca-

482 1211 550 1266 tis
576 1209 688 1265 suis
712 1205 1077 1277 unusquisque
1100 1210 1394 1275 prematur,
1421 1200 1681 1259 attendat.
1708 1199 1841 1256 Nam
1864 1199 2077 1270 quando

479 1311 664 1374 portas
692 1299 1055 1355 infirmitatem
1083 1295 1264 1355 fratris
1285 1294 1383 1361 tui,
1408 1308 1515 1357 non
1544 1303 1596 1349 te
1615 1301 1841 1349 onerant
1863 1301 2077 1362 peccata

483 1396 672 1468 ipsius.
704 1392 868 1459 Plane
897 1391 942 1445 si
977 1388 1306 1455 consentias,
1331 1387 1441 1457 jam
1469 1396 1556 1442 tua
1592 1396 1644 1449 te
1666 1395 1943 1456 premunt,
1970 1400 2075 1442 non

479 1489 724 1545 alterius.
743 1484 993 1555 Quisquis
1008 1483 1151 1541 enim
1173 1481 1507 1541 consenserit
1522 1479 1809 1551 peccatori,
1830 1495 1934 1534 non
1948 1478 2077 1537 alie.

479 1591 565 1645 nis
584 1622 599 1646 ,
630 1580 724 1636 sed
752 1579 865 1634 suis
888 1584 1159 1649 gravatur.
1187 1574 1484 1631 Consensio
1521 1573 1664 1629 enim
1693 1572 1761 1630 ad
1800 1580 2075 1642 peccatum

479 1674 721 1738 alterius,
755 1680 902 1727 tuum
924 1670 984 1725 fit
1011 1676 1324 1740 peccatum;
1356 1675 1411 1721 et
1436 1680 1544 1721 non
1574 1675 1657 1723 est
1686 1678 1852 1735 quare
1874 1680 2073 1735 quera-

477 1770 555 1831 ris
574 1765 716 1837 quod
742 1773 961 1836 peccata
986 1763 1158 1818 aliena
1184 1770 1237 1817 te
1267 1768 1531 1831 premant.
1557 1759 1762 1815 Dicitur
1781 1760 1923 1819 enim
1942 1759 2073 1815 tibi:

475 1858 732 1915 Premunt
758 1865 841 1923 te,
868 1854 963 1911 sed
993 1862 1103 1908 tua.
1128 1852 1321 1911 Vidisti
1347 1852 1540 1916 iurem,
1559 1851 1843 1906 cucurristi
1858 1866 1980 1906 cum
2007 1866 2074 1907 eo

480 1949 663 2029 (Psat.
694 1964 836 2013 κως,
863 1945 983 2018 18).
1013 1945 1149 2013 Quid
1176 1944 1427 2009 esthoc?
1455 1942 1687 2000 Pedibus
1707 1942 1984 1999 ambulasti
2004 1943 2073 1999 ad

478 2041 716 2106 furtum;
746 2039 854 2095 imo
894 2048 1074 2095 mente
1112 2036 1436 2107 conjunxisti
1468 2046 1519 2092 te
1555 2034 1656 2092 furi
1691 2054 1703 2089 :
1737 2036 1879 2106 quod
1906 2036 2073 2108 ipsius

476 2134 651 2191 solum
676 2141 810 2198 erat,
837 2130 1035 2186 factum
1058 2138 1141 2186 est
1166 2138 1352 2195 tuum;
1380 2129 1501 2199 quia
1529 2128 1730 2198 placuit
1754 2127 1870 2185 tibi.
1897 2128 1953 2185 Si
1980 2144 2070 2184 au-

476 2235 582 2285 tem
607 2224 943 2296 displicuerit
968 2223 1083 2292 tibi,
1108 2231 1162 2278 et
1185 2221 1426 2277 oraveris
1452 2235 1550 2289 pro
1570 2236 1656 2286 eo,
1680 2229 1737 2279 et
1755 2219 2073 2291 deprecatus

477 2320 690 2376 veniam
718 2318 952 2384 dederis,
984 2325 1042 2372 ut
1072 2317 1244 2385 possis
1269 2315 1438 2371 libera
1466 2312 1642 2371 fronte
1665 2314 1844 2371 dicere
1869 2314 1923 2369 in
1953 2329 2073 2384 pre-

474 2413 626 2470 cibus
650 2412 774 2480 tuis,
797 2425 930 2481 quas
958 2409 1051 2465 tibi
1080 2408 1430 2479 iurisperitus
1454 2407 1690 2464 caelestis
1715 2406 1953 2473 dictavit,
1977 2404 2071 2459 Di-

473 2507 614 2565 mitte
640 2504 781 2560 nobis
808 2503 976 2557 debita
1000 2510 1174 2555 nostra
1197 2540 1211 2566 ,
1240 2500 1366 2555 sicut
1393 2508 1441 2554 et
1468 2515 1559 2555 nos
1589 2499 1889 2553 dimittimus
1925 2498 2068 2553 debi-

476 2595 665 2653 toribus
704 2596 923 2660 nostris;
962 2591 1193 2648 didicisti
1237 2599 1453 2661 portare
1478 2603 1643 2647 onera
1672 2589 1848 2651 fratris
1875 2590 1985 2655 tui;
2014 2598 2072 2645 ut

472 2698 529 2749 et
554 2689 691 2744 alius
719 2696 899 2760 portet
925 2687 971 2741 si
1001 2700 1104 2757 qua
1133 2692 1261 2741 sunt
1300 2692 1420 2752 tua,
1446 2692 1502 2740 et
1543 2684 1636 2739 fiat
1661 2683 1713 2738 in
1742 2682 1893 2739 vobis
1928 2680 2070 2752 quod

474 2783 549 2840 ait
576 2782 884 2852 Apostolus,
913 2778 1139 2834 Invicem
1172 2782 1325 2833 onera
1353 2785 1515 2832 vestra
1541 2784 1736 2846 portate
1756 2817 1772 2842 ,
1803 2784 1851 2830 et
1876 2774 1951 2829 sic
1973 2774 2071 2828 im-

474 2875 676 2949 ptebitis
714 2875 873 2945 legem
899 2870 1108 2928 Christi.
1139 2871 1213 2929 Ita
1257 2884 1480 2925 securus
1518 2878 1701 2925 cantas
1728 2867 1871 2938 quod
1910 2866 2069 2923 modo

474 2968 674 3024 dictum
697 2976 801 3033 est,
832 2963 1051 3034 Propter
1073 2962 1229 3034 legem
1256 2970 1397 3017 tuam
1423 2960 1638 3017 sustinui
1664 2969 1731 3025 te,
1758 2958 1992 3012 Domine.

542 3060 596 3115 5.
642 3058 792 3113 Hanc
817 3064 995 3112 autem
1025 3054 1197 3125 legem
1225 3052 1319 3124 qui
1350 3066 1453 3107 non
1481 3058 1682 3117 servat,
1712 3063 1812 3105 nec
1835 3050 2069 3109 sustinet

477 3149 805 3223 Dominum;
856 3162 978 3215 nec,
1015 3146 1064 3202 si
1085 3144 1213 3201 velit
1258 3143 1546 3211 sustinere,
1576 3155 1736 3197 causa
1774 3150 1857 3198 est
1897 3156 2065 3212 quare

470 3242 760 3307 Sustineat;
788 3239 1016 3295 inaniter
1041 3236 1291 3294 sustinet.
1314 3234 1582 3299 Venturus
1609 3242 1693 3291 est
1712 3233 1855 3290 enim
1881 3233 2064 3291 Domi-

468 3352 592 3403 nus,
624 3345 679 3393 et
707 3335 1021 3391 inventurus
1045 3338 1262 3402 peccata
1289 3337 1379 3385 tua
1406 3346 1420 3395 ;
1451 3326 1594 3398 quod
1622 3327 1855 3397 perfecta
1883 3334 2062 3385 autem

469 3430 674 3501 juStitia
691 3426 889 3493 vixisti,
918 3440 1025 3481 non
1052 3424 1388 3485 inventurus.
1419 3419 1718 3479 Homicidia
1739 3419 1898 3487 forte,
1938 3434 2063 3492 gra-

468 3521 555 3577 via
576 3526 702 3575 sunt
719 3518 862 3581 enim
890 3526 945 3573 et
982 3514 1138 3575 valde
1160 3514 1388 3584 majora,
1432 3528 1539 3570 non
1589 3520 1674 3570 est
1716 3513 2060 3579 inventurus;

468 3610 797 3669 adulterium
824 3623 931 3664 non
957 3615 1043 3664 est
1070 3607 1420 3670 inventurus,
1454 3603 1595 3665 furta
1625 3617 1732 3663 neu
1760 3613 1844 3663 est
1871 3604 2061 3662 inven-

466 3716 642 3771 turus,
673 3704 912 3774 rapinam
941 3716 1047 3758 non
1071 3710 1156 3761 est
1185 3700 1519 3764 inventurus,
1567 3697 1827 3755 maleﬁcia
1847 3712 1956 3753 non
1979 3708 2063 3755 est

471 3799 809 3863 inventurus,
836 3794 1197 3851 uiololatriam
1219 3805 1329 3849 non
1345 3798 1430 3848 est
1450 3791 1833 3858 inventurus};
1851 3806 1955 3846 non
1978 3800 2063 3848 est

464 3893 567 3955 ista
597 3892 928 3949 inventurus.
958 3886 1101 3947 Nihil
1129 3900 1262 3957 ergo
1290 3893 1376 3942 est
1400 3884 1751 3941 inventurus?
1782 3884 1918 3940 Audi
1939 3898 2061 3942 ser-

465 4000 680 4042 monem
709 3981 980 4052 Evangelii
1011 3998 1025 4035 :
1055 3978 1155 4046 Qui
1193 3976 1382 4034 dixerit
1419 3976 1569 4048 fratri
1592 3992 1706 4043 suo,
1750 3973 1937 4032 Fatue.
1978 3975 2061 4033 Ab

465 4077 585 4139 istis
604 4075 769 4135 etiam
812 4072 1047 4145 peccatis
1074 4071 1269 4141 lingua:
1314 4067 1690 4124 minutissimis
1733 4067 1853 4137 quis
1895 4066 2060 4127 absti-

466 4172 601 4228 net?
629 4168 740 4225 Sed
768 4167 906 4224 forte
939 4165 1093 4232 dicis,
1126 4164 1297 4221 Parva
1336 4168 1483 4218 sunt.
1527 4159 1664 4217 Reus
1712 4160 1829 4228 erit,
1865 4159 2056 4229 inquit,

468 4265 707 4337 θώρηκας
726 4258 1089 4332 ignis(Matth.
1117 4255 1305 4327 v,22).
1335 4253 1393 4311 Si
1421 4268 1641 4325 parvum
1664 4252 1758 4310 tibi
1783 4251 2058 4311 videbatur

467 4366 557 4414 aut
587 4354 875 4419 modicum,
906 4351 1054 4407 fratri
1084 4350 1283 4414 dicere,
1314 4346 1501 4412 Fatue,
1533 4345 1619 4402 vel
1644 4345 1891 4415 geltenna
1917 4344 2054 4415 ignis

468 4451 711 4507 videatur
740 4447 833 4502 tibi
864 4460 1054 4515 magna
1084 4462 1096 4497 :
1127 4444 1173 4499 si
1220 4441 1603 4498 contemnebas
1642 4442 1821 4495 minus
1862 4454 2051 4509 pecca-

468 4555 605 4609 tum,
646 4543 733 4599 vel
776 4554 950 4611 paena:
997 4535 1359 4607 magnitudine
1387 4533 1685 4589 deterrere.
1726 4531 1835 4587 Sed
1875 4530 2009 4588 dicis
2042 4551 2055 4587 :

467 4638 668 4695 Itinera
717 4642 864 4701 sunt,
911 4631 1114 4686 minuta
1157 4635 1302 4694 sunt,
1354 4627 1472 4683 sine
1520 4625 1713 4696 quibus
1748 4639 1853 4681 non
1884 4634 2060 4697 potest

469 4746 589 4789 esse
617 4732 717 4786 ista
746 4728 877 4783 vita.
902 4725 1146 4796 Congere
1186 4722 1410 4788 minuta,
1445 4728 1500 4774 et
1547 4718 1748 4779 faciunt
1787 4717 2056 4788 ingentem
2092 4756 2093 4759 η

468 4838 741 4883 acervum.
771 4819 905 4876 Nam
934 4826 990 4873 et
1016 4827 1179 4887 grana
1208 4815 1406 4868 minuta
1429 4819 1576 4877 sunt,
1619 4820 1674 4866 et
1700 4819 1876 4867 tamen
1913 4827 2057 4868 mas-

467 4934 582 4979 sam
614 4917 850 4973 faciunt:
879 4921 935 4969 et
958 4919 1124 4983 guttae
1168 4908 1388 4964 minutae
1410 4914 1555 4972 sunt,
1605 4912 1660 4960 et
1700 4903 1922 4960 ﬂumina
1952 4906 2057 4960 im-

472 5014 643 5086 plent,
701 5018 756 5065 et
809 5006 979 5064 moles
1009 5002 1244 5061 trahunt.
1310 5000 1435 5056 ideo
1476 5008 1533 5056 et
1579 4998 1671 5055 ille
1712 4998 2058 5055 considerans

467 5120 627 5179 quam
675 5103 840 5159 multa
887 5099 1090 5157 minuta
1134 5103 1353 5169 peccata
1397 5093 1707 5166 quotidiana
1760 5093 2060 5149 committat

532 5326 549 5357 ί
578 5330 626 5374 ιη
664 5328 713 5372 Β.
752 5322 819 5371 sic
853 5319 1069 5382 legitur:
1113 5334 1136 5363 ι
1166 5322 1409 5382 Venturus
1446 5319 1523 5364 est
1556 5313 1685 5382 enim
1720 5313 1983 5382 ῐροῐῃῇιῃιδ,Δ
2009 5319 2060 5382 et

472 5406 498 5437 ι
520 5389 808 5437 inventurus
828 5375 1021 5447 peccata
1039 5387 1137 5430 tua.
1154 5380 1283 5447 Quod
1311 5386 1477 5447 autem
1495 5375 1713 5447 perfecta
1728 5375 1915 5447 iustitia
1936 5375 2061 5447 vixi-

474 5469 499 5499 α
521 5452 603 5512 sti,
627 5462 725 5512 non
751 5438 1134 5512 est'inveuturus
1154 5440 1403 5512 homicidia
1426 5439 1576 5512 forte.
1610 5438 1776 5512 gravia
1794 5444 1906 5488 Sunt
1929 5438 2059 5512 enim

474 5532 499 5560 ι
522 5499 741 5563 et'valde
765 5507 959 5563 majora.
992 5512 1089 5553 Non
1113 5511 1189 5555 est
1210 5506 1498 5552 inventurus
1520 5499 1827 5559 adulterium,
1852 5512 1948 5548 non
1984 5508 2060 5551 est

475 5592 500 5622 ι
521 5577 809 5625 inventurus
831 5564 953 5618 lhrta
972 5602 987 5625 ,
1030 5580 1125 5615 non
1147 5571 1225 5615 est
1244 5565 1532 5615 inventurus
1573 5564 1816 5627 rapinam,
1850 5575 1957 5627 non
1985 5571 2062 5614 est

478 5657 501 5685 ι
525 5623 813 5689 inventurus
849 5623 1108 5688 maleficia,
1152 5634 1367 5689 nonest
1406 5623 1694 5689 invenutrus
1730 5623 2039 5689 idololatriam

478 5718 501 5746 ι
525 5684 721 5747 nonest
743 5684 831 5745 iSta
855 5684 1143 5744 inventurus
1168 5705 1179 5738 ε
1208 5688 1325 5737 nihil
1350 5702 1475 5751 ergo
1493 5694 1569 5736 est
1593 5684 1909 5751 inventurus?
1946 5694 2012 5736 An

475 5778 500 5809 ι
524 5770 800 5811 sermonem
826 5753 1096 5817 Evangelii,
1116 5768 1145 5817 si
1173 5758 1269 5817 etc.
1312 5750 1443 5817 tuine
1466 5750 1621 5800 locum
1664 5750 1962 5799 restituimus
1997 5762 2062 5799 ex

471 5831 554 5893 με,
589 5821 718 5873 uolb.
741 5827 857 5884 tteg.
877 5813 977 5870 Bib'.
1000 5815 1305 5880 Parisiensis,
1330 5813 1445 5866 1981
1473 5820 1743 5871 numerato.
1837 5817 1894 5862 ut.

1677 5995 1705 6009 tv.-
1766 5991 1835 6014 τινί

1727 343 1788 403 S.
1831 339 2193 403 AUGUSTI”
2231 340 2529 408 EPISGOPI

2186 459 2367 527 homo,
2399 460 2443 517 si
2471 460 2601 525 nihil
2629 459 2791 529 aliud,
2821 463 2906 527 vel
2932 478 3029 535 per
3049 462 3402 535 cogitationes
3430 474 3485 535 et
3510 466 3787 541 linguam,

2185 552 2409 615 attendit
2451 569 2611 624 quam
2666 556 2835 619 multa
2865 556 3012 624 sint;
3057 558 3181 623 etsi
3220 558 3446 615 attendit
3466 575 3629 631 quam
3673 566 3791 619 mi-

2184 655 2313 701 nuta
2340 645 2467 713 sint,
2500 646 2643 711 videt
2681 662 2776 717 per
2800 648 2968 704 multa
2988 648 3188 705 minuta
3221 650 3338 707 fieri
3377 665 3627 721 acervum
3664 671 3794 712 ma-

2183 750 2384 807 gnum;
2427 746 2482 795 et
2520 752 2629 794 non
2658 738 2807 809 quasi
2835 748 3053 811 peccata
3096 754 3191 795 sua
3244 739 3465 811 pristina
3512 746 3792 817 cogitans,

2185 829 2277 885 sed
2324 829 2493 898 ipsam
2549 830 2891 900 fragilitatem
2945 831 3257 899 humanam,
3300 832 3410 905 jam
3474 838 3793 895 ascendens

2184 920 2380 987 clamat
2410 935 2422 972 :
2455 919 2533 975 De
2575 921 2843 992 profundis
2879 922 3095 979 clamavi
3121 923 3192 979 ad
3241 932 3307 991 ts,
3354 924 3616 995 Domine;
3666 929 3789 986 Do-

2182 1012 2334 1079 mine,
2356 1013 2545 1069 exaudi
2572 1028 2742 1069 vocem
2770 1030 2951 1070 meum.
2984 1013 3144 1071 Fiant
3168 1031 3318 1073 aures
3341 1026 3441 1073 tua:
3464 1018 3797 1085 intenderim

2182 1106 2237 1160 in
2259 1121 2427 1161 vocem
2450 1105 2815 1177 deprecationis
2843 1123 2986 1165 mets.
3035 1108 3098 1165 Si
3124 1109 3413 1179 iniquitates
3437 1112 3797 1172 observaveris

2182 1196 2439 1264 Domine;
2465 1197 2704 1266 Domine,
2733 1215 2846 1269 quis
2874 1199 3184 1259 sustinebit?
3218 1201 3399 1269 Vitare
3429 1218 3652 1274 possum
3690 1205 3797 1264 lto-

2182 1294 2417 1363 micidia,
2438 1293 2721 1362 adulteria,
2753 1295 2985 1365 rapinas,
3024 1295 3282 1367 periuria,
3320 1298 3610 1366 maleficia,
3665 1301 3796 1358 ido-

2182 1386 2483 1452 lolatriam;
2535 1386 2792 1458 numquid
2815 1396 2872 1444 et
2899 1397 3115 1459 peccata
3142 1388 3382 1459 linguae?
3427 1392 3702 1463 numquid
3737 1406 3796 1452 et

2182 1488 2397 1549 peccata
2422 1479 2643 1538 cordis?
2666 1480 2937 1552 Scriptum
2958 1488 3041 1537 est
3071 1498 3085 1535 :
3116 1478 3390 1539 Peccatum
3431 1485 3685 1557 iniquitas
3718 1497 3796 1543 est

2181 1570 2228 1640 (l
2250 1570 2405 1626 Joan.
2440 1587 2517 1638 In,
2543 1571 2621 1642 4).
2664 1571 2793 1641 Quis
2828 1587 2959 1643 ergo
2982 1572 3264 1642 sustinebit,
3311 1575 3356 1629 si
3390 1584 3447 1630 tu
3486 1577 3793 1648 iniquitates

2180 1662 2563 1719 observaveris?
2611 1663 2657 1719 si
2690 1664 2967 1721 nobiscum
3014 1678 3232 1721 severus
3266 1665 3433 1736 iudex
3468 1682 3635 1740 agere
3684 1686 3792 1728 vo-

2180 1753 2363 1822 lueris,
2407 1768 2512 1813 non
2540 1754 2843 1815 misericors
2874 1764 3044 1826 pater,
3074 1757 3193 1828 quis
3220 1758 3385 1815 stabit
3407 1769 3531 1817 ante
3579 1764 3787 1821 oculos

2180 1847 2334 1904 tuos?
2360 1846 2466 1905 Sed
2493 1858 2567 1905 est
2589 1849 2731 1919 apud
2754 1858 2802 1905 te
2828 1850 3120 1920 propitiatio
3147 1867 3170 1916 ;
3210 1861 3416 1922 propter
3441 1853 3603 1927 legem
3634 1866 3791 1913 tuam

2176 1942 2392 1999 sustinui
2418 1950 2482 2010 le,
2513 1941 2747 1997 Domine.
2774 1943 2957 2011 Qualis
2978 1951 3062 2000 est
3089 1944 3175 2000 lex
3199 1944 3344 2000 ista?
3375 1944 3602 2004 Invicem
3623 1966 3789 2006 onera

2177 2046 2339 2091 uestra
2368 2044 2583 2105 portate,
2617 2045 2662 2093 et
2688 2037 2759 2093 sic
2786 2034 3057 2106 implebitis
3083 2036 3243 2107 legem
3271 2037 3476 2095 Christi.
3508 2040 3613 2107 Qui
3647 2057 3788 2112 por-

2179 2135 2292 2185 tant
2317 2127 2545 2187 invicem
2574 2142 2739 2184 onera
2769 2128 2901 2183 sua?
2929 2126 3031 2196 Qui
3058 2126 3287 2184 fideliter
3312 2128 3515 2195 dicunt,
3549 2130 3780 2187 Dimitte

2176 2219 2320 2275 nobis
2337 2219 2503 2277 debita
2523 2230 2716 2286 nostra,
2764 2220 2893 2275 sicut
2931 2228 2978 2275 et
3008 2236 3099 2275 nos
3129 2220 3429 2276 dimittimus
3461 2223 3786 2280 debitoribus

2175 2313 2382 2370 nostris.

2246 2406 2300 2463 6.
2332 2407 2588 2464 Sustinuit
2611 2406 2783 2463 anima
2808 2423 2919 2463 mea
2944 2408 2996 2463 in
3024 2408 3229 2471 uerbum
3251 2418 3413 2469 tuum.
3455 2408 3626 2467 Nemo
3647 2424 3783 2468 sus-

2176 2501 2335 2568 tinet,
2381 2500 2483 2555 nisi
2502 2500 2591 2570 qui
2624 2500 2860 2557 nondum
2884 2501 3089 2571 accepit
3115 2500 3259 2571 quod
3290 2503 3613 2572 promissum
3644 2512 3739 2560 est
3768 2523 3781 2560 :

2175 2605 2300 2648 nam
2336 2591 2428 2661 qui
2445 2591 2555 2662 jam
2586 2592 2811 2661 accepit,
2853 2591 2979 2662 quid
3021 2592 3284 2649 sustinet?
3332 2594 3654 2664 Accepimus
3687 2610 3783 2651 re~

2174 2684 2485 2740 missionem
2530 2692 2913 2755 peccatorum;
2964 2684 3058 2739 sed
3104 2685 3425 2754 promissum
3478 2695 3563 2741 est
3612 2687 3777 2744 nobis

2174 2791 2397 2848 regnum
2442 2777 2698 2835 caelorum
2731 2792 2745 2832 :
2775 2777 2953 2837 debita
2999 2786 3183 2839 nostra
3233 2777 3410 2836 deleta
3442 2788 3608 2844 sunt;
3671 2782 3769 2838 sed

2173 2883 2382 2926 merces
2401 2878 2582 2927 nostra
2610 2867 2785 2925 adhuc
2823 2867 3000 2929 futura
3026 2877 3109 2927 est
3142 2887 3155 2923 :
3184 2871 3487 2949 accepimus
3512 2873 3760 2939 veniam;

2172 2960 2268 3019 sed
2292 2970 2551 3021 mternam
2578 2961 2738 3017 vitam
2761 2960 2997 3021 nondum
3046 2971 3308 3023 tenemus.
3363 2963 3467 3023 Sed
3497 2965 3586 3035 qui
3615 2965 3760 3023 dedit

2172 3053 2405 3122 vendam,
2437 3053 2552 3124 ipse
2576 3053 2823 3123 promisit
2857 3061 2920 3124 et,
2932 3052 3094 3115 vitam
3120 3062 3398 3115 aeternam.
3450 3054 3509 3113 Si
3538 3057 3758 3117 verbum

2170 3152 2411 3205 nostrum
2440 3152 2603 3211 esset,
2633 3144 2951 3202 deberemus
2980 3144 3170 3201 timere
3194 3162 3209 3201 :
3233 3145 3357 3214 quia
3402 3146 3626 3203 verbum
3665 3148 3759 3206 Dei

2169 3246 2274 3305 ett,
2304 3253 2411 3296 non
2439 3238 2595 3295 fallit.
2620 3238 2806 3296 Securi
2833 3252 2961 3309 ergo
2983 3252 3263 3308 speramus
3301 3239 3355 3294 in
3379 3240 3600 3305 verbum
3643 3241 3758 3311 eius

2169 3330 2260 3401 qui
2285 3329 2470 3387 fallere
2497 3344 2601 3387 non
2632 3338 2826 3401 potest.
2876 3330 3109 3401 Speravit
3129 3331 3303 3387 anima
3328 3347 3439 3397 mea
3478 3332 3533 3387 in
3572 3331 3756 3393 Domi-

2168 3436 2310 3486 num,
2336 3436 2372 3476 α
2396 3421 2571 3493 uigilia
2606 3423 2855 3481 matutina
2898 3437 3058 3491 usque
3107 3422 3175 3476 ad
3219 3432 3435 3479 noctem.
3482 3423 3623 3495 Quid
3674 3437 3756 3484 est

2166 3512 2309 3583 quod
2337 3512 2453 3569 ait?
2478 3528 2585 3569 uno
2612 3513 2703 3569 die
2735 3513 2973 3583 speravit
2994 3514 3047 3571 in
3080 3513 3387 3584 Dominum,
3418 3524 3474 3572 et
3503 3515 3651 3581 (inita
3674 3528 3756 3576 est

2168 3613 2275 3662 tota
2303 3620 2427 3675 spes
2452 3605 2664 3675 ipsius?
2707 3606 2750 3659 Δ
2779 3605 2955 3677 vigilia
2980 3607 3228 3662 matutina
3256 3624 3413 3677 usque
3434 3609 3503 3663 ad
3530 3621 3750 3680 noctem,

2166 3698 2381 3768 speravit
2403 3700 2457 3752 in
2485 3698 2776 3753 Dominum.
2827 3697 2929 3755 Ista
2969 3698 3145 3771 vigilia
3184 3702 3463 3769 matutina,
3507 3704 3632 3769 linis
3660 3721 3757 3763 no-

2165 3789 2265 3847 ctis
2298 3797 2411 3854 est;
2436 3788 2560 3845 hinc
2581 3805 2740 3859 usque
2782 3790 2851 3845 ad
2905 3798 3099 3846 noctem
3126 3793 3345 3862 speravit
3370 3795 3542 3849 anima
3566 3812 3680 3851 utea
3703 3799 3755 3857 in

2164 3879 2458 3941 Dominum.
2502 3881 2642 3953 Ergo
2668 3880 3072 3952 intelligendum
3113 3892 3214 3951 est,
3246 3898 3317 3940 ne
3356 3896 3605 3954 putemus
3648 3904 3756 3947 uno

2136 3973 2251 4039 die
2278 3974 2434 4033 nobis
2457 3974 2778 4046 sperandum
2808 3988 2929 4031 esse
2954 3974 3007 4030 in
3035 3974 3338 4048 Dominum,
3368 3978 3413 4031 Δ
3446 3979 3620 4050 vigilia
3641 3999 3761 4039 ma-

2164 4070 2327 4125 tutina
2353 4085 2508 4140 usque
2544 4069 2615 4125 ad
2652 4078 2866 4129 noctem.
2894 4068 3034 4138 Quid
3079 4085 3212 4143 ergo
3238 4072 3459 4141 putatis,
3511 4072 3759 4139 fratres?

2164 4161 2277 4219 Hoc
2301 4170 2404 4230 est,
2435 4163 2481 4218 Α
2504 4162 2677 4235 vigilia
2704 4164 2953 4219 momina
2982 4178 3139 4236 usque
3175 4166 3244 4223 ad
3278 4177 3491 4234 noctem,
3536 4173 3757 4241 sperauit

2161 4255 2331 4310 animo
2361 4270 2473 4310 inea
2498 4255 2553 4311 in
2590 4254 2911 4311 Dominum1
2943 4273 2957 4311 :
2985 4256 3108 4326 quia
3150 4256 3408 4317 Dominus
3454 4274 3548 4330 per
3591 4279 3752 4333 quem

2161 4346 2316 4405 nobis
2340 4346 2559 4409 dimissa
2586 4356 2712 4404 sunt
2738 4356 2979 4419 peccata,
3006 4347 3062 4403 in
3084 4346 3262 4419 vigilia
3289 4350 3551 4407 matutina
3571 4369 3753 4411 resur-

2161 4441 2300 4499 rexit
2328 4456 2356 4495 a
2386 4441 2635 4509 mortuis,
2669 4450 2728 4497 ut
2763 4441 2870 4498 hoc
2912 4455 3191 4511 speremus
3224 4441 3280 4496 in
3322 4442 3477 4499 nobis
3512 4444 3750 4509 futurum

2160 4533 2302 4605 quod
2326 4533 2603 4604 princessit
2633 4533 2686 4589 in
2713 4534 2961 4590 Domino.
2991 4531 3109 4597 Jan)
3137 4532 3280 4599 enim
3310 4543 3526 4604 peccata
3566 4547 3749 4605 nostra

2161 4627 2378 4684 dimissa
2406 4636 2552 4693 sunt,
2577 4626 2673 4684 sed
2711 4626 2949 4683 nondum
2978 4627 3369 4689 resurreximus
3399 4647 3412 4685 :
3441 4630 3487 4686 si
3511 4632 3747 4691 nondum

2162 4723 2569 4787 resurreximus,
2593 4720 2829 4777 nondum
2859 4722 2909 4777 in
2938 4721 3091 4777 nobis
3110 4719 3310 4781 factum
3331 4732 3416 4780 est
3438 4726 3582 4795 quod
3611 4743 3749 4798 pra:-

2161 4814 2321 4870 cessit
2349 4814 2405 4869 in
2426 4813 2600 4883 capite
2623 4823 2830 4871 nostro.
2875 4812 3013 4881 Quid
3042 4815 3315 4884 processit
3350 4816 3403 4875 iu
3431 4818 3606 4890 capite
3652 4836 3750 4877 no-

2162 4906 2316 4963 stro?
2346 4904 2478 4972 Quia
2511 4913 2565 4961 et
2592 4920 2718 4963 caro
2745 4906 2911 4976 ipsius
2933 4906 3121 4976 capitis
3161 4909 3490 4977 resurrexit;
3529 4912 3747 4983 spiritus

2162 4998 2303 5055 illius
2326 4999 2517 5069 capitis
2539 4999 2795 5070 numquid
2824 5009 3066 5061 mortuus
3089 5005 3214 5061 est?
3248 5004 3353 5062 Sed
3390 5006 3549 5077 quod.
3582 5007 3634 5064 in
3682 5022 3746 5064 eo

2161 5100 2429 5147 mortuum
2470 5100 2569 5157 est,
2620 5094 2933 5150 resurrexit.
3002 5095 3317 5153 Resurrexit
3361 5107 3539 5157 autem
3588 5100 3742 5156 tertia

2161 5185 2287 5251 die;
2330 5193 2388 5241 et
2430 5184 2659 5255 quodam
2703 5186 2865 5243 modo
2911 5186 3012 5244 hoc
3058 5190 3214 5246 nobis
3263 5190 3397 5247 dixit
3445 5191 3739 5246 Dominus:

2162 5278 2312 5347 Quod
2334 5278 2386 5333 in
2417 5293 2503 5334 me
2540 5278 2769 5347 vidistis,
2819 5289 3030 5351 sperate
3076 5284 3127 5338 in
3156 5284 3339 5349 vobis;
3373 5284 3427 5340 id
3468 5294 3570 5351 est,
3621 5286 3742 5356 quia

2161 5389 2263 5447 ego
2288 5373 2576 5441 resurrexi,
2607 5374 2899 5445 resurgetis
2920 5384 2974 5430 ct
3001 5390 3120 5432 vos.

2234 5466 2288 5521 7.
2315 5465 2421 5521 Sed
2440 5474 2565 5521 sunt
2591 5466 2680 5535 qui
2706 5465 2884 5521 dicant
2911 5486 2923 5521 :
2946 5467 3086 5524 Ecce
3110 5469 3407 5525 resurrexit
3450 5469 3742 5537 Dominus;

2164 5558 2419 5630 numquid
2460 5567 2738 5628 propterea
2781 5560 3103 5629 sperandum
3147 5571 3231 5618 est
3267 5574 3318 5619 et
3357 5578 3445 5620 me
3472 5578 3633 5634 posse
3662 5580 3746 5620 re-

2165 5652 2425 5725 surgere?
2453 5650 2646 5722 Utique
2698 5660 3019 5723 propterea:
3046 5652 3099 5708 in
3126 5652 3228 5710 hoc
3273 5656 3414 5711 enim
3455 5657 3747 5712 resurrexit

2230 5788 2247 5821 ί
2274 5792 2347 5837 Er.
2372 5788 2518 5860 ψει).
2535 5794 2664 5860 yen.
2686 5794 2736 5840 et
2751 5794 2884 5860 Lov.,
2908 5788 3032 5852 Quid
3063 5802 3178 5854 ergo
3198 5788 3393 5855 putatis,
3425 5790 3621 5853 fratres,
3658 5787 3749 5841 In:

2164 5863 2287 5914 esse,
2310 5864 2341 5900 a
2358 5851 2558 5917 vigilia?
2582 5858 2676 5902 etc.
2772 5858 2829 5903 tt.
