4160 6434
345 340 501 401 1701

342 454 654 518 Dominus,
695 446 835 521 quod
875 464 903 501 a
956 455 1007 503 te
1039 444 1263 517 accepit.
1317 443 1433 505 Non
1475 444 1618 503 enim
1660 451 1964 513 resurgeret

338 545 463 602 nisi
517 552 763 599 mortuus
814 549 976 605 esset,
1026 555 1134 597 non
1172 546 1351 599 autem
1392 546 1635 595 mortuus
1665 543 1828 601 esset,
1863 533 1962 587 nisi

338 652 586 694 carnem
608 638 861 706 portaret.
882 631 1015 700 Quid
1038 630 1243 702 accepit
1268 645 1299 684 a
1328 638 1378 684 te
1404 627 1692 683 Dominus?
1713 626 1959 683 Carnem.

337 728 503 797 Quid
533 728 681 785 venit
716 726 870 798 ipse?
895 724 1131 781 Verbum
1152 723 1267 792 Dei,
1296 721 1439 795 quod
1460 731 1576 778 erat
1600 730 1726 777 ante
1760 722 1961 787 omnia,

336 841 455 897 per
490 841 656 895 quem
681 823 817 877 facta
843 830 968 875 sunt
988 821 1190 875 omnia.
1243 818 1348 874 Sed
1390 826 1448 873 ut
1473 818 1743 887 acciperet
1778 815 1874 870 abs
1912 824 1964 871 te

335 916 596 988 aliquid.
625 913 858 977 Verbum
886 927 1012 978 caro
1028 911 1223 975 factum
1254 920 1356 979 est,
1398 918 1453 967 et
1480 908 1737 967 habitavit
1778 908 1833 967 in
1870 922 1967 971 no-

335 1009 434 1071 bis
466 1007 659 1083 (Joan.
681 1025 720 1076 ι,
750 1008 801 1079 1,
831 1008 885 1076 5,
910 1008 1019 1079 lt).
1046 1004 1373 1075 Accepitabs
1388 1013 1459 1071 te,
1476 1003 1618 1074 quod
1638 1001 1855 1063 oﬁ‘erret
1870 1017 1965 1072 pro

335 1112 398 1161 te
428 1120 449 1169 ;
505 1102 779 1174 quomodo
805 1102 999 1171 accipit
1025 1099 1279 1158 sacerdos
1306 1113 1336 1157 a
1369 1109 1441 1164 te,
1465 1098 1608 1170 quod
1637 1113 1733 1169 pro
1757 1107 1807 1155 te
1833 1097 1965 1154 oli‘cv

337 1208 461 1262 rat,
488 1195 706 1268 quando
728 1195 807 1255 vis
846 1194 1055 1265 placare
1090 1194 1259 1251 Deum
1286 1208 1383 1264 pro
1415 1193 1647 1263 peccatis
1684 1192 1807 1247 tuis.
1847 1190 1963 1248 tam

338 1290 570 1353 factum
596 1296 696 1352 est.
744 1287 817 1344 ita
855 1287 1049 1343 factum
1088 1295 1189 1345 est.
1235 1284 1497 1341 Sacerdos
1527 1293 1713 1341 noster
1750 1299 1781 1338 a
1809 1283 1966 1339 nobis

339 1384 579 1455 accepit
618 1382 761 1454 quod
791 1397 886 1452 pro
908 1380 1061 1439 nobis
1086 1378 1305 1437 oﬁerret
1326 1397 1335 1431 :
1359 1379 1566 1448 accepit
1593 1379 1734 1434 enim
1761 1393 1790 1430 a
1810 1377 1965 1435 nobis

340 1492 591 1536 carnem
610 1494 627 1544 ;
649 1478 701 1533 in
726 1478 841 1548 ipsa
857 1491 1016 1539 carne
1038 1474 1249 1531 victima
1274 1472 1446 1529 factus
1465 1480 1567 1540 est,
1596 1473 1964 1533 holocaustum

346 1571 544 1628 iactus
572 1581 675 1639 est,
721 1571 1041 1631 sacriﬁcium
1065 1568 1237 1627 factm
1271 1577 1371 1624 est.
1409 1568 1466 1623 in
1489 1568 1739 1637 passione
1764 1568 1968 1623 sacriﬁ-

349 1665 514 1722 cium
543 1666 713 1721 iactus
732 1673 836 1731 est;
871 1666 923 1720 in
951 1664 1347 1720 resurrectione
1374 1662 1645 1718 innovavit
1670 1662 1798 1716 illud
1825 1661 1967 1731 quod

353 1760 614 1816 occisum
647 1768 749 1826 est,
794 1770 848 1815 et
870 1768 1117 1829 tanquam
1138 1757 1397 1828 primitias
1426 1765 1544 1811 tuas
1572 1754 1719 1812 dedit
1747 1755 1875 1821 Deo,
1915 1763 1970 1811 et

357 1854 440 1909 ait
474 1854 575 1909 tibi
604 1872 616 1909 :
644 1854 970 1909 Consecrata
1005 1860 1131 1906 sunt
1154 1851 1267 1921 jam
1297 1851 1475 1906 ornnia
1500 1859 1609 1914 tua,
1645 1851 1858 1922 quando
1891 1862 1969 1905 ta-

360 1944 455 2002 les
486 1945 732 2016 primitiae
768 1944 838 1999 de
868 1953 920 1998 te
947 1943 1084 1998 datae
1119 1950 1246 1997 sunt
1278 1943 1417 2007 Deo;
1472 1957 1626 2013 spera
1675 1958 1802 2013 ergo
1826 1953 1879 1998 et
1917 1943 1968 1997 in

364 2045 424 2092 te
450 2038 691 2091 {narrum
724 2036 866 2107 quod
898 2036 1171 2107 praecessit
1200 2035 1253 2089 in
1285 2034 1530 2104 primitiis
1556 2035 1682 2091 tuis.

450 2130 506 2184 8.
539 2128 683 2199 Ergo
710 2128 800 2183 ille
824 2126 950 2199 quia
974 2142 1005 2181 a
1034 2127 1208 2198 vigilia
1231 2127 1487 2181 matutina
1518 2129 1830 2194 resurrexit,
1863 2143 1971 2183 eoe-

372 2224 456 2294 pit
512 2222 692 2279 anima
742 2230 924 2276 nostra
979 2236 1044 2275 ex
1108 2220 1209 2274 hoc
1257 2233 1477 2289 sperare
1510 2236 1523 2271 :
1553 2228 1607 2274 et
1653 2220 1973 2290 quousque?

379 2313 556 2384 Usque
585 2314 637 2367 in
668 2322 906 2376 noctem;
940 2325 1220 2382 quousque
1246 2311 1558 2365 moriamur.
1602 2310 1793 2367 Omnis
1830 2312 1972 2367 enim

380 2420 529 2465 mors
554 2414 735 2459 nostra
752 2403 1002 2469 carnalis,
1032 2402 1181 2472 quasi
1212 2416 1433 2457 somnus
1459 2410 1559 2457 est.
1594 2401 1815 2472 Coepisti
1846 2418 1973 2472 spe-

381 2514 505 2557 rare
527 2514 597 2553 ex
612 2512 719 2568 quo
746 2496 1040 2551 resurrexit
1067 2495 1341 2560 Dominus,
1370 2495 1477 2549 noli
1500 2494 1737 2551 deﬁcere
1752 2509 1975 2565 sperare

384 2604 665 2662 quousque
690 2602 853 2643 exeas
890 2587 959 2642 ab
982 2586 1080 2641 hac
1120 2586 1247 2640 vita.
1292 2584 1425 2640 Nam
1467 2587 1511 2641 si
1556 2601 1660 2641 non
1694 2602 1860 2657 usque
1910 2586 1976 2642 ad

384 2692 599 2742 noctem
626 2681 950 2752 Speravei-is,
993 2680 1203 2737 deletur
1241 2688 1411 2735 totum
1446 2680 1591 2750 quod
1639 2695 1975 2751 speraveras.

387 2775 522 2837 Sunt
544 2775 689 2832 enim
729 2775 972 2829 homines
1017 2774 1105 2844 qui
1149 2772 1411 2844 incipiunt
1454 2789 1692 2843 sperare,
1740 2774 1833 2829 sed
1872 2791 1976 2829 non

388 2878 734 2943 perseverant
763 2884 932 2938 usque
960 2867 1024 2922 ad
1048 2876 1280 2923 noctem.
1315 2867 1580 2937 incipiunt
1620 2868 1726 2938 pati
1758 2868 1979 2923 tribula-

390 2966 565 3028 tiones
585 2969 805 3038 aliquas,
840 2962 1098 3034 incipiunt
1125 2961 1231 3035 pati
1276 2960 1620 3029 tentationes,
1670 2960 1850 3020 vident
1880 2962 1978 3019 lto-

392 3066 567 3121 mines
597 3062 768 3116 malos
797 3070 849 3114 et
880 3060 1090 3129 iniquos
1117 3057 1374 3113 felicitate
1416 3058 1619 3127 pollere
1648 3059 1927 3127 temporali
1966 3077 1978 3112 :

393 3157 722 3228 etquoniam
748 3156 868 3209 talia
902 3154 1189 3225 sperabant
1216 3152 1283 3207 de
1312 3152 1558 3218 Domino,
1592 3160 1647 3207 ut
1693 3152 1778 3207 hic
1804 3164 1984 3208 essent

394 3249 601 3316 felices,
656 3246 936 3303 attendunt
979 3261 1072 3301 eos
1105 3245 1194 3316 qui
1240 3244 1442 3301 scelera
1474 3244 1729 3311 fecerunt,
1786 3244 1985 3301 habere

394 3340 536 3413 quod
560 3341 658 3411 ipsi
686 3338 882 3394 habere
907 3337 1319 3400 desiderabant;
1348 3344 1402 3391 et
1428 3335 1684 3390 deﬁciunt
1707 3337 1868 3409 pedes
1895 3352 1987 3392 co-

396 3451 533 3500 rum,
562 3444 615 3489 et
635 3433 885 3488 desinunt
910 3446 1150 3502 sperare.
1195 3429 1371 3496 Quare
1396 3430 1419 3483 ?
1448 3429 1579 3498 Quia
1608 3445 1715 3483 non
1752 3445 1780 3483 a
1814 3431 1984 3501 vigilia

398 3527 657 3583 matutina
683 3532 961 3595 coeperunt
994 3538 1233 3593 sperare.
1254 3520 1390 3589 Quid
1428 3532 1511 3576 est
1555 3521 1696 3577 hoc?
1744 3522 1857 3576 Non
1886 3521 1987 3577 hoc

396 3625 677 3691 «cperunt
704 3630 925 3687 Sperare
950 3615 1018 3670 de
1046 3614 1294 3681 Domino,
1325 3613 1465 3683 quod
1493 3614 1765 3684 pra-cessit
1790 3614 1840 3668 in
1885 3614 1989 3668 Do-

399 3714 545 3768 mino
570 3710 637 3763 ab
668 3708 758 3763 illa
789 3708 963 3778 vigilia
1004 3706 1261 3761 matutina
1295 3722 1307 3757 :
1338 3705 1433 3760 sed
1474 3706 1761 3774 sperabant
1795 3705 1861 3760 de
1896 3706 1991 3761 Do-

400 3805 567 3864 mino,
592 3809 647 3854 ut
668 3802 711 3854 si
730 3807 912 3855 essent
926 3799 1221 3862 christiani,
1256 3797 1514 3853 baberent
1538 3799 1749 3868 plenam
1769 3799 1989 3854 domum

401 3893 689 3957 frumento,
726 3894 871 3959 vino,
917 3891 1061 3957 oleo,
1106 3899 1347 3959 argento,
1389 3904 1555 3952 auro;
1588 3891 1764 3944 nullus
1802 3906 1989 3945 eorum

400 3992 704 4041 moreretur
747 3984 1103 4047 immaturus;
1151 3982 1196 4035 si
1241 3982 1362 4051 quis
1410 3995 1517 4035 non
1564 3980 1785 4036 haberet
1823 3982 1988 4049 ﬁlios,

401 4078 705 4146 acciperet;
748 4075 793 4129 si
845 4089 1067 4130 uxorem
1116 4087 1222 4128 non
1269 4073 1529 4140 duxisset,
1572 4072 1827 4139 duceret;
1887 4091 1991 4129 non

404 4169 663 4225 abortiret
694 4182 799 4222 non
820 4167 993 4223 solum
1022 4166 1197 4236 aliqua
1229 4166 1420 4220 mulier
1449 4165 1501 4219 in
1527 4166 1686 4220 domo
1715 4166 1847 4236 ejus,
1899 4167 1994 4221 sed

409 4276 505 4316 nec
537 4275 701 4330 pecus
730 4259 879 4329 ejus;
916 4272 1020 4313 non
1048 4266 1359 4313 acescereut
1383 4271 1533 4328 cnpae
1559 4258 1694 4326 ejus,
1720 4273 1823 4312 non
1846 4273 1997 4328 gran~

406 4352 687 4408 dinaretnr
708 4354 858 4405 vinea
881 4350 1018 4421 ejus.
1060 4350 1159 4420 Qui
1200 4352 1278 4406 sic
1306 4352 1556 4420 sperabat
1593 4352 1641 4405 in
1693 4351 1995 4417 Dominum,

411 4444 790 4499 animadvertit
824 4442 908 4497 his
933 4442 1093 4498 rebus
1119 4442 1392 4498 abundare
1418 4458 1512 4498 eos
1543 4444 1631 4512 qui
1660 4459 1765 4497 non
1815 4444 2001 4499 colunt

412 4536 719 4604 ﬂuminum,
750 4544 805 4591 et
827 4535 1138 4591 defecerunt
1170 4535 1331 4606 pedes
1361 4535 1477 4605 ejus
1520 4534 1691 4609 (Paul.
1723 4553 1892 4602 Lxxn,
1941 4537 1996 4603 2,

410 4628 494 4701 8),
523 4639 703 4682 etnon
729 4629 966 4698 speravit
990 4644 1161 4698 usque
1177 4628 1243 4683 ad
1271 4639 1520 4694 noctem;
1560 4628 1680 4697 quia
1704 4644 1809 4682 non
1839 4629 2001 4698 carpit

412 4737 446 4780 ι
473 4723 648 4795 vigilia
676 4722 930 4777 matutina
960 4738 1195 4793 sperare.

488 4817 541 4872 9.
568 4818 699 4884 Quis
718 4830 847 4887 ergo
872 4817 950 4871 sic
982 4816 1165 4887 incipit
1194 4833 1225 4871 a
1257 4816 1433 4887 vigilia
1465 4816 1727 4871 matutina
1753 4819 2004 4887 Sperare?

412 4908 518 4978 Qui
544 4909 648 4964 hoc
669 4919 852 4979 sperat
880 4908 947 4965 de
992 4909 1238 4983 Domino,
1272 4908 1414 4980 quod
1458 4909 1621 4977 coepit
1661 4908 1946 4964 ostendere
1976 4925 2005 4962 τι

415 5004 596 5075 vigilia
626 5004 883 5059 matutina
913 5003 966 5058 in
992 5018 1096 5074 qua
1124 5002 1440 5059 resurrexit.
1471 5003 1641 5056 Antea
1673 5003 1818 5057 enim
1848 5018 2008 5058 nemo

418 5109 789 5155 resurreserat
819 5113 1031 5168 semper
1066 5099 1327 5153 victurus.
1364 5096 1608 5153 intendat
1639 5096 1886 5153 Charitas
1915 5114 2007 5153 ve-

412 5199 551 5247 stra.
578 5189 897 5246 Besuscitati
918 5200 1043 5247 sunt
1072 5191 1266 5245 mortui
1290 5200 1413 5246 ante
1438 5189 1724 5246 adventum
1752 5191 1961 5245 Domini
1992 5209 2005 5245 :

423 5298 547 5361 nam
591 5291 646 5339 et
691 5283 837 5338 Elias
888 5284 1224 5339 resuscitavit
1270 5293 1536 5338 mortuum
1567 5282 1658 5354 (Ill
1709 5284 1837 5354 Reg.
1877 5300 2007 5352 xv",

414 5375 537 5450 22),
565 5387 619 5434 et
645 5378 869 5435 Elismus
903 5378 993 5447 (Ν
1020 5378 1149 5451 Reg.
1184 5394 1261 5444 IV,
1291 5377 1422 5450 55);
1467 5377 1560 5433 sed
1605 5388 2013 5434 resurrexerunt

421 5470 618 5527 iterum
669 5472 933 5527 morituri.
998 5472 1252 5528 Dominus
1299 5473 1410 5542 ipse
1458 5486 1592 5544 quos
1642 5472 2010 5541 resuscitavit,

420 5562 671 5637 morituri
701 5575 1147 5632 resurrcxerunt;
1178 5567 1291 5622 sive
1317 5565 1406 5621 ille
1434 5565 1646 5636 juvenis
1672 5566 1810 5622 ﬁlius
1838 5567 2013 5623 viduae

410 5653 585 5731 '(Luc.
621 5672 713 5723 vn,
744 5656 855 5729 15),
910 5659 1023 5713 sive
1061 5658 1147 5711 illa
1180 5659 1351 5728 puella
1400 5658 1679 5714 duodecim
1727 5674 2010 5726 annorum,

413 5754 538 5813 'ﬁlia
559 5752 963 5826 arcbisynagogi
992 5750 1104 5824 (Id.
1131 5767 1246 5820 VIII,
1275 5751 1388 5823 55),
1418 5752 1531 5808 sive
1562 5752 1793 5808 Lazarus
1834 5751 2012 5826 (Joan.

428 5861 508 5923 ιι,
564 5847 654 5922 44)
691 5865 705 5903 :
774 5844 927 5903 aliter
962 5844 1273 5903 resuscitati
1319 5852 1464 5914 sunt,
1515 5858 1706 5903 omnes
1731 5843 2016 5911 morituri;

1396 321 1793 384 ENARRATIO
1832 322 1895 381 ιω
1937 316 2258 409 PSALMUM
2296 316 2533 383 CXXIX.

3531 322 3668 393 "11.3

2078 438 2250 497 semel
2286 438 2396 499 nati
2442 446 2587 504 sunt,
2636 437 2732 496 sed
2756 438 2838 499 bis
2861 438 3058 497 mortui
3084 448 3226 503 sunt.
3273 440 3443 509 Nemo
3487 457 3666 507 resur-

2074 540 2288 595 rcxerat
2316 549 2592 609 nunquam
2625 535 2937 604 moriturus,
2987 536 3087 595 nisi
3117 536 3397 598 Dominus.
3442 538 3668 609 Quando

2073 634 2255 685 autem
2293 627 2587 691 resurrexit
2617 627 2873 684 Dominus
2924 644 3197 701 nunquam
3251 631 3579 691 moriturus?
3623 636 3666 689 Α

2073 716 2249 788 vigilia
2274 720 2546 779 matutina.
2572 719 2684 776 Hoc
2707 734 2863 792 spera
2894 730 2947 785 et
2991 730 3047 778 tu
3097 721 3166 778 de
3196 722 3445 793 Domino,
3489 740 3670 787 resur-

2073 818 2344 881 recturum
2372 818 2444 875 te,
2479 824 2583 865 non
2625 810 2893 881 quomodo
2941 810 3172 871 Lazarus
3195 814 3505 881 resurrexit,
3553 832 3661 879 non

2072 899 2341 972 quomodo
2379 900 2521 959 ﬁlius
2558 900 2732 961 viduae
2762 912 2817 959 et
2872 903 3278 979 arcltisynagogi
3328 907 3434 962 ﬁlia
3484 924 3664 966 resur.

2072 1002 2355 1058 rexcrunt,
2405 1009 2512 1057 non
2554 994 2822 1065 quomodo
2858 1011 2991 1067 quos
3023 999 3414 1065 suscitavcruut
3460 1004 3666 1075 antiqui

2073 1082 2386 1155 Propheta);
2417 1086 2512 1143 sed
2544 1097 2974 1143 resurrecturum
3005 1098 3056 1146 te
3086 1104 3242 1165 spera
3267 1096 3533 1163 quomodo
3564 1098 3667 1153 Do-

2074 1177 2280 1247 minus,
2316 1188 2370 1234 ut
2396 1188 2516 1251 post
2546 1181 2997 1239 resurrectionem
3021 1197 3125 1253 qua
3156 1187 3531 1253 rmurrcxeris,
3561 1205 3664 1245 non

2073 1277 2126 1331 te
2150 1268 2259 1340 jam
2289 1270 2478 1329 timeas
2503 1272 2821 1337 moriturum
2852 1289 2866 1327 :
2914 1282 2968 1331 et
2996 1276 3205 1348 coepisti
3231 1291 3453 1351 sperare
3479 1295 3507 1334 a
3536 1282 3655 1352 vigi-

2072 1358 2141 1414 lia
2170 1361 2445 1417 matutina.

2146 1453 2232 1509 10.
2262 1452 2427 1526 Spera
2453 1464 2629 1519 autem
2654 1471 2821 1530 usque
2849 1459 2917 1515 ad
2942 1470 3175 1531 noctem,
3204 1478 3491 1541 quousque
3520 1467 3665 1523 linia-

2076 1554 2159 1603 tur
2190 1546 2303 1603 haec
2330 1549 2457 1615 vita,
2486 1564 2769 1623 quousque
2814 1551 2884 1617 sit
2912 1566 3018 1609 nox
3050 1554 3284 1611 universi
3311 1558 3525 1628 generis
3561 1559 3661 1630 liu-_

2075 1642 2216 1719 mani
2256 1644 2308 1700 in
2336 1658 2526 1719 occasu
2571 1646 2775 1711 saeculi.
2810 1647 2985 1717 Quare
3011 1648 3113 1707 hoc
3140 1653 3348 1723 usque?
3378 1654 3509 1720 Quia
3542 1666 3662 1725 post

2074 1734 2230 1790 istam
2262 1745 2473 1792 noctem
2499 1737 2610 1812 jam
2640 1753 2745 1795 non
2772 1741 2874 1797 erit
2912 1754 3036 1812 Spes
3059 1783 3073 1810 ,
3100 1743 3194 1803 sed
3238 1744 3351 1814 ipsa
3393 1762 3500 1801 res.
3535 1749 3665 1819 Spe;

2076 1827 2220 1887 enim
2245 1844 2360 1900 qua:
2381 1830 2598 1899 videtur,
2630 1848 2733 1887 non
2759 1842 2829 1887 est
2857 1850 2992 1903 spes,
3020 1836 3310 1905 Apostolus
3332 1838 3459 1894 dicit
3485 1858 3495 1891 :
3527 1844 3664 1911 quod

2078 1920 2210 1975 enim
2227 1919 2355 1975 videt
2374 1922 2505 1991 quis,
2531 1923 2654 1995 quid
2673 1934 2840 1994 sperat
2857 1924 2880 1977 Σ)
2896 1924 2957 1981 δί
2972 1936 3141 1985 autem
3160 1930 3297 1999 quod
3322 1948 3423 1985 non
3445 1935 3667 1997 uidemus

2077 2029 2370 2084 speramus,
2401 2031 2489 2085 per
2518 2016 2813 2085 patientiam
2832 2028 3183 2087 exspectamus
3212 2020 3399 2093 (Rom.
3437 2042 3547 2092 \‘lll,
3571 2027 3662 2097 24,

2077 2104 2196 2177 25).
2222 2108 2276 2162 Si
2309 2123 2437 2178 ergo
2463 2109 2727 2178 patienter
2761 2120 3077 2180 exspectare
3101 2112 3363 2171 debemus
3390 2120 3532 2188 quod
3564 2138 3669 2181 non

2082 2200 2343 2271 videmus,
2378 2217 2545 2271 usque
2577 2202 2642 2257 ad
2669 2212 2879 2267 noctem
2902 2220 3200 2277 speremus,
3232 2207 3281 2264 id
3308 2218 3389 2265 est
3416 2226 3582 2283 usque
3604 2216 3672 2271 ad

2082 2292 2244 2353 (hiem
2273 2294 2431 2367 hujus
2460 2294 2585 2351 vitae
2610 2305 2808 2359 nostra:
2839 2297 2922 2361 vel
2956 2298 3156 2361 surculi.
3195 2300 3325 2359 Cum
3352 2312 3531 2361 autem
3561 2322 3673 2367 nox

2080 2385 2185 2445 ista
2217 2387 2524 2455 transierit,
2550 2387 2660 2459 jam
2690 2389 2867 2449 veniet
2887 2389 3029 2461 quod
3057 2393 3405 2461 sperabamus
3433 2414 3447 2461 ;
3480 2410 3533 2459 et
3570 2418 3675 2458 non

2079 2478 2189 2561 jam
2219 2479 2555 2550 sperabimus
2578 2522 2593 2548 ,
2639 2496 2741 2543 nec
2772 2491 2952 2539 tamen
3001 2483 3268 2554 desperati
3323 2492 3545 2555 erimus.
3577 2494 3672 2552 Est

2083 2573 2225 2641 enim
2273 2573 2595 2643 vituperatio
2620 2574 3067 2645 desperatorum,
3118 2587 3173 2634 et
3215 2579 3499 2653 aliquando
3526 2585 3677 2645 dete-

2082 2671 2290 2720 stamur
2316 2663 2613 2733 hominem,
2642 2675 2697 2722 et
2719 2665 2949 2729 dicimus
2978 2684 2990 2723 :
3018 2666 3136 2727 Non
3168 2670 3329 2731 habet
3356 2689 3530 2746 spem.
3555 2678 3673 2736 Non

2084 2769 2300 2827 semper
2319 2756 2519 2821 malum
2544 2766 2627 2815 est
2651 2773 2755 2815 non
2789 2759 2991 2818 habere
3021 2777 3193 2835 spem.
3223 2765 3279 2822 ln
3299 2766 3398 2823 hac
3425 2771 3532 2825 vita
3555 2786 3676 2828 cum

2085 2864 2294 2917 sumus,
2327 2851 2525 2909 malum
2545 2864 2626 2911 est
2655 2868 2760 2912 non
2787 2852 2985 2917 habere
3016 2871 3167 2926 spem
3193 2875 3206 2911 :
3232 2860 3324 2929 qui
3355 2862 3499 2917 enim
3519 2866 3679 2924 modo

2088 2959 2237 3017 spem
2265 2960 2371 3003 non
2403 2945 2584 3015 habet,
2604 2966 2717 3007 rem
2744 2960 2934 3020 poetca
2961 2964 3068 3006 non
3093 2951 3327 3009 habebit.
3356 2953 3498 3026 Ergo
3522 2958 3684 3014 modo

2089 3055 2240 3111 spem
2271 3040 2540 3119 debemus,
2565 3041 2782 3097 habere.
2834 3040 2944 3097 Sed
2992 3056 3114 3099 cum
3147 3058 3233 3099 res
3260 3046 3497 3114 venerit,
3529 3064 3684 3105 num-

2089 3131 2216 3202 quid
2246 3146 2371 3202 spes
2396 3134 2501 3188 erit
2527 3134 2547 3188 Ἰ
2576 3132 2726 3198 Quod
2748 3134 2879 3191 enim
2900 3132 3033 3189 videt
3047 3134 3182 3203 quis,
3201 3135 3323 3204 quid
3349 3147 3519 3202 sperat
3535 3138 3561 3192 7
3586 3139 3685 3196 Vc»

2091 3228 2203 3283 nict
2251 3228 2510 3283 Dominus
2540 3227 2683 3283 Deus
2715 3236 2918 3293 noster,
2952 3226 3127 3297 primo
3168 3226 3394 3285 formam
3435 3230 3604 3301 ipsam
3632 3233 3683 3289 in

2089 3333 2194 3389 qua
2221 3317 2510 3376 cruciﬁxus
2536 3326 2622 3375 est
2659 3328 2713 3374 et
2739 3318 3034 3374 resurrexit
3066 3359 3083 3384 ,
3108 3318 3575 3383 demnnstraturus
3595 3339 3688 3393 ge:

2092 3410 2209 3467 neri
2235 3409 2492 3477 humano,
2527 3420 2584 3467 ut
2609 3410 2824 3467 videant
2846 3411 2918 3481 pii
2947 3420 3002 3467 et
3040 3410 3188 3484 impii
3220 3429 3233 3467 :
3261 3412 3337 3468 illi
3367 3413 3601 3482 videant,
3630 3427 3686 3472 et

2092 3503 2433 3576 gratulentur
2461 3504 2733 3563 invenisse
2762 3519 2823 3561 se
2852 3503 2995 3574 quod
3021 3504 3368 3562 crediderunt
3402 3519 3688 3580 antequam

2095 3598 2371 3664 viderent;
2400 3608 2457 3655 et
2502 3598 2581 3654 illi
2606 3599 2930 3655 erubescant
2981 3613 3086 3654 non
3125 3615 3186 3656 se
3226 3600 3522 3658 credidisse
3545 3604 3686 3675 quod

2094 3689 2373 3750 videbunt.
2395 3690 2793 3747 Erubescentes
2813 3690 3297 3757 damnabuntur,et
3325 3695 3572 3763 gratulati
3596 3710 3689 3752 (ιον

2096 3784 2457 3839 ronabuntur.
2488 3785 2704 3840 Dicetur
2730 3784 2969 3840 confusis
2992 3825 3007 3850 ,
3031 3783 3113 3839 Ite
3143 3786 3197 3847 in
3227 3786 3393 3855 ignem
3422 3798 3685 3860 retentum,

2094 3878 2185 3945 qui
2210 3887 2420 3946 paratus
2457 3888 2531 3932 est
2568 3878 2772 3933 diabolo
2798 3888 2847 3931 et
2892 3878 3088 3947 angelis
3130 3880 3285 3947 ejus;
3312 3880 3517 3935 dicetur
3554 3895 3687 3950 gau-

2096 3969 2349 4027 dentibus
2380 4012 2393 4033 ,
2432 3968 2606 4025 Venite
2630 4012 2644 4035 ,
2672 3969 2917 4024 benedicti
2946 3969 3121 4023 Patris
3167 3971 3289 4037 mei,
3325 3971 3568 4041 percipite
3604 3990 3689 4027 re-

2098 4078 2254 4133 guunt
2266 4063 2405 4134 quod
2416 4063 2551 4117 vobis
2563 4072 2796 4132 paratum
2811 4070 2886 4116 est
2898 4062 2959 4116 ab
2974 4062 3166 4133 origine
3176 4063 3351 4116 mundi
3369 4062 3691 4136 (Maltinxxv

2100 4154 2190 4218 41,
2217 4156 2309 4228 54)
2342 4176 2353 4210 :
2380 4155 2523 4225 quod
2552 4169 2673 4210 cum
2701 4154 3007 4222 acceperint
3034 4196 3047 4220 ,
3091 4154 3199 4226 jam
3239 4169 3363 4225 Spes
3408 4172 3513 4210 non
3545 4159 3645 4213 erit
3674 4202 3689 4226 ,

2102 4252 2223 4322 quia
2254 4264 2341 4305 res
2372 4246 2661 4304 tenebitur.
2688 4245 2979 4303 Transacta
3007 4260 3136 4315 ergo
3157 4260 3278 4316 spe.
3310 4248 3561 4303 transibit
3583 4267 3685 4305 nox

2105 4346 2192 4400 illa
2220 4341 2354 4409 ;sed
2383 4341 2557 4397 donec
2595 4339 2717 4404 ﬁat,
2745 4353 2773 4393 a
2800 4339 2977 4409 vigilia
3007 4339 3268 4395 matutina
3297 4350 3477 4411 speret
3513 4342 3691 4398 anima

2108 4450 2287 4495 nostra
2322 4438 2372 4492 in
2405 4436 2711 4492 Dominum.

2182 4534 2268 4587 ll.
2316 4532 2383 4586 Et
2426 4528 2565 4586 redit
2606 4526 2671 4582 ad
2720 4526 2846 4581 illud
2874 4569 2887 4589 ,
2940 4527 2984 4581 Α
3026 4527 3199 4599 vigilia
3240 4530 3487 4583 matutina
3533 4542 3698 4600 speret

2111 4624 2276 4680 Israel
2300 4624 2352 4676 in
2372 4622 2666 4677 Dominum.
2695 4620 2737 4673 A
2760 4620 2930 4689 uigilia
2948 4622 3195 4675 matutina
3217 4638 3372 4692 usque
3390 4622 3458 4674 ad
3482 4632 3693 4688 noctem,

2109 4718 2325 4790 speravit
2351 4716 2522 4769 citima
2547 4731 2656 4769 mea
2684 4714 2736 4767 in
2772 4712 3063 4767 Dominum.
3097 4713 3201 4769 Sed
3227 4714 3354 4784 quid
3384 4715 3396 4745 ¹
3425 4716 3700 4783 speravit?

2111 4814 2156 4866 Α
2183 4810 2355 4882 vigilia
2384 4808 2630 4862 matutina
2658 4815 2824 4877 speret
2856 4805 3019 4860 Israel
3044 4807 3095 4859 in
3124 4805 3417 4859 Dominum.
3466 4804 3578 4861 Non
3612 4821 3698 4860 so-

2113 4904 2220 4958 lum
2251 4910 2414 4972 speret
2440 4898 2605 4955 Israel
2633 4900 2685 4952 in
2714 4898 3027 4962 Dominum,
3059 4895 3174 4961 sed,
3202 4911 3234 4948 a
3257 4896 3430 4966 vigilia
3455 4901 3701 4953 matutina

2114 5002 2276 5066 speret
2304 4993 2486 5049 Israel.
2512 4992 2652 5062 Ergo
2671 4990 2831 5058 culpo
2860 5003 3009 5059 spem
3032 4987 3210 5042 saeculi
3236 5028 3252 5054 ,
3279 4987 3492 5058 quando
3519 5003 3704 5059 spera-

2117 5097 2203 5141 tur
2228 5087 2297 5142 de
2328 5086 2471 5141 Deo?
2516 5084 2632 5140 Non
2663 5099 2676 5145 ;
2720 5080 2814 5136 sed
2842 5080 2943 5134 alia
2984 5093 3107 5157 spes
3133 5089 3216 5135 est
3260 5079 3417 5135 Israel
3467 5083 3701 5153 propria.

2116 5179 2231 5233 Non
2264 5193 2361 5248 pro
2391 5190 2600 5232 summo
2625 5188 2723 5228 suo
2752 5172 2895 5227 bono
2924 5178 3106 5240 Speret
3130 5170 3290 5224 Israel
3316 5170 3529 5226 divitias
3552 5213 3566 5239 ,
3600 5190 3704 5229 non

2118 5272 2344 5328 salutem
2366 5268 2627 5338 corporis,
2661 5279 2766 5319 non
2796 5263 3172 5319 abundantiam
3206 5272 3537 5322 terrenorum
3562 5286 3573 5321 :
3600 5268 3707 5323 imo

2122 5363 2516 5421 tribulationem
2550 5359 2635 5413 hic
2662 5356 2940 5411 habiturus
2981 5365 3104 5419 est,
3150 5356 3194 5409 si
3247 5356 3380 5411 forte
3427 5360 3708 5427 contigerit

2122 5460 2193 5514 illi
2245 5464 2461 5528 propter
2507 5452 2784 5509 veritatem
2833 5450 2940 5520 pati
2987 5449 3193 5519 aliquas
3246 5450 3537 5505 molestias.
3592 5450 3707 5504 Non

2123 5552 2264 5608 enim
2297 5564 2400 5604 non
2431 5546 2718 5618 sperabant
2744 5544 2796 5598 in
2828 5544 2992 5598 Deum
3016 5551 3300 5613 martyres,
3332 5553 3387 5597 et
3427 5553 3599 5596 tamen
3629 5552 3710 5626 ta-

2125 5645 2194 5700 lia
2224 5652 2345 5697 sunt
2399 5640 2538 5711 passi
2564 5681 2579 5707 ,
2630 5636 2805 5709 qualia
2832 5637 3070 5691 latrones
3094 5678 3108 5703 ,
3140 5634 3315 5704 qualia
3347 5634 3508 5703 iniqui
3543 5652 3557 5688 :
3583 5635 3711 5690 sub-

2124 5736 2247 5809 jecti
2277 5734 2343 5789 ad
2373 5734 2568 5789 bestias
2592 5775 2607 5799 ,
2638 5730 2846 5803 ignibus
2870 5727 3215 5795 concremati,
3246 5724 3421 5796 gladio
3452 5728 3709 5798 percussi,

2194 5852 2211 5882 ι
2236 5857 2356 5915 vox,
2380 5846 2516 5915 quid,
2538 5848 2681 5900 abest
2707 5858 2735 5898 a
2753 5842 3100 5909 pluribususs.
