4160 6434
514 336 656 401 1⁸103

516 457 730 530 ungulis
752 459 989 524 exarati,
1016 454 1218 511 catenis
1241 454 1501 523 obstricti,
1528 468 1749 511 carcere
1770 457 1966 523 necati,
1997 457 2097 511 ista

512 554 691 609 omnia
723 553 858 606 mala
890 549 1027 618 passi
1051 588 1067 612 .
1109 564 1211 603 non
1244 548 1528 618 sperabant
1556 548 1608 603 in
1636 549 1962 604 Dominum?
2007 560 2099 605 aut

514 647 633 701 ideo
654 644 957 713 sperabant,
989 652 1045 696 ut
1075 643 1187 697 istis
1220 643 1369 699 malis
1398 654 1661 706 carentes,
1694 644 1793 698 hac
1822 646 1927 699 vita
1950 646 2095 701 frue-

513 736 737 791 rentur?
787 734 899 788 Non
952 735 1142 804 plane;
1200 736 1320 806 quia
1349 753 1376 788 a
1406 736 1580 805 vigilia
1612 739 1868 791 matutina
1913 752 2097 806 Spera-

507 830 653 884 bant.
678 828 813 895 Quid
844 836 925 881 est
951 828 1093 883 hoc?
1121 825 1542 883 Considerabant
1566 830 1707 883 illam
1729 830 1958 900 vigiliam
1978 845 2094 884 ma-

507 925 728 977 tutinam
754 936 855 991 qua
888 922 1179 977 resurrexit
1209 922 1463 976 Dominus
1492 936 1677 975 eorum
1704 963 1719 987 ,
1765 929 1818 977 et
1848 921 2095 977 videbant

506 1017 626 1084 quia
658 1024 942 1085 antequam
973 1024 1274 1083 resurgeret
1300 1055 1314 1080 ,
1348 1014 1469 1067 talia
1506 1023 1560 1067 et
1599 1014 1713 1083 ipse
1740 1029 1928 1082 passus
1955 1024 2088 1081 erat,

506 1106 680 1174 qualia
714 1104 812 1172 ipsi
842 1104 1177 1173 patiebantur
1196 1146 1211 1170 ,
1253 1114 1306 1159 et
1338 1119 1442 1158 non
1470 1104 1826 1174 desperabant
1845 1105 2004 1160 etiam
2032 1121 2093 1161 se

503 1207 621 1266 post
653 1197 785 1251 tales
813 1197 1088 1266 passiones
1118 1206 1512 1251 resurrecturus
1535 1197 1601 1249 ad
1625 1197 1783 1251 vitam
1811 1206 2088 1252 aeternam.

505 1286 743 1358 Speravit
773 1286 939 1342 Israel
963 1289 1016 1341 in
1051 1285 1323 1341 Dominum
1343 1328 1359 1351 ,
1389 1304 1421 1341 a
1449 1286 1621 1357 vigilia
1648 1288 1896 1341 matutina
1937 1305 2092 1358 usque

501 1380 569 1432 ad
597 1391 807 1433 noctem.

571 1470 657 1525 12.
693 1469 840 1541 [υετς.
861 1471 921 1534 7,
954 1469 1031 1542 8.]
1074 1470 1324 1536 Quoniam
1350 1471 1491 1540 apud
1510 1464 1788 1525 Dominum
1810 1472 2088 1527 misericor-

501 1564 622 1629 dia,
656 1571 702 1617 et
728 1563 885 1616 multa
910 1562 1050 1631 apud
1088 1562 1235 1615 illum
1274 1563 1569 1633 redemptio.
1618 1562 1931 1633 Magniﬁce!
1966 1581 2087 1621 me-

500 1654 605 1709 lius
630 1654 733 1709 dici
775 1668 882 1707 non
928 1661 1107 1723 posset
1154 1654 1272 1708 loco
1323 1668 1453 1719 suo,
1500 1665 1723 1724 propter
1770 1655 1899 1710 illud
1946 1655 2088 1726 quod

496 1747 662 1811 dixit,
711 1747 755 1799 Α
796 1746 969 1817 vigilia
1002 1747 1247 1799 matutina
1289 1756 1449 1816 speret
1496 1746 1663 1801 Israel
1708 1748 1760 1801 in
1791 1747 2083 1803 Dominum.

496 1838 705 1905 Quare?
743 1837 875 1905 Quia
906 1852 937 1892 a
974 1838 1147 1908 vigilia
1179 1838 1431 1891 matutina
1464 1838 1757 1893 resurrexit
1787 1838 2081 1907 Dominus;

494 1940 548 1985 et
576 1929 678 1985 hoc
712 1928 871 1984 debet
894 1943 1110 1999 sperare
1136 1943 1329 1998 corpus
1355 1970 1370 1994 ,
1401 1928 1540 1998 quod
1566 1928 1623 1983 in
1653 1930 1825 1998 capite
1856 1945 2084 1998 praeces-

495 2021 586 2076 sit.
631 2019 737 2076 Sed
785 2034 852 2075 ne
891 2026 1207 2090 suggeratur
1253 2018 1349 2073 ista
1395 2019 1646 2089 cogitatio
1676 2036 1688 2072 :
1718 2017 1888 2089 Capiti
1937 2020 2085 2076 licuit

490 2129 801 2184 resurgere,
861 2113 983 2183 quia
1039 2113 1267 2182 peccatis
1306 2128 1411 2167 non
1451 2113 1829 2183 premebatur,
1879 2115 2083 2170 nullum

488 2214 768 2277 peccatum
798 2213 913 2259 erat
944 2206 993 2258 in
1019 2205 1147 2269 illo;
1194 2204 1317 2275 quid
1347 2220 1443 2259 nos
1473 2205 1661 2260 facturi
1691 2207 1914 2261 sumus?
1944 2206 2080 2277 Spe-

487 2297 725 2353 rabimus
747 2298 907 2353 talem
938 2298 1402 2365 resurrectionem,
1428 2298 1598 2367 qualis
1620 2298 1673 2352 in
1699 2299 1923 2354 Domino
1942 2316 2077 2372 prae-

488 2390 681 2455 cessit,
732 2406 854 2445 cum
899 2391 1131 2460 peccatis
1176 2392 1370 2445 nostris
1414 2392 1797 2461 aggravemur?
1823 2392 1927 2449 Sed
1962 2394 2082 2451 vide

484 2483 611 2553 quid
640 2482 879 2553 sequitur
907 2501 920 2537 :
953 2482 1205 2549 Quoniam
1243 2483 1383 2553 apud
1406 2482 1681 2538 Dominum
1714 2486 2077 2555 misericordia,

484 2584 532 2628 et
560 2574 719 2627 multa
748 2575 889 2644 apud
912 2573 1060 2628 illum
1084 2574 1382 2645 redemptio.
1427 2574 1492 2628 Et
1529 2577 1639 2645 ipse
1678 2579 1887 2631 redimet
1912 2576 2080 2633 Israel

484 2666 547 2719 ab
578 2666 809 2720 omnibus
835 2665 1177 2736 iniquitatibus
1201 2667 1330 2736 ejus.
1361 2666 1501 2736 Ergo
1528 2667 1572 2720 si
1597 2668 1935 2736 premebatur
1961 2683 2079 2739 pec-

487 2758 623 2812 catis
654 2758 765 2811 suis
787 2799 801 2824 ,
836 2757 989 2811 adest
1014 2758 1372 2813 misericordia
1404 2759 1516 2813 Dei.
1546 2757 1668 2813 Ideo
1690 2760 1963 2829 praecessit
1986 2760 2076 2816 ille

378 2906 383 2909 _
484 2853 599 2909 sine
628 2860 867 2921 peccato,
899 2859 957 2904 ut
984 2850 1161 2907 deleat
1189 2861 1403 2921 peccata
1432 2854 1787 2923 sequentium.
1816 2852 1991 2909 Nolite
2021 2855 2073 2909 in

483 2942 634 3004 vobis
661 2950 985 3011 praesumere
1006 2984 1021 3008 ,
1069 2941 1163 2996 sed
1190 2956 1217 2994 a
1245 2942 1419 3012 vigilia
1447 2942 1701 2996 matutina
1741 2942 2068 3012 praesumite.

483 3032 672 3091 Videte
706 3042 865 3103 caput
894 3042 1128 3088 vestrum
1175 3033 1533 3089 resurrexisse
1574 3042 1627 3107 et
1670 3034 1977 3090 ascendisse
2018 3036 2068 3089 in

483 3126 699 3182 cmlum.
750 3122 809 3179 ln
850 3124 942 3179 illo
967 3125 1122 3195 culpa
1152 3140 1254 3179 non
1279 3134 1423 3191 erat,
1455 3125 1547 3180 sed
1579 3130 1673 3194 per
1699 3126 1846 3180 illum
1877 3136 2071 3183 vestrae

480 3218 649 3288 culpa:
677 3216 996 3273 delebuntur
1026 3235 1038 3272 :
1072 3216 1193 3286 Ipse
1218 3218 1423 3271 redimet
1446 3216 1609 3272 Israel
1628 3217 1688 3271 ab
1716 3217 1942 3273 omnibus
1966 3220 2070 3273 ini-

479 3310 746 3382 quitatibus
768 3311 896 3381 ejus.
938 3310 1070 3378 Quia
1100 3310 1261 3364 Israel
1288 3309 1524 3365 vendere
1554 3324 1613 3364 se
1642 3311 1832 3380 potuit,
1876 3320 1930 3367 et
1954 3311 2070 3368 ﬁeri

480 3401 816 3455 venundatus
840 3401 939 3455 sub
964 3410 1213 3470 peccato;
1248 3401 1510 3456 redimere
1530 3415 1588 3456 se
1613 3401 1682 3456 ab
1708 3403 2070 3472 iniquitatibus

478 3503 585 3547 non
632 3500 823 3561 potest.
880 3490 972 3545 llle
1014 3492 1181 3560 potuit
1208 3491 1506 3556 redimere,
1558 3494 1647 3562 qui
1673 3509 1733 3549 se
1761 3510 1866 3548 non
1900 3495 2069 3565 potuit

479 3580 712 3636 vendere
740 3598 753 3633 :
785 3580 873 3651 qui
922 3595 1024 3634 non
1058 3580 1323 3635 commisit
1371 3590 1645 3651 peccatum
1668 3623 1682 3646 ,
1729 3583 1842 3651 ipse
1867 3592 1951 3638 est
1977 3600 2066 3639 re-

478 3673 725 3745 demptor
751 3690 779 3728 a
807 3682 1047 3745 peccato.
1097 3672 1219 3745 Ipse
1260 3674 1465 3728 redimet
1508 3672 1694 3729 Israel.
1744 3674 1899 3732 Unde
1928 3675 2069 3732 redi—

478 3768 626 3825 met?
655 3767 735 3823 Ab
761 3767 848 3822 illa
871 3767 1169 3838 iniquitate,
1197 3781 1262 3821 au
1281 3766 1347 3822 ab
1372 3765 1503 3822 illa?
1530 3766 1603 3820 Ab
1623 3768 1853 3821 omnibus
1878 3768 2067 3837 iniqui-

476 3860 660 3919 tatibus
703 3862 831 3929 ejus.
876 3859 993 3915 Non
1036 3875 1163 3930 ergo
1208 3860 1392 3915 timeat
1432 3874 1747 3916 accessurus
1788 3860 1855 3915 ad
1900 3862 2065 3918 Deum

474 3953 678 4023 aliquas
704 3952 1007 4022 iniquitates
1032 3968 1155 4008 suas
1189 3972 1201 4008 :
1234 3954 1602 4009 tantummodo
1645 3954 1866 4009 accedat
1906 3955 2065 4025 pleno

478 4044 640 4099 corde
666 4084 681 4110 ,
733 4054 786 4098 et
825 4043 1035 4098 desinat
1074 4044 1181 4113 jam
1211 4043 1385 4099 facere
1412 4060 1528 4114 quae
1554 4054 1707 4099 antea
1738 4044 1978 4110 faciebat,
2010 4056 2065 4102 et

476 4152 583 4190 non
610 4136 785 4202 dicat,
821 4134 914 4189 Illa
944 4136 1191 4205 iniquitas
1222 4152 1326 4189 non
1355 4136 1482 4190 mihi
1508 4135 1807 4191 dimittitur.
1836 4136 1888 4193 Si
1919 4138 2062 4194 enim

475 4228 577 4282 hoc
608 4228 799 4283 dixerit
823 4270 837 4289 .
887 4240 1105 4299 pmpter
1149 4230 1315 4299 ipsam
1350 4245 1506 4299 quam
1537 4240 1684 4300 putat
1712 4232 1810 4286 sibi
1847 4247 1949 4286 non
1977 4232 2059 4288 di-

476 4319 644 4381 mitti,
681 4336 783 4372 non
814 4334 872 4374 se
898 4322 1161 4375 Convertit
1182 4362 1195 4385 ,
1224 4330 1277 4375 et
1308 4320 1549 4376 faciendo
1578 4332 1767 4377 cmtcra
1788 4365 1801 4387 ,
1854 4340 1957 4378 non
1986 4325 2061 4381 illi

474 4412 757 4468 dimittitur
786 4420 840 4467 et
881 4412 1010 4466 illud
1042 4412 1182 4482 quod
1215 4430 1317 4467 non
1363 4414 1599 4469 timebat.
1650 4416 1782 4481 Quia
1812 4416 1909 4471 feci
1932 4459 1946 4483 ,
1981 4420 2057 4473 in-

477 4503 630 4573 quit,
678 4502 850 4556 scelus
878 4517 1162 4571 magnum,
1216 4512 1267 4556 et
1299 4520 1401 4557 non
1448 4503 1577 4558 mihi
1615 4515 1786 4574 potest
1826 4506 2057 4574 dimitti;

471 4597 580 4667 jam
612 4596 800 4651 faciam
828 4605 885 4650 et
908 4604 1098 4649 cetera
1134 4613 1145 4649 :
1183 4596 1284 4650 hoc
1308 4597 1446 4649 enim
1477 4597 1640 4666 perdo
1665 4598 1803 4668 quod
1845 4616 1947 4654 non
1978 4600 2059 4655 fa-

473 4691 577 4745 cio.
634 4690 747 4744 Noli
794 4690 981 4744 timere
1017 4708 1029 4743 :
1062 4690 1111 4742 in
1140 4688 1401 4758 profundo
1438 4704 1497 4744 es
1522 4732 1536 4755 ,
1583 4692 1691 4745 noli
1720 4702 2060 4749 contemnere

472 4783 539 4837 de
566 4781 840 4850 profundis
862 4781 1092 4835 clamare
1122 4780 1188 4834 ad
1219 4781 1497 4834 Dominum
1521 4822 1534 4843 ,
1568 4790 1621 4837 et
1649 4782 1846 4845 dicere,
1882 4784 1941 4838 Si
1961 4786 2059 4839 ini-

470 4876 682 4943 quitates
698 4874 1051 4939 observaveris,
1082 4871 1298 4925 Domine
1326 4889 1342 4934 ;
1368 4871 1603 4939 Domine,
1630 4878 1741 4943 quis
1762 4876 2059 4931 sustinebit?

475 4966 708 5021 Observa
742 4965 891 5019 illum
917 5006 931 5031 ,
964 4972 1018 5018 et
1045 4972 1296 5034 exspecta
1328 4964 1505 5027 illum,
1535 4974 1590 5019 et
1610 4966 1813 5020 sustine
1843 4976 2059 5037 prOpter

471 5060 640 5127 legem
671 5060 853 5128 ipsius.
904 5056 1072 5125 Quam
1119 5058 1286 5127 legem
1323 5056 1413 5110 tibi
1453 5057 1631 5112 dedit?
1676 5056 1884 5112 Dimitte
1918 5060 2058 5115 nobis

472 5150 635 5203 debita
691 5162 893 5215 nostra,
945 5152 1069 5203 sicut
1107 5160 1153 5204 et
1182 5166 1273 5203 nos
1300 5148 1597 5203 dimittimus
1628 5149 1929 5205 debitoribus
1966 5168 2057 5206 no-

475 5244 610 5297 stris.
644 5240 810 5312 Spera
840 5252 890 5296 te
914 5252 1335 5297 resurrecturum
1355 5282 1369 5307 ,
1398 5251 1450 5296 et
1494 5251 1618 5295 tunc
1650 5240 1881 5296 futurum
1909 5244 2051 5297 omni

473 5333 633 5388 modo
660 5335 774 5387 sine
804 5344 1041 5402 peccato,
1073 5335 1320 5403 quoniam
1355 5333 1443 5388 ille
1476 5336 1773 5388 resurrexit
1818 5335 1906 5404 qui
1940 5337 2052 5404 pri-

471 5440 592 5480 mus
622 5425 717 5479 fuit
746 5425 861 5478 sine
889 5434 1125 5492 peccato.
1156 5427 1193 5480 A
1229 5425 1404 5494 vigilia
1438 5426 1695 5479 matutina
1728 5441 1901 5495 spera.
1933 5425 2053 5481 Noli

358 5544 369 5557 ο
467 5517 688 5573 dicere:
726 5517 835 5586 Ego
875 5532 979 5570 non
1024 5530 1139 5570 sum
1183 5516 1371 5585 dignus
1416 5528 1631 5585 preptcr
1658 5526 1890 5586 peccata.
1936 5517 2051 5573 Non

469 5626 527 5663 es
552 5610 777 5680 dignus:
829 5607 921 5663 sed
971 5608 1128 5662 multa
1162 5608 1300 5678 apud
1334 5608 1476 5661 illum
1525 5609 1831 5680 redemptio,
1875 5620 1920 5665 et
1945 5611 2052 5682 ipse

470 5703 675 5760 redimet
695 5700 860 5758 Israel
884 5702 946 5756 ab
973 5702 1202 5757 omnibus
1224 5700 1561 5772 iniquitatibus
1582 5702 1709 5773 ejus.

1714 340 1773 401 S.
1812 339 2181 401 AUGUSTINI
2218 338 2523 404 EPlSCOPi

3655 359 3795 425 17M

2240 478 3797 519 .___________.________________

2560 564 2641 625 IN
2682 565 3061 631 PSALMUM
3103 570 3343 635 CXXX

2769 688 3188 747 ENAIlRATlO.

2723 815 2895 856 SERIO
2925 817 2991 856 AD
3021 818 3247 857 ριειιειι.

2273 908 2322 961 1.
2368 907 2425 962 In
2469 909 2571 965 isto
2623 912 2828 979 psalmo
2872 916 3280 973 commendatur
3324 920 3479 976 nobis
3519 921 3791 986 humilitas

2197 999 2341 1053 servi
2376 1000 2465 1055 Dei
2495 1011 2548 1055 et
2569 1002 2761 1071 ﬁdelis,
2784 1006 2936 1076 cujus
2962 1023 3095 1064 voce
3120 1020 3380 1079 cantatur,
3402 1015 3545 1085 quod
3565 1030 3646 1073 est
3674 1022 3791 1077 uni-

2196 1104 2407 1145 versum
2438 1107 2633 1163 corpus
2653 1094 2870 1151 Christi.
2899 1098 3052 1169 Saepe
3076 1101 3222 1156 enim
3248 1103 3619 1163 admonuimus
3645 1109 3788 1167 Cha-

2196 1181 2407 1238 ritatem
2439 1198 2669 1241 vestram
2692 1229 2707 1252 ,
2738 1205 2842 1243 non
2872 1190 3021 1262 quasi
3065 1193 3218 1248 unius
3260 1193 3492 1252 hominis
3524 1204 3788 1257 cantantis

2196 1288 2379 1329 vocem
2411 1277 2579 1345 accipi
2608 1278 2837 1346 debere,
2872 1282 2963 1336 sed
2989 1284 3226 1339 omnium
3255 1290 3341 1356 qui
3363 1298 3488 1344 sunt
3513 1290 3565 1345 in
3585 1291 3788 1351 Christi

2194 1380 2438 1435 corpore.
2490 1368 2556 1422 Et
2602 1372 2727 1440 quia
2757 1372 2809 1427 in
2850 1374 2991 1429 illius
3015 1390 3241 1447 corpore
3270 1388 3393 1434 sunt
3422 1396 3630 1449 omnes,
3664 1395 3788 1441 tau-

2192 1472 2350 1527 quam
2400 1475 2538 1514 unus
2588 1459 2749 1517 homo
2788 1463 3018 1534 loquitur
3047 1484 3061 1521 :
3089 1475 3146 1522 et
3176 1469 3290 1537 ipse
3317 1479 3402 1525 est
3437 1488 3571 1527 unus
3597 1476 3692 1545 qui
3731 1487 3786 1532 et

2192 1548 2344 1602 multi
2366 1560 2509 1604 sunt.
2557 1551 2704 1607 Multi
2733 1554 2874 1609 enim
2904 1565 3030 1616 sunt
3064 1558 3117 1613 in
3146 1561 3335 1630 selpsis
3363 1603 3378 1629 ,
3411 1577 3550 1618 unus
3576 1575 3700 1621 sunt
3728 1568 3785 1622 in

2191 1637 2285 1693 illo
2314 1640 2405 1710 qui
2434 1657 2569 1697 unus
2604 1652 2705 1698 est.
2755 1643 2933 1715 Ipsum
2968 1658 3052 1704 est
3094 1660 3273 1707 autem
3312 1652 3473 1708 etiam
3525 1659 3784 1728 templum

2192 1729 2309 1796 Dei,
2336 1731 2405 1786 de
2433 1747 2538 1802 quo
2565 1733 2694 1789 dicit
2721 1736 3008 1806 Apostolus
3026 1782 3040 1803 ,
3073 1740 3334 1813 Templum
3367 1748 3499 1800 enim
3534 1747 3631 1803 Dei
3655 1767 3782 1805 san-

2190 1830 2322 1875 ctum
2346 1834 2437 1889 est,
2467 1825 2601 1895 quod
2625 1828 2741 1881 estis
2769 1844 2854 1883 vos
2881 1830 2922 1897 (l
2944 1830 3061 1886 Cor.
3091 1849 3167 1900 Ill,
3197 1836 3320 1905 l7);
3350 1852 3538 1895 omnes
3558 1841 3649 1910 qui
3668 1856 3784 1899 cre-

2188 1912 2322 1967 dunt
2349 1914 2401 1968 in
2422 1913 2691 1972 Christum
2713 1960 2728 1984 ,
2761 1930 2816 1974 et
2842 1920 2921 1977 sic
2945 1923 3171 1979 credunt
3201 1936 3257 1981 ut
3284 1928 3525 1999 diligant.
3560 1932 3673 1990 Hoc
3697 1944 3783 1992 est

2187 2005 2328 2060 enim
2356 2008 2578 2064 credere
2614 2011 2667 2065 in
2701 2010 2971 2069 Christum
2995 2058 3010 2083 ,
3056 2016 3278 2089 diligere
3315 2020 3586 2079 Christum
3620 2045 3635 2079 :
3672 2044 3782 2085 non

2188 2101 2456 2168 quomodo
2479 2101 2749 2159 daemones
2768 2106 3058 2163 credebant
3086 2110 3287 2181 (Jacobi
3314 2130 3370 2179 ιι,
3402 2114 3513 2185 19),
3544 2118 3643 2174 sed
3669 2136 3781 2178 non

2186 2188 2502 2259 diligebant;
2532 2202 2588 2249 et
2611 2194 2729 2250 ideo
2754 2200 2997 2266 quamvis
3022 2202 3323 2271 crederent,
3345 2206 3614 2275 dicebant,
3640 2211 3780 2280 Quid

2185 2282 2327 2336 nobis
2347 2292 2391 2337 et
2418 2285 2505 2338 tibi
2526 2296 2615 2353 est,
2652 2286 2757 2343 Fili
2786 2289 2882 2345 Dei
2904 2291 3116 2362 (Matth.
3150 2312 3274 2366 vm,
3302 2298 3441 2369 29)?
3468 2302 3577 2358 Nos
3596 2316 3779 2363 autem

2185 2375 2262 2430 sic
2285 2377 2585 2444 credamus,
2619 2390 2675 2435 ut
2696 2383 2748 2437 in
2776 2385 2948 2452 ipsum
2975 2387 3277 2453 credamus,
3296 2391 3595 2464 diligentes
3621 2413 3772 2468 eum,

2184 2476 2239 2522 et
2262 2484 2366 2523 non
2394 2471 2634 2526 dicamus
2658 2515 2673 2540 ,
2708 2474 2845 2541 Quid
2874 2479 3015 2532 nobis
3052 2489 3097 2533 et
3122 2480 3209 2535 tibi
3242 2484 3353 2537 est?
3400 2486 3496 2541 sed
3533 2487 3778 2547 dicamus

2182 2561 2382 2629 potius,
2427 2563 2508 2618 Ad
2541 2574 2592 2619 te
2622 2568 2975 2636 pertinemus;
3024 2580 3079 2626 tu
3108 2587 3205 2628 nos
3231 2575 3523 2633 redemisti.
3574 2579 3776 2640 Omnes

2182 2669 2309 2725 ergo
2333 2657 2421 2726 qui
2449 2657 2525 2711 sic
2557 2660 2816 2728 credunt,
2855 2672 3104 2735 tanquam
3150 2668 3352 2737 lapides
3377 2682 3501 2729 sunt
3528 2676 3666 2743 vivi,
3703 2678 3777 2736 de

2184 2746 2375 2815 quibus
2399 2751 2652 2820 templum
2682 2753 2771 2807 Dei
2800 2754 3091 2811 aediﬁcatur
3119 2757 3161 2831 (Ι
3193 2758 3334 2814 Petr.
3360 2778 3417 2829 ιι,
3449 2764 3536 2836 5);
3569 2777 3625 2822 et
3650 2774 3773 2824 tan-

2180 2856 2339 2909 quam
2380 2841 2519 2911 ligna
2562 2844 2901 2915 imputribilia
2927 2890 2942 2912 ,
2996 2863 3066 2905 ex
3105 2852 3297 2921 quibus
3336 2870 3459 2911 arca
3496 2858 3588 2914 illa
3617 2875 3772 2917 com-

2181 2943 2333 3024 pacta
2368 2943 2489 3002 est,
2522 2951 2641 3005 quae
2668 2937 2718 2991 in
2750 2938 2950 2995 diluvio
2981 2943 3146 3012 mergi
3173 2959 3278 3000 non
3311 2949 3478 3017 potuit
3507 2949 3661 3021 (Gen.
3692 2969 3769 3024 vr,

2180 3023 2292 3093 14).
2317 3024 2430 3081 lloc
2456 3034 2631 3083 autem
2663 3031 2915 3100 templum
2943 3042 3045 3101 est,
3077 3034 3127 3090 id
3156 3038 3359 3109 estipsi
3380 3038 3647 3110 homines,
3678 3023 3771 3103 ubi

2176 3126 2395 3185 rogatur
2423 3117 2584 3186 Deus,
2613 3129 2667 3175 et
2692 3123 2928 3179 exaudit.
2958 3123 3208 3197 Quisquis
3236 3131 3378 3186 enim
3410 3144 3605 3204 praeter
3626 3146 3768 3194 tem-

2177 3208 2321 3277 plum
2350 3209 2441 3264 Dei
2472 3216 2703 3268 oraverit
2735 3215 2920 3285 Deum,
2951 3234 3057 3273 non
3083 3222 3365 3278 exauditur
3391 3226 3463 3281 ad
3500 3227 3642 3284 illam
3670 3245 3772 3301 pa-

2174 3316 2289 3357 cem
2320 3316 2562 3372 supernae
2586 3303 2879 3363 Jerusalem
2903 3349 2919 3376 ,
2968 3311 3067 3365 etsi
3104 3314 3385 3371 exauditur
3420 3316 3488 3373 ad
3517 3319 3771 3390 quietiam

2176 3395 2504 3463 temporalia,
2549 3411 2667 3466 qua:
2706 3398 2845 3454 Deus
2874 3410 2929 3455 et
2975 3401 3202 3473 Paganis
3246 3405 3483 3464 donavit.
3530 3410 3664 3467 Nam
3707 3423 3769 3470 et

2173 3483 2276 3553 ipsi
2298 3484 2570 3542 daemones
2592 3488 2829 3544 exauditi
2859 3500 3002 3560 sunt,
3023 3502 3081 3548 ut
3096 3495 3236 3551 irent
3252 3498 3303 3551 in
3326 3513 3515 3568 porcos
3540 3501 3767 3572 (Matth.

2172 3590 2265 3630 vui
2290 3617 2304 3641 ,
2334 3578 2394 3632 51
2424 3619 2441 3645 ,
2470 3577 2584 3647 39).
2619 3579 2869 3637 Exaudiri
2907 3584 2976 3639 ad
3012 3586 3175 3641 vitam
3200 3599 3454 3646 aeternam
3481 3593 3625 3650 aliud
3652 3606 3766 3666 est,

2172 3685 2272 3725 nec
2311 3671 2624 3727 conceditur
2667 3675 2767 3734 nisi
2810 3676 2859 3730 ei
2902 3678 2991 3746 qui
3021 3678 3075 3733 in
3105 3682 3304 3751 templo
3348 3683 3443 3740 Dei
3477 3695 3615 3742 orat.
3665 3690 3765 3748 llle

2172 3769 2350 3815 autem
2377 3762 2430 3816 in
2459 3765 2657 3834 templo
2688 3765 2783 3821 Dei
2805 3776 2943 3834 orat,
2977 3770 3065 3840 qui
3093 3782 3211 3827 orat
3240 3773 3291 3828 in
3323 3791 3453 3846 pace
3474 3778 3759 3851 Ecclesia,

2170 3854 2226 3909 in
2258 3856 2459 3911 unitate
2482 3859 2722 3928 corporis
2746 3859 2976 3928 Christi;
3006 3866 3151 3934 quod
3179 3881 3375 3939 corpus
3397 3869 3596 3929 Christi
3622 3891 3760 3932 con-

2170 3955 2276 4001 stat
2306 3961 2375 4002 ex
2403 3949 2584 4005 multis
2608 3951 2950 4009 credentibus
2976 3954 3031 4010 in
3064 3965 3176 4012 toto
3204 3961 3334 4017 orbe
3354 3971 3621 4022 terrarum
3658 3987 3673 4022 :
3702 3978 3760 4026 et

2169 4038 2288 4094 ideo
2313 4040 2623 4109 exauditur,
2657 4044 2744 4113 qui
2771 4044 2788 4075 ί
2819 4054 2937 4101 orat
2978 4048 3031 4101 in
3066 4051 3282 4121 templo.
3324 4054 3441 4123 Ipse
3463 4057 3605 4114 enim
3634 4070 3759 4117 orat

2169 4132 2221 4186 in
2250 4134 2436 4203 spiritu
2459 4144 2512 4189 et
2536 4135 2782 4203 veritate,
2814 4138 2904 4207 qui
2930 4148 3049 4195 orat
3077 4142 3128 4196 in
3160 4158 3291 4213 pace
3322 4145 3613 4218 Ecclesiae;
3641 4168 3751 4211 non

2166 4226 2220 4280 in
2251 4226 2341 4281 illo
2366 4228 2562 4295 templo
2588 4227 2673 4282 ubi
2698 4227 2865 4298 ﬁgura'
2888 4240 3005 4286 erat
3028 4232 3204 4303 (Joan.
3234 4252 3302 4303 iv,
3334 4238 3544 4312 21-24).

2235 4316 2289 4370 2.
2321 4317 2623 4373 Secundum
2666 4319 2885 4389 ﬁguram
2928 4323 3071 4377 enim
3102 4323 3355 4382 Dominus
3391 4331 3621 4389 exclusit
3652 4334 3749 4391 ho-

2167 4408 2337 4462 mines
2364 4408 2430 4463 de
2460 4410 2677 4477 templo,
2704 4409 2823 4466 illos
2845 4412 2936 4482 qui
2955 4427 3049 4468 sua
3067 4417 3397 4487 quaerebant,
3430 4421 3599 4490 idest,
3632 4440 3754 4494 pro-

2167 4511 2284 4572 pter
2313 4501 2649 4557 vendendum
2689 4512 2743 4557 et
2782 4505 3067 4561 emendum
3109 4508 3255 4565 ibant
3283 4511 3334 4566 in
3375 4514 3651 4585 templum.
3692 4517 3750 4576 Si

2162 4602 2339 4648 autem
2366 4594 2528 4664 ﬁgura
2556 4603 2671 4649 erat
2697 4594 2823 4650 illud
2846 4599 3118 4668 templum,
3152 4602 3489 4661 manifestum
3516 4616 3599 4662 est
3625 4610 3748 4677 quia

2164 4694 2218 4740 et
2244 4702 2438 4755 corpus
2461 4685 2681 4751 Christi,
2709 4688 2848 4759 quod
2876 4700 2955 4744 est
2982 4706 3164 4746 verum
3195 4696 3447 4766 templum
3477 4700 3631 4769 cujus
3657 4700 3747 4758 illa

2164 4774 2337 4846 imago
2373 4786 2518 4842 erat,
2564 4776 2726 4833 habet
2770 4780 3060 4849 permixtos
3086 4795 3329 4841 ementes
3352 4796 3409 4842 et
3431 4790 3744 4859 vendentes,

2164 4867 2215 4921 id
2241 4877 2322 4922 est
2346 4882 2441 4923 sua
2468 4879 2768 4939 qumrentes
2792 4914 2806 4936 ,
2837 4886 2940 4925 non
2964 4888 3083 4943 qua:
3102 4872 3227 4930 Jesu
3256 4875 3455 4933 Christi
3486 4880 3743 4954 (Philipp.

2160 4980 2219 5030 ιι,
2245 4963 2360 5034 21).
2409 4962 2513 5019 Sed
2540 4964 2891 5021 excluduntur
2916 4967 3041 5023 inde
3065 4968 3275 5041 ﬂagello
3297 4974 3584 5030 resticulas.
3634 4976 3746 5033 Re-

2160 5056 2256 5110 stis
2276 5054 2417 5109 enim
2447 5064 2659 5125 peccata
2684 5055 2965 5126 signiﬁcat,
2992 5059 3131 5115 sicut
3155 5060 3347 5117 dicitur
3374 5080 3471 5134 per
3502 5067 3740 5137 prOphe-

2161 5155 2267 5201 tam
2303 5164 2315 5199 :
2358 5144 2445 5201 Va:
2484 5147 2554 5202 eis
2578 5147 2664 5218 qui
2699 5152 2904 5203 trahunt
2937 5162 3139 5218 peccata
3168 5154 3297 5208 velut
3328 5167 3511 5211 restem
3540 5160 3744 5230 longam

2161 5238 2311 5308 (Isai.
2338 5256 2368 5293 v
2388 5280 2403 5305 ,
2436 5238 2547 5307 18).
2594 5237 2669 5293 11Ιί
2699 5250 2874 5295 autem
2900 5244 3118 5298 trahunt
3146 5254 3360 5315 peccata
3384 5248 3523 5304 sicut
3545 5260 3742 5306 restem

2158 5331 2388 5402 longam,
2403 5332 2493 5403 qui
2516 5331 2716 5386 addunt
2740 5343 2953 5403 peccata
2972 5339 3234 5406 peccatis;
3261 5341 3349 5410 qui
3369 5355 3491 5397 cum
3518 5342 3743 5400 fecerint

2158 5438 2320 5477 unum
2351 5432 2646 5492 peccatum,
2672 5433 2729 5478 ut
2754 5427 3063 5496 cooperiant
3089 5428 3239 5497 illud,
3269 5429 3468 5487 faciunt
3486 5432 3737 5490 alterum.

2157 5515 2436 5583 Quomodo
2460 5516 2603 5570 enim
2630 5524 2688 5571 ut
2716 5519 2871 5574 restis
2890 5518 2999 5589 ﬁat,
3018 5522 3232 5578 additur
3251 5533 3488 5594 spartum
3517 5536 3701 5599 sparto
3719 5568 3738 5597 ,

2157 5627 2265 5667 non
2294 5619 2469 5665 autem
2499 5610 2551 5663 in
2600 5619 2801 5665 rectum
2845 5612 2921 5681 it,
2966 5612 3061 5669 sed
3102 5625 3374 5687 torquetur
3408 5637 3421 5673 :
3452 5620 3530 5674 sic
3559 5620 3741 5677 ornnia

2157 5720 2318 5780 prava
2346 5701 2483 5758 facta
2512 5743 2527 5768 ,
2574 5717 2692 5772 qua:
2734 5714 2859 5759 sunt
2898 5718 3112 5775 peccata
3167 5724 3288 5767 cum
3316 5709 3583 5769 adduntur
3609 5709 3736 5782 sibi,

2232 5824 2249 5857 ⁸
2273 5824 2351 5872 Er.
2372 5814 2523 5885 Lugd.
2540 5822 2660 5871 Ven.
2680 5824 2731 5870 et
2748 5823 2882 5885 Lov.,
2902 5818 3034 5885 quia.
3127 5830 3187 5880 Il.
