4160 6440
419 339 438 394 1
452 339 551 394 705

415 461 558 515 etde
590 465 807 528 peccato
850 464 1126 526 peccatum
1157 497 1172 522 ,
1216 466 1266 509 et
1309 464 1580 523 peccatum
1615 454 1683 508 ad
1723 460 1996 523 peccatum

413 549 745 610 annenitur,
796 546 852 599 ﬁt
877 547 1035 601 restis
1060 546 1235 615 longa.
1285 545 1517 612 Quorum
1555 545 1757 598 semita:
1798 560 1994 614 pravm,

412 649 461 692 et
487 637 706 691 ﬂcxuosi
734 652 950 705 gressus
982 652 1166 691 eorum
1197 635 1315 707 (Job
1351 651 1418 702 vt,
1453 638 1564 705 l8).
1598 638 1713 702 Quo
1744 637 1883 690 valet
1913 652 2000 691 au-

414 738 517 780 tem
556 729 654 782 is!a
683 728 839 780 restis
860 767 874 790 ,
907 727 1008 780 nisi
1042 737 1096 780 ut
1131 727 1252 780 inde
1276 727 1501 796 ﬁgentur
1527 728 1572 782 ei
1613 744 1802 782 manus
1830 738 1883 781 et
1908 743 1994 797 pe-

409 819 504 872 des
532 861 545 882 ,
581 830 632 872 et
675 819 984 888 projiciatur
1023 819 1246 888 quisque
1280 819 1329 872 itt
1381 820 1628 874 tenebras
1652 821 1997 875 exteriores?

409 909 722 962 Meministis
776 911 917 963 enim
973 909 1170 963 dictum
1223 909 1289 965 de
1341 911 1570 980 quodam
1618 923 1898 981 peccatore
1943 913 1996 968 in

411 1000 742 1070 livangelio:
785 999 962 1069 Ligate
1011 1001 1087 1054 illi
1133 1018 1312 1054 manus
1357 1012 1402 1056 et
1452 1004 1632 1071 pedes,
1680 1013 1726 1057 et
1768 1006 1998 1074 projicite

407 1093 553 1144 illam
581 1093 630 1144 iu
651 1091 874 1146 tenebras
894 1092 1200 1156 exteriores;
1231 1092 1299 1145 ibi
1317 1095 1409 1146 erit
1429 1096 1576 1163 ﬂetus
1602 1103 1646 1148 et
1666 1097 1852 1150 stridor
1875 1100 1997 1150 den-

407 1184 533 1234 tiant
565 1182 774 1251 (Matth.
823 1198 970 1248 xxn,
1004 1183 1114 1251 15).
1168 1182 1287 1237 Non
1323 1196 1464 1238 esset
1491 1185 1630 1239 unde
1656 1186 1729 1239 illi
1762 1187 1993 1256 ligaren-

407 1284 495 1326 tttr
526 1288 714 1326 manus
740 1283 792 1327 et
824 1273 988 1342 pedes
1012 1315 1026 1338 ,
1074 1275 1176 1328 nisi
1218 1275 1332 1344 ipse
1380 1275 1479 1329 sibi
1516 1287 1710 1332 restem
1756 1278 1991 1334 fecisset.

409 1365 562 1420 Unde
607 1365 942 1434 apertissime
984 1365 1089 1418 alio
1135 1366 1252 1419 loco
1280 1367 1533 1436 scriptum
1575 1379 1657 1423 est
1685 1386 1698 1421 :
1729 1368 1996 1424 Criniculis

405 1467 729 1528 peccatorum
759 1474 964 1510 suorum
1017 1459 1357 1529 unusquisque
1403 1460 1761 1530 constringitur
1809 1459 1992 1531 (Prov.

407 1566 438 1601 ν
459 1592 478 1613 ,
501 1550 615 1619 9.2).
652 1550 787 1619 Ergo
815 1549 936 1619 quia
963 1549 1029 1604 de
1057 1550 1286 1618 peccatis
1315 1552 1424 1606 suis
1454 1551 1699 1606 homines
1716 1554 1991 1622 vapulant,

407 1641 529 1695 ideo
580 1641 837 1694 Dominus
876 1639 1145 1710 ﬁagcllum
1186 1641 1252 1694 de
1289 1641 1538 1696 resticula
1580 1643 1740 1711 fecit,
1773 1653 1830 1698 et
1873 1645 1994 1700 inde

406 1731 613 1788 exoulit
641 1731 707 1787 de
734 1731 932 1802 templo
957 1747 1143 1786 omnes
1163 1733 1251 1802 qui
1276 1747 1370 1787 sua
1393 1734 1723 1802 qumrebant,
1747 1751 1852 1789 non
1874 1750 1995 1806 qua:

411 1826 540 1880 Jcsu
575 1825 792 1880 Christi.

477 1920 533 1973 5.
566 1918 733 1986 Hujus
769 1933 897 1987 ergo
942 1919 1126 1987 templi
1153 1934 1253 1974 vox
1290 1928 1373 1974 est
1423 1919 1474 1974 in
1509 1920 1742 1975 Psalmo.
1800 1922 1856 1976 in
1891 1923 1993 1978 hoc

408 2011 645 2080 templo,
680 2020 736 2064 ttt
759 2011 866 2064 dixi
889 2052 902 2075 ,
937 2021 1154 2081 rogatur
1195 2011 1336 2065 Deus
1358 2052 1374 2078 ,
1405 2025 1457 2066 et
1486 2013 1700 2068 exaudit
1722 2014 1772 2067 in
1805 2014 1992 2084 spiritu

406 2113 464 2158 et
489 2102 756 2167 veritate;
807 2117 910 2156 non
952 2101 1002 2155 in
1044 2102 1136 2156 illo
1162 2102 1446 2170 corporali.
1494 2102 1624 2156 Nam
1653 2103 1762 2158 illic
1805 2103 1991 2158 umbra

408 2203 526 2249 erat
550 2235 564 2254 ,
617 2193 668 2247 in
711 2208 812 2263 qua
843 2192 1303 2247 demonstraretur
1341 2192 1481 2262 quod
1511 2203 1791 2249 venturum
1828 2205 1987 2249 erat:

409 2284 528 2338 ideo
560 2283 684 2338 illud
709 2284 817 2352 jam
851 2283 1061 2339 cecidit.
1121 2283 1326 2337 Cecidit
1357 2299 1484 2354 ergo
1519 2283 1710 2338 domus
1737 2286 1993 2340 orationis

409 2377 647 2430 nostrar?
677 2376 847 2430 Absit.
876 2375 990 2430 Non
1019 2375 1160 2430 enim
1189 2376 1312 2430 illud
1339 2377 1590 2446 templum
1611 2377 1751 2447 quod
1777 2377 1989 2444 cecidit,

408 2467 509 2521 hoc
533 2468 704 2536 putuit
733 2467 834 2520 dici
865 2466 1058 2522 domus
1094 2467 1352 2521 orationis
1377 2509 1390 2532 ,
1419 2467 1486 2522 de
1515 2483 1616 2536 qua
1644 2468 1844 2523 dictum
1869 2479 1948 2524 est
1973 2487 1987 2524 :

411 2558 602 2612 Donms
630 2576 737 2611 mea
758 2559 938 2613 domus
954 2559 1195 2611 orationis
1217 2559 1470 2612 vocabitur
1490 2558 1719 2613 omnibus
1743 2560 1986 2630 gentibus.

412 2649 646 2704 Audistis
676 2650 815 2705 enim
844 2649 968 2720 qttid
1011 2649 1204 2704 dixerit
1234 2650 1489 2704 Dominus
1513 2649 1666 2704 Jesus
1701 2649 1943 2705 Christus
1972 2668 1986 2703 :

411 2740 667 2808 Scriptum
707 2753 817 2804 est,
866 2739 1061 2794 Domus
1095 2757 1204 2795 mea
1241 2742 1418 2794 domus
1457 2741 1698 2794 orationis
1737 2741 1992 2794 vocabitur

411 2831 636 2886 omnibus
682 2833 954 2902 gentibus;
1001 2848 1085 2885 vos
1120 2842 1284 2885 autem
1328 2831 1513 2902 fecistis
1552 2848 1662 2884 eam
1699 2832 1990 2902 speluncam

411 2925 660 2987 latronum
691 2922 905 2990 (Matth.
952 2939 1040 2976 xxt
1066 2963 1079 2987 ,
1114 2922 1339 2987 12,15;
1389 2931 1436 2976 et
1478 2921 1634 2976 Joan.
1665 2937 1736 2985 ιι,
1772 2921 1986 2992 14ο16).

409 3013 670 3084 Numquid
704 3015 777 3067 illi
805 3014 892 3083 qui
922 3014 1198 3067 voluerunt
1225 3013 1400 3068 facere
1424 3013 1637 3066 domum
1666 3013 1754 3067 Dei
1777 3014 1991 3084 spelun-

411 3121 521 3162 e‘un
555 3105 856 3169 latronum,
905 3104 1142 3159 fecerunt
1181 3113 1236 3158 ut
1273 3113 1449 3159 rueret
1480 3102 1778 3173 templum?
1821 3103 1910 3158 Sic
1937 3112 1990 3159 et

410 3197 478 3251 illi
503 3197 591 3267 qui
619 3196 755 3250 male
781 3196 963 3250 vivunt
990 3197 1039 3249 in
1075 3196 1308 3250 Ecclesia
1339 3195 1617 3256 catholica,
1651 3205 1903 3265 quantum
1934 3196 1987 3250 in

410 3286 537 3357 ipsis
564 3296 668 3352 est,
706 3286 922 3342 domum
955 3287 1042 3340 Dei
1077 3288 1255 3340 volunt
1283 3284 1455 3339 facere
1484 3287 1793 3354 Speluncam
1825 3285 1987 3339 Iatro-

411 3396 564 3444 ntun;
596 3395 694 3436 nec
721 3379 839 3434 ideo
866 3387 1108 3434 evertunt
1135 3377 1410 3447 templum.
1458 3377 1644 3431 Veniet
1675 3377 1816 3431 enim
1849 3387 1984 3432 tem-

411 3486 507 3540 pus
526 3515 539 3535 ,
568 3470 782 3540 quando
813 3470 878 3523 de
907 3477 1048 3524 reste
1081 3477 1415 3537 peccatorum
1445 3481 1660 3520 suorum
1693 3467 1834 3521 foras
1864 3467 1988 3522 mit-

412 3571 608 3616 tantur.
641 3561 751 3615 lloc
781 3571 956 3614 autem
985 3559 1236 3628 templum
1263 3559 1392 3621 Dei,
1420 3557 1523 3613 hoc
1549 3572 1740 3627 corpus
1765 3558 1984 3624 Christi,

413 3656 521 3710 bare
551 3655 890 3724 congregatio
920 3653 1150 3707 ﬁdelium
1171 3667 1327 3705 unam
1359 3665 1543 3705 vocem
1565 3649 1760 3716 habet,
1796 3660 1850 3705 et
1881 3659 1988 3705 tan-

409 3763 564 3818 quam
596 3761 730 3800 unus
758 3747 917 3798 homo
946 3752 1121 3798 cantat
1163 3743 1212 3796 itt
1257 3742 1492 3798 Psalmo.
1526 3742 1653 3810 Ejus
1679 3757 1859 3796 vocem
1876 3742 1986 3810 jam

411 3839 460 3892 in
493 3838 674 3892 multis
703 3834 916 3906 psalmis
942 3834 1271 3896 audivimus;
1301 3834 1582 3886 audiamus
1609 3840 1665 3887 et
1693 3832 1744 3885 in
1771 3833 1893 3885 isto.
1929 3831 1986 3886 Si

411 3931 655 3983 volumus
679 3968 694 3992 ,
728 3935 905 3980 nostra
937 3941 1036 3980 vox
1064 3934 1173 3988 est;
1204 3925 1247 3979 si
1275 3925 1522 3979 volumus
1543 3964 1556 3987 ,
1586 3938 1716 3976 aure
1743 3922 1986 3976 audimus

411 4028 711 4075 cantantem
740 4060 756 4083 ,
796 4027 850 4073 et
876 4032 971 4070 nos
999 4015 1160 4070 corde
1194 4023 1492 4069 mutantes.
1547 4011 1602 4067 Si
1632 4020 1809 4066 autem
1837 4012 1987 4065 nolu-

412 4128 549 4176 mus,
575 4112 774 4166 erimus
805 4108 856 4162 in
887 4109 975 4163 illo
1004 4107 1198 4177 templo
1223 4115 1472 4174 tanquam
1503 4112 1761 4166 ementes,
1791 4111 1844 4157 et
1866 4117 1987 4155 ven-

411 4203 598 4257 dentes
623 4243 636 4265 ,
671 4200 722 4254 id
768 4208 848 4253 est
872 4239 886 4264 ,
938 4208 1116 4252 nostra
1143 4205 1445 4266 qumrentcs
1473 4211 1486 4246 :
1521 4194 1777 4248 intramus
1806 4192 1987 4246 Eccle-

412 4297 564 4352 siam.
600 4309 703 4346 non
729 4290 795 4344 ad
818 4305 878 4344 ea
911 4304 1027 4358 qua:
1059 4289 1265 4357 placent
1291 4285 1462 4340 oculis
1492 4285 1604 4339 Dei.
1631 4283 1832 4339 Viderit
1859 4298 1986 4351 ergo

415 4386 462 4438 iu
510 4398 731 4438 numero
777 4393 956 4436 vestro
995 4380 1112 4449 quis
1147 4377 1413 4447 quomodo
1452 4375 1652 4439 audiat,
1693 4384 1867 4428 utrum
1893 4389 1988 4427 att-

413 4475 519 4527 tliat
567 4484 620 4528 et
678 4472 926 4535 irrideat,
973 4480 1146 4524 utrum
1200 4469 1381 4522 audiat
1429 4476 1482 4522 et
1536 4475 1655 4536 post
1697 4482 1756 4521 se
1804 4475 1984 4535 ponat,

416 4575 588 4618 utrum
632 4563 810 4617 audiat
845 4572 900 4616 et
936 4569 1194 4616 consonet
1217 4602 1232 4624 ,
1282 4559 1331 4612 id
1363 4569 1487 4624 est,
1535 4559 1729 4612 sentiat
1767 4558 1853 4612 hic
1889 4574 1985 4609 vo-

414 4670 527 4710 cctn
587 4670 776 4720 suam,
839 4662 892 4708 et
939 4653 1191 4721 adjnngat
1250 4666 1432 4704 vocem
1496 4649 1673 4704 cordis
1730 4651 1810 4702 sui
1867 4648 1984 4702 voci

417 4749 603 4817 psalmi
649 4747 824 4816 hujus.
873 4747 1070 4799 Tamen
1108 4760 1207 4797 vox
1235 4743 1421 4811 psalmi
1464 4742 1620 4810 hujus
1657 4757 1762 4795 non
1809 4750 1984 4804 tacet;

417 4844 745 4897 instruantur
779 4841 867 4910 qui
920 4846 1180 4908 possunt,
1225 4837 1331 4890 imo
1371 4835 1459 4904 qui
1505 4836 1722 4896 volunt;
1768 4834 1853 4903 qui
1888 4849 1986 4886 no-

415 4937 550 5001 lunt,
582 4951 685 4989 non
713 4933 1018 5003 impediant.
1057 4928 1470 4984 Commendetur
1499 4926 1650 4981 nobis
1677 4925 1983 4987 humilitas;

418 5026 538 5081 inde
565 5025 746 5093 carpit.

482 5119 534 5172 4.
569 5114 589 5191 [
616 5132 743 5169 vers.
778 5111 867 5185 1.]
899 5111 1110 5166 Domine
1134 5152 1149 5175 ,
1181 5126 1278 5163 non
1303 5118 1370 5162 est
1399 5108 1671 5162 exaltatum
1693 5122 1782 5160 cor
1803 5123 1985 5159 meum.

416 5208 744 5262 Sacriﬁcium
774 5205 981 5259 obtulit.
1013 5201 1164 5258 Unde
1196 5200 1478 5269 probamus
1515 5199 1634 5266 quia
1670 5198 1985 5252 sacriﬁcium

413 5298 643 5353 obtulit?
672 5298 802 5362 Quia
833 5296 1097 5349 humilitas
1117 5293 1292 5346 cordis
1316 5291 1630 5344 sacriﬁcium
1657 5299 1758 5343 est.
1791 5289 1990 5343 Dicitur

413 5392 463 5444 in
501 5392 607 5444 alio
641 5391 842 5458 psalmo
866 5428 880 5451 ,
915 5387 1164 5447 Quoniam
1194 5385 1235 5437 si
1267 5383 1504 5436 voluisses
1532 5381 1832 5448 sacriﬁcium
1855 5422 1867 5442 ,
1899 5381 1989 5432 de-

411 5484 595 5536 dissem
634 5482 818 5548 utique.
859 5477 1000 5532 Satis
1038 5478 1248 5530 volebat
1282 5474 1455 5527 facere
1496 5473 1601 5526 Deo
1633 5487 1727 5541 pro
1760 5473 1990 5540 peccatis

414 5572 556 5637 suis,
588 5571 872 5639 prepitiare
901 5569 1045 5621 illum
1066 5566 1307 5628 volebat,
1340 5563 1679 5631 utaceiperet
1711 5562 1989 5630 indulgeu-

413 5665 539 5716 tian‘t
572 5673 904 5731 peccatorum
941 5679 952 5712 :
984 5667 1038 5713 et
1065 5659 1214 5726 quasi
1241 5674 1489 5728 quaerens
1519 5656 1657 5710 unde
1689 5657 1832 5709 illum
1864 5671 1990 5725 pro-

413 5761 658 5830 pitiarct.
698 5757 756 5811 Si
798 5757 1034 5810 coluisses
1062 5795 1076 5816 ,
1120 5754 1324 5821 inquit,
1371 5753 1706 5820 sacriﬁcium,
1745 5750 1990 5806 dedissem

655 5852 879 5912 Saucr.
928 5851 1201 5907 Ancuss.
1251 5845 1352 5905 IV.

1471 328 1868 389 ENARRATIO
1906 327 1968 383 ΙΝ
2008 326 2333 390 PSALMUM
2371 336 2582 395 CXXX.

2103 718 2429 820 holocaustis
2470 744 2572 782 non
2617 733 2911 791 delccuttur
2942 740 3079 794 Deus
3103 783 3118 808 ,
3154 718 3258 800 non
3295 718 3487 820 accipit

2104 810 2281 901 ﬁcium
2303 854 2317 876 ,
2349 824 2403 868 et
2427 817 2543 872 sine
2573 823 2832 878 sacriﬁcio
2865 827 3139 895 placatur?
3165 834 3221 891 Si
3250 810 3454 895 nullum
3481 846 3689 901 sacriﬁ-

2102 899 2242 956 cium
2284 913 2398 969 est,
2441 908 2620 964 nullus
2653 915 2921 970 sacerdos.
2965 918 3022 973 Si
3060 931 3236 978 autem
3267 927 3522 988 habemus
3548 938 3564 968 ¹

2100 993 2372 1086 cerdotem
2403 997 2454 1050 in
2486 1001 2658 1066 cmiis,
2690 1005 2778 1072 qui
2818 1021 2912 1074 pro
2935 1010 3086 1066 nobis
3114 1013 3415 1086 interpellat
3437 1023 3685 1084 Patrem:

2102 1083 2355 1151 (Intravit
2385 1089 2527 1142 enim
2557 1091 2609 1144 in
2631 1104 2813 1148 sancta
2835 1108 3139 1158 sanctorum
3159 1145 3173 1168 ,
3207 1083 3529 1168 iit—interiora
3559 1119 3686 1182 veli,

2101 1191 2206 1244 quo
2249 1192 2354 1230 non
2409 1179 2640 1236 intrabat
2681 1188 2930 1245 sacerdos
2965 1191 3018 1246 in
3061 1194 3229 1264 ﬁgura
3272 1201 3373 1256 nisi
3421 1207 3586 1261 semel
3627 1179 3683 1265 in

2099 1281 2241 1355 anno
2262 1309 2277 1332 ,
2309 1269 2447 1324 sicut
2475 1281 2529 1326 et
2570 1274 2826 1332 Dominus
2854 1280 2905 1334 in
2938 1291 3047 1338 toto
3075 1294 3314 1358 tempore
3343 1296 3512 1349 semel
3541 1298 3691 1352 obla-

2102 1364 2186 1456 tus
2215 1369 2318 1456 est.
2351 1360 2466 1430 lpse
2486 1364 2676 1419 obtulit
2703 1383 2782 1434 se,
2808 1370 2920 1438 ipse
2945 1376 3215 1438 sacerdos.
3236 1379 3348 1449 ipse
3369 1383 3600 1451 victima,
3631 1397 3688 1443 et

2100 1448 2315 1500 intravit
2345 1449 2394 1546 in
2419 1463 2597 1507 sancta
2629 1467 2930 1513 sanctorum
2962 1465 3126 1520 semel
3150 1448 3334 1538 [IIebr.
3363 1472 3461 1544 1x],
3500 1448 3686 1546 etiam

2099 1552 2203 1592 non
2248 1542 2493 1610 moritur,
2532 1562 2629 1602 nec
2671 1563 2814 1604 mors
2853 1553 2902 1606 ci
2941 1555 3076 1609 ultra
3103 1542 3465 1618 dominabitur
3493 1542 3683 1638 [Hann

2100 1645 2172 1726 vi,
2204 1631 2281 1704 9])
2316 1650 2330 1698 ;
2372 1638 2546 1691 securi
2593 1655 2776 1696 sumus
2805 1684 2820 1708 ,
2861 1646 2982 1714 quia
3010 1647 3268 1706 habemus
3296 1631 3639 1714 Sacerdotem
3667 1679 3682 1726 ;

2098 1721 2170 1812 ibi
2213 1724 2496 1781 offeramus
2518 1738 2571 1782 et
2607 1729 2856 1787 hostiam.
2885 1735 3174 1794 Videamus
3201 1743 3342 1812 quod
3367 1721 3686 1804 sacriﬁcium

2097 1809 2355 1869 debemus
2401 1815 2636 1884 oll'crre;
2686 1823 2808 1890 quia
2861 1823 3184 1885 holocaustis
3218 1809 3341 1888 ’τιοη
3383 1835 3679 1895 delectatur

2099 1901 2238 1958 Deus
2264 1915 2465 1974 noster,
2498 1910 2632 1965 sicut
2658 1913 2879 1970 audistis
2900 1917 2950 1971 in
2969 1920 3194 1989 psalmo.
3213 1923 3317 1980 Sed
3347 1927 3418 1982 ibi
3448 1933 3689 2001 sequitur

2098 2003 2158 2088 et,
2176 1997 2407 2088 ostendit
2431 2000 2555 2068 quid
2583 2002 2771 2058 oﬁ‘erat
2799 2023 2812 2058 :
2842 2007 3168 2078 Sacriﬁcium
3199 2013 3306 2069 Deo
3332 1997 3543 2088 spiritus
3557 2041 3683 2078 con-

2097 2086 2362 2142 tribulatus
2377 2103 2501 2144 :cor
2522 2096 2790 2148 contritum
2816 2107 2862 2150 et
2890 2099 3228 2158 humilitatum
3258 2086 3398 2164 Deus
3424 2128 3524 2166 non
3543 2131 3687 2184 sper-

2096 2177 2168 2228 nit
2199 2177 2366 2248 (Psal.
2398 2197 2460 2244 1.,
2489 2183 2585 2250 18,
2616 2185 2741 2256 19).
2781 2187 2837 2242 Si
2875 2205 3003 2262 ergo
3030 2193 3360 2253 humiliatum
3400 2217 3494 2257 cor
3521 2177 3688 2262 sacri-

2095 2266 2271 2322 ﬁcium
2303 2271 2414 2326 Deo
2439 2283 2538 2339 est,
2572 2277 2888 2334 sacriﬁcium
2917 2283 3106 2339 obtulit
3134 2290 3220 2358 qui
3249 2290 3416 2348 dixit:
3448 2296 3680 2370 Domine,

2096 2376 2196 2414 non
2223 2372 2294 2415 est
2317 2365 2591 2420 exaltatum
2618 2385 2704 2422 cor
2726 2375 3048 2431 meum.Vide
3073 2379 3179 2434 alio
3205 2382 3321 2438 loco
3347 2386 3424 2441 sic
3451 2365 3682 2451 oﬂ‘crcn;

2097 2458 2202 2504 tem
2233 2469 2246 2505 :
2275 2452 2404 2508 dicit
2451 2457 2593 2526 Deo,
2633 2458 2760 2515 Vide
2802 2464 3136 2524 humilitatem
3178 2489 3338 2528 nteant
3371 2489 3419 2530 et
3460 2481 3681 2540 laborem

2095 2556 2289 2605 meum,
2322 2556 2366 2597 et
2394 2545 2586 2602 dimitte
2611 2553 2779 2606 omnia
2805 2567 3010 2623 peccata
3037 2576 3148 2614 mea
3181 2561 3352 2634 (Psal.
3389 2584 3535 2630 xxrv.
3561 2576 3675 2649 18).

2168 2631 2197 2649 μ
2263 2631 2298 2649 η
2392 2635 2402 2646 .
2864 2645 2872 2649 -
3523 2631 3532 2638 ’

2163 2631 2218 2685 5.
2253 2631 2499 2701 Domine,
2531 2654 2632 2692 non
2661 2652 2732 2694 est
2757 2645 3032 2700 exaltatum
3071 2666 3159 2703 cor
3191 2631 3361 2709 meum
3383 2700 3398 2724 ,
3437 2631 3685 2732 nequein

2092 2723 2249 2777 altum
2297 2726 2415 2780 elati
2462 2739 2576 2783 sunt
2624 2735 2758 2787 oculi
2801 2738 2936 2803 mei;
2967 2756 3122 2810 neque
3167 2744 3425 2814 ingressus
3468 2723 3580 2808 sum
3629 2761 3684 2813 in

2094 2818 2323 2913 magnis,
2373 2837 2530 2890 neque
2567 2824 2620 2877 in
2657 2827 2968 2884 mirabilibus
3002 2849 3152 2902 super
3187 2854 3284 2893 me.
3324 2840 3438 2896 Hoc
3477 2845 3684 2913 planius

2093 2905 2318 3008 dicatur,
2364 2920 2418 2965 et
2454 2913 2716 2969 audiatur.
2746 2915 2861 2972 Non
2904 2921 2974 2975 fui
3018 2927 3280 2993 superbus
3306 2971 3319 2996 ,
3352 2905 3494 2989 nolui
3531 2941 3684 3008 quasi

2093 2996 2148 3051 in
2196 3000 2529 3058 mirabilibus
2568 3005 2900 3066 innotescere
2946 3010 3286 3086 hominibus;
3323 3038 3423 3078 nec
3459 2996 3681 3096 quaesivi

2093 3090 2288 3186 aliquid
2328 3109 2488 3164 supra
2522 3097 2664 3152 vires
2703 3116 2877 3167 meas,
2921 3104 3060 3160 unde
3099 3123 3186 3162 me
3220 3112 3360 3180 apud
3406 3090 3681 3186 imperitos

2087 3179 2368 3250 jactarem.
2400 3185 2641 3241 Intendat
2669 3189 2913 3246 Charitas
2944 3201 3115 3250 vestra
3141 3214 3154 3262 ;
3187 3179 3373 3272 magna
3414 3179 3499 3260 res
3526 3224 3680 3265 com-

2093 3276 2395 3330 mendatur.
2436 3279 2712 3346 Quomodo
2755 3282 2935 3339 Simon
2977 3288 3065 3342 ille
3104 3306 3287 3361 magus
3325 3295 3376 3349 in
3421 3300 3678 3358 mirabili-

2091 3366 2190 3457 bus
2231 3367 2434 3438 ingredi
2467 3371 2674 3427 volebat
2713 3388 2873 3444 super
2914 3392 3010 3445 se,
3048 3391 3326 3451 propterea
3366 3387 3481 3457 plus
3526 3368 3677 3450 illum

2091 3456 2375 3513 delectavit
2399 3462 2629 3531 potentia
2655 3463 3048 3536 Apostolorum,
3079 3486 3236 3540 quam
3278 3456 3481 3543 justitia
3521 3477 3678 3537 Citri-

2092 3549 2407 3605 stianorum.
2431 3553 2500 3606 At
2528 3554 2612 3608 ubi
2635 3554 2766 3609 vidit
2791 3572 2884 3626 per
2906 3574 3094 3614 manus
3117 3562 3509 3632 impositionem
3534 3572 3681 3643 Apo-

2091 3643 2350 3697 stolorum
2377 3653 2431 3699 et
2457 3661 2550 3715 per
2569 3647 2840 3703 orationes
2863 3664 3047 3704 eorum
3084 3652 3245 3709 Deum
3282 3656 3408 3714 dare
3434 3659 3678 3719 ﬁdelibus

2092 3731 2346 3802 Spiritum
2386 3744 2666 3804 sanctum;
2697 3747 2750 3792 et
2776 3740 2896 3808 quia
2943 3749 3067 3796 tunc
3104 3759 3200 3812 per
3236 3746 3547 3804 miraculum
3577 3751 3675 3807 de-

2091 3826 2487 3880 monstrabatur
2515 3826 2774 3882 adventus
2801 3829 3030 3898 Spiritus
3055 3834 3259 3901 sancti,
3292 3846 3348 3890 ut
3372 3837 3565 3908 linguis
3590 3843 3673 3897 lo-

2090 3926 2396 3986 querentur,
2427 3933 2560 3987 quas
2608 3933 2712 3972 non
2757 3918 3095 3990 didicerant,
3129 3940 3315 3981 omnes
3353 3942 3514 3998 super
3537 3947 3673 4004 quos

2090 4009 2333 4062 veniebat
2361 4008 2586 4078 Spiritus
2618 4019 2830 4065 sanctus
2860 4012 2995 4081 (nec
3022 4014 3142 4070 ideo
3180 4017 3340 4073 modo
3371 4036 3476 4076 non
3515 4024 3674 4082 datur

2092 4098 2320 4169 Spiritus
2361 4106 2576 4153 sanctus
2603 4140 2619 4166 ,
2662 4102 2782 4170 quia
2833 4101 3025 4172 linguis
3069 4121 3174 4160 non
3231 4107 3539 4182 loquuntur,
3581 4120 3672 4187 qui

2091 4191 2334 4246 credunt.
2366 4190 2490 4246 Ideo
2514 4193 2656 4246 enim
2690 4203 2813 4248 tunc
2837 4197 3118 4264 oportebat
3159 4208 3218 4254 ut
3253 4201 3446 4272 linguis
3487 4207 3671 4276 loque-

2090 4290 2292 4345 rentur,
2321 4291 2377 4335 ut
2411 4282 2771 4351 signiﬁcarent
2799 4299 2986 4340 omnes
3025 4287 3229 4357 linguas
3262 4289 3475 4349 Christo
3503 4298 3676 4352 credi-

2094 4382 2256 4428 turas.
2286 4373 2385 4429 Ubi
2416 4375 2690 4442 impletum
2719 4387 2800 4430 est
2829 4378 2968 4447 quod
2995 4379 3409 4452 signiﬁcabatur,
3440 4390 3671 4446 miracu-

2091 4464 2199 4518 lum
2229 4465 2461 4519 ablatum
2491 4465 2595 4536 est)
2629 4484 2641 4520 :
2669 4481 2787 4520 cum
2819 4482 2946 4538 ergo
2975 4469 3076 4524 hoc
3105 4471 3308 4529 videret
3338 4474 3552 4545 Simon,
3582 4497 3671 4532 vo-

2091 4555 2188 4609 luit
2219 4555 2339 4608 talia
2371 4554 2576 4620 facere,
2606 4570 2709 4610 non
2743 4557 2860 4612 talis
2889 4573 3042 4625 esse;
3074 4570 3128 4614 et
3167 4565 3332 4618 nostis
3361 4569 3482 4636 quia
3508 4571 3666 4622 etiam

2093 4645 2314 4714 pecunia
2365 4647 2565 4714 putavit
2617 4648 3032 4716 comparandum
3096 4650 3349 4720 Spiritum
3406 4668 3666 4713 sanctum.

2092 4735 2222 4789 Erat
2247 4750 2374 4805 ergo
2399 4735 2466 4790 de
2487 4737 2677 4791 talibus
2699 4739 2787 4808 qui
2819 4740 2870 4792 in
2899 4741 3148 4810 templum
3175 4742 3373 4798 intrant
3400 4746 3464 4800 ad
3489 4763 3672 4803 emen-

2092 4825 2218 4880 dum
2246 4834 2300 4880 et
2328 4826 2694 4893 vendendum;
2718 4845 2899 4884 emere
2925 4831 3292 4902 volebatquod
3317 4836 3542 4892 vendere
3561 4839 3673 4895 dis-

2095 4919 2323 4988 ponebat
2351 4935 2364 4972 :
2388 4927 2440 4973 et
2468 4935 2592 4974 vere
2615 4961 2629 4985 ,
2661 4920 2849 4976 fratres
2878 4923 3010 4986 mei,
3042 4924 3162 4990 quia
3193 4925 3310 4979 talis
3340 4927 3428 4982 ille
3453 4939 3584 4994 erat,
3619 4942 3673 4985 et

2091 5009 2170 5064 sic
2195 5009 2483 5064 intraverat
2510 5010 2574 5065 ad
2599 5026 2708 5065 eos.
2739 5012 2992 5066 Dominus
3014 5013 3130 5066 illos
3151 5016 3350 5083 expulit
3375 5016 3442 5073 de
3473 5021 3672 5090 templo

2091 5103 2180 5171 qui
2215 5102 2486 5156 columbas
2521 5101 2854 5166 vendebant;
2894 5102 3135 5157 columba
3186 5116 3362 5161 autem
3414 5108 3666 5178 Spiritum

2093 5203 2334 5246 sanctum
2361 5193 2621 5261 signiﬁcat
2651 5211 2661 5245 :
2692 5192 2899 5246 volebat
2919 5208 3045 5262 ergo
3067 5193 3248 5249 Simon
3271 5212 3450 5253 emere
3475 5203 3672 5256 colum-

2092 5282 2213 5336 bam
2239 5323 2253 5348 ,
2284 5291 2336 5336 ct
2363 5281 2592 5335 vendere
2625 5281 2957 5347 columbam;
2987 5285 3211 5350 accessit
3242 5287 3494 5344 Dominus
3519 5291 3672 5347 Jesus

2094 5371 2354 5435 Christus,
2380 5373 2467 5439 qui
2500 5371 2770 5442 habitabat
2798 5372 2848 5425 in
2881 5373 3058 5440 Petro,
3089 5385 3142 5430 et
3172 5377 3380 5447 ﬂagello
3409 5383 3672 5438 resticula)

2096 5463 2298 5530 expulit
2328 5462 2466 5514 foras
2495 5461 2688 5515 malum
2720 5472 3066 5537 mercatorem
3101 5467 3236 5536 (Act.
3267 5485 3380 5535 vttt,
3414 5471 3623 5532 48-25).

2168 5553 2220 5606 6.
2253 5553 2390 5622 Ergo
2417 5561 2539 5606 sunt
2569 5554 2810 5608 homines
2841 5571 2974 5624 quos
3001 5556 3227 5612 delectat
3256 5563 3566 5616 miraculum
3595 5563 3671 5618 fa-

2097 5659 2237 5704 cere,
2269 5654 2322 5696 et
2347 5643 2414 5696 ab
2434 5646 2512 5697 eis
2535 5646 2621 5713 qui
2653 5647 2991 5716 proiecerunt
3017 5651 3067 5703 in
3096 5651 3332 5706 Ecclesia
3362 5655 3671 5717 miraculum

2163 5758 2178 5787 ¹
2209 5763 2338 5816 Lov.,
2357 5755 2442 5805 sed
2465 5754 2706 5808 habemus.
2804 5765 2861 5806 tu.

2794 5841 3486 5926 {Cingunntc-quatrc.)
