4160 6456
616 387 749 442 I707

610 505 933 573 exigunt;ct
963 496 1059 566 ipsi
1087 494 1172 563 qui
1199 489 1347 558 quasi
1378 486 1663 561 profecisse
1689 484 1785 537 sibi
1819 483 2086 573 videntur,
2117 489 2195 534 ta-

610 593 676 646 lia
702 571 882 645 volunt
910 585 1103 647 facere,
1135 591 1187 635 et
1219 585 1404 649 putant
1425 591 1482 630 se
1500 575 1564 628 ad
1599 576 1763 628 Dcum
1792 589 1893 626 non
1927 571 2196 642 pertinere

611 684 654 738 si
688 697 790 736 non
820 676 1058 732 fecerint.
1091 671 1342 726 Dominus
1373 677 1549 720 autem
1579 666 1716 717 Deus
1743 671 1944 727 noster,
1977 661 2064 730 qui
2101 675 2196 714 no-

614 773 687 825 vit
716 768 840 840 quid
877 766 958 820 cui
992 763 1216 824 tribuat,
1242 769 1295 812 et
1317 766 1374 811 nt
1412 763 1652 810 servetur
1677 768 1934 824 compago
1956 751 2196 840 corporis

615 861 664 915 ia
706 839 852 928 pace,
891 851 1176 921 alloquitur
1217 846 1508 900 Ecclesiam
1547 859 1642 914 per
1684 842 1999 911 Apostolum
2029 857 2042 894 :
2075 839 2195 893 Non

613 959 768 1020 potest
811 948 976 1000 dicere
1020 940 1197 995 oculus
1243 938 1449 1003 manui,
1482 935 1624 1005 Opus
1668 943 1714 988 te
1750 951 1852 987 non
1881 933 2073 996 habeo;
2111 942 2196 986 aut

609 1044 790 1095 iterum
829 1043 980 1106 caput
1011 1033 1248 1105 pedibus,
1280 1028 1422 1095 Opus
1452 1026 1587 1081 vobis
1612 1042 1711 1079 non
1742 1026 1916 1083 habeo.
1951 1023 2009 1080 Si
2041 1032 2196 1076 totunt

611 1147 795 1200 corpus
833 1128 1032 1189 oculus,
1063 1125 1146 1177 ubi
1175 1121 1414 1176 auditus?
1453 1119 1496 1173 si
1544 1128 1698 1172 totunt
1737 1133 1919 1186 corpus
1952 1116 2155 1169 auditus
2179 1156 2192 1180 ,

611 1225 694 1278 ubi
711 1223 952 1277 odoratus
969 1218 994 1271 ?
1014 1217 1154 1286 Ergo
1177 1217 1228 1268 in
1258 1212 1509 1267 membris
1533 1210 1726 1264 nostris
1753 1209 1960 1273 videtis,
1982 1206 2192 1273 fratres,

613 1311 879 1383 quomodo
921 1309 1124 1376 singula
1167 1303 1396 1357 ofl‘tcium
1446 1316 1598 1354 suum
1651 1300 1880 1353 habeant
1932 1297 2190 1351 membra.

611 1404 810 1458 Oculus
839 1399 998 1463 videt,
1027 1405 1078 1450 et
1107 1409 1209 1447 non
1237 1391 1416 1454 audit;
1445 1391 1589 1444 auris
1613 1389 1780 1453 audit,
1813 1397 1991 1442 etnon
2022 1387 2191 1449 videt;

614 1509 801 1550 manus
838 1495 1105 1559 operatur,
1143 1497 1240 1536 nec
1265 1481 1443 1545 audit,
1474 1494 1572 1534 nec
1609 1478 1785 1542 videt;
1821 1492 1913 1546 pes
1938 1475 2190 1538 ambulat,

615 1601 710 1640 nec
740 1581 919 1645 audit,
958 1593 1055 1632 nec
1098 1575 1270 1639 videt,
1299 1587 1397 1627 nec
1426 1572 1547 1625 facit
1578 1569 1720 1640 quod
1759 1583 1969 1622 manus.
2009 1565 2108 1622 Sed
2142 1565 2194 1619 in

614 1691 721 1731 uno
746 1687 972 1742 corpore
1010 1669 1053 1723 si
1087 1669 1153 1722 sit
1185 1667 1382 1719 sanitas
1409 1705 1420 1727 ,
1465 1673 1518 1716 et
1563 1678 1666 1715 non
1697 1661 1977 1714 adversum
2005 1674 2061 1712 se
2091 1657 2194 1711 liti-

613 1776 740 1838 gent
765 1764 1024 1828 membra,
1052 1759 1193 1812 auris
1224 1757 1364 1810 videt
1411 1756 1460 1807 in
1509 1754 1662 1807 oculo
1686 1793 1700 1817 ,
1737 1751 1923 1806 oculus
1962 1749 2109 1803 audit
2144 1748 2194 1801 in

616 1871 782 1920 aure;
817 1869 916 1908 nec
935 1850 1092 1920 objici
1121 1857 1292 1918 potest
1317 1846 1432 1899 auri
1457 1843 1594 1913 quod
1625 1858 1728 1895 non
1759 1841 1939 1906 videt,
1972 1849 2028 1893 ut
2053 1839 2198 1892 dica-

613 1959 700 2002 tnr
729 1946 775 2001 ei
803 1965 814 1999 :
839 1942 979 1997 Nihil
1007 1955 1084 2004 es,
1116 1939 1288 1992 minor
1315 1951 1404 1996 es;
1429 1932 1681 2002 numquid
1706 1931 1885 1985 videre
1916 1939 1969 1984 et
1994 1929 2196 1982 discer-

618 2053 746 2093 nere
795 2035 1001 2089 colorcs
1044 2039 1235 2100 potes,
1279 2026 1419 2096 quod
1470 2024 1592 2078 facit
1638 2023 1864 2076 oculus?
1892 2021 2199 2090 Respondet

617 2131 759 2183 enim
786 2125 928 2180 auris
955 2123 1020 2176 de
1048 2135 1174 2192 pace
1198 2117 1459 2187 corporis,
1487 2124 1542 2170 et
1567 2114 1694 2169 dicit
1727 2133 1738 2167 :
1774 2114 1845 2167 lbi
1877 2128 1991 2167 sum
2013 2113 2096 2166 ubi
2118 2124 2200 2166 est

614 2221 830 2281 oculus,
866 2218 916 2271 in
945 2231 1010 2268 eo
1036 2227 1260 2281 corpore
1291 2225 1442 2272 sum;
1473 2209 1522 2261 in
1550 2223 1634 2262 me
1664 2222 1768 2261 non
1796 2205 1950 2259 video
1974 2244 1989 2268 ,
2027 2204 2078 2257 in
2109 2204 2198 2256 illo

616 2327 735 2365 cum
766 2325 870 2379 quo
899 2322 1015 2360 sum
1047 2304 1218 2357 video.
1247 2301 1320 2355 lta
1347 2315 1467 2354 cum
1495 2298 1636 2351 auris
1665 2296 1813 2363 dicit,
1845 2295 2040 2350 Oculus
2069 2294 2196 2348 mihi

614 2401 793 2464 videt;
826 2397 1013 2451 oculus
1041 2394 1205 2456 dicit,
1239 2390 1394 2444 Auris
1425 2387 1550 2442 mihi
1579 2387 1762 2451 audit;
1793 2386 1931 2440 oculi
1961 2393 2014 2439 et
2043 2399 2200 2438 aures

613 2492 819 2555 dicunt,
839 2487 1021 2540 Manus
1043 2483 1196 2538 nobis
1216 2490 1503 2551 Operantur
1518 2494 1533 2543 ;
1549 2493 1734 2531 manus
1755 2477 1958 2543 dicunt,
1980 2475 2128 2530 Oculi
2147 2483 2199 2530 et

616 2596 774 2636 aures
806 2580 957 2633 nobis
983 2576 1163 2630 vident
1185 2582 1237 2628 et
1263 2573 1517 2626 audiunt:
1549 2570 1689 2624 oculi
1725 2579 1778 2623 et
1815 2584 1972 2623 aures
1999 2578 2052 2623 et
2089 2584 2199 2622 ma-

618 2691 719 2730 nus
756 2673 976 2736 dicunt,
1028 2668 1200 2722 Pedes
1244 2665 1397 2719 nobis
1440 2663 1710 2718 ambulant
1739 2677 1751 2713 :
1779 2661 1955 2715 omnia
2006 2661 2056 2714 in
2093 2675 2199 2714 uno

615 2780 840 2836 corpore
868 2778 987 2816 cum
1015 2767 1306 2827 operantur
1335 2758 1373 2820 ί,
1406 2755 1449 2809 si
1479 2755 1547 2808 sit
1573 2755 1641 2807 ibi
1670 2753 1870 2808 sanitas
1893 2762 1946 2808 et
1972 2767 2197 2806 concor-

613 2856 740 2908 dent
766 2853 1003 2906 membra
1030 2889 1042 2910 ,
1071 2847 1304 2917 gaudent
1329 2852 1385 2898 et
1405 2843 1740 2910 congaudent
1765 2842 1886 2896 sibi.
1926 2842 1992 2894 Et
2023 2842 2065 2894 si
2097 2840 2196 2893 ali-

613 2942 738 3015 quid
761 2939 1020 2996 molestia:
1046 2939 1110 2990 sit
1143 2938 1193 2988 in
1216 2935 1392 3002 aliquo
1409 2933 1648 2985 membro
1669 2973 1682 2997 ,
1716 2946 1821 2984 non
1845 2946 1901 2985 se
1921 2929 2195 2994 deserunt,

613 3034 715 3101 sed
735 3029 1130 3099 compatiuntur
1155 3023 1276 3078 sibi.
1305 3020 1591 3090 Numquid,
1623 3021 1744 3090 quia
1776 3019 1831 3072 in
1860 3034 2083 3090 corpore
2102 3034 2196 3089 pes

613 3125 764 3197 quasi
794 3124 950 3191 longe
979 3118 1187 3174 videtur
1215 3115 1282 3169 ab
1308 3114 1476 3169 oculis
1502 3110 1612 3186 (illi
1643 3112 1784 3166 enim
1811 3119 1936 3164 sunt
1965 3111 2118 3165 locati
2143 3111 2195 3165 in

616 3213 964 3274 sublimitate,
995 3209 1071 3263 illi
1097 3217 1273 3260 autem
1296 3203 1430 3258 infra
1461 3203 1614 3274 positi
1641 3201 1681 3267 ),
1710 3200 1921 3271 quando
1948 3200 2082 3255 forte
2107 3215 2197 3268 pes

613 3309 821 3380 spinam
851 3300 1158 3365 calcaverit,
1187 3297 1440 3352 deserunt
1461 3295 1628 3360 oculi;
1657 3301 1710 3347 et
1735 3307 1861 3356 non,
1892 3291 2029 3346 sicut
2051 3290 2199 3345 vide-

615 3414 754 3462 mus,
782 3406 946 3451 totum
977 3407 1171 3460 corpus
1198 3387 1558 3452 contrahitur,
1598 3394 1654 3440 et
1692 3385 1844 3440 sedet
1873 3384 2052 3450 homo,
2077 3398 2198 3438 cur-

613 3497 771 3542 vatur
807 3486 956 3553 Spina
997 3480 1163 3555 dorsi,
1211 3488 1272 3532 ut
1309 3484 1578 3546 quaeratur
1611 3475 1764 3544 spina
1801 3489 1918 3543 qua:
1957 3472 2113 3526 Ιιιυείι
2141 3471 2196 3526 in

615 3578 796 3648 planta
821 3575 843 3626 ?
872 3573 1058 3626 Omnia
1089 3570 1326 3624 membra
1353 3565 1605 3636 quidquid
1639 3573 1860 3634 possunt
1889 3563 2112 3628 faciunt,
2140 3570 2199 3617 ut

619 3671 686 3724 de
708 3668 889 3723 infimo
916 3674 969 3718 et
989 3663 1182 3730 exiguo
1219 3661 1335 3712 loco
1374 3659 1521 3725 spina
1544 3671 1662 3725 qua:
1693 3654 1975 3709 inhaeserat
1999 3654 2197 3708 educa-

619 3773 724 3816 tur.
754 3759 841 3815 Sic
866 3770 1016 3824 ergo,
1047 3752 1260 3816 fratres,
1288 3747 1525 3820 quisquis
1551 3748 1603 3800 in
1625 3760 1851 3814 corpore
1874 3743 2068 3799 Christi
2091 3759 2195 3798 non

619 3858 796 3923 potest
834 3846 1154 3902 resuscitare
1184 3849 1450 3896 mortuum
1474 3879 1488 3902 ,
1521 3852 1626 3891 non
1664 3835 1787 3890 illud
1819 3843 2061 3905 quaerat,
2102 3834 2196 3890 sed

615 3953 820 4016 quierat
846 3941 866 3972 ¹
910 3954 976 3994 ne
1004 3933 1275 3992 discordet
1310 3933 1362 3986 in
1406 3945 1662 4000 corpore;
1694 3927 1961 3998 quomodo
1982 3927 2025 3981 si
2053 3927 2197 3982 auris

613 4042 816 4105 qumrat
841 4029 1040 4094 videre,
1069 4023 1376 4080 discordare
1406 4031 1598 4091 potest.
1630 4019 1758 4090 Nam
1782 4017 1920 4088 quod
1961 4032 2066 4071 non
2105 4031 2196 4071 ac-

613 4126 787 4195 cepit,
820 4137 923 4176 non
955 4126 1128 4189 potest
1158 4116 1350 4170 facere.
1380 4111 1486 4168 Sed
1515 4111 1560 4165 si
1587 4112 1637 4166 ei
1663 4110 1926 4181 objectum
1964 4110 2121 4165 fuerit
2145 4118 2198 4164 et

615 4216 811 4269 dictum
844 4229 856 4264 :
887 4211 942 4265 Si
965 4209 1142 4278 justus
1161 4219 1307 4260 esses
1328 4246 1342 4270 ,
1373 4203 1720 4258 resuscitares
1743 4209 2007 4254 mortuum
2030 4241 2043 4265 ,
2066 4215 2198 4269 quo-

616 4304 776 4361 modo
806 4298 1139 4356 resuscitavit
1169 4296 1378 4350 Petrus.
1410 4295 1464 4348 In
1490 4293 1702 4347 Christo
1727 4293 1867 4346 enim
1897 4292 2097 4360 majora
2122 4291 2199 4344 vi-

615 4396 810 4448 dentur
835 4391 1023 4444 fecisse
1053 4386 1291 4457 Apostoli
1321 4425 1336 4450 ,
1376 4399 1532 4453 quam
1571 4383 1684 4450 ipse
1715 4381 1966 4435 Dominus
1993 4379 2012 4452 (
2038 4379 2194 4433 Joan.

617 4503 736 4551 xiv,
779 4482 891 4552 12).
935 4479 1040 4534 Sed
1069 4476 1209 4530 unde
1252 4475 1365 4530 fieri
1406 4481 1580 4542 potest
1609 4481 1666 4525 ut
1697 4472 1815 4541 plus
1845 4472 2055 4525 valeant
2081 4485 2196 4524 sar-

615 4586 791 4631 menta
815 4615 830 4639 ,
863 4587 1020 4642 quam
1061 4567 1246 4623 radix?
1270 4563 1547 4633 Quomodo
1587 4571 1763 4618 autem
1803 4562 1952 4632 quasi
1997 4561 2196 4631 majora

615 4671 861 4725 videntur
910 4663 1096 4718 fecisse
1141 4659 1248 4724 illi,
1292 4672 1449 4727 quam
1490 4654 1627 4710 ille?
1669 4654 1748 4709 Ad
1776 4671 1958 4709 vocem
1988 4655 2196 4709 Domini

613 4763 961 4815 surrexerunt
985 4749 1199 4814 mortui,
1227 4749 1292 4802 ad
1317 4748 1556 4801 umbram
1580 4746 1899 4800 transeuntis
1922 4746 2060 4800 Petri
2082 4760 2198 4799 sur-

615 4853 751 4906 rexit
793 4855 1032 4902 mortuus
1063 4840 1199 4912 (Act.
1221 4856 1275 4907 v,
1309 4836 1418 4908 l5).
1451 4837 1616 4906 Majus
1643 4839 1743 4892 hoc
1781 4837 2008 4903 videtur,
2037 4851 2193 4906 quam

614 4943 762 4997 illud.
791 4939 897 4996 Sed
923 4937 1165 4993 Christus
1203 4931 1379 4986 facere
1407 4929 1522 4984 sine
1554 4929 1711 4983 Petro
1740 4937 1980 4997 poterat,
2007 4929 2196 4983 Petrus

615 5035 717 5088 ιιὶέὶ
746 5034 797 5087 in
827 5030 1039 5087 Christo
1066 5041 1171 5081 non
1201 5030 1409 5094 poterat
1435 5038 1450 5075 :
1482 5020 1612 5087 Quia
1641 5020 1748 5074 sine
1769 5037 1865 5085 me,
1897 5020 2085 5092 inquit,
2116 5021 2195 5074 ni-

614 5126 687 5177 In't
715 5121 914 5194 potestis
934 5120 1098 5189 facere
1115 5115 1294 5187 (Joan.
1321 5129 1410 5180 xv,
1431 5112 1510 5182 5).
1533 5111 1666 5166 Cum
1693 5126 1819 5182 ergo
1846 5110 1946 5166 hoc
1969 5112 2195 5166 audierit

615 5218 778 5268 homo
819 5212 908 5282 qui
953 5209 1198 5280 proﬁcit,
1241 5207 1391 5277 quasi
1438 5205 1702 5274 objectam
1749 5203 2067 5258 calumniam
2126 5205 2196 5258 ab

614 5305 815 5377 ignaris
846 5302 1058 5373 paganis
1083 5343 1097 5366 ,
1129 5300 1197 5355 ab
1227 5297 1528 5353 hominibus
1559 5296 1920 5352 nescientibus
1947 5295 2071 5365 quid
2109 5295 2191 5350 lo-

613 5403 882 5468 quantur;
922 5393 974 5444 in
1015 5404 1267 5459 compage
1295 5389 1536 5458 corporis
1560 5385 1757 5442 Christi
1788 5386 2109 5456 respondeat
2137 5396 2192 5441 et

611 5491 754 5544 dicat
784 5504 795 5536 2
823 5483 922 5553 Qui
953 5481 1086 5536 dicis
1106 5522 1119 5545 ,
1144 5479 1257 5533 Non
1282 5494 1341 5533 es
1362 5480 1567 5548 justus,
1595 5479 1714 5548 quia
1744 5494 1849 5532 non
1879 5479 2005 5532 lacis
2031 5479 2191 5532 mira-

611 5581 730 5636 cula
755 5595 768 5645 ;
798 5590 983 5648 posses
1010 5582 1063 5628 et
1101 5570 1214 5625 auri
1244 5569 1420 5625 dicere
1439 5612 1452 5634 ,
1485 5569 1598 5623 Non
1621 5584 1679 5624 es
1709 5570 1760 5623 in
1789 5585 2041 5640 corpore,
2068 5570 2189 5639 quia

676 5734 692 5765 ⁸
722 5731 909 5794 Aliquot
931 5737 1054 5783 διες..
1075 5725 1407 5794 cooperantur.

675 5794 695 5825 '
720 5781 883 5840 Plures
902 5797 1010 5841 uss.
1037 5781 1130 5838 non
1153 5781 1351 5846 habent,
1385 5781 1469 5833 sed
1494 5786 1695 5842 quwrat.

1856 370 1912 424 S.
1957 365 2321 425 AL'GUSTINI
2363 367 2663 424 EPlSCOPl

3713 392 3731 444 ι
3740 394 3823 447 τοι

2306 497 2412 534 ιιοη
2440 481 2605 536 vides.
2631 482 2856 538 Faceres
2876 487 2916 550 ⁸,
2950 486 3135 556 inquit,
3166 497 3219 543 et
3237 497 3309 556 to,
3343 491 3480 548 sicut
3503 503 3553 550 et
3579 496 3742 558 Petrus
3765 507 3826 563 fe-

2301 571 2391 626 cit.
2423 571 2525 626 Sed
2557 573 2741 628 Petrus
2768 583 2821 629 et
2846 576 2973 631 mihi
3005 577 3152 643 fecit,
3179 581 3296 649 quia
3328 583 3379 636 in
3399 599 3463 638 eo
3485 601 3690 657 corpore
3713 613 3822 660 sum,

2303 663 2352 715 in
2379 678 2485 733 quo
2511 665 2692 719 Petrus
2718 667 2841 720 fecit
2866 686 2878 721 :
2905 668 2958 722 in
2987 669 3077 723 illo
3099 670 3236 738 quod
3267 681 3436 741 potest
3459 692 3676 746 possum,
3699 700 3724 736 a
3743 702 3827 754 quo

2301 755 2502 809 divisus
2552 772 2654 810 non
2700 773 2852 823 sum;
2882 760 3023 829 quod
3069 761 3244 815 minus
3283 777 3529 833 possum,
3555 776 3827 841 compatitur

2301 845 2450 908 mihi,
2483 854 2536 899 ct
2560 846 2696 916 quod
2727 849 2840 917 plus
2870 859 3060 918 potest,
3094 856 3402 923 eongaudeo
3431 856 3502 910 illi
3537 859 3706 930 (lCor.
3731 871 3825 936 xu).

2304 934 2419 1002 Ipse
2454 937 2708 993 Dominus
2748 939 2979 1010 desuper
3023 943 3270 999 clamavit
3321 961 3416 1015 pro
3461 964 3668 1019 corpore
3712 934 3825 1025 suo,

2302 1026 2477 1092 Saule,
2513 1028 2692 1095 Snule,
2731 1031 2853 1100 quid
2902 1047 2980 1084 me
3019 1036 3325 1102 persequeris
3377 1035 3505 1110 (Act.
3552 1055 3619 1105 ιι,
3657 1044 3746 1112 4)⁴ἒ
3781 1059 3826 1101 et

2303 1115 2471 1184 ipsum
2503 1133 2659 1172 nemo
2682 1119 2964 1188 tangebat,
2995 1122 3086 1177 sed
3115 1138 3212 1192 pro
3236 1139 3460 1195 corpore
3481 1128 3531 1182 in
3557 1138 3679 1184 terra
3705 1134 3827 1191 labo-

2300 1217 2450 1261 rante
2481 1220 2637 1278 caput
2657 1212 2721 1265 de
2743 1213 2883 1266 cmlo
2902 1214 3183 1268 clamabat.

2372 1300 2422 1353 7.
2457 1301 2511 1355 Si
2544 1317 2670 1371 ergo
2690 1346 2704 1370 ,
2737 1302 2958 1371 fratres,
2990 1307 3349 1376 unusquisque
3376 1309 3511 1376 quod
3542 1316 3830 1385 potestjuste

2300 1393 2484 1461 egerit,
2513 1404 2568 1448 et
2598 1394 2647 1447 in
2678 1410 2741 1449 eo
2766 1396 2906 1465 quod
2937 1397 3071 1451 alius
3102 1397 3221 1467 plus
3259 1407 3434 1467 potest
3463 1415 3560 1454 non
3593 1403 3826 1471 inviderit,

2300 1484 2392 1536 sed
2416 1487 2816 1554 congratulatus
2847 1486 3004 1542 fuerit
3031 1497 3279 1558 tanquam
3307 1489 3360 1542 in
3391 1505 3492 1544 uno
3511 1505 3712 1560 corpore
3733 1511 3829 1551 cum

2299 1590 2365 1630 eo
2394 1577 2732 1644 constitutus,
2765 1579 2992 1648 pertinet
3022 1580 3086 1633 ad
3112 1596 3232 1636 eum
3260 1596 3365 1635 vox
3396 1583 3492 1636 ista
3524 1583 3715 1652 Psalmi,
3742 1585 3828 1642 Do-

2301 1668 2436 1721 mine
2458 1708 2472 1732 ,
2519 1684 2619 1721 non
2659 1680 2732 1722 est
2766 1671 3038 1723 exaltatum
3072 1687 3160 1724 cor
3202 1688 3369 1724 meum
3399 1711 3414 1737 ,
3448 1689 3594 1740 neque
3624 1675 3670 1728 in
3703 1678 3830 1731 altam

2301 1758 2422 1812 elati
2458 1768 2575 1812 sunt
2606 1761 2739 1812 oculi
2781 1761 2878 1813 mei
2900 1777 2919 1824 ;
2945 1778 3102 1831 neque
3139 1762 3394 1832 ingressus
3431 1779 3537 1816 sum
3569 1764 3616 1817 in
3644 1769 3828 1835 magnis,

2302 1852 2523 1920 nequein
2544 1852 2856 1906 mirabilibus
2882 1869 3034 1923 super
3053 1869 3146 1908 me.
3173 1853 3328 1919 Quod
3349 1855 3484 1908 enim
3500 1857 3703 1910 excessit
3719 1859 3832 1913 vires

2304 1957 2471 2007 meas,
2491 1944 2594 2010 ait,
2615 1958 2718 1997 non
2737 1944 2954 2013 qumsivi
2979 1986 2991 2008 ,
3022 1961 3127 1998 non
3147 1945 3218 1998 ibi
3240 1961 3331 1999 me
3354 1945 3592 2011 extendi,
3623 1950 3748 2002 nolui
3773 1949 3830 2004 ibi

2303 2034 2578 2103 magnifica
2587 2035 2784 2090 ri.Nam
2803 2036 2898 2090 ista
2920 2036 3168 2090 exaltatio
3184 2037 3249 2092 de
3267 2037 3579 2091 abundantia
3590 2041 3830 2108 gratiarum

2302 2139 2458 2193 quam
2482 2125 2549 2178 sit
2578 2125 2831 2191 timenda,
2852 2141 2920 2180 ne
2947 2127 3065 2196 quis
3085 2126 3154 2181 de
3183 2125 3334 2181 dono
3364 2126 3452 2180 Dei
3480 2129 3738 2198 superbiat,
3757 2131 3831 2185 scd

2305 2217 2472 2286 magis
2496 2226 2671 2271 servet
2700 2218 3065 2282 humilitatem,
3087 2227 3141 2272 et
3169 2218 3330 2272 faciat
3353 2217 3488 2286 quod
3506 2221 3731 2287 scriptum
3749 2232 3828 2286 est,

2307 2307 2506 2374 Quanto
2523 2323 2733 2377 magnus
2751 2324 2822 2373 es,
2849 2318 2982 2362 tanta
3003 2309 3216 2363 humilia
3239 2321 3292 2362 te
3317 2314 3368 2365 in
3387 2312 3626 2374 omnibus,
3643 2326 3683 2367 et
3696 2331 3831 2368 coram

2304 2396 2412 2452 Dea
2466 2399 2682 2452 invenies
2727 2401 2941 2469 gratiam
2979 2401 3189 2471 (Eccli.
3237 2421 3333 2472 tn,
3377 2408 3477 2479 20)
3509 2426 3520 2462 :
3549 2424 3690 2478 quam
3731 2422 3831 2476 ergo

2305 2489 2536 2543 timenda
2576 2490 2644 2543 sit
2666 2490 2909 2560 superbia
2938 2491 3005 2546 de
3035 2493 3176 2547 dono
3204 2496 3504 2564 Dei,etiam
3534 2508 3677 2568 atque
3701 2499 3828 2553 etiam

2302 2581 2782 2637 commendandum
2822 2593 2904 2637 est
2947 2584 3198 2640 Charitati
3238 2598 3438 2643 vestra:
3462 2633 3474 2654 ,
3514 2591 3716 2646 maxime
3736 2590 3830 2660 quia

2302 2671 2544 2725 Psalmus
2571 2673 2917 2729 brevissimus
2941 2677 3203 2744 permittit
3225 2694 3334 2734 nos
3362 2680 3517 2750 loqui.
3542 2681 3712 2737 Paulos
3732 2697 3831 2751 apo-

2303 2763 2468 2818 stolus
2490 2765 2731 2832 quamvis
2759 2781 2823 2821 ex
2865 2778 3210 2835 persecutore
3245 2771 3424 2827 factus
3453 2775 3516 2828 sit
3551 2775 3828 2844 praedicator,

2301 2854 2734 2910 abundantiorem
2757 2857 2976 2926 gratiam
3003 2871 3332 2917 consecutus
3358 2876 3435 2918 cs1
3461 2864 3510 2918 in
3537 2866 3663 2919 omni
3688 2865 3829 2922 labore

2302 2945 2628 3012 apostolico,
2659 2962 2816 3016 quam
2847 2949 3024 3002 cteteri
3053 2952 3320 3020 apostoli,
3351 2964 3403 3008 ut
3433 2955 3586 3024 magis
3619 2955 3733 3010 Deus
3754 2961 3825 3010 0's-

2304 3033 2544 3088 tcnderet
2564 3051 2717 3088 suum
2748 3051 2867 3091 esse
2896 3037 3038 3106 quod
3066 3038 3176 3106 dat,
3202 3056 3312 3096 non
3337 3043 3574 3098 hotniuis.
3599 3043 3824 3112 Quomodo

2301 3123 2475 3178 solent
2495 3123 2688 3178 medici
2719 3127 3005 3195 potentiam
3037 3143 3147 3182 sum
3169 3131 3305 3185 artis
3328 3131 3379 3186 in
3400 3133 3671 3202 desperatis
3689 3143 3825 3188 osten-

2302 3214 2428 3270 dere
2458 3231 2471 3269 :
2504 3216 2583 3270 sic
2606 3216 2860 3270 Dominus
2888 3217 3044 3274 Jesus
3069 3220 3340 3290 Christus,
3373 3225 3598 3280 medicus
3621 3235 3666 3280 et
3689 3225 3826 3280 salva-

2304 3315 2386 3361 tor
2429 3317 2636 3373 noster,
2689 3307 2741 3362 in
2789 3307 3088 3380 desperato,
3132 3315 3220 3383 qni
3270 3329 3570 3384 persecutor
3614 3318 3822 3372 Ecclesiae

2303 3397 2426 3464 fuit,
2459 3398 2693 3452 ostendit
2717 3401 3134 3469 magnitudinem
3163 3407 3296 3460 artis
3319 3422 3462 3474 sum,
3494 3417 3547 3462 ιιι
3573 3423 3664 3462 ηοη
3685 3407 3822 3461 Solum

2301 3501 2421 3541 cum
2449 3489 2790 3543 christianum
2822 3492 3049 3557 faceret,
3082 3494 3174 3548 sed
3197 3505 3255 3551 et
3284 3499 3603 3566 apostolum;
3630 3513 3712 3552 nec
3735 3507 3823 3552 tan-

2304 3584 2411 3629 tum
2438 3579 2758 3646 apostolum,
2793 3579 2883 3634 sed
2906 3581 3043 3636 sicut
3066 3583 3177 3652 ipse
3198 3585 3352 3651 dicit,
3377 3588 3490 3655 plus
3515 3587 3821 3642 omnibusillis

2303 3667 2566 3723 laboraret
2599 3667 2660 3740 (1
2687 3669 2804 3724 Cor.
2835 3688 2920 3736 xv,
2957 3673 3067 3744 10).
3097 3675 3570 3734 Excellentissimm
3591 3696 3700 3749 ergo
3723 3695 3819 3749 gra-

2305 3759 2388 3810 tiae
2430 3758 2542 3813 fuit.
2573 3759 2642 3812 Et
2672 3761 2890 3826 videtis,
2925 3762 3112 3819 fratres
3138 3808 3151 3832 ,
3181 3769 3307 3835 quia
3352 3770 3505 3824 modo
3543 3770 3590 3824 in
3627 3770 3819 3824 Ecclesia

2303 3849 2447 3904 Pauli
2471 3852 2695 3920 apostoli
2724 3853 2973 3922 Epistula:
3000 3855 3195 3926 vigent,
3228 3860 3400 3929 magis
3424 3876 3570 3931 quam
3597 3868 3822 3930 coaptisto-

2304 3940 2473 3994 lorum
2514 3941 2649 4010 ejus.
2697 3942 2798 3997 Alii
2828 3945 2968 3997 enim
3012 3961 3118 4000 non
3160 3950 3520 4019 scripserunt,
3550 3952 3632 4005 sed
3657 3959 3818 4004 tantum

2303 4032 2461 4086 locuti
2487 4041 2611 4088 sunt
2641 4033 2691 4087 in
2718 4033 2952 4088 Ecclesia
2985 4053 2997 4088 :
3032 4052 3149 4090 nam
3178 4053 3300 4108 qua:
3333 4041 3652 4110 proferuntur
3679 4040 3735 4092 ab
3757 4052 3820 4092 er-

2303 4125 2541 4178 rantibus
2577 4125 2676 4178 sub
2715 4125 2930 4179 nomine
2972 4126 3206 4196 ipsorum
3233 4171 3248 4194 ,
3287 4132 3411 4200 quia
3439 4147 3540 4185 non
3574 4140 3683 4186 sunt
3712 4130 3818 4198 ipso-

2301 4228 2442 4279 rum,
2477 4215 2858 4283 improbantur,
2890 4230 2987 4270 nec
3013 4229 3362 4288 acceptantnr
3387 4222 3453 4275 ab
3487 4221 3715 4276 Ecclesia.
3741 4217 3818 4272 Alii

2302 4312 2475 4359 autem
2505 4305 2592 4374 qui
2623 4307 2986 4374 scripserunt,
3016 4323 3115 4361 nec
3144 4319 3348 4365 tantum
3371 4355 3383 4377 ,
3415 4329 3508 4367 nec
3538 4321 3663 4366 tanta
3688 4308 3819 4379 gratia

2301 4396 2644 4465 scripserunt.
2674 4397 2802 4449 Cum
2832 4413 2958 4467 ergo
2989 4409 3131 4454 esset
3158 4415 3363 4470 magna:
3391 4403 3584 4472 gratiae,
3607 4410 3654 4456 et
3671 4410 3816 4465 magna

2301 4486 2436 4539 dona
2470 4486 2750 4540 merui~set
2775 4501 2802 4540 a
2831 4488 2961 4554 Deo,
2984 4489 3108 4558 quid
3139 4490 3269 4545 dicit
3297 4495 3523 4561 quodam
3552 4490 3692 4545 loco?
3714 4487 3818 4540 Pro-

2303 4585 2410 4644 pter
2431 4575 2824 4645 magnitudinem
2853 4578 3210 4632 revelatianum
3239 4598 3303 4633 ne
3322 4583 3550 4636 extollar.
3575 4578 3815 4638 intendite,

2302 4682 2411 4720 rem
2450 4667 2775 4722 tremendam
2817 4668 2965 4723 vobis
3001 4669 3121 4724 dico
3155 4689 3166 4723 :
3201 4670 3418 4741 Proiiter
3449 4670 3813 4742 magnitudinem,

2302 4759 2489 4828 inquit,
2513 4761 2872 4813 revelatiouum
2898 4777 2961 4813 ne
2975 4763 3207 4827 extollar,
3233 4763 3383 4817 datus
3405 4775 3473 4817 est
3499 4765 3610 4816 mihi
3631 4758 3814 4814 annulus

2300 4851 2466 4902 carnis
2491 4867 2632 4916 metu,
2679 4851 2888 4920 angelus
2924 4861 3133 4917 solante,
3173 4855 3257 4923 qui
3296 4871 3374 4907 me
3405 4853 3680 4924 colapliizet.
3707 4843 3811 4914 Quid

2300 4951 2376 4994 eat
2408 4939 2507 4994 hoc
2531 4981 2544 5000 ,
2575 4941 2810 4995 fratres?
2833 4940 2910 4996 Ne
2940 4941 3290 4998 extolleretur
3339 4953 3576 5013 tanquam
3608 4937 3782 5010 juvenis
3802 4976 3814 4997 .

2300 5029 2730 5098 colaphizabatur
2758 5039 3004 5100 tanquam
3046 5047 3195 5100 puer.
3228 5032 3296 5086 Et
3325 5048 3353 5086 a
3385 5032 3532 5102 quo?
3561 5031 3632 5084 Ab
3665 5024 3816 5092 angelo

2299 5130 2516 5175 satanm.
2543 5121 2676 5188 Quid
2701 5132 2783 5176 est
2814 5122 2950 5177 hoc?
2982 5123 3174 5180 Dolore
3201 5124 3427 5196 quodam
3450 5123 3667 5193 corporis
3689 5114 3817 5172 tradi-

2299 5223 2384 5267 tur
2408 5214 2702 5282 exagitatus
2731 5214 3108 5269 vehementer:
3142 5215 3358 5270 dolores
3388 5225 3556 5268 autem
3581 5217 3814 5277 corporum

2299 5304 2608 5373 plerumque
2635 5303 2988 5358 immittuntur
3016 5305 3081 5359 ab
3118 5305 3317 5374 angelis
3358 5313 3578 5366 satame;
3615 5295 3695 5352 sed
3738 5295 3814 5346 hoc

2299 5411 2401 5449 non
2447 5404 2666 5463 possunt
2707 5395 2807 5448 nisi
2854 5397 3114 5464 permissi.
3163 5397 3288 5448 Nam
3320 5405 3371 5450 et
3409 5394 3507 5449 Job
3543 5382 3812 5445 sanctussie

2298 5487 2548 5555 probatus
2577 5497 2676 5540 est.
2707 5487 3003 5542 Permissus
3032 5498 3112 5542 est
3137 5488 3200 5541 ad
3227 5502 3346 5540 eum
3374 5482 3671 5555 probandum
3694 5483 3806 5529 sata-

2297 5592 2392 5630 nas
2414 5618 2429 5642 ,
2461 5586 2515 5632 et
2536 5577 2795 5645 percussit
2832 5595 2953 5632 eum
2985 5579 3199 5633 vulnere
3220 5619 3233 5640 ,
3263 5588 3319 5631 nt
3367 5577 3618 5630 vermibus
3657 5574 3808 5638 putre-

2295 5675 2487 5722 sceret.
2530 5666 2837 5722 lmmundus
2877 5669 3018 5723 enim
3065 5667 3482 5738 permittebatur,
3521 5659 3607 5718 sed
3632 5663 3806 5736 sanctus

2359 5783 2375 5814 ¹
2405 5788 2536 5838 ων..
2560 5783 2654 5846 fac.
2749 5773 2811 5830 tit.
