4160 6440
400 353 533 411 1709

396 463 716 538 probabatur
759 466 775 534 (
804 463 903 518 Job
946 480 1021 529 ιι,
1043 464 1076 519 6
1101 507 1115 532 ,
1151 465 1247 534 7).
1291 464 1469 519 Nescit
1505 464 1744 521 diabolus
1780 478 1974 536 quanta

394 558 529 613 bona
564 556 631 610 de
658 555 750 609 illo
781 555 927 621 fiant,
960 556 1121 609 etiam
1152 571 1272 609 cum
1300 556 1469 610 saevit.
1501 556 1737 611 Sawiens
1765 558 1980 614 intravit

394 653 445 704 iu
475 665 568 703 cor
608 646 755 701 Judre
780 644 973 717 (Joan.
1004 663 1130 713 xm,
1161 646 1285 717 27),
1319 648 1541 702 saeviens
1573 648 1786 704 tradidit
1828 649 1979 705 Chri-

392 752 529 796 stum
556 780 573 806 ,
621 738 844 793 srcviens
884 740 1183 804 crucifixit;
1214 748 1265 793 et
1295 739 1548 794 crucifixo
1576 739 1785 795 Christo
1806 782 1821 806 ,
1852 741 1977 797 red-

390 840 599 900 emptus
635 839 715 884 est
738 830 882 884 orbis
906 838 1185 885 terrarum.
1216 830 1353 885 Ecce
1388 831 1586 885 smvitia
1638 831 1834 887 diaboli
1866 834 1976 889 dia-

390 919 512 974 bolo
556 920 759 982 ohfuit,
791 919 944 973 nobis
984 928 1157 975 autem
1208 921 1421 989 profuit.
1466 920 1745 976 Sreviendo
1789 924 1971 990 enim,

294 1020 310 1037 ν
387 1027 520 1082 quos
550 1011 762 1066 tenebat
803 1011 1015 1077 amisit,
1064 1012 1367 1082 redemptos
1415 1015 1674 1083 sanguine
1720 1015 1973 1085 Domini,

316 1104 317 1109 “
384 1121 543 1176 quem
575 1121 694 1159 cum
726 1105 939 1159 saeviret
967 1104 1170 1159 effudit.
1209 1106 1265 1161 Si
1301 1106 1460 1161 sciret
1488 1115 1689 1161 tantum
1718 1108 1973 1164 damnum

383 1208 443 1249 se
490 1210 804 1263 passurum,
848 1208 953 1247 non
1004 1193 1245 1249 funderet
1286 1195 1337 1249 in
1381 1205 1573 1249 terram
1616 1198 1839 1265 pretium
1869 1212 1975 1268 quo

380 1285 719 1355 redemptum
746 1294 829 1340 est
854 1300 1019 1354 genus
1048 1286 1357 1341 humanum.
1386 1287 1473 1343 Sic
1496 1302 1623 1358 ergo
1645 1288 1730 1342 ille
1755 1290 1973 1359 angelus

380 1386 583 1429 satana:
605 1376 754 1445 quasi
783 1376 1007 1430 libenter
1036 1378 1327 1445 permissus
1354 1387 1435 1432 est
1458 1379 1791 1447 eolaphizare
1823 1381 1971 1449 Apo—

376 1467 612 1533 stolam;
646 1467 737 1520 sed
768 1476 940 1521 tamen
968 1469 1253 1537 Apostolus
1278 1467 1580 1523 curabatur.
1614 1469 1677 1522 Et
1699 1470 1817 1538 quia
1840 1469 1969 1525 illud

375 1557 520 1627 quod
571 1556 808 1612 medicus
849 1568 1203 1626 apposuerat,
1252 1559 1533 1614 molestum
1561 1567 1673 1613 erat
1703 1557 1915 1613 infirmo
1944 1576 1960 1624 ;

376 1648 578 1717 rogavit
614 1647 874 1703 medicum
924 1657 981 1702 ut
1028 1650 1283 1704 auferret.
1316 1649 1594 1716 Quomodo
1646 1664 1766 1703 cum
1798 1651 1967 1705 medi-

374 1756 471 1795 cus
495 1742 711 1810 apponit
740 1740 1028 1795 visceribus
1058 1741 1269 1810 aliquod
1306 1740 1443 1795 forte
1488 1742 1752 1810 epithema
1796 1742 1955 1797 mole-

373 1841 514 1885 stum
558 1838 609 1884 ct
635 1830 829 1885 ardens
853 1873 866 1894 ,
898 1831 1037 1885 unde
1079 1839 1254 1885 tamen
1286 1832 1549 1886 curandus
1570 1840 1652 1887 est
1692 1833 1779 1886 ille
1804 1832 1956 1903 cujus

373 1924 579 1977 viscera
626 1923 933 1987 tumebant;
979 1937 1098 1977 cum
1145 1923 1233 1977 ille
1274 1922 1460 1978 ardere
1500 1924 1722 1993 emperit
1762 1934 1813 1979 et
1839 1940 1961 1980 cru-

374 2013 506 2067 ciari
550 2012 939 2067 medicamento
960 2055 972 2078 ,
1009 2022 1158 2082 rogat
1199 2013 1457 2067 medicum
1481 2022 1537 2067 ut
1563 2014 1768 2069 auferat
1798 2033 1812 2069 :
1845 2032 1959 2072 me-

374 2102 527 2157 dicus
552 2110 728 2156 autem
757 2103 1089 2169 consolatur,
1123 2112 1303 2157 monet
1330 2119 1451 2158 eum
1480 2105 1779 2173 patientiam
1797 2148 1811 2172 ,
1839 2106 1962 2175 quia

376 2196 530 2251 novit
566 2211 723 2265 quam
752 2196 877 2250 utile
907 2196 975 2249 sit
1001 2195 1139 2264 quod
1179 2195 1442 2263 apposuit.
1488 2194 1558 2248 lta
1593 2206 1645 2249 ct
1672 2197 1961 2264 Apostolus

375 2286 616 2356 sequitur
645 2295 697 2341 et
724 2286 878 2352 dicit,
904 2301 1023 2340 cum
1051 2287 1303 2351 dixisset,
1337 2285 1496 2339 Datus
1524 2296 1596 2339 est
1627 2287 1750 2339 mihi
1778 2288 1957 2340 stimu-

376 2376 453 2430 lus
472 2379 639 2430 carnis
665 2394 804 2439 mete,
825 2377 1030 2447 angelus
1055 2386 1266 2441 satante,
1291 2378 1376 2447 qui
1398 2394 1474 2431 me
1498 2378 1795 2447 colaphizet.
1817 2378 1958 2432 Pran-

374 2467 504 2521 dixit
530 2477 705 2522 autem
737 2483 899 2536 quare
927 2483 938 2519 :
978 2466 1058 2519 Ne
1091 2467 1433 2537 magnitudine
1466 2467 1827 2520 revelationum
1870 2482 1960 2520 ea:-

376 2562 543 2623 totlar,
569 2561 718 2613 datus
748 2569 819 2614 est
848 2560 971 2612 mihi
1011 2559 1244 2613 stimulus
1270 2560 1437 2613 carnis
1468 2574 1613 2621 mete,
1645 2557 1855 2627 angelus
1883 2574 1959 2611 sa-

373 2662 523 2718 tana',
554 2654 642 2723 qui
680 2668 759 2705 me
794 2651 1091 2720 colaphizet.
1135 2648 1354 2719 Propter
1392 2651 1525 2719 quod
1565 2660 1638 2702 ter
1682 2650 1958 2703 Dominum

372 2744 542 2813 rogavi
564 2784 578 2805 ,
613 2742 724 2807 ait,
758 2750 811 2795 ut
853 2742 1077 2811 auferret
1116 2757 1228 2794 eum
1268 2757 1300 2793 a
1342 2756 1437 2793 me.
1485 2740 1596 2793 Hoc
1626 2748 1709 2795 est
1736 2740 1911 2793 dicere
1936 2780 1952 2806 ,

372 2833 567 2903 Rogavi
612 2833 876 2886 medicum
906 2872 919 2894 ,
950 2840 1003 2885 ut
1048 2831 1281 2885 auferret
1324 2845 1353 2884 a
1397 2845 1482 2884 me
1522 2830 1805 2884 molestum
1837 2830 1954 2899 epi-

373 2923 543 2976 thema
566 2921 704 2991 quod
734 2921 859 2974 mihi
884 2928 1217 2989 apposuerat.
1244 2919 1349 2974 Sed
1371 2919 1492 2973 audi
1512 2934 1694 2973 vocem
1721 2917 1913 2974 medici
1937 2938 1951 2975 :

370 3008 437 3063 Et
462 3011 589 3064 dixit
629 3010 752 3062 nubi
775 3050 789 3074 ,
827 3009 1023 3079 Sumsit
1050 3009 1135 3062 tibi
1164 3008 1329 3079 gratia
1368 3024 1515 3073 mea;
1559 3025 1677 3062 nam
1713 3009 1869 3062 virtus
1900 3010 1954 3063 in

370 3102 661 3170 inﬁrmitate
685 3101 941 3170 perﬁcitur
970 3100 987 3170 (
1004 3099 1047 3153 ll
1066 3099 1181 3153 Cor.
1227 3115 1337 3165 xu,
1367 3099 1509 3169 7—9).
1534 3100 1643 3169 Ego
1672 3100 1797 3154 novi
1827 3099 1953 3171 quid

370 3191 704 3260 apposuerim
730 3232 743 3253 ,
777 3205 875 3260 ego
912 3189 1035 3244 novi
1076 3187 1215 3244 unde
1244 3198 1468 3259 aegrotes
1490 3229 1506 3257 ,
1540 3204 1638 3260 ego
1664 3188 1785 3243 novi
1812 3188 1954 3245 unde

371 3283 591 3334 saueris.

439 3371 491 3425 8.
522 3369 577 3425 Si
606 3384 752 3439 ergo,
786 3368 1101 3429 charissimi,
1134 3367 1304 3437 potuit
1330 3367 1525 3421 Paulus
1555 3365 1828 3436 apostolus
1856 3380 1949 3421 ex-

373 3463 479 3515 tolli
511 3460 870 3530 magnitudine
900 3459 1279 3514 revelationum
1302 3500 1315 3524 ,
1349 3458 1449 3513 nisi
1489 3458 1754 3527 acciperet
1783 3473 1948 3528 ange~

373 3553 476 3606 lum
515 3563 715 3606 satana:
744 3551 831 3621 qui
873 3565 931 3604 se
973 3549 1366 3617 colaphizaret;
1416 3549 1533 3618 quis
1574 3549 1639 3604 de
1685 3564 1744 3603 se
1786 3550 1952 3618 possit

374 3657 491 3698 esse
518 3641 785 3697 securus?
832 3640 1016 3694 Tutius
1065 3639 1274 3693 videtur
1318 3639 1589 3693 ambulare
1636 3640 1725 3706 qui
1776 3640 1952 3695 minus

374 3734 609 3803 accepit,
641 3731 732 3786 sed
762 3732 806 3785 si
849 3747 951 3785 non
984 3745 1232 3799 perverse
1262 3736 1463 3799 qurerat
1502 3728 1640 3798 quod
1673 3740 1815 3784 recte
1845 3746 1951 3785 non

374 3823 573 3892 accepit
602 3839 613 3873 :
643 3830 841 3890 qumrat
881 3820 993 3874 sine
1023 3836 1126 3889 quo
1167 3834 1269 3872 non
1303 3827 1477 3887 potest
1501 3833 1619 3872 esse
1648 3819 1698 3872 in
1726 3834 1951 3888 corpore

374 3910 598 3975 Christi,
632 3920 721 3963 aut
759 3910 871 3963 sine
899 3925 1003 3978 quo
1044 3910 1181 3963 male
1219 3916 1301 3961 est
1329 3909 1452 3961 illic.
1486 3907 1672 3961 Tutior
1698 3916 1779 3961 est
1807 3909 1949 3962 enim

376 4003 425 4057 iu
454 4018 675 4072 corpore
704 4001 898 4071 digitus
921 4015 1101 4065 sanus,
1134 4014 1289 4069 quam
1320 3999 1543 4067 lippieus
1572 3998 1776 4051 oculus.
1806 3998 1947 4068 Digi-

378 4104 457 4147 tus
484 4094 674 4163 exigua
716 4091 956 4161 quzedam
986 4105 1069 4143 res
1095 4099 1212 4154 est;
1258 4089 1445 4142 oculus
1480 4088 1774 4155 magnifica,
1810 4087 1948 4141 mul-

376 4192 481 4238 tum
527 4191 748 4253 potest:
791 4191 843 4235 et
888 4189 1062 4234 tamen
1108 4180 1295 4233 melius
1342 4188 1424 4231 est
1469 4177 1689 4246 digitum
1735 4192 1853 4231 esse
1896 4186 1950 4231 et

378 4288 554 4328 sanum
581 4288 723 4338 esse,
747 4286 902 4342 quam
932 4271 1143 4325 oculum
1171 4284 1289 4323 esse
1313 4276 1367 4321 et
1399 4267 1713 4337 perturbari,
1739 4269 1944 4338 lippire,

378 4364 647 4417 excmcari.
679 4362 792 4416 Non
822 4377 951 4431 ergo
979 4370 1179 4431 quaerat
1206 4360 1427 4429 quisque
1470 4360 1521 4413 in
1547 4375 1771 4429 corpore
1800 4359 1949 4414 Chri-

378 4454 439 4506 sti
465 4454 563 4507 nisi
592 4453 890 4506 sauitatem.
916 4450 1217 4506 Secundum
1243 4450 1518 4504 sanitatem
1550 4450 1741 4503 habeat
1766 4449 1942 4515 fidem;

378 4557 440 4596 ex
488 4541 589 4595 fide
630 4541 914 4594 mandatur
956 4557 1049 4594 cor
1092 4540 1226 4609 ejus,
1273 4555 1337 4593 ex
1387 4538 1724 4592 inundatione
1771 4540 1947 4595 cordis

379 4632 569 4686 videbit
600 4632 741 4685 illam
772 4630 958 4685 faciem
988 4632 1054 4685 de
1079 4646 1179 4699 qua
1218 4631 1415 4683 dictum
1442 4640 1556 4695 est,
1589 4630 1731 4682 Beati
1760 4632 1947 4685 mundo

377 4725 538 4789 corde,
567 4725 801 4792 quoniam
845 4724 941 4793 ipsi
971 4722 1129 4775 Deum
1159 4722 1386 4775 videbunt
1418 4722 1636 4791 (Matth.
1665 4739 1728 4787 v,
1757 4722 1850 4793 8
1880 4722 1949 4776 Et

379 4806 458 4883 qui
495 4814 615 4868 fecit
656 4814 937 4878 miracala,
985 4824 1038 4867 et
1062 4814 1148 4881 qui
1180 4829 1283 4866 non
1312 4813 1431 4867 fecit
1464 4813 1713 4866 miracula
1744 4814 1793 4867 in
1824 4830 1947 4868 cor-

380 4916 499 4971 pore
525 4902 745 4965 Christi,
789 4920 891 4956 non
940 4902 1098 4956 debet
1133 4900 1362 4971 gaudere
1408 4903 1505 4955 nisi
1554 4903 1620 4956 de
1668 4902 1798 4958 facie
1828 4904 1943 4959 Dei.

380 4990 664 5047 Redit-runt
696 4994 929 5062 ApOstoli
952 5034 964 5056 ,
995 5001 1053 5047 et
1090 4993 1336 5047 dixerunt
1365 4993 1586 5046 Domino
1607 5035 1619 5057 ,
1650 5009 1768 5047 cum
1801 4995 1946 5049 missi

379 5093 551 5137 essent
583 5100 610 5135 ιι
645 5083 867 5136 Domino
899 5100 910 5135 :
945 5081 1092 5146 Ecce,
1122 5080 1355 5145 Domine,
1384 5082 1435 5134 in
1463 5083 1660 5134 nomine
1686 5093 1770 5134 tuo
1798 5085 1946 5137 etiam

378 5172 621 5226 daemonia
648 5174 789 5226 nobis
815 5174 1033 5243 subjecta
1057 5182 1192 5225 sunt.
1224 5172 1363 5225 Vidit
1385 5172 1641 5225 Dominus
1667 5174 1805 5242 quod
1833 5183 1948 5228 ten-

380 5252 507 5317 taret
536 5280 629 5317 eos
659 5264 904 5331 superbia
935 5280 997 5318 ex
1040 5265 1272 5333 potentia
1321 5264 1691 5317 miraculorum
1718 5281 1732 5329 ;
1779 5275 1829 5317 et
1860 5266 1948 5320 ille

379 5353 461 5421 qui
492 5353 728 5407 medicus
749 5364 965 5408 venerat
991 5370 1181 5409 sanare
1210 5364 1444 5408 tumores
1470 5363 1700 5419 nostros,
1729 5364 1782 5409 et
1808 5354 1947 5412 ferre

377 5444 709 5500 infirmitates
736 5455 964 5512 nostras,
996 5447 1247 5501 continuo
1274 5445 1347 5499 ait
1380 5463 1392 5498 :
1425 5444 1596 5499 Nolite
1623 5446 1676 5499 in
1705 5446 1798 5499 hoc
1824 5464 1948 5517 gau-

376 5532 507 5601 dere,
553 5536 670 5603 quia
709 5535 956 5589 daemonia
986 5533 1117 5588 vobis
1160 5534 1382 5605 subjecta
1411 5545 1572 5599 sunt;
1609 5535 1697 5589 sed
1734 5537 1947 5606 gaudete

373 5625 487 5690 quia
508 5626 713 5679 nomina
734 5636 892 5679 vestra
911 5627 1095 5696 scripta
1114 5636 1230 5679 sunt
1250 5628 1301 5680 in
1324 5628 1446 5680 caelo
1472 5626 1618 5697 (Luc.
1645 5644 1697 5692 x,
1724 5629 1808 5693 17,
1827 5629 1941 5697 20).

372 5711 484 5768 Non
524 5730 711 5770 omnes
739 5716 1007 5771 christiani
1039 5716 1161 5770 boui
1209 5717 1478 5772 damnantis
1523 5718 1769 5786 ejiciunt;
1822 5735 1938 5775 om-

1498 349 1889 407 ENARRATIO
1928 354 1991 407 IN
2031 354 2352 413 PSALMUM
2390 361 2606 417 CXXX.

3528 389 3665 446 1710

2089 473 2233 527 nium
2264 484 2439 531 tamen
2470 482 2680 536 nomina
2717 485 2917 555 scripta
2960 499 3083 544 sunt
3127 492 3180 547 in
3225 497 3380 552 ctelo.
3426 500 3540 558 Non
3568 522 3664 562 eos

2086 564 2253 619 voluit
2290 569 2520 662 gaudere
2549 588 2616 626 ex
2661 588 2726 629 eo
2764 578 2904 646 quod
2934 583 3206 652 proprium
3238 589 3539 662 habebant,
3569 601 3662 655 sed

2083 668 2148 743 ex
2179 671 2243 709 eo
2266 658 2407 725 quod
2447 675 2566 715 cum
2596 667 2804 721 castoris
2841 669 3063 727 salutem
3096 677 3345 735 tenebant
3372 700 3384 734 :
3418 658 3542 742 inde
3571 704 3664 743 vo-

2084 742 2182 835 luit
2207 747 2438 815 gaudere
2466 753 2776 825 Apostolus,
2806 761 2944 815 unde
2978 766 3177 833 gaudes
3216 779 3268 823 et
3300 780 3375 826 tu.
3420 742 3662 835 intendat

2084 833 2327 930 Charitas
2358 850 2550 897 vestra.
2596 845 2780 903 Nullus
2805 851 2977 908 fidelis
3006 854 3165 913 habet
3193 876 3360 930 spem,
3393 866 3437 920 si
3466 833 3656 927 nomen

2227 940 2447 1032 nonnest‘
2476 935 2730 1005 scriptum
2763 940 2814 993 in
2843 945 2998 999 Ct'BlO.
3031 926 3276 1006 Omnium
3305 926 3535 1013 fidelium
3567 966 3657 1032 qui

2081 1016 2308 1118 diligunt
2329 1021 2615 1118 Christum,
2644 1029 2733 1098 qui
2763 1033 3034 1089 ambulant
3058 1039 3195 1093 viam
3222 1042 3338 1112 ejus
3366 1016 3655 1118 humiliter,

2082 1122 2237 1175 quam
2284 1110 2396 1179 ipse
2435 1113 2615 1171 docuit
2659 1118 2894 1188 humilis,
2945 1128 3158 1182 nomina
3199 1110 3392 1203 scripta
3438 1148 3561 1193 sunt
3603 1110 3658 1197 in

2079 1199 2235 1295 coelo.
2264 1202 2511 1295 Cujusvis
2547 1213 2958 1281 contemptibilis
2987 1215 3039 1270 in
3070 1199 3344 1291 Ecclesia,
3372 1227 3459 1295 qui
3486 1232 3660 1289 credit

2078 1287 2443 1383 in-Cbristum,
2469 1306 2523 1351 et
2550 1297 2721 1369 diligit
2740 1302 3031 1374 Christum,
3055 1318 3110 1363 et
3129 1321 3270 1366 amat
3298 1287 3479 1383 pacem
3503 1287 3657 1378 Chri;

2076 1379 2177 1447 sti,
2211 1396 2405 1438 nomen
2445 1387 2698 1457 scriptum
2746 1394 2907 1449 estin
2946 1398 3121 1467 caelo;
3172 1379 3453 1472 cujuslibet
3494 1427 3655 1482 quem

2074 1476 2393 1568 contemnis.
2423 1478 2488 1532 Et
2516 1480 2640 1549 quid
2669 1483 2840 1539 simile
2870 1487 2968 1555 ipsi
2995 1498 3047 1543 et
3073 1493 3357 1561 Apostolis,
3388 1500 3479 1568 qui
3509 1476 3653 1559 tanta

2073 1564 2325 1624 miracula
2372 1567 2656 1659 fecerunt?
2701 1574 2769 1630 Et
2815 1585 2989 1634 tamen
3026 1583 3263 1651 Apostoli
3292 1564 3653 1659 reprimuntur

2071 1668 2137 1751 ex
2164 1671 2229 1709 eo
2258 1658 2397 1751 quod
2427 1659 2494 1714 de
2519 1661 2660 1718 bono
2689 1666 2705 1695 ¹
2734 1669 2946 1736 proprio
2972 1672 3292 1743 gaudebant,
3318 1658 3373 1733 et
3394 1679 3652 1751 jubentur

2070 1742 2197 1837 hinc
2222 1748 2455 1837 gaudere
2484 1752 2620 1807 unde
2644 1755 2836 1824 gaudet
2863 1766 2917 1813 et
2960 1761 3045 1815 ille
3074 1742 3506 1837 contemptibilis.

2140 1836 2192 1891 9.
2235 1835 2396 1909 [vers.
2424 1839 2518 1914 2.]
2557 1842 2671 1898 Non
2705 1845 2991 1915 immerito,
3026 1851 3214 1909 fratres
3240 1835 3373 1923 mei,
3401 1876 3522 1917 cum
3552 1862 3651 1918 ista

2068 1925 2366 1985 humilitate
2391 1930 2539 1999 dicit,
2567 1933 2803 2005 Domine,
2833 1956 2933 1993 non
2959 1951 3031 1995 est
3057 1945 3333 2001 exaltatum
3353 1967 3440 2004 cor
3458 1970 3644 2019 meum,

2066 2033 2225 2088 neque
2254 2020 2307 2073 in
2344 2022 2505 2075 altum
2542 2026 2664 2078 elati
2706 2038 2823 2081 sunt
2860 2032 2995 2084 oculi
3036 2036 3172 2099 mei;
3212 2053 3369 2109 neque
3395 2041 3637 2111 ingressu.

2064 2124 2176 2162 sum
2204 2111 2257 2163 in
2281 2114 2497 2181 magnis,
2526 2132 2683 2186 neque
2723 2119 2775 2171 in
2802 2120 3111 2178 mirabilibus
3149 2141 3299 2196 super
3325 2146 3421 2184 me.
3454 2133 3516 2188 Si
3548 2151 3634 2187 nor

2065 2197 2317 2254 humiliter
2341 2204 2631 2272 sentiebam,
2655 2208 2743 2261 sed
2766 2211 2983 2266 exaltavi
3010 2215 3231 2270 animam
3254 2235 3449 2287 meam;
3471 2240 3642 2293 quent-

2062 2289 2334 2387 admodum
2362 2295 2448 2363 qui
2475 2294 2672 2351 ablatus
2693 2300 2713 2329 ’
2734 2310 2805 2354 est
2834 2318 2865 2354 a
2892 2303 3023 2359 lacte
3049 2323 3199 2377 super
3226 2321 3435 2366 matrem
3473 2289 3638 2387 suam,

2060 2379 2132 2432 sic
2174 2382 2432 2438 retributio
2474 2386 2527 2439 in
2571 2389 2793 2444 animam
2837 2409 3019 2449 meam.
3052 2397 3270 2454 Videtur
3311 2404 3452 2459 enim
3495 2379 3641 2466 velut

2061 2471 2342 2526 maledicto
2362 2490 2421 2529 se
2446 2476 2813 2537 obstrinxisse.
2846 2483 3124 2549 Quomodo
3149 2491 3255 2547 alio
3281 2493 3400 2550 loco
3421 2497 3471 2551 in
3499 2502 3641 2569 psal-

2060 2576 2149 2615 mo
2177 2563 2336 2630 dicit,
2362 2565 2580 2653 Domine
2607 2570 2744 2627 Deus
2770 2591 2909 2630 meus
2927 2619 2942 2644 ,
2969 2580 3013 2633 si
3040 2582 3136 2650 feci
3162 2584 3337 2653 istud;
3372 2588 3418 2641 si
3442 2563 3516 2644 est
3536 2592 3639 2647 ini-

2058 2652 2222 2718 quitas
2251 2654 2303 2707 in
2333 2652 2560 2711 manibus
2599 2662 2749 2729 meis,
2795 2665 2839 2718 si
2881 2667 3077 2722 reddidi
3106 2673 3486 2734 retribuentibus
3515 2682 3637 2738 mihi

2060 2744 2195 2796 mala
2215 2761 2238 2808 ;
2283 2747 2512 2803 decidant
2540 2753 2716 2807 merito
2743 2756 2805 2809 ab
2846 2758 3060 2815 inimicis
3098 2765 3219 2818 meis
3258 2768 3424 2825 inanis
3451 2772 3635 2844 (Psal.

2059 2847 2155 2900 vn,
2182 2834 2233 2898 4,
2265 2835 2298 2890 5
2322 2836 2340 2907 )
2360 2877 2375 2903 ,
2407 2848 2463 2893 et
2489 2853 2683 2897 caztera
2714 2861 2725 2896 :
2759 2845 2836 2900 sic
2864 2848 3071 2904 videtur
3103 2863 3157 2907 ct
3188 2854 3272 2910 hic
3313 2834 3543 2928 dixisse,
3574 2863 3637 2919 Si

2058 2941 2160 2980 non
2189 2927 2444 2984 humiliter
2485 2935 2773 3004 sentiebam,
2821 2940 2910 2993 sed
2947 2945 3163 2999 exaltan
3201 2950 3422 3006 animam
3451 2971 3633 3011 meam.

2056 3014 2248 3116 ége';
2285 3020 2729 3116 quasiudiclurus
2773 3040 2937 3094 esset,
2985 3033 3116 3089 lllud
3165 3038 3293 3093 mihi
3341 3046 3633 3116 contingat.

2056 3105 2338 3206 Quomodo
2365 3112 2539 3206 eripi,
2580 3115 2642 3170 Si
2666 3118 2867 3173 reddidi
2908 3125 3287 3185 retribuentibus
3322 3134 3446 3188 mihi
3473 3105 3631 3206 ηιὶιια,

2056 3198 2325 3266 contingat
2349 3200 2478 3255 mihi
2510 3203 2677 3271 illud;
2710 3208 2878 3277 quid?
2907 3212 3148 3269 Decidam
3177 3222 3348 3275 merito
3377 3225 3438 3278 ab
3464 3198 3635 3286 inimi;

2054 3285 2289 3387 cis-meis.
2302 3290 2466 3346 inanis
2487 3308 2505 3345 :
2531 3294 2609 3349 sic
2638 3305 2691 3351 et
2721 3297 2827 3366 hic,
2860 3300 2924 3356 Si
2945 3321 3045 3359 non
3067 3307 3319 3364 humiliter
3341 3317 3631 3387 sentiebam,

2054 3376 2144 3431 sed
2172 3378 2388 3433 exaltavi
2428 3383 2647 3438 animam
2677 3404 2881 3457 meam;
2916 3397 3338 3460 quemadmodum
3372 3406 3459 3474 qui
3486 3376 3633 3462 abla:

2057 3477 2135 3522 tus
2180 3481 2251 3525 est
2294 3489 2326 3525 a
2368 3474 2495 3528 lacte
2541 3492 2693 3545 super
2728 3491 2937 3537 matrem
2965 3502 3130 3552 suam,
3161 3490 3235 3543 sic
3278 3496 3537 3552 retributio
3581 3501 3635 3556 in

2054 3562 2276 3655 animant
2329 3581 2509 3655 meam.
2564 3568 2846 3626 Intendite.
2914 3574 3091 3632 Nostis
3142 3582 3266 3650 quia
3316 3587 3632 3655 quibusdam

2056 3650 2282 3707 infirmis
2322 3652 2449 3709 dicit
2479 3657 2766 3727 Apostolus
2787 3704 2802 3726 ,
2835 3662 2941 3717 Lac
2983 3668 3117 3723 vobis
3146 3650 3465 3741 potum-dedi
3484 3722 3496 3745 ,
3531 3699 3632 3739 non

2055 3755 2216 3793 escam
2244 3758 2262 3796 :
2290 3745 2512 3798 nondum
2538 3749 2671 3802 enim
2697 3755 2972 3821 poteratis;
3009 3759 3097 3811 sed
3129 3778 3217 3815 nec
3239 3764 3407 3820 adhuc
3431 3772 3633 3840 quidem

2053 3834 2255 3900 potestis
2278 3834 2316 3901 (Ι
2335 3833 2453 3889 Cor.
2478 3854 2555 3904 ιιι,
2578 3840 2654 3909 2).
2682 3841 2818 3896 Sunt
2844 3846 3035 3901 infirmi
3059 3852 3146 3919 qui
3175 3868 3280 3909 non
3305 3833 3628 3919 suut'idonei

2054 3921 2229 3975 valido
2259 3924 2416 3990 cibo;
2468 3928 2649 3981 volunt
2679 3945 2737 3984 sc
2764 3934 3051 3991 extendere
3079 3939 3144 3993 ad
3178 3942 3227 3995 id
3255 3946 3396 4013 quod
3439 3964 3630 4021 capere

2055 4027 2159 4106 non
2200 4026 2420 4106 possunt
2450 4034 2461 4067 :
2495 4028 2547 4071 et
2576 4019 2618 4073 si
2646 4021 2842 4091 aliquid
2888 4036 3173 4101 utcumque
3215 4019 3515 4106 coeperint,
3538 4055 3631 4100 aut

2055 4103 2152 4155 visi
2183 4104 2280 4158 sibi
2325 4106 2523 4161 fuerint
2561 4123 2749 4181 capere
2792 4115 2931 4183 quod
2978 4133 3082 4173 non
3132 4103 3425 4193 ceperunt,
3454 4103 3629 4189 estote

2053 4196 2233 4295 lantur
2263 4198 2402 4262 inde,
2438 4208 2490 4254 et
2517 4203 2827 4271 superbiant
2865 4207 3020 4272 inde;
3054 4212 3299 4272 videntur
3339 4220 3439 4277 sibi
3478 4228 3627 4295 quasi

2052 4288 2337 4356 sapientes.
2386 4289 2498 4346 Hoc
2536 4302 2710 4348 autem
2752 4298 3007 4370 contingit
3035 4306 3280 4363 omnibus
3326 4288 3627 4385 haereticis;

2051 4380 2138 4448 qui
2185 4395 2305 4435 cum
2354 4392 2533 4438 essent
2580 4386 2835 4443 animales
2878 4400 2932 4445 ct
2973 4397 3247 4465 carnales,
3297 4380 3631 4466 defendendo

2051 4472 2343 4528 sententias
2385 4489 2508 4529 suas
2554 4492 2775 4544 pravas,
2803 4495 2934 4549 quas
2965 4482 3122 4540 falsas
3151 4504 3272 4545 esse
3302 4509 3404 4549 non
3438 4509 3626 4566 potuc-

2053 4574 2178 4616 runt
2208 4564 2407 4629 videre,
2440 4567 2639 4622 exclusi
2670 4580 2794 4624 sunt
2820 4573 2885 4627 de
2914 4574 3204 4634 Catholica.
3236 4582 3415 4640 Dicam
3442 4564 3629 4644 Chari-

2054 4654 2143 4707 tati
2168 4665 2357 4709 vestrae
2379 4657 2518 4725 quod
2550 4674 2787 4727 possum.
2818 4664 3071 4722 Dominus
3096 4681 3277 4726 uoster
3303 4674 3456 4731 Jesus
3476 4680 3622 4734 Chri-

2052 4753 2164 4796 stus
2208 4745 2374 4799 nostis
2420 4746 2539 4815 quia
2586 4748 2815 4805 Verbum
2868 4754 2964 4809 Dci
3012 4766 3112 4822 est,
3161 4763 3448 4818 secundum
3500 4769 3624 4824 illud

2051 4832 2306 4899 Joannis,
2348 4834 2415 4887 In
2464 4838 2710 4906 principio
2753 4851 2859 4894 erat
2903 4842 3149 4910 Verbum,
3193 4859 3241 4902 et
3276 4849 3488 4909 Verbum
3517 4872 3627 4914 erat

2051 4926 2189 4993 apud
2216 4925 2413 4991 Deum,
2443 4936 2488 4979 et
2525 4927 2661 4983 Deus
2687 4942 2792 4984 erat
2824 4931 3035 4986 Verbum
3062 4952 3080 4989 :
3112 4937 3206 4991 hoc
3245 4953 3349 4997 erat
3388 4948 3441 5000 in
3478 4950 3621 5017 prin-

2051 5018 2182 5087 cipio
2206 5019 2344 5087 apud
2371 5017 2549 5072 Deum.
2580 5019 2764 5074 Omnia
2789 5040 2879 5088 per
2918 5025 3082 5093 ipsum
3110 5032 3247 5099 facta
3282 5046 3417 5102 sunt,
3446 5050 3492 5091 et
3517 5042 3625 5098 sine

2050 5105 2160 5175 ipso
2200 5107 2389 5175 factum
2445 5116 2517 5162 est
2560 5109 2705 5165 nihil.
2757 5110 2915 5165 Panis
2957 5129 3084 5183 ergo
3125 5128 3242 5184 est;
3292 5123 3412 5180 inde
3443 5129 3625 5186 vivunt

2050 5196 2256 5265 Augeli.
2304 5197 2443 5251 Ecce
2483 5198 2631 5267 panis
2679 5207 2891 5267 paratus
2932 5213 3011 5258 est
3055 5207 3185 5273 tibi;
3232 5213 3325 5267 sed
3352 5232 3533 5275 cresce
3559 5224 3625 5278 de

2054 5288 2224 5354 lacte,
2256 5299 2311 5343 ut
2350 5289 2412 5343 ad
2443 5304 2630 5357 panem
2663 5292 2957 5359 pervenias.
3006 5297 3070 5351 Et
3099 5306 3394 5374 quomodo,
3426 5311 3619 5382 inquis,

2116 5489 2131 5519 ι
2160 5485 2488 5547 Aliquot_atss.,
2513 5482 2653 5533 dono.

2114 5543 2287 5620 11ml,
2306 5545 2582 5620 ablactatus.
2612 5551 2665 5594 At
2697 5543 2920 5620 plerique
2942 5558 3047 5602 Mss.
3076 5565 3367 5620 constanter,
3393 5561 3580 5615 αδιαιυε
3604 5579 3621 5616 ε

2049 5609 2225 5670 quibus
2244 5619 2581 5670 nonnunquam
2599 5609 2933 5670 consenut't-"r.

2052 5669 2306 5778 rbhsapud
2347 5674 2454 5717 ιον.
2499 5669 2763 5730 omittitur,
2796 5680 2885 5734 age
2937 5686 2956 5724 :
2981 5678 3108 5739 quod
3147 5689 3305 5731 exstat
3349 5684 3396 5733 tn
3433 5687 3627 5741 emtam

2072 5744 2083 5777 l

2072 5744 2083 5777 ι
