4160 6458
649 377 771 432 1711

649 511 833 552 cresco
875 495 942 551 de
988 495 1161 550 lactei
1209 493 1360 560 Quod
1408 494 1498 547 tibi
1545 493 1713 547 factus
1757 500 1838 548 est
1883 491 2124 547 Christus
2160 491 2226 546 ad

649 586 1011 643 inﬁrmitatem
1040 595 1203 648 tuam,
1230 584 1332 640 hoc
1360 585 1528 654 primo
1557 583 1737 645 crede,
1770 595 1822 638 et
1849 584 2054 639 fortiter
2081 594 2223 641 tene.

647 679 924 749 Quomodo
963 693 1090 747 ergo
1131 686 1302 731 mater
1330 692 1450 731 cum
1480 676 1670 730 viderit
1696 676 1860 730 ﬁlium
1904 678 2080 730 minus
2108 676 2224 730 ido-

647 791 805 830 neum
833 773 896 828 ad
926 772 1237 842 capiendum
1283 772 1458 826 cibum
1479 814 1494 838 ,
1524 773 1668 840 ipsos
1707 771 1855 826 cibos
1895 771 1944 825 ei
1975 771 2100 836 dat,
2133 773 2226 828 sed

647 867 894 933 trajectos
935 879 1030 933 per
1057 879 1271 918 carnem
1302 879 1450 918 suam
1489 879 1504 916 :
1541 878 1662 916 nam
1692 865 1806 933 ipse
1834 874 1914 917 εει
1944 863 2093 932 panis
2122 879 2227 933 quo

646 956 820 1010 infans
847 957 1110 1026 pascitur,
1142 970 1248 1024 quo
1292 963 1342 1010 et
1384 964 1554 1009 mater
1584 954 1700 1023 ejus
1726 955 1994 1023 pascitur;
2041 955 2132 1009 sed
2159 955 2226 1010 ad

646 1062 882 1102 mensam
909 1046 1086 1100 infans
1118 1046 1295 1100 minus
1323 1045 1546 1099 idoneus
1574 1053 1676 1110 est,
1705 1043 1770 1097 ad
1800 1045 2085 1098 mamillam
2113 1044 2227 1098 ido-

644 1154 774 1193 neus
814 1147 920 1193 est.
960 1137 1116 1192 Panis
1142 1151 1269 1206 ergo
1308 1135 1376 1190 de
1404 1151 1583 1190 mensa
1625 1135 1882 1203 trajicitur
1911 1151 2004 1204 per
2040 1137 2225 1192 matris

642 1227 932 1284 mamillam
958 1268 971 1290 ,
1000 1236 1056 1280 ut
1085 1225 1163 1280 sic
1192 1226 1463 1294 perveniat
1503 1225 1638 1279 idem
1667 1225 1975 1280 alimentum
2005 1226 2071 1280 ad
2101 1239 2223 1294 rar-

642 1333 765 1375 vum
812 1316 1089 1372 infantem.
1136 1307 1223 1372 Sic
1269 1316 1522 1370 Dominus
1567 1325 1748 1371 noster
1788 1316 1944 1371 Jesus
1983 1317 2222 1372 Christus

637 1425 759 1465 cum
786 1419 929 1463 esset
950 1407 1180 1462 Verbum
1212 1406 1349 1476 apud
1374 1407 1606 1473 Patrem,
1641 1422 1735 1477 per
1764 1407 1902 1477 quod
1936 1409 2068 1463 facta
2097 1418 2223 1464 sunt

639 1500 856 1561 omnia;
901 1498 987 1568 qui
1023 1512 1141 1551 cum
1185 1497 1238 1550 in
1288 1497 1454 1551 forma
1486 1497 1578 1550 Dei
1621 1507 1780 1562 esset,
1829 1514 1934 1552 non
1977 1499 2218 1568 rapinam

637 1589 924 1642 arbitratus
950 1595 1033 1641 est
1062 1601 1180 1640 esse
1207 1587 1425 1655 aequalis
1452 1586 1561 1641 Deo
1591 1584 1844 1658 (Philipp.
1878 1605 1931 1652 ιι,
1962 1587 2016 1659 6)
2043 1605 2057 1652 ;
2085 1604 2218 1658 qua-

637 1685 738 1732 lem
769 1686 1024 1745 caperent
1063 1692 1157 1745 pro
1195 1676 1354 1731 modo
1381 1691 1479 1732 suo
1500 1677 1687 1746 Angeli
1708 1719 1722 1742 ,
1753 1686 1806 1732 et
1832 1678 1972 1734 unde
2003 1680 2054 1733 in
2083 1681 2219 1735 cmlo

634 1767 930 1823 Potestates
956 1775 1009 1819 et
1035 1765 1296 1831 Virtutes,
1327 1766 1544 1833 Spiritus
1567 1767 1582 1797 ¹
1611 1766 2000 1822 intellectuales
2029 1784 2215 1839 pasce-

632 1868 857 1922 rentur;
908 1856 1071 1911 homo
1119 1865 1298 1912 autem
1348 1857 1588 1911 inﬁrmus
1636 1866 1689 1912 et
1739 1874 1899 1914 carne
1948 1861 2216 1916 involutus

629 1947 836 2016 jareret
877 1946 927 1999 in
968 1958 1106 2000 terra
1129 1987 1143 2012 ,
1173 1961 1273 2000 nec
1305 1955 1482 2015 posset
1509 1946 1574 2001 ad
1603 1963 1722 2002 eum
1754 1951 2034 2018 pervenire
2066 1949 2216 2020 panis

630 2039 864 2093 caelestis
910 2056 924 2092 :
971 2046 1026 2092 ut
1072 2053 1261 2106 panem
1306 2038 1628 2108 Angelurum
1674 2040 2018 2095 manducaret
2053 2041 2214 2097 homo

631 2126 803 2198 (Paul.
831 2144 1030 2188 Lxxvn,
1051 2126 1166 2196 25),
1190 2135 1244 2182 et
1273 2143 1462 2182 manna
1495 2129 1844 2185 descenderet
1863 2131 1930 2185 ad
1951 2133 2212 2188 veriorem

629 2216 880 2287 populum
911 2213 1102 2282 Israel,
1136 2215 1348 2271 Verbum
1378 2234 1494 2271 caro
1533 2220 1720 2291 factum
1751 2229 1855 2286 est,
1893 2230 1940 2275 et
1974 2221 2213 2276 habitavit

627 2309 679 2362 in
707 2309 847 2362 nobis
875 2307 1055 2376 (Joan.
1079 2323 1117 2372 ι,
1143 2308 1194 2373 1,
1216 2307 1271 2372 2,
1296 2309 1349 2371 5,
1378 2310 1488 2378 14).

704 2401 788 2456 10.
816 2401 1148 2471 Quapropter
1174 2402 1304 2471 ipsis
1328 2399 1554 2455 inﬁrmis
1580 2401 1778 2456 Paulus
1805 2404 2078 2473 apostolus
2106 2404 2207 2460 hoc

626 2490 758 2547 dicit
783 2533 796 2556 ,
821 2506 955 2560 quos
984 2490 1110 2545 dicit
1136 2491 1394 2546 animales
1426 2499 1478 2545 et
1503 2492 1744 2546 carnales
1771 2493 1964 2560 (lCor.
1994 2509 2070 2560 ιιι,
2101 2495 2121 2548 1
2151 2495 2167 2563 )
2195 2512 2206 2546 :

628 2581 894 2648 Numquid
934 2582 1042 2636 dixi
1083 2597 1162 2636 me
1203 2582 1330 2636 scire
1372 2581 1566 2651 aliquid
1605 2582 1656 2634 in
1699 2582 1867 2646 vobis,
1913 2583 2009 2636 nisi
2033 2582 2210 2638 Jesum

625 2675 902 2739 Christum,
926 2686 970 2729 et
991 2676 1125 2728 hunc
1149 2675 1446 2743 cruciﬁxum
1475 2673 1584 2744 (Id.
1609 2691 1662 2738 ιι,
1688 2673 1744 2746 2)
1766 2675 1788 2726 ?
1815 2675 1945 2729 Nam
1967 2675 2209 2732 Christus

624 2779 738 2824 erat
765 2779 819 2824 et
862 2784 966 2823 non
997 2769 1280 2824 crucifixus
1310 2785 1325 2823 :
1355 2767 1420 2822 1η
1467 2769 1714 2839 principio
1757 2778 1863 2822 erat
1894 2768 2132 2836 Verbum,
2162 2780 2208 2824 et

634 2859 852 2914 Verbum
875 2870 980 2913 erat
1006 2860 1145 2930 apud
1169 2859 1350 2924 Deum,
1376 2871 1420 2914 et
1449 2859 1584 2914 Deus
1608 2871 1711 2913 erat
1737 2860 1970 2916 Verbum.
2001 2863 2064 2916 Et
2086 2863 2206 2932 quia

624 2951 797 3020 ipsum
833 2945 1042 3004 Verbum
1069 2967 1185 3003 caro
1211 2954 1403 3020 factum
1432 2960 1522 3014 est,
1554 2958 1607 3004 et
1638 2951 1808 3019 ipsum
1834 2951 2062 3006 Verbum
2087 2969 2208 3008 cru-

621 3039 835 3096 ciﬁxum
881 3050 963 3095 est
1012 3059 1025 3094 :
1071 3039 1166 3095 sed
1219 3056 1324 3094 nun
1369 3051 1449 3096 est
1494 3049 1750 3095 mutatum
1800 3042 1852 3094 in
1893 3041 2203 3110 hominem;

619 3131 784 3187 homo
826 3133 877 3184 in
921 3131 1010 3184 illo
1050 3139 1282 3186 mutatus
1310 3140 1410 3185 est.
1458 3130 1688 3185 Mutatus
1717 3140 1796 3186 est
1825 3131 1985 3186 homo
2014 3132 2065 3187 in
2094 3133 2200 3201 illo,

621 3232 682 3278 ut
707 3224 894 3279 melior
925 3222 1075 3278 ﬁeret
1101 3238 1256 3293 quam
1284 3231 1427 3290 erat,
1457 3239 1562 3277 non
1590 3231 1647 3276 ut
1676 3223 1727 3277 in
1758 3223 1924 3294 ipsam
1954 3225 2202 3280 substan-

617 3319 748 3370 tiam
773 3315 928 3370 Verbi
959 3318 979 3348 ⁸
1011 3324 1433 3371 converteretur.
1473 3316 1576 3371 Per
1617 3316 1668 3372 id
1705 3333 1832 3388 ergo
1872 3319 2012 3388 quod
2043 3319 2202 3374 homo

621 3415 768 3468 erat,
799 3418 1035 3460 mortuus
1062 3417 1143 3461 est
1181 3408 1357 3473 Deus;
1400 3417 1454 3462 et
1493 3425 1586 3477 per
1630 3408 1681 3463 id
1718 3409 1857 3478 quod
1896 3411 2036 3466 Deus
2063 3419 2197 3476 erat,

610 3499 878 3552 excitatus
900 3510 978 3552 est
1005 3499 1183 3561 homo,
1207 3509 1261 3555 et
1285 3503 1533 3567 surrexit,
1557 3511 1612 3556 et
1631 3503 1868 3558 ascendit
1899 3503 1949 3557 in
1978 3505 2194 3560 caelum.

616 3587 884 3657 Quidquid
911 3603 1097 3657 passus
1126 3597 1208 3641 est
1235 3589 1416 3656 homo,
1465 3607 1568 3644 non
1608 3601 1782 3661 potest
1815 3593 1916 3649 dici
1943 3610 2047 3649 non
2077 3611 2197 3664 pas-

611 3681 710 3732 sius
758 3678 933 3743 Deus,
981 3678 1102 3748 quia
1151 3678 1288 3732 Deus
1332 3680 1492 3734 erat’
1525 3679 1793 3736 hominem
1841 3685 2196 3751 assumendo;

615 3768 711 3824 sed
745 3782 848 3822 non
876 3779 958 3822 est
982 3777 1212 3823 mutatus
1243 3769 1294 3823 in
1324 3768 1592 3825 hominem
1625 3788 1637 3822 :
1665 3773 1931 3840 quomodo
1969 3791 2072 3829 non
2105 3791 2199 3845 po-

602 3865 698 3914 -tcs
723 3857 900 3913 dicere
928 3873 1030 3912 non
1061 3870 1111 3912 te
1137 3873 1347 3929 passum
1377 3858 1617 3929 injuriam
1638 3903 1653 3927 ,
1686 3862 1729 3916 si
1760 3863 1920 3918 vestis
1948 3875 2035 3919 tua
2061 3881 2190 3921 con-

614 3948 905 4003 scindatur.
941 3947 1011 4002 Et
1038 3949 1248 4018 quando
1276 3951 1517 4019 quereris
1541 3952 1621 4005 vel
1652 3953 1836 4008 amicis
1864 3955 1944 4009 vel
1977 3956 2028 4009 in
2057 3957 2198 4023 judi-

613 4039 717 4101 cio,
759 4038 859 4092 hoc
888 4037 1024 4092 dicis
1059 4038 1243 4108 judiei,
1275 4039 1545 4095 Conscidit
1572 4057 1657 4096 me
1686 4060 1698 4096 :
1731 4058 1834 4098 non
1863 4045 2023 4110 dicis,
2055 4047 2195 4102 Con-

615 4129 772 4183 scidit
812 4128 1014 4182 birrum
1057 4145 1276 4194 meum;
1328 4130 1442 4197 sed,
1484 4131 1755 4187 Conscidit
1784 4150 1888 4189 me.
1939 4135 1993 4190 Si
2027 4138 2196 4207 potuit

611 4231 668 4276 et
691 4222 883 4275 meruit
906 4221 1068 4276 vestis
1091 4230 1177 4276 tua
1201 4223 1302 4277 dici
1333 4231 1408 4290 tu,
1435 4239 1552 4293 quae
1577 4240 1683 4279 non
1711 4236 1792 4280 est
1817 4235 1894 4292 tu,
1918 4228 2010 4284 sed
2035 4231 2196 4284 vestis

609 4321 701 4364 tua
729 4327 744 4374 ;
774 4321 972 4379 quanto
1004 4312 1178 4380 potius
1207 4314 1402 4367 meruit
1439 4315 1622 4370 audire
1651 4331 1778 4370 caro
1805 4316 2024 4383 Christi,
2056 4328 2192 4374 tem-

611 4401 760 4469 plum
783 4399 940 4455 Verbi
975 4401 1177 4454 unitum
1209 4417 1326 4456 cum
1352 4402 1547 4469 Verbo,
1579 4415 1634 4459 ut
1663 4405 1916 4476 quidquid
1947 4409 2000 4461 in
2031 4424 2192 4466 carne

615 4501 913 4563 pateretur,
960 4493 1096 4546 Deus
1137 4493 1252 4562 ipse
1298 4503 1567 4562 pateretur
1615 4513 1628 4550 :
1675 4499 1914 4566 quamvis
1959 4500 2191 4556 Verbum

613 4597 714 4637 ncc
754 4581 890 4637 mori
937 4581 1188 4651 potuerit,
1235 4597 1333 4636 nec
1363 4585 1666 4654 corrumpi,
1706 4602 1803 4642 nec
1832 4590 2052 4657 nmtari,
2095 4607 2195 4648 nec

612 4672 818 4737 occidi;
870 4671 962 4726 sed
993 4670 1248 4741 quidquid
1295 4673 1484 4728 horum
1530 4690 1743 4743 passum
1792 4687 1892 4744 est,
1942 4680 1992 4733 in
2033 4696 2193 4738 carne

611 4777 826 4832 passum
858 4763 976 4818 est?
1007 4762 1075 4816 Et
1096 4762 1202 4816 noli
1230 4762 1410 4817 mirari
1432 4764 1552 4834 quia
1571 4765 1798 4821 Verbum
1827 4768 1954 4823 nihil
1982 4785 2191 4840 passum

609 4863 692 4908 est
723 4872 736 4908 :
772 4869 869 4908 nec
911 4853 1089 4908 anima
1139 4852 1369 4909 hominis
1415 4865 1587 4925 potest
1633 4859 1740 4928 pati
1781 4859 1979 4929 aliquid
2019 4865 2190 4917 occisa

610 4959 806 5010 carne,
848 4945 1059 5001 dicente
1099 4944 1216 5016 ipso
1257 4947 1514 5007 Domino.
1563 4948 1739 5004 Nolite
1778 4951 1949 5007 timere
1990 4971 2074 5010 eos
2109 4959 2193 5025 qui

611 5051 795 5103 corpus
838 5037 1070 5091 occidunt
1093 5077 1108 5101 ,
1141 5040 1364 5091 animum
1393 5049 1561 5093 autem
1591 5057 1691 5095 non
1723 5056 1930 5112 possunt
1969 5048 2195 5103 occidere

613 5125 827 5194 (Matth.
853 5143 904 5188 χ,
929 5128 1045 5198 28).
1089 5127 1146 5184 Si
1182 5130 1357 5184 anima
1387 5147 1492 5186 non
1522 5141 1698 5199 potest
1725 5136 1930 5203 occidi,
1958 5137 2191 5196 Verbum

613 5213 706 5268 Dei
737 5224 941 5284 poterat
964 5217 1181 5273 occidi?
1210 5219 1278 5275 Et
1321 5230 1497 5276 tamen
1533 5224 1656 5292 quid
1684 5224 1856 5280 dicit?
1884 5226 2196 5299 Flagellavit

614 5317 734 5365 mc,
767 5306 1120 5374 colaphizavit
1163 5325 1269 5377 me,
1311 5313 1573 5380 percussit
1615 5330 1720 5378 me,
1767 5316 2038 5373 dilaniavit
2066 5337 2190 5375 me:

571 5386 573 5389 ’
611 5403 781 5458 totum
813 5393 914 5447 hoc
941 5411 1044 5449 non
1074 5399 1129 5450 ﬁt
1155 5398 1209 5452 in
1234 5400 1442 5467 anima;
1476 5412 1529 5456 et
1561 5411 1736 5458 tamen
1764 5421 1868 5460 non
1893 5407 2040 5474 dicit,
2069 5411 2189 5479 nisi,

613 5503 721 5553 tne,
755 5497 971 5558 propter
999 5490 1254 5545 unitatem
1284 5498 1534 5550 consortii
1566 5498 1746 5569 ipsius.

679 5600 697 5680 ξ
720 5598 1061 5680 sceptrum-
1080 5606 1161 5680 E';
1184 5607 1577 5680 ?_E:‘.‘_.s_5-._§l?tud
1601 5615 1709 5680 ιον-
1736 5605 2127 5680 desisset-im-

613 5663 848 5774 ιῶὶὶιὲονη
872 5669 923 5712 ut
945 5662 1052 5726 ipsa
1072 5662 1334 5715 substantia
1362 5662 1502 5719 Verbi
1529 5682 1546 5719 :
1583 5662 1981 5724 dissentientibus
2001 5675 2196 5726 caeteris

675 5784 695 5816 ³
724 5785 804 5833 ttic
825 5786 871 5835 in
891 5793 1095 5850 quatuor
1118 5794 1224 5838 Mss.
1250 5787 1456 5853 additur,
1481 5788 1634 5843 homo.

1917 377 1971 430 S.
2001 381 2039 432 .\
2052 378 2135 433 [ϐ
2147 375 2364 434 ιρδτιιιιι
2405 377 2702 435 EI’ISCOPI

3742 399 3849 458 1711

2411 492 2498 547 11.
2543 494 2797 549 Dominus
2822 508 2951 565 ergo
2981 504 3163 552 uoster
3190 496 3343 554 Jesus
3368 499 3594 560 Christus
3620 514 3779 577 panis,
3804 533 3848 573 ω

2335 583 2461 639 fecit
2486 585 2638 639 nobis
2668 585 2768 649 Iac,
2792 585 3102 670 incarnatus
3126 597 3179 643 et
3204 604 3462 658 apparens
3489 600 3704 655 mortalis
3726 606 3770 669 1;
3803 621 3848 664 υι

2337 675 2388 730 in
2416 692 2480 730 eo
2524 676 2763 730 ﬁniretur
2802 693 2968 742 mors,
3008 687 3062 733 et
3106 693 3210 733 non
3250 681 3606 743 aberraremns
3641 691 3844 762 aVi-rbo,

2336 767 2618 821 credentes
2646 767 2698 820 in
2727 782 2941 822 carnem
2969 768 3109 837 quod
3151 769 3344 825 factum
3377 784 3457 827 est
3476 774 3706 834 Verbum.
3745 784 3847 844 llinc

2333 870 2671 920 crescamus,
2719 855 2834 926 ipso
2874 856 3011 911 lacte
3055 859 3388 926 nutriantur;
3428 873 3689 935 antequam
3723 874 3845 929 validi

2332 948 2500 1002 simus
2538 948 2603 1001 ad
2642 949 2955 1018 capiendum
2985 949 3215 1004 Verbum
3237 993 3250 1018 ,
3277 969 3381 1007 non
3408 957 3695 1014 recedamus
3716 978 3738 1015 a
3767 965 3846 1023 ﬁde
3883 995 3892 1002 -

2334 1038 2484 1092 lactis
2518 1038 2709 1092 nostri.
2753 1039 2830 1093 Illi
2872 1049 3048 1094 autem
3088 1041 3323 1097 hmrctici
3359 1045 3588 1102 volentes
3622 1049 3846 1120 disputare

2330 1129 2396 1183 de
2424 1144 2486 1183 eo
2508 1128 2648 1198 quod
2676 1145 2778 1182 non
2810 1140 3053 1198 poterant
3079 1146 3290 1200 capere,
3320 1133 3558 1192 dixerunt
3586 1140 3690 1208 quia
3712 1142 3844 1202 Filius

2328 1219 2505 1273 minor
2532 1227 2614 1273 est
2640 1234 2798 1289 quam
2826 1219 3004 1284 Pater,
3031 1229 3085 1274 ct
3112 1221 3358 1277 dixerunt
3385 1226 3503 1294 quia
3527 1226 3728 1296 Spiritus
3750 1249 3845 1290 san-

2326 1319 2444 1366 ctus
2483 1311 2658 1365 minor
2696 1319 2778 1366 est
2817 1327 2974 1380 quam
3003 1311 3202 1377 Filius;
3236 1324 3290 1368 et
3327 1315 3556 1371 fecerunt
3590 1322 3770 1388 gradus,
3802 1338 3842 1382 et

2327 1400 2663 1454 immiserunt
2707 1402 2758 1455 in
2792 1401 3083 1455 Ecclesium
3132 1411 3242 1456 tres
3267 1401 3417 1458 deos.
3448 1405 3556 1460 Non
3595 1411 3718 1464 enim
3745 1429 3842 1480 pos.

2325 1501 2451 1546 sunt
2489 1507 2682 1561 negare
2707 1492 2871 1546 Deum
2911 1507 3030 1546 esse
3053 1492 3284 1558 Patrem,
3314 1509 3414 1549 nec
3453 1508 3656 1565 possunt
3688 1518 3841 1572 negaro

2327 1583 2492 1637 Deum
2518 1598 2636 1638 esse
2659 1583 2873 1650 Filium,
2902 1599 2999 1638 nec
3033 1596 3256 1655 possunt
3285 1603 3474 1657 negare
3493 1590 3719 1658 Spiritum
3742 1610 3839 1651 san-

2323 1683 2465 1728 ctum
2482 1689 2600 1729 esse
2619 1675 2804 1728 Deum.
2830 1676 2896 1728 At
2912 1675 2956 1728 si
2975 1675 3130 1730 Pater
3149 1676 3288 1730 Deus
3303 1687 3352 1731 et
3370 1677 3529 1733 Filius
3550 1680 3674 1736 Deus
3687 1694 3732 1738 et
3748 1685 3840 1754 Spi-

2323 1765 2452 1818 ritus
2468 1774 2681 1819 sanctus
2705 1765 2842 1819 Deus
2861 1765 3146 1834 inaequales
3171 1777 3316 1832 sunt,
3333 1776 3505 1822 etnon
3523 1773 3840 1841 suntejusdem

2321 1855 2633 1910 substantia:
2659 1871 2673 1921 ;
2718 1870 2822 1909 non
2851 1864 2930 1909 est
2961 1871 3100 1908 unus
3125 1855 3288 1922 Deus,
3317 1857 3408 1911 sed
3439 1868 3540 1912 tres
3564 1859 3646 1913 dii.
3689 1861 3839 1933 Dispu-

2322 1955 2492 2002 tantes
2517 1961 2644 2016 ergo
2669 1947 2809 2017 quod
2850 1962 3040 2016 capere
3071 1962 3174 2001 non
3218 1957 3482 2017 poterant,
3519 1952 3630 2006 elati
3665 1965 3766 2008 sunt
3797 1958 3836 2012 iu

2319 2040 2625 2108 superbiam
2653 2057 2666 2104 ;
2709 2048 2762 2094 et
2800 2039 2992 2094 factum
3030 2049 3111 2094 est
3136 2041 3186 2094 in
3215 2043 3299 2097 eis
3323 2043 3462 2112 quod
3491 2044 3664 2100 dicitur
3690 2048 3732 2101 in
3758 2049 3835 2104 isto

2319 2131 2545 2200 psalmo,
2576 2130 2636 2185 Si
2664 2146 2764 2184 non
2795 2130 3054 2183 humiliter
3080 2132 3355 2185 sentiebam
3379 2175 3391 2195 ,
3419 2133 3505 2188 sed
3539 2138 3727 2190 exaltari
3745 2141 3835 2192 ani-

2317 2239 2451 2276 mam
2496 2239 2699 2287 meam;
2740 2223 3164 2292 quemadmodum
3207 2224 3299 2296 qui
3342 2224 3534 2280 ablatus
3572 2237 3638 2282 est
3674 2246 3700 2282 α
3737 2231 3837 2285 lacte

2314 2329 2464 2382 super
2506 2323 2714 2366 matrem
2742 2329 2906 2376 suam,
2948 2314 3021 2366 sic
3062 2315 3324 2368 retributio
3365 2316 3416 2369 in
3453 2318 3656 2371 animam
3690 2337 3831 2374 meum.

2315 2403 2481 2457 Mater
2510 2403 2651 2458 enim
2677 2402 2915 2457 Ecclesia
2941 2403 3032 2457 Dei
3061 2411 3163 2469 est,
3194 2403 3342 2458 unde
3382 2405 3451 2459 illi
3483 2410 3686 2475 separati
3707 2418 3829 2464 sunt:

2315 2494 2387 2548 ibi
2430 2494 2608 2548 lactari
2637 2503 2688 2548 et
2730 2495 2916 2548 nutriri
2957 2493 3239 2559 debebant,
3289 2504 3346 2550 ιιι
3383 2508 3662 2553 crescerent
3685 2499 3739 2554 ad
3762 2516 3831 2554 ca-

2313 2586 2561 2655 piendum
2607 2586 2836 2641 Verbum
2881 2587 3044 2642 Deum
3089 2587 3226 2656 apud
3276 2588 3464 2655 Deum,
3505 2589 3554 2643 in
3588 2590 3729 2644 forma
3760 2591 3830 2645 Dei

2311 2679 2568 2749 mqualem
2601 2678 2765 2733 Patri.

2384 2771 2470 2823 12.
2513 2770 2633 2825 Visa
2661 2783 2737 2825 est
2765 2770 2849 2826 hic
2879 2771 3090 2842 quidem
3124 2772 3190 2827 ab
3231 2772 3321 2828 his
3361 2774 3446 2844 qui
3488 2784 3600 2830 ante
3635 2789 3715 2829 nos
3750 2775 3826 2829 ista

2311 2869 2601 2916 tractarunt
2626 2904 2638 2925 ,
2665 2871 2718 2916 et
2745 2862 2846 2915 alia
2875 2863 3132 2916 sententia
3158 2904 3173 2929 ,
3221 2876 3275 2918 et
3322 2865 3455 2919 alius
3497 2866 3755 2921 intellectus
3785 2867 3823 2921 in

2309 2951 2392 3007 his
2421 2953 2594 3009 verbis
2623 2996 2636 3016 ,
2664 2969 2819 3023 quem
2869 2969 2971 3007 non
3022 2955 3207 3009 tacebo
3244 2955 3504 3010 Cliaritali
3532 2968 3712 3010 vestrm.
3737 2957 3823 3010 lloc

2309 3044 2450 3098 enim
2495 3043 2788 3097 dixerunt:
2838 3043 3020 3098 Omnis
3059 3044 3329 3112 superbus
3372 3046 3600 3116 displicet
3642 3047 3826 3110 Deo,et

2308 3133 2466 3188 debet
2492 3149 2550 3188 sc
2573 3134 2798 3187 humana
2822 3134 2994 3187 anima
3019 3134 3305 3190 humiliare
3325 3179 3339 3202 ,
3365 3153 3427 3192 nc
3451 3138 3549 3190 Deo
3571 3137 3820 3206 displiceat,

2307 3236 2358 3281 et
2391 3235 2500 3280 tuto
2525 3225 2685 3280 corde
2712 3225 2906 3280 intueri
2926 3226 3064 3295 quod
3086 3227 3292 3282 dictum
3317 3238 3395 3283 est
3417 3272 3430 3294 ,
3457 3229 3638 3294 Quanto
3658 3245 3824 3297 magna:

2305 3335 2356 3372 es
2377 3361 2388 3381 ,
2420 3327 2557 3372 (mito
2591 3317 2802 3370 humilia
2829 3327 2875 3371 te
2897 3318 2947 3370 in
2979 3317 3206 3373 antnibus
3226 3360 3240 3383 ,
3281 3328 3327 3373 et
3351 3336 3512 3372 coram
3537 3319 3630 3373 Deo
3652 3319 3822 3372 invenies

2303 3409 2517 3479 gratiam
2547 3407 2565 3480 (
2593 3406 2755 3460 Eccli.
2787 3423 2840 3460 ιιι
2867 3450 2881 3471 ,
2908 3407 2978 3462 ΞΟ
2997 3405 3043 3479 ).
3069 3408 3173 3462 Sed
3203 3425 3394 3464 rursus
3415 3419 3530 3463 sunt
3550 3408 3726 3479 quidam
3748 3408 3821 3462 ho-

2304 3500 2474 3553 mines
2500 3539 2515 3564 ,
2547 3499 2635 3567 qui
2664 3513 2782 3552 cum
2814 3498 3079 3552 audierint
3106 3500 3226 3568 quia
3260 3499 3488 3554 humiles
3503 3515 3611 3553 esse
3635 3499 3817 3562 debent,

2303 3589 2575 3643 dimittunt
2600 3603 2657 3642 se
2685 3629 2698 3653 ,
2743 3587 2876 3642 nihil
2921 3590 3105 3644 volunt
3139 3589 3354 3645 discere
3377 3632 3392 3657 ,
3424 3600 3645 3658 putantes
3668 3589 3763 3658 quia
3785 3587 3818 3642 si

2301 3679 2498 3749 aliquid
2527 3679 2810 3734 didicerint
2836 3681 3046 3749 superbi
3078 3690 3268 3744 erunt;
3309 3689 3362 3735 et
3391 3688 3643 3735 remanent
3665 3680 3706 3732 in
3730 3678 3817 3730 solo

2303 3770 2436 3824 lacte
2461 3772 2502 3822 ³.
2535 3770 2681 3838 Quos
2708 3770 3050 3840 reprehendit
3079 3771 3357 3842 Scriptura
3383 3815 3398 3840 ,
3425 3773 3625 3827 dicens:
3652 3769 3705 3823 Et
3725 3768 3817 3838 [acti

2301 3862 2417 3914 estis
2440 3877 2564 3931 opus
2604 3860 2838 3915 habentes
2884 3860 3045 3925 lacte,
3095 3878 3195 3914 non
3241 3862 3408 3915 solido
3448 3863 3550 3914 cibo
3581 3858 3748 3926 (llebr.
3771 3871 3811 3920 v,

2302 3950 2429 4021 12).
2461 3951 2548 4006 Sic
2577 3951 2716 4004 enim
2767 3967 2864 4005 nos
2909 3951 3047 4005 Deus
3093 3951 3203 4003 vult
3245 3952 3432 4006 nutriri
3480 3953 3811 4016 lacte,utnnn

2301 4043 2374 4097 ibi
2401 4059 2764 4098 remaneamus
2790 4058 2805 4106 ;
2838 4042 2928 4096 sed
2958 4043 3247 4096 crescendo
3283 4059 3376 4112 per
3401 4043 3478 4096 lac
3499 4083 3512 4107 ,
3543 4042 3600 4095 ad
3633 4038 3809 4094 solidum

2301 4135 2476 4189 cibum
2508 4134 2902 4204 perveniamus.
2929 4133 3066 4202 Ergo
3105 4148 3209 4186 non
3254 4133 3411 4188 debet
3439 4131 3586 4185 homo
3609 4127 3810 4184 extollere

2299 4241 2393 4280 cor
2420 4240 2571 4278 suum
2599 4225 2649 4277 in
2679 4223 2980 4292 superbiam
3003 4264 3019 4289 ,
3047 4222 3140 4276 sed
3183 4221 3342 4276 debet
3377 4223 3542 4276 levare
3579 4219 3622 4272 in
3659 4213 3810 4268 doctri-

2301 4331 2421 4369 nam
2453 4314 2598 4368 verbi
2645 4313 2757 4368 Dei.
2803 4312 2934 4367 Nam
2984 4313 3026 4366 si
3076 4312 3298 4366 levanda
3344 4313 3510 4364 anima
3549 4323 3640 4362 non
3673 4309 3808 4363 esset,

2299 4420 2404 4460 non
2436 4405 2702 4458 diceretur
2729 4403 2781 4456 in
2808 4402 2908 4455 alia
2939 4416 3068 4454 voce
3113 4401 3306 4471 psalmi
3339 4418 3350 4453 :
3393 4400 3471 4453 Ad
3502 4408 3545 4452 te
3565 4438 3579 4463 ,
3612 4393 3808 4462 Ποιηὶηερ

2299 4495 2455 4562 levavi
2479 4493 2700 4546 animam
2731 4507 2891 4544 meam
2920 4489 2937 4560 (
2970 4489 3114 4544 Psal.
3141 4507 3288 4554 xxw,
3323 4491 3346 4544 1
3381 4491 3417 4558 ).
3449 4490 3510 4542 Et
3542 4485 3627 4540 nisi
3654 4499 3701 4536 se
3726 4482 3807 4547 ipsa

2297 4586 2471 4639 anima
2499 4598 2658 4651 super
2687 4597 2744 4636 se
2774 4579 3042 4644 effundat,
3075 4595 3179 4633 non
3226 4580 3462 4648 pervenit
3499 4577 3560 4630 ad
3604 4573 3808 4626 visionem

2301 4674 2432 4739 Dei,
2462 4684 2516 4729 et
2545 4674 2608 4727 ad
2638 4672 2995 4742 Cognitionem
3029 4671 3338 4724 substantim
3367 4669 3496 4722 illius
3527 4666 3809 4720 incommuta-

2298 4765 2440 4820 bilis.
2472 4763 2606 4818 Nam
2635 4762 2795 4816 modo
2821 4776 2941 4815 eum
2969 4760 3142 4813 adhuc
3172 4760 3221 4812 in
3244 4774 3404 4813 carne
3432 4765 3539 4820 est,
3563 4752 3723 4808 dicitur
3741 4745 3805 4797 ei:

2303 4853 2399 4908 Ubi
2425 4860 2496 4906 est
2524 4851 2659 4906 Deus
2687 4851 2845 4904 tuus?
2880 4849 2983 4904 Sed
3014 4849 3155 4903 intus
3179 4857 3260 4902 est
3290 4849 3423 4901 Deus
3450 4847 3556 4914 ejus
3579 4885 3592 4907 ,
3620 4848 3662 4894 et
3685 4833 3804 4906 sphi-

2300 4945 2511 5000 tualiter
2540 4945 2679 4997 intus
2707 4953 2788 4997 est
2810 4982 2824 5005 ,
2855 4950 2909 4995 et
2952 4939 3299 5011 spiritualiter
3341 4938 3571 4992 excelsus
3601 4939 3702 4992 est;
3729 4938 3806 4978 n0"

2298 5037 2448 5107 quasi
2487 5034 2781 5090 intervallis
2824 5033 3059 5086 lucorum
3085 5071 3100 5096 ,
3148 5027 3412 5100 quomodo
3456 5041 3547 5096 per
3585 5012 3806 5076 intervalla

2301 5129 2415 5182 loca
2443 5126 2631 5180 altiora
2657 5132 2800 5178 sunt.
2828 5122 2958 5177 Nam
2986 5122 3028 5174 si
3053 5121 3171 5174 talis
3196 5117 3418 5174 altitudo
3443 5107 3693 5182 quwrenda
3715 5108 3806 5162 est.

2298 5220 2514 5274 vincunt
2543 5231 2640 5271 nos
2666 5231 2789 5269 aves
2810 5214 2873 5267 ad
2899 5215 3082 5267 Deum.
3108 5213 3246 5282 Ergo
3268 5212 3405 5263 intus
3428 5208 3558 5261 Deus
3580 5203 3695 5253 altus
3716 5201 3805 5254 εει,

2299 5322 2352 5366 ει
2378 5309 2719 5381 spiritualiter
2747 5307 2883 5360 altus
2906 5323 2920 5369 ;
2956 5319 3054 5358 nec
3077 5304 3310 5373 pervenit
3334 5301 3498 5352 anima
3522 5303 3571 5347 ut
3589 5288 3808 5380 contingat

2299 5418 2418 5458 eum
2445 5442 2460 5467 ,
2493 5401 2591 5454 nisi
2625 5399 2892 5452 transierit
2915 5411 2993 5450 se.
3019 5395 3147 5448 Nam
3177 5391 3423 5463 quidquid
3449 5389 3510 5440 de
3549 5386 3644 5438 Deo
3678 5383 3808 5430 scultS

2298 5491 2586 5548 secundum
2615 5503 2808 5558 Corpus
2833 5529 2847 5551 ,
2879 5487 3099 5541 multum
3128 5498 3293 5540 erras.
3327 5481 3534 5535 Multum
3560 5472 3707 5528 infans
3728 5475 3804 5522 cs.

2364 5671 2380 5702 ¹
2407 5677 2584 5718 omnes
2597 5671 2893 5728 propensa,
2916 5674 3088 5726 pimem
3111 5660 3221 5726 fecit
3255 5658 3385 5711 nobis
3406 5655 3493 5716 ιαε,
3518 5648 3754 5702 inamatus
3768 5637 3805 5685 α

2298 5742 2535 5825 appaqens
2556 5724 2849 5808 mbrlalilttts.

2411 5808 2429 5825 Α
2461 5796 2584 5825 munt
2613 5795 2737 5825 Mser-
2762 5799 2849 5825 ms

2407 5790 2591 5854 Aliquot
2613 5795 2739 5847 Mss,
2762 5785 2812 5837 in
2826 5797 2912 5837 suo
2934 5783 3072 5836 lacte.
