4160 6440
366 413 516 469 "IS

358 533 413 589 si
447 530 610 586 sentis
637 527 704 584 de
734 523 844 582 Deo
868 527 1025 582 etiam
1048 525 1339 581 secundum
1366 524 1594 578 animam
1622 523 1906 578 humanam
1933 563 1948 589 ,

357 620 512 684 quod
543 621 682 674 Deus
706 627 796 671 aut
816 618 1156 672 obliviscatur
1179 658 1195 684 ,
1222 625 1312 670 aut
1339 617 1412 670 ita
1440 616 1607 684 sapiat
1628 625 1686 669 ut
1705 613 1950 683 desipiat,

358 721 463 764 aut
489 709 644 764 faciat
670 708 866 777 aliquid
897 716 950 762 et
972 709 1225 777 pmnitcat
1253 723 1371 762 cum
1405 725 1417 762 :
1446 707 1623 759 omnia
1666 705 1806 759 enim
1852 705 1952 759 ista

357 802 541 870 posita
571 800 769 853 suntin
801 801 1088 868 Seripturis
1114 842 1128 867 ,
1161 809 1219 854 ut
1255 799 1407 854 nobis
1446 798 1760 852 lactentibus
1801 812 1952 852 com-

356 891 714 946 mendarctur
741 891 918 954 Deus;
950 906 1054 945 non
1083 899 1141 944 ut
1170 891 1381 960 proprie
1412 889 1479 943 de
1523 889 1615 943 illo
1653 889 1730 943 sic
1770 887 1952 942 audia-

354 997 492 1036 mus
522 983 656 1046 ista,
686 991 739 1034 et
783 981 1134 1051 intelligamus
1176 980 1326 1049 quasi
1370 980 1622 1049 pmniteat
1660 979 1826 1032 Deum
1857 1019 1872 1042 ,
1900 983 1954 1031 et

355 1073 532 1126 modo
559 1072 727 1126 discat
753 1072 948 1140 aliquid
985 1072 1124 1141 quod
1157 1087 1260 1126 non
1302 1080 1557 1136 noverat,
1603 1081 1656 1124 et
1698 1070 1952 1138 intelligat

354 1162 511 1230 quod
544 1177 643 1214 neu
675 1162 1001 1232 intelligebat
1025 1204 1039 1227 ,
1071 1170 1124 1216 et
1162 1163 1533 1216 reminiscatur
1573 1161 1713 1230 quod
1756 1161 1952 1216 oblitus

356 1265 509 1308 erat.
552 1253 697 1307 Talia
737 1254 880 1306 enim
929 1254 1119 1308 anima:
1163 1263 1325 1319 sunt,
1373 1269 1476 1307 non
1528 1253 1640 1307 Dei.
1687 1252 1798 1308 Nisi
1825 1267 1952 1322 ergo

358 1343 639 1397 transit-rit
666 1352 719 1397 et
760 1343 973 1397 modum
1008 1345 1200 1398 anima:
1239 1359 1387 1410 suae,
1435 1360 1540 1398 non
1583 1343 1784 1398 videbit
1831 1344 1952 1413 quia

360 1434 518 1488 Deus
563 1441 643 1486 est
690 1434 830 1502 quod
881 1443 1000 1497 est;
1042 1435 1129 1504 qui
1174 1433 1339 1498 dixit,
1397 1434 1508 1505 Ego
1549 1452 1659 1488 sum
1706 1435 1792 1505 qui
1841 1450 1954 1487 sum

364 1527 386 1590 (
425 1524 588 1579 Exod.
622 1541 717 1590 ιη,
745 1526 874 1593 Η).
917 1526 1097 1596 Itaque
1145 1527 1233 1581 ille
1275 1527 1357 1582 cui
1401 1527 1712 1591 dicebatur,
1757 1527 1853 1582 Ubi
1881 1536 1953 1580 est

361 1614 509 1668 Deus
545 1625 652 1669 tuus
673 1657 686 1677 ,
719 1615 843 1685 quid
872 1615 1043 1670 dixit?
1071 1616 1246 1670 Facta:
1266 1626 1382 1670 sunt
1407 1618 1530 1671 nti/ti
1560 1617 1795 1688 lacryma:
1833 1633 1955 1670 mea:

365 1707 522 1773 panis
538 1706 623 1761 die
645 1722 704 1758 ac
728 1717 900 1772 nocte,
936 1709 1056 1761 dum
1085 1710 1268 1763 dicitur
1295 1709 1417 1762 mihi
1445 1709 1666 1777 quotidie
1689 1749 1703 1771 ,
1751 1707 1848 1761 Ubi
1880 1715 1954 1762 est

363 1796 514 1852 Dens
554 1800 703 1854 Inus?
748 1799 818 1855 Ut
858 1812 1035 1855 autem
1079 1800 1339 1855 inveniret
1377 1800 1540 1854 Deum
1587 1814 1738 1852 suum
1765 1840 1781 1863 ,
1828 1797 1952 1868 quid

365 1891 520 1958 egit?
549 1891 672 1946 Hau:
699 1893 967 1946 meditatus
994 1909 1102 1945 sum
1127 1933 1142 1958 ,
1171 1892 1379 1961 inquit,
1416 1900 1462 1944 et
1499 1888 1655 1957 e/fudi
1701 1905 1849 1959 super
1877 1905 1956 1943 me

366 1985 595 2036 animant
622 2001 784 2037 meam
809 1987 824 2050 (
849 1983 990 2038 Psal.
1019 2001 1104 2038 XLI
1131 2026 1144 2050 ,
1169 1984 1203 2038 4
1227 2025 1242 2049 ,
1268 1985 1301 2038 5
1387 1983 1456 2038 Ut
1482 1983 1740 2038 inveniret
1763 1983 1948 2046 Deum,

367 2072 560 2127 cll'udit
586 2088 746 2144 super
771 2090 829 2130 se
853 2075 1081 2128 animam
1112 2089 1284 2129 suam.
1308 2073 1422 2128 Non
1451 2089 1576 2143 ergo
1605 2073 1681 2127 sic
1709 2073 1797 2127 tibi
1824 2072 1955 2126 diei-

369 2172 464 2216 tur
486 2206 500 2230 ,
533 2164 754 2218 Humilis
781 2174 896 2219 esto
916 2205 930 2229 ,
962 2173 1020 2218 ut
1049 2181 1152 2218 non
1179 2165 1373 2234 sapias.
1402 2164 1626 2218 Humilis
1656 2172 1771 2217 esto
1795 2205 1810 2228 ,
1841 2177 1954 2231 pro-

373 2261 497 2321 pter
520 2255 817 2320 superbiam
845 2271 858 2319 ;
883 2256 1019 2308 altus
1041 2264 1156 2309 esto
1181 2295 1194 2317 ,
1220 2263 1436 2323 propter
1459 2254 1791 2322 sapientiam.
1817 2252 1952 2306 Audi

369 2346 670 2400 evidentem
698 2348 1012 2402 sententiam
1040 2347 1105 2402 de
1131 2347 1230 2401 hac
1268 2361 1326 2401 re
1370 2365 1384 2402 :
1436 2344 1608 2400 Nolite
1648 2346 1789 2415 pueri
1830 2344 1954 2415 efﬁci

371 2442 617 2492 mentibus
634 2455 654 2504 ;
674 2441 764 2495 sed
783 2443 972 2494 malitia
1001 2443 1218 2512 infantes
1244 2451 1398 2495 estote
1420 2483 1434 2506 ,
1464 2451 1516 2493 ut
1553 2438 1796 2492 mentibus
1835 2455 1951 2508 per‘

371 2528 494 2595 fecti
519 2530 626 2582 sitis
653 2530 671 2598 (
701 2530 717 2584 l
745 2529 859 2584 Cor.
886 2548 992 2595 xw,
1017 2531 1087 2585 ‘20
1116 2531 1154 2602 ).
1179 2530 1336 2585 Certe
1366 2530 1680 2598 explicatum
1708 2536 1790 2583 est
1815 2570 1828 2590 ,
1857 2526 1956 2580 fra-

373 2628 488 2673 tres
511 2621 609 2673 mci
633 2662 648 2684 ,
675 2621 762 2674 ubi
786 2637 882 2676 nos
906 2623 1042 2676 Deus
1059 2623 1224 2677 voluit
1239 2638 1358 2676 esse
1383 2621 1610 2676 humiles
1627 2663 1640 2685 ,
1668 2622 1753 2675 ubi
1781 2621 1950 2675 altos:

371 2707 603 2762 humiles
626 2751 640 2775 ,
671 2721 886 2780 propter
919 2713 1203 2766 cavendam
1245 2712 1544 2781 superbiam
1574 2729 1588 2776 ;
1620 2713 1756 2766 altos
1785 2753 1799 2778 ,
1831 2727 1953 2781 pro-

371 2809 497 2868 pter
541 2801 848 2869 capiendam
893 2804 1225 2871 sapientiam.
1269 2803 1526 2868 Laetare,
1571 2813 1626 2857 ut
1667 2803 1949 2868 nutriaris;

374 2891 456 2946 sic
499 2891 696 2945 mttrire
720 2934 734 2955 ,
766 2901 822 2945 ut
847 2907 1088 2958 erescas;
1126 2896 1202 2948 sic
1227 2908 1405 2949 cresce
1429 2937 1443 2961 ,
1486 2903 1543 2949 ut
1582 2909 1772 2964 panem
1805 2909 1954 2947 man-

370 2981 557 3036 duces.
585 2983 716 3036 Cum
747 2985 887 3038 enim
916 2987 1144 3055 cmperis
1172 3002 1358 3056 panem
1401 2986 1718 3041 manducare
1743 3028 1756 3051 ,
1801 2985 1951 3040 abla-

370 3073 626 3138 ctaberis,
662 3075 710 3128 id
748 3085 829 3130 est
851 3116 866 3142 ,
891 3077 999 3143 jam
1027 3078 1117 3132 tibi
1160 3093 1262 3132 nou
1295 3093 1430 3148 epus
1458 3081 1554 3133 erit
1590 3080 1667 3133 lac
1691 3121 1704 3144 ,
1739 3077 1830 3133 sed
1862 3093 1950 3132 so.

375 3165 514 3218 lidus
539 3166 707 3220 cibus.
737 3168 802 3222 Et
833 3169 933 3222 hoc
960 3170 1168 3224 videtur
1193 3171 1388 3226 dixisse
1417 3191 1430 3226 :
1476 3172 1538 3226 Si
1567 3188 1665 3225 non
1697 3171 1953 3224 humiliter

372 3255 646 3309 sentiebam
668 3297 684 3321 ,
715 3257 802 3310 sed
823 3259 1042 3312 exaltavt'
1067 3262 1286 3314 animam
1308 3279 1467 3314 meam
1494 3278 1511 3325 ;
1542 3262 1592 3316 id
1621 3271 1702 3316 est
1727 3303 1742 3327 ,
1774 3262 1818 3315 si
1847 3276 1949 3316 non

374 3354 556 3400 mente
581 3388 595 3412 ,
624 3346 716 3401 sed
761 3349 955 3402 malitia
994 3352 1242 3419 parvulus
1277 3351 1372 3406 fui.
1408 3351 1558 3419 Quod
1605 3350 1905 3422 significans
1934 3392 1949 3416 ,

374 3434 510 3489 dixit
535 3438 806 3506 superiora
838 3440 997 3493 verba
1029 3457 1040 3492 :
1069 3439 1285 3494 Domine
1307 3482 1321 3507 ,
1345 3459 1445 3495 non
1475 3450 1543 3495 est
1570 3442 1840 3495 exaltatum
1866 3458 1954 3495 cor

375 3544 539 3580 meum
561 3570 575 3594 ,
607 3547 764 3601 neque
791 3533 842 3585 in
869 3531 1026 3586 altum
1053 3533 1172 3588 elati
1193 3543 1305 3588 sunt
1336 3536 1468 3589 oculi
1507 3536 1638 3601 mei;
1671 3552 1828 3607 neque
1867 3537 1952 3589 in-

375 3636 574 3689 gressus
597 3639 708 3675 sum
736 3623 788 3676 in
818 3625 1013 3694 magnis
1036 3668 1050 3690 ,
1079 3641 1236 3696 neque
1258 3626 1310 3679 in
1341 3627 1650 3681 mirabilibus
1675 3645 1827 3697 super
1851 3645 1947 3682 me.

378 3708 514 3766 Ecce
542 3713 664 3780 quia
694 3713 888 3768 malitia
919 3717 1169 3784 parvulus
1210 3716 1301 3770 fui.
1341 3717 1443 3772 Sed
1485 3719 1604 3788 quia
1647 3734 1805 3774 sensu
1846 3735 1950 3774 non

378 3798 448 3852 fui
482 3803 761 3868 parvulus;
793 3803 853 3856 Si
877 3821 975 3856 non
1003 3805 1260 3859 humiliter
1283 3807 1552 3861 sentiebam
1576 3849 1590 3874 ,
1622 3809 1710 3862 sed
1737 3810 1952 3863 exaltan

376 3893 596 3946 animum
621 3911 780 3947 nteant
802 3911 823 3958 ;
849 3897 1168 3951 retribuitur
1188 3899 1314 3952 mihi
1341 3899 1479 3968 quod
1504 3901 1809 3955 retribuitur
1834 3917 1952 3970 par-

377 3982 498 4036 vulo
526 3985 612 4050 qui
643 3985 935 4040 ablactatur
958 4002 987 4041 a
1016 3997 1219 4055 matre,
1254 3999 1307 4043 ut
1333 3990 1440 4059 jam
1479 4005 1666 4059 panem
1709 3993 1808 4045 sim
1841 3991 1954 4046 ido-

377 4089 506 4128 neus
533 4077 872 4133 manducare.

447 4167 534 4222 l5.
577 4168 641 4221 Et
668 4166 783 4222 haec
807 4185 934 4240 ergo
957 4211 971 4236 ,
1001 4170 1190 4228 fratres
1214 4214 1228 4237 ,
1258 4175 1517 4228 sententia
1545 4189 1648 4228 non
1675 4174 1948 4245 displicet,

377 4259 494 4326 quia
521 4269 735 4315 nonest
770 4273 956 4316 contra
996 4263 1172 4317 tidem.
1217 4263 1391 4319 Movet
1431 4280 1518 4321 me
1567 4274 1739 4321 tamen
1766 4308 1780 4333 ,
1830 4269 1950 4337 quia

377 4361 480 4402 non
512 4358 716 4404 tantum
759 4351 956 4406 dictum
993 4363 1076 4408 est
1101 4395 1116 4419 ,
1166 4355 1599 4422 Quemadmodum
1635 4359 1719 4426 qui
1757 4359 1954 4414 ablatus

378 4448 446 4492 est
473 4455 504 4492 a
531 4440 658 4494 lacte
676 4483 690 4506 ,
722 4443 794 4496 sic
820 4443 1076 4497 retributio
1101 4446 1153 4497 in
1180 4446 1400 4498 animam
1426 4463 1586 4500 meam
1607 4464 1626 4512 ;
1665 4447 1758 4502 sed
1800 4448 1952 4503 addi-

379 4539 486 4584 tum
512 4543 593 4585 est
617 4573 632 4598 ,
660 4533 1091 4600 Quemadmodum
1120 4537 1206 4606 qui
1230 4537 1426 4591 ablatus
1467 4547 1539 4592 est
1573 4556 1603 4591 a
1648 4540 1775 4595 lacte
1805 4557 1956 4611 super

378 4634 586 4678 matrem
634 4641 816 4691 suam,
861 4628 932 4681 sic
973 4626 1227 4682 retributio
1265 4631 1316 4683 in
1365 4632 1584 4683 animant
1628 4649 1810 4687 meam.
1860 4634 1956 4687 llic

378 4713 505 4767 mihi
541 4716 722 4768 nescio
749 4715 872 4785 quid
903 4717 1004 4770 tale
1029 4719 1295 4786 occurrit,
1325 4727 1382 4773 ut
1408 4719 1616 4775 videam
1642 4721 1760 4790 quia
1787 4722 1954 4778 male-

377 4801 574 4856 dictum
617 4813 717 4858 est.
763 4806 1070 4861 Ablactatur
1109 4809 1249 4863 enim
1296 4825 1398 4863 non
1451 4809 1658 4876 infans,
1707 4811 1798 4866 sed
1844 4813 1954 4882 jam

376 4886 825 4959 grattdiuSCulus':
853 4899 938 4966 qui
969 4907 1142 4952 autem
1189 4898 1428 4955 inﬁrmus
1469 4911 1549 4955 est
1584 4905 1749 4971 prima
1787 4904 1958 4959 infan-

379 4984 444 5035 tia
471 5023 484 5042 .
518 4999 637 5053 qua:
667 5001 790 5040 vera
819 4988 1032 5043 infantia
1065 4999 1146 5043 est
1171 5031 1186 5054 ,
1218 5006 1378 5059 super
1407 5003 1628 5048 matrem
1659 5009 1807 5049 suam
1835 5005 1953 5062 est;

377 5073 420 5125 si
452 5075 586 5130 l'orte
617 5077 773 5132 tuerit
796 5095 825 5132 a
852 5079 987 5136 lacte
1015 5081 1223 5136 ablatus
1246 5124 1261 5146 ,
1302 5084 1670 5155 exstinguitur.
1702 5085 1817 5142 Non
1849 5087 1959 5143 fru-

379 5173 485 5218 stra
517 5181 645 5238 ergo
675 5169 911 5226 additum
939 5183 1018 5226 est
1042 5215 1056 5239 ,
1081 5191 1231 5242 super
1257 5188 1464 5228 mitram
1495 5195 1655 5231 suam.
1692 5181 1962 5236 Ablactari’

379 5257 518 5308 cuiut
553 5273 739 5314 omnes
766 5267 988 5331 possunt
1015 5265 1323 5320 crescendo.
1368 5267 1468 5334 Qui
1505 5271 1737 5336 crescit,
1787 5281 1838 5323 et
1882 5272 1958 5325 sic

380 5346 674 5404 ablactatur
698 5393 712 5417 ,
745 5351 942 5407 bonum
970 5363 1054 5409 est
1089 5355 1158 5408 illi
1186 5372 1200 5419 ;
1245 5358 1331 5425 qui
1369 5369 1546 5413 autem
1594 5359 1767 5414 adhuc
1801 5377 1961 5430 super

381 5449 604 5494 matrem
646 5457 794 5496 suam
843 5453 958 5509 est,
1013 5447 1386 5514 perniciosum.
1439 5450 1576 5520 Ergo
1618 5452 1913 5506 cavendum
1943 5495 1957 5519 ,

382 5526 576 5584 fratres
601 5574 614 5598 ,
643 5541 698 5587 et
727 5533 1017 5589 timendttm
1043 5547 1216 5592 estne
1254 5541 1372 5607 quis
1411 5549 1532 5595 ante
1573 5550 1777 5611 tempus
1821 5545 1964 5598 abla-

383 5630 578 5678 ctetur.
622 5625 750 5680 Nam
790 5630 964 5683 omnis
1003 5630 1220 5698 grandis
1259 5648 1389 5702 puer
1429 5645 1705 5703 separatur
1742 5651 1770 5689 a
1806 5637 1961 5693 lacte.

383 5713 491 5770 Sed
523 5731 589 5773 ne
621 5719 736 5788 quis
766 5727 890 5777 tunc
930 5736 958 5775 a
1001 5722 1138 5777 lacte
1183 5734 1494 5794 separetur,
1544 5727 1754 5796 quando
1793 5728 1964 5784 adhuc

387 5823 550 5878 super
577 5821 797 5871 matrem
823 5828 972 5868 suam
999 5824 1098 5868 est.
1134 5814 1264 5870 Cum
1306 5825 1481 5871 autem
1522 5826 1760 5888 portatur
1795 5819 1966 5874 mani-

1430 401 1819 459 L'NARRATIO
1859 401 1920 455 ΙΝ
1962 398 2280 459 PSALMUM
2321 403 2532 462 CXXX.

3501 430 3634 485 ΠΗ

2064 519 2161 577 bus
2188 526 2371 579 matris
2394 566 2407 590 .
2436 527 2524 597 qui
2553 537 2786 598 portatus
2809 539 2887 585 est
2912 543 3062 591 utero
3084 535 3362 608 (portatus
3387 554 3466 599 cst
3492 550 3632 604 enim

2064 623 2213 669 utero
2236 657 2251 682 ,
2284 625 2342 671 ut
2369 628 2711 687 nasceretur;
2736 633 2977 692 portatur
2995 629 3270 698 manibus,
3293 640 3353 688 ut
3371 648 3574 694 crescat
3594 642 3636 710 ),

2062 702 2198 759 lacte
2241 720 2374 775 opus
2418 708 2614 776 habet;
2658 713 2831 770 adhuc
2875 731 3037 788 super
3080 731 3303 778 matrem
3343 739 3492 782 suam
3533 702 3636 786 est.

2059 793 2174 849 Non
2225 811 2352 866 ergo
2395 800 2522 854 velit
2564 811 2688 857 tunc
2730 805 2966 864 exaltare
3005 810 3234 867 animam
3276 830 3427 871 suam
3453 858 3468 883 ,
3515 835 3636 877 cum

2060 882 2196 941 forte
2229 887 2404 942 minus
2453 889 2674 945 idoneus
2713 902 2794 948 est
2836 895 2903 950 ad
2934 899 3247 967 capiendum
3285 882 3461 961 cibum
3486 950 3501 975 ,
3544 912 3637 966 sed

2059 975 2277 1046 impleat
2309 990 2568 1050 przecepta
2593 981 2927 1041 humilitatis.
2959 988 3128 1046 llabet
3153 994 3241 1048 ubi
3267 1011 3325 1051 se
3351 1012 3598 1058 exerceat
3624 1022 3636 1057 :

2057 1067 2242 1121 credat
2287 1070 2340 1124 in
2365 1070 2637 1128 Christum
2665 1115 2680 1140 ,
2712 1085 2772 1129 ut
2809 1079 2975 1145 possit
3019 1081 3310 1154 intelligere
3348 1088 3638 1154 Christum.

2059 1155 2255 1212 Videre
2277 1159 2510 1215 Verbum
2541 1178 2645 1217 non
2674 1174 2848 1232 potest
2875 1206 2894 1234 ,
2915 1183 3108 1238 capere
3136 1189 3238 1228 non
3266 1187 3442 1244 petest
3467 1198 3640 1252 :equa-

2059 1245 2258 1302 litatt-tn
2292 1248 2448 1305 Verbi
2472 1267 2591 1306 eum
2617 1253 2772 1310 Patre
2795 1297 2808 1324 ,
2841 1260 3195 1328 mqualitatem
3221 1263 3450 1334 Spiritus
3473 1245 3638 1329 sancti

2058 1351 2178 1391 cum
2206 1337 2362 1394 Patre
2405 1349 2460 1395 et
2500 1343 2675 1398 Verbo
2713 1346 2946 1402 nondum
2992 1361 3165 1421 potest
3214 1357 3429 1424 videre;
3461 1364 3644 1420 credat

2059 1425 2198 1491 huc,
2239 1439 2292 1483 et
2335 1433 2548 1502 sugat‘.
2599 1433 2830 1490 Securus
2873 1447 2992 1504 est,
3035 1443 3156 1512 quia
3200 1460 3321 1502 cum
3365 1453 3595 1507 creverit
3623 1497 3638 1520 ,

2058 1519 2433 1588 mandueabit,
2487 1523 2626 1592 quod
2669 1541 2774 1580 non
2815 1536 3023 1596 poterat
3071 1542 3353 1606 antequam
3401 1519 3641 1611 sugendo

2057 1622 2324 1668 cresceret
2359 1633 2371 1668 :
2412 1623 2466 1668 et
2503 1616 2662 1672 habet
2707 1619 2795 1673 ubi
2834 1634 2892 1675 se
2939 1626 3208 1681 extendat.
3255 1630 3452 1688 Altiora
3491 1646 3537 1689 te
3577 1655 3642 1693 ne

2057 1704 2312 1773 quwsieris
2336 1744 2350 1769 ,
2381 1714 2427 1759 et
2456 1708 2666 1776 fortiora
2693 1717 2740 1762 te
2767 1726 2830 1763 ne
2851 1722 3103 1770 scrutatus
3130 1720 3321 1787 fueris;
3345 1721 3398 1777 id
3427 1737 3507 1781 est
3530 1769 3545 1792 ,
3570 1730 3640 1786 ad

2059 1809 2175 1862 qua:
2200 1796 2457 1864 capienda
2483 1798 2659 1853 minus
2691 1799 2915 1858 idoneus
2954 1820 3032 1859 es.
3075 1806 3145 1862 Et
3184 1811 3308 1880 quid
3349 1815 3485 1870 l’acio
3507 1862 3521 1884 ,
3553 1821 3638 1876 in.

2058 1884 2214 1953 quis?
2237 1886 2314 1940 sic
2343 1889 2674 1943 remanebo?
2703 1889 2811 1946 Sed
2833 1910 2948 1964 qua:
2976 1901 3212 1970 pracepit
3241 1904 3330 1958 tibi
3356 1905 3636 1980 Dominus,

2056 1975 2148 2029 illa
2173 1978 2338 2048 cogita
2365 1996 2558 2050 semper
2584 1981 2602 2049 (
2631 1982 2787 2038 Ecclt'.
2822 2001 2877 2040 ιη
2902 2028 2916 2051 ,
2943 1987 3014 2042 22
3035 1988 3076 2060 ).
3105 1992 3235 2060 Quae
3267 1995 3358 2051 tibi
3385 1975 3640 2074 praecepit

2063 2065 2358 2122 Dominus?
2388 2069 2492 2124 Fac
2520 2072 2941 2131 misericordiam
2967 2119 2981 2143 ,
3011 2095 3195 2149 pacem
3237 2065 3489 2146 Ecclesiae
3531 2065 3638 2154 noli

2057 2156 2324 2213 dimittere
2346 2199 2361 2225 ,
2388 2161 2438 2214 in
2471 2161 2684 2218 homine
2705 2179 2852 2233 spem
2881 2169 2988 2223 noli
3018 2184 3214 2239 ponere
3235 2215 3250 2241 ,
3280 2176 3638 2243 desiderando

2060 2249 2314 2306 miracula
2340 2253 2445 2307 noli
2475 2262 2678 2309 tentare
2705 2256 2890 2312 Deum.
2920 2257 2974 2315 Si
3001 2261 3108 2330 jam
3131 2273 3213 2318 est
3239 2266 3290 2320 itt
3320 2276 3372 2324 te
3400 2271 3598 2331 fructus
3622 2321 3634 2343 ,

2057 2343 2332 2410 cogtto<cis
2356 2383 2370 2405 ,
2399 2345 2519 2413 quia
2548 2359 2669 2399 cum
2702 2347 2855 2402 bonis
2889 2350 3084 2406 toleras
3120 2353 3318 2412 zizania
3360 2375 3526 2431 usque
3570 2367 3637 2423 ad

2058 2446 2286 2486 messem
2316 2434 2334 2502 (
2364 2433 2550 2488 Matth.
2581 2451 2673 2490 xm
2697 2478 2711 2502 ,
2743 2437 2812 2492 50
2835 2439 2874 2508 );
2903 2441 3024 2509 quia
3055 2458 3175 2499 cum
3207 2449 3359 2504 malis
3409 2453 3473 2507 ad
3512 2463 3616 2512 tem

2058 2535 2158 2590 pus
2188 2533 2339 2592 potes
2364 2538 2484 2579 esse
2503 2567 2516 2588 ,
2549 2540 2652 2580 non
2681 2526 2734 2580 in
2762 2537 3038 2585 aeternum.
3066 2533 3220 2591 Palea
3245 2537 3329 2594 hic
3351 2542 3441 2597 tibi
3474 2547 3635 2604 mixta

2057 2613 2217 2667 estin
2249 2613 2350 2669 hoc
2393 2624 2632 2683 tempore
2676 2617 2730 2671 in
2777 2633 2938 2685 arca;
2987 2622 3037 2676 in
3082 2622 3273 2682 horreo
3317 2639 3488 2688 tecum
3531 2652 3634 2693 non

2057 2704 2180 2757 erit.
2211 2704 2337 2759 llmc
2365 2721 2476 2774 qua:
2501 2706 2591 2760 tibi
2619 2711 2858 2781 pra’cepit
2887 2710 3133 2768 Dominus
3152 2756 3166 2780 ,
3197 2718 3287 2772 illa
3315 2725 3477 2793 cogita
3504 2744 3636 2782 sem-

2057 2811 2164 2865 per.
2196 2795 2238 2848 A
2273 2795 2407 2851 lacte
2434 2812 2540 2851 non
2569 2799 2902 2868 scparaberis
2947 2806 3292 2876 quoadusque
3329 2825 3490 2882 super
3527 2833 3640 2874 ma-

2057 2893 2190 2940 trem
2235 2893 2377 2940 tuam
2419 2902 2518 2952 es;
2567 2904 2633 2942 ne
2677 2890 2822 2958 prius
2857 2891 2996 2948 fame
3036 2898 3320 2966 moriaris,
3352 2913 3637 2976 antequam

2055 2991 2246 3047 partem
2277 2979 2596 3036 manducare
2623 2981 2696 3035 sis
2718 2981 2958 3038 idoneus.
2984 2985 3180 3044 Cresce
3201 2993 3252 3055 ’ς
3277 3007 3431 3051 erunt
3453 3001 3638 3058 valida;

2055 3068 2198 3124 vires
2241 3077 2344 3124 tuae
2369 3111 2382 3135 ,
2427 3078 2482 3125 et
2526 3071 2730 3128 videbis
2767 3074 2908 3143 quod
2944 3091 3050 3131 non
3081 3089 3294 3147 poteras
3316 3125 3331 3150 ,
3379 3095 3432 3142 ct
3460 3092 3637 3161 capies

2055 3159 2196 3229 quod
2227 3174 2331 3214 non
2361 3160 2625 3230 capiebas.

2128 3250 2216 3304 M.
2257 3250 2390 3318 Quid
2418 3252 2587 3321 ergo?
2612 3267 2731 3308 cum
2763 3254 2947 3311 videro
2984 3275 3102 3329 qua:
3147 3279 3251 3319 non
3289 3275 3526 3336 poterant
3556 3277 3636 3330 vi-

2055 3343 2186 3398 dere
2210 3386 2224 3408 .
2253 3353 2308 3398 et
2333 3359 2527 3412 cepero
2553 3361 2672 3415 quae
2697 3362 2802 3401 non
2832 3358 3070 3417 poteram
3096 3368 3287 3425 capere
3310 3400 3324 3424 ,
3347 3361 3456 3430 jam
3484 3380 3638 3423 secu-

2056 3449 2147 3490 rus
2192 3435 2329 3490 ero?
2368 3436 2636 3505 perfectus
2681 3439 2818 3493 ero?
2860 3439 3010 3506 Non,
3056 3447 3304 3513 quamdiu
3352 3450 3436 3507 hic
3482 3450 3645 3512 vivis.

2057 3527 2170 3597 Ipsa
2202 3537 2283 3583 est
2328 3527 2583 3596 perfectio
2632 3539 2811 3585 nostra
2840 3572 2854 3595 ,
2911 3533 3202 3590 humilitas.
3251 3539 3487 3599 Audistis
3534 3563 3638 3618 quo

2055 3619 2318 3675 conclusit
2346 3619 2504 3674 modo
2528 3621 2817 3690 apostolica
2844 3621 3002 3679 lectio
3027 3666 3040 3688 ,
3077 3626 3120 3680 si
3164 3626 3317 3684 haesit
3352 3631 3403 3686 in
3435 3649 3638 3692 memo-

2056 3710 2132 3764 ria
2163 3718 2335 3765 vestra
2360 3726 2375 3775 ;
2405 3711 2671 3779 quomodo
2696 3711 2782 3766 ille
2808 3713 2895 3781 qui
2924 3715 3127 3783 accepit
3151 3717 3428 3788 colaphum
3452 3739 3518 3777 nc
3542 3741 3636 3781 ex-

2058 3799 2330 3854 tolleretur
2353 3799 2403 3852 in
2428 3800 2841 3855 revelationibus
2860 3803 3087 3871 (quanta
3109 3806 3156 3858 ei
3181 3809 3554 3868 rcvelabantur
3577 3817 3589 3869 !
3613 3816 3636 3884 )

2058 3901 2271 3958 prOptcr
2300 3891 2465 3959 ipsam
2498 3891 2914 3959 magnitudinem
2947 3895 3326 3953 revelationum
3348 3941 3362 3962 ,
3393 3905 3510 3970 quia
3540 3921 3635 3976 po-

2058 3991 2192 4035 terat
2217 3981 2399 4035 extolli
2427 4022 2441 4046 ,
2474 3981 2573 4034 nisi
2603 3983 2869 4050 acciperet
2895 3984 3140 4053 angelum
3172 3996 3408 4044 satana):
3457 4003 3510 4048 et
3554 4005 3632 4049 ta-

2056 4088 2176 4126 men
2206 4073 2288 4126 cui
2317 4079 2458 4124 tanta
2489 4071 2862 4126 revelabantur
2887 4113 2902 4139 ,
2947 4074 3072 4143 quid
3104 4076 3222 4130 ait?
3255 4077 3462 4135 Fratres
3487 4126 3500 4147 ,
3544 4102 3638 4156 ego

2057 4165 2298 4234 meipsum
2321 4180 2417 4216 non
2441 4163 2658 4216 arbitror
2676 4165 3086 4234 appreltendisse.
3111 4169 3302 4224 Paulus
3322 4171 3481 4241 dicit,
3503 4176 3637 4233 Fra-

2057 4263 2156 4308 tres
2175 4295 2188 4317 ,
2223 4271 2314 4323 ego
2341 4255 2587 4323 meipsum
2615 4270 2714 4307 non
2741 4253 2956 4309 arbitror
2976 4259 3365 4326 appreltendisse
3388 4281 3402 4328 ;
3444 4269 3533 4336 qui
3569 4272 3633 4326 ad

2058 4345 2160 4401 hoc
2183 4346 2390 4414 accepit
2414 4345 2830 4414 colaphizantem
2852 4349 3094 4416 angelum
3117 4361 3315 4407 satana:
3340 4397 3354 4420 ,
3383 4374 3453 4414 ne
3471 4365 3637 4417 extol.

2059 4438 2258 4494 lerctur
2306 4440 2358 4492 in
2407 4437 2770 4508 magnitudine
2810 4441 3192 4497 revelationum
3240 4461 3476 4505 suarum.
3520 4454 3620 4520 Qui

2060 4529 2220 4583 audet
2244 4529 2424 4584 dicere
2467 4528 2587 4599 quia
2629 4529 3075 4597 comprehendit?
3118 4533 3253 4591 Ecce
3294 4538 3484 4595 Paulus
3533 4560 3636 4599 non

2059 4620 2443 4689 apprehendit,
2471 4630 2525 4674 et
2551 4621 2679 4674 dicit
2702 4661 2716 4683 ,
2749 4619 2868 4675 Non
2895 4639 2974 4676 me
2992 4623 3209 4678 arbitror
3227 4631 3635 4697 appreltcndisse.

2061 4713 2129 4767 Et
2157 4712 2282 4782 quid
2309 4713 2386 4767 ais
2413 4753 2427 4780 ,
2460 4727 2493 4767 ο
2517 4712 2720 4766 Paule?
2746 4712 2927 4768 Ad/tnc
2952 4732 3099 4769 curro
3121 4716 3158 4782 ³,
3204 4719 3370 4786 inquit
3394 4761 3409 4784 ,
3451 4731 3506 4775 ut
3546 4739 3639 4793 ap-

2061 4805 2387 4876 preltendam.
2420 4804 2607 4859 Adhuc
2633 4805 2824 4860 Paulus
2850 4807 2902 4860 in
2929 4808 3012 4861 via
3038 4817 3119 4861 est
3143 4848 3157 4873 ,
3207 4818 3261 4862 et
3301 4820 3354 4864 tu
3403 4822 3452 4866 te
3487 4827 3639 4883 putas

2061 4899 2113 4951 in
2137 4897 2340 4966 patria?
2362 4896 2527 4951 Unum
2548 4906 2713 4949 autem
2734 4938 2748 4962 ,
2779 4897 2980 4965 inquit,
3008 4915 3119 4966 qua:
3142 4909 3273 4953 retro
3298 4913 3413 4954 sunt
3435 4904 3635 4961 oblitus.

2063 4986 2175 5041 lloc
2192 4986 2272 5040 lac
2291 4994 2344 5039 ct
2364 4994 2417 5040 tu
2443 5027 2460 5050 ,
2483 4995 2534 5041 et
2559 4986 2717 5039 vitam
2739 4988 3060 5054 pra‘teritam
3087 4988 3278 5041 malam
3305 4991 3635 5050 obliviscere.

2064 5079 2118 5134 Si
2152 5087 2202 5133 te
2228 5077 2510 5133 delectavit
2537 5077 2823 5146 aliquando
2862 5079 3064 5130 vanitas
3090 5119 3104 5141 ,
3153 5093 3255 5132 nou
3298 5089 3348 5135 te
3391 5082 3624 5140 delectet

2067 5169 2194 5234 Qum
2221 5179 2354 5222 retro
2380 5167 2589 5229 oblitus.
2622 5167 2825 5234 inquit,
2856 5167 2992 5219 inea
3026 5183 3142 5237 qua:
3171 5178 3284 5222 ante
3323 5184 3439 5226 sunt
3474 5187 3646 5232 exten-

2063 5267 2144 5311 tus
2168 5299 2182 5322 ,
2207 5256 2481 5312 secundum
2506 5255 2827 5308 intentionem
2852 5272 3025 5325 sequor
3062 5256 3130 5309 ad
3156 5259 3375 5327 palmam
3414 5281 3646 5336 superna:

2064 5351 2338 5405 uocationis
2365 5347 2460 5401 Dei
2485 5349 2536 5400 in
2557 5345 2754 5402 Cltristo
2785 5347 2929 5402 Iesu.
2954 5350 3124 5404 Audio
3154 5367 3335 5408 vocem
3368 5357 3456 5412 Dei
3485 5361 3642 5416 desu-

2066 5457 2163 5510 per
2187 5479 2202 5506 ,
2228 5448 2281 5493 et
2305 5451 2464 5494 curro
2491 5445 2548 5490 ut
2573 5437 2989 5507 appreltendam.
3019 5439 3134 5494 Non
3161 5444 3302 5497 enim
3332 5445 3531 5502 dimisit
3559 5467 3643 5505 tne

2069 5532 2122 5586 in
2152 5533 2234 5586 via
2263 5543 2540 5585 remanere
2566 5570 2582 5597 ,
2614 5528 2735 5598 quia
2767 5544 2870 5583 non
2899 5541 3073 5586 cessat
3101 5532 3300 5604 alloqui
3329 5551 3432 5591 me.
3464 5538 3602 5610 Ergo
3627 5582 3640 5608 ,

2136 5644 2151 5710 ξ
2173 5643 2243 5690 sic
2263 5650 2358 5690 Am.
2386 5648 2458 5690 Er.
2486 5649 2538 5691 et
2558 5649 2662 5710 Mss:
2692 5647 2746 5689 At
2762 5647 2891 5710 tov.,
2915 5641 3096 5710 hoc!“
3117 5653 3304 5710 surgat.

2135 5705 2153 5733 ³
2178 5710 2306 5765 l.ov.,
2327 5716 2512 5754 cresces
2537 5718 2549 5751 :
2577 5703 2937 5765 refragantibus
2957 5705 3099 5755 editis
3115 5703 3225 5756 aliis
3247 5715 3298 5756 et
3320 5715 3424 5759 Mss.

2139 5766 2158 5796 ³
2184 5764 2406 5826 Plerique
2440 5771 2545 5814 Mss.
2577 5778 2586 5812 :
2616 5771 2669 5814 Et
2705 5763 2820 5827 Quid
2861 5765 2988 5829 agis,
3021 5778 3049 5814 ο
3095 5766 3282 5816 Paule?
3317 5780 3386 5820 Ad
3427 5770 3513 5822 hoc
3547 5786 3633 5824 cur

2077 5840 2132 5874 ro
2151 5863 2168 5884 ,
2193 5834 2288 5874 etc.
