4160 6458
646 393 787 450 1715

640 512 832 568 fratres
854 552 869 577 ,
902 522 1005 563 non
1030 514 1200 562 cessat
1226 505 1368 559 Deus
1394 501 1592 572 alloqui
1622 515 1738 557 nos.
1769 500 1899 555 Nam
1927 502 1971 556 si
1998 511 2214 566 cessat,

640 600 767 672 quid
795 608 877 655 est
898 596 1041 668 quod
1068 594 1316 665 agimus?
1344 592 1469 663 quid
1497 601 1581 647 est
1608 589 1749 661 quod
1776 598 1939 661 agunt
1968 590 2227 646 lectiones

638 692 830 747 divina:
857 700 910 746 et
938 690 1144 744 cantica
1166 686 1384 742 divina?
1409 684 1796 739 Obliviscimini
1826 698 1952 753 ergo
1977 699 2099 754 qua:
2136 699 2224 738 re-

638 793 724 838 tro
747 790 905 847 sunt,
936 789 987 836 et
1014 779 1067 834 in
1095 795 1156 835 ea
1186 794 1305 849 qua:
1333 786 1458 832 ante
1498 785 1623 831 sunt
1659 791 1756 830 vos
1798 775 2085 831 cxtendite.
2137 776 2226 830 Sic

635 873 805 943 sugite
834 872 914 927 lac
938 912 953 935 ,
982 879 1041 926 ut
1068 871 1322 925 crescatis
1347 868 1413 922 ad
1436 868 1635 922 cibum.
1661 868 1793 922 Cum
1816 881 1945 936 ergo
1973 867 2224 921 veneritis

636 964 689 1023 in
720 964 942 1034 patriam
968 1004 981 1027 ,
1022 961 1341 1031 gaudebitis.
1386 959 1454 1014 Et
1486 958 1661 1013 adhuc
1697 958 1957 1012 attendite
1992 961 2223 1027 Aposto-

633 1055 740 1110 lum
792 1055 943 1125 sequi
997 1054 1063 1109 ad
1110 1053 1341 1123 palmam
1408 1066 1653 1120 superna:
1720 1050 2033 1104 vocationis.
2091 1050 2226 1104 Dicit

633 1146 776 1198 enim
830 1162 843 1197 :
897 1144 1152 1210 Quotquot
1201 1156 1318 1211 ergo
1364 1140 1609 1209 perfecti,
1655 1139 1749 1192 hoc
1784 1139 2061 1209 sapiamus.
2106 1137 2220 1192 Non

636 1238 826 1307 loquor
850 1277 865 1303 ,
894 1235 1065 1305 inquit
1093 1274 1107 1299 ,
1138 1230 1463 1302 imperfectis
1488 1272 1502 1296 ,
1527 1229 1719 1300 quibus
1758 1229 1930 1283 adhuc
1964 1243 2068 1281 non
2099 1244 2223 1297 pos-

635 1342 752 1381 sum
782 1327 927 1397 loqui
956 1325 1270 1395 sapientiam
1297 1362 1312 1390 ,
1336 1323 1423 1392 qui
1447 1322 1621 1377 adhuc
1645 1321 1781 1377 laete
1804 1330 2052 1391 petantur
2076 1361 2091 1387 ,
2118 1336 2223 1376 non

635 1417 807 1472 solido
834 1417 953 1471 cibo
986 1422 1314 1484 pascuntur;
1344 1412 1437 1468 sed
1465 1413 1570 1467 illis
1595 1412 1715 1467 dico
1742 1453 1757 1478 ,
1799 1413 1885 1481 qui
1923 1412 2032 1481 jam
2074 1428 2222 1465 man-

640 1507 838 1563 ducant
865 1504 1094 1560 solidum
1134 1504 1333 1559 cibum.
1368 1502 1483 1557 Jam
1526 1501 1774 1556 videntur
1806 1516 1924 1555 esse
1962 1500 2219 1570 perfecti,

635 1599 757 1669 quia
786 1597 1090 1667 intelligunt
1118 1595 1473 1665 :equalitatem
1501 1593 1659 1649 Verbi
1683 1609 1803 1648 cum
1828 1593 1982 1648 Patre
2012 1611 2023 1647 :
2049 1594 2223 1649 adhuc

634 1706 739 1745 non
783 1690 862 1745 sic
906 1689 1131 1753 vident,
1179 1687 1448 1758 quomodo
1490 1686 1775 1741 videndum
1816 1694 1935 1751 est,
1980 1686 2114 1742 facie
2154 1687 2221 1741 ad

634 1780 858 1844 faciem;
901 1780 1077 1835 adhuc
1115 1795 1182 1835 ex
1222 1787 1405 1848 parte,
1453 1779 1504 1832 in
1548 1779 1829 1848 aenigmate
1865 1778 1883 1847 (
1906 1778 2179 1833 lCor.xnt
2203 1821 2219 1846 ,

638 1874 705 1928 12
728 1874 768 1943 ).
802 1874 1029 1928 Currant
1055 1887 1183 1942 ergo
1208 1912 1223 1935 ,
1250 1872 1371 1942 quia
1399 1886 1520 1926 cum
1550 1871 1631 1924 via
1657 1872 1674 1902 ³
1704 1871 1850 1925 ﬁnita
1880 1870 2068 1935 fuerit,
2096 1881 2223 1926 tunc

632 1964 871 2021 redimus
896 1964 964 2018 ad
1001 1964 1265 2034 patriam:
1310 1970 1559 2027 currant,
1604 1961 1894 2016 extendant
1940 1977 2017 2016 se.
2057 1963 2219 2029 Quot-

631 2068 752 2127 quot
775 2074 893 2128 ergo
920 2057 1129 2127 perfecti
1153 2097 1168 2123 ,
1207 2056 1300 2109 hoc
1328 2056 1629 2123 sapiamus;
1657 2064 1703 2107 et
1737 2055 1781 2107 si
1810 2054 1931 2123 quid
1957 2054 2105 2107 aliter
2131 2070 2219 2108 sa-

632 2150 752 2218 pitis
776 2192 788 2211 ,
820 2149 912 2202 hoc
939 2164 1136 2218 quoque
1182 2148 1316 2201 vobis
1359 2144 1501 2199 Deus
1541 2145 1774 2200 reuelabit
1818 2144 2091 2214 (Philipp.
2124 2160 2217 2210 ιιι,

632 2240 801 2295 12-15
823 2238 862 2310 ).
908 2238 963 2293 Si
992 2238 1129 2293 forte
1155 2252 1303 2292 erras
1334 2237 1384 2290 in
1413 2237 1589 2306 aliquo
1615 2278 1629 2301 ,
1662 2251 1824 2305 quare
1853 2251 1956 2290 non
1985 2235 2126 2291 redis
2152 2236 2219 2290 ad

632 2333 712 2387 lac
741 2330 965 2386 matris?
988 2328 1119 2396 Quia
1146 2329 1189 2382 si
1221 2343 1327 2382 non
1349 2327 1665 2383 extollimini
1693 2370 1706 2392 ,
1732 2327 1853 2396 quia
1878 2327 1919 2379 si
1944 2341 2049 2380 non
2079 2328 2219 2381 exal~

631 2423 754 2477 tatis
778 2436 872 2476 cor
896 2429 1129 2475 vestrum
1156 2461 1170 2487 ,
1199 2420 1321 2489 quia
1350 2418 1394 2473 si
1420 2433 1525 2472 non
1550 2417 1887 2487 ingredimini
1920 2418 1970 2471 in
1999 2417 2218 2471 mirabi-

631 2515 771 2569 libus
796 2529 956 2583 super
981 2528 1075 2567 vos
1098 2553 1111 2577 ,
1144 2510 1237 2567 sed
1265 2510 1485 2566 servatis
1527 2509 1877 2563 humilitatem
1904 2550 1918 2574 ,
1962 2509 2218 2563 revelabit

628 2605 780 2661 vobis
808 2605 944 2659 Deus
969 2603 1108 2674 quod
1134 2603 1287 2657 aliter
1315 2600 1519 2669 sapitis.
1563 2599 1617 2656 Si
1663 2609 1841 2655 autem
1892 2599 1993 2653 hoc
2039 2599 2211 2668 ipsum

628 2694 772 2765 quod
800 2695 955 2750 aliter
979 2694 1162 2762 sapitis
1190 2734 1205 2757 ,
1234 2691 1521 2747 defendere
1552 2689 1710 2744 vultis
1734 2730 1748 2755 ,
1790 2697 1844 2743 et
1877 2689 2218 2757 pertinaciter

628 2794 869 2839 astruere
896 2825 909 2847 ,
936 2793 989 2839 et
1015 2792 1196 2837 contra
1223 2796 1407 2850 pacem
1434 2779 1723 2844 Ecclesiae;
1758 2778 1815 2832 fit
1855 2778 2004 2832 vobis
2047 2778 2215 2832 male-

628 2875 825 2929 dictum
854 2875 955 2928 hoc
983 2874 1121 2943 quod
1146 2874 1278 2926 dixit
1308 2888 1325 2925 :
1351 2886 1511 2940 super
1542 2880 1764 2925 matrem
1812 2884 1931 2923 cum
1980 2870 2111 2923 estis
2161 2877 2216 2923 et

629 2966 811 3021 forisa
842 2965 979 3019 lacte
1017 2962 1335 3032 separamini
1362 2964 1405 3029 ’,
1457 2960 1582 3015 foris
1627 2975 1658 3013 a
1696 2958 1988 3014 visceribus
2031 2960 2213 3014 matris

628 3056 766 3111 fame
796 3054 1120 3110 moriemini.
1146 3052 1201 3108 Si
1226 3061 1403 3108 autem
1432 3051 1785 3121 perseveretis
1808 3051 1859 3105 in
1888 3064 2016 3119 pace
2038 3051 2215 3104 catho-

628 3150 725 3203 lica
754 3190 768 3213 ,
802 3149 844 3201 si
872 3148 995 3217 quid
1020 3147 1158 3201 forte
1186 3147 1341 3199 aliter
1362 3144 1548 3214 sapitis
1577 3158 1736 3214 quam
1762 3150 1973 3211 oportet
1998 3156 2207 3208 sapere,

629 3241 768 3297 Deus
798 3240 951 3294 vobis
992 3237 1251 3293 revelabit
1288 3236 1594 3290 humilibus.
1628 3234 1845 3301 Quare?
1886 3232 2020 3300 Quia
2070 3233 2209 3287 Dens

627 3330 871 3400 superbis
898 3328 1135 3393 resistit,
1168 3326 1456 3382 humilibus
1486 3336 1661 3381 autem
1692 3324 1781 3380 dat
1807 3324 2029 3393 gratiam
2075 3326 2095 3393 (
2112 3322 2211 3376 Ja-

628 3424 737 3476 cobi
765 3439 818 3476 tv
842 3462 857 3487 ,
892 3422 962 3485 6;
995 3421 1081 3474 etl
1114 3420 1251 3473 Petr.
1279 3436 1333 3482 v,
1364 3420 1463 3488 5).

698 3512 785 3567 15.
816 3510 962 3582 [vers.
995 3510 1072 3581 5.]
1105 3510 1226 3564 Ideo
1255 3509 1320 3563 ad
1360 3508 1463 3562 hoc
1489 3508 1749 3563 conclusit
1792 3508 1880 3561 hic
1916 3507 2159 3577 psalmus
2194 3526 2207 3562 :

630 3601 811 3671 Speret
856 3599 1020 3653 Israel
1057 3600 1112 3652 in
1162 3598 1435 3651 Dominum
1457 3638 1475 3665 ,
1501 3613 1563 3649 ea:
1606 3597 1698 3649 hoc
1718 3613 1850 3649 nunc
1895 3605 1940 3651 et
1969 3612 2124 3664 usque
2159 3597 2213 3650 in

627 3691 887 3747 saeculum.
921 3689 1070 3757 Quod
1101 3688 1242 3743 enim
1270 3688 1525 3756 scriptum
1560 3694 1642 3741 est
1666 3701 1839 3755 grrece
1858 3727 1874 3752 ,
1907 3689 2001 3739 ἀπὸ
2030 3697 2112 3740 τοῦ
2138 3697 2212 3740 νῦν

628 3794 709 3839 και
732 3789 813 3845 ἕως
836 3791 918 3837 τοῦ
943 3791 1105 3841 αἰῶνος
1126 3822 1138 3845 ,
1169 3778 1271 3833 hoc
1299 3778 1595 3847 expositum
1618 3785 1701 3832 est
1718 3817 1733 3843 ,
1761 3792 1822 3830 ea:
1858 3778 1952 3830 hoc
1987 3792 2118 3829 nunc
2165 3786 2212 3830 et

628 3890 781 3945 usque
809 3873 863 3926 in
889 3871 1150 3925 saeculum.
1183 3868 1289 3924 Sed
1318 3882 1422 3921 non
1450 3880 1660 3936 semper
1683 3866 1864 3920 smculi
1891 3880 2083 3920 nomen
2113 3867 2211 3919 hoc

626 3964 881 4021 sacculum
905 3960 1199 4033 signiﬁcat,
1227 3959 1323 4016 sed
1352 3957 1637 4029 aliquando
1663 3957 2015 4011 mternitatcm
2041 3973 2055 4021 ;
2088 3958 2209 4026 quia

626 4066 885 4112 :ctcrnum
913 4052 1121 4109 duobus
1152 4050 1324 4106 modis
1368 4050 1907 4119 intelligitur;usque
1948 4050 2001 4102 in
2052 4056 2202 4103 teter-

627 4164 776 4213 num,
805 4146 856 4201 id
881 4154 962 4202 cst
985 4187 998 4210 ,
1026 4152 1118 4199 aut
1141 4157 1354 4212 semper
1380 4142 1499 4196 sine
1528 4141 1632 4195 line
1653 4180 1669 4205 ,
1699 4148 1790 4194 aut
1813 4136 2089 4208 quousque
2119 4154 2213 4193 ve-

629 4240 836 4293 niamus
859 4236 924 4290 ad
945 4234 1315 4291 mternitatem.
1343 4232 1438 4287 llic
1467 4246 1593 4301 ergo
1619 4229 1885 4300 quomodo
1914 4230 2211 4299 intelligen-

629 4330 757 4383 dum
813 4329 940 4381 est?
994 4326 1280 4394 Quousque
1343 4314 1621 4377 veniamus
1680 4320 1748 4374 ad
1808 4320 2156 4374 aeternitatem
2192 4360 2207 4384 ,

628 4432 907 4490 speremus
932 4417 983 4470 in
1014 4416 1292 4469 Dominum
1319 4413 1518 4477 Deum;
1540 4412 1661 4481 quia
1681 4425 1799 4466 cum
1828 4412 2129 4465 venerimus
2144 4409 2210 4463 ad

629 4508 987 4565 mlernitatem
1020 4547 1035 4571 ,
1060 4506 1168 4575 jam
1218 4517 1342 4572 spes
1392 4518 1496 4557 non
1544 4502 1667 4566 erit,
1705 4500 1797 4561 sed
1824 4501 1938 4570 ipsa
1973 4515 2056 4555 res
2087 4500 2207 4554 erit.

1950 4628 2203 4640 _—-———

1013 4709 1093 4770 IN
1136 4705 1515 4769 PSALMUM
1558 4702 1826 4765 CXXXI

1210 4826 1343 4881 ENA
1353 4822 1626 4879 BRATIO.

1166 4954 1337 4995 εεῐιιιο
1363 4954 1431 4992 AD
1453 4949 1678 4991 PLEBEM.

700 5042 752 5094 i.
786 5038 936 5111 [rem
963 5037 1017 5102 1,
1038 5033 1119 5107 2.]
1148 5034 1353 5089 Justum
1379 5029 1593 5102 quidem
1620 5036 1753 5089 erat,
1785 5024 2085 5081 charissimi
2107 5065 2121 5089 ,
2154 5034 2213 5080 ut

628 5133 843 5188 fratrem
871 5129 1046 5199 potius
1071 5125 1376 5179 audiremus
1397 5121 1652 5189 collegam
1678 5133 1875 5182 meum,
1894 5125 2209 5186 praesentem

630 5222 876 5277 omnibus
906 5219 1059 5273 nobis
1081 5216 1174 5289 (α).
1197 5216 1264 5270 Ει
1288 5214 1449 5270 modo
1471 5228 1573 5266 non
1604 5210 1831 5281 negavit,
1850 5209 1941 5263 sed
1969 5208 2171 5261 distulit
2194 5227 2210 5262 :

628 5324 683 5369 et
710 5312 827 5367 ideo
854 5312 955 5365 hoc
997 5309 1172 5364 indico
1201 5306 1458 5363 Charitati
1484 5314 1675 5359 vestrae
1699 5343 1716 5369 ,
1743 5311 1803 5357 ut
1848 5316 2053 5355 mecum
2090 5315 2211 5369 pro-

629 5407 851 5460 missum
882 5402 1125 5458 teneatis.
1155 5401 1270 5455 Non
1299 5400 1393 5453 fuit
1426 5406 1602 5451 autem
1631 5393 1921 5449 absurdum
1950 5391 2208 5447 Charitati

628 5505 840 5562 vestrae,
868 5503 926 5550 ut
956 5491 1098 5563 prior
1121 5491 1541 5560 obtemperarcm
1562 5485 1766 5554 jubenti
1794 5502 1805 5537 :
1829 5482 2051 5539 extorsit
2070 5480 2209 5536 enim

692 5653 711 5685 ί
738 5648 927 5712 Aliquot
950 5655 1076 5712 Mss,
1100 5644 1210 5695 vita.

692 5714 712 5746 ³
735 5712 807 5761 sic
827 5699 1048 5760 nonnulli
1066 5699 1178 5756 Mss.
1207 5711 1260 5753 Al.
1272 5704 1406 5760 Edd.,
1430 5699 1785 5765 separabimiui.

692 5758 1377 5834 (ai—severumgtttilevitanum
1395 5758 1682 5834 episcopum
1723 5762 1801 5809 hic
1838 5758 2020 5834 laudari
2053 5769 2211 5834 visum

632 5820 771 5883 nobis
792 5820 1217 5891 est,ieousiderato
1243 5820 1470 5875 sermone
1495 5826 1543 5873 in
1570 5820 1685 5872 Psal.
1724 5836 1834 5880 xcv,
1856 5834 1938 5868 nn.
1974 5821 1995 5869 1
2025 5827 2077 5868 et
2096 5820 2142 5869 5.

1885 383 1943 440 8.
1976 385 2342 442 AUGUSTINI
2384 387 2685 444 EPISCOPI

3738 402 3843 461 ιῖιε

2340 504 2470 559 mihi
2520 515 2574 558 ut
2613 514 2755 559 esset
2790 503 2947 557 modo
2976 503 3181 558 auditor
3210 519 3355 558 meus
3376 546 3393 571 ,
3422 522 3484 560 eo
3510 524 3627 566 sine
3653 526 3779 580 pacto
3799 528 3844 574 ut

2333 605 2387 648 et
2414 610 2514 665 ego
2539 596 2638 649 sim
2684 596 2848 665 ipsius
2872 636 2885 659 ,
2918 595 3040 664 quia
3069 596 3123 650 in
3154 595 3263 664 ipsa
3300 597 3547 653 charitate
3572 617 3734 660 omnes
3753 610 3843 677 ejus

2332 686 2603 740 auditores
2627 700 2832 751 sumus,
2856 687 2942 756 qui
2972 701 3109 742 unus
3139 687 3287 741 nobis
3318 690 3367 742 in
3395 690 3526 744 caelo
3554 694 3765 763 Magister
3782 712 3844 757 est

2336 777 2545 848 (Matth.
2576 795 2701 832 χχιιι
2726 820 2740 844 ,
2771 779 2883 849 10).
2908 778 3050 849 Ergo
3078 780 3309 834 animum
3359 782 3603 839 intendite
3636 788 3692 841 ad
3720 790 3841 847 Psal-

2332 882 2475 921 mum
2500 908 2514 934 ,
2545 883 2699 937 quem
2729 869 2780 921 in
2812 868 2997 923 ordine
3018 912 3031 933 ,
3065 870 3202 923 sicut
3223 872 3385 925 nostis
3408 912 3421 935 ,
3451 877 3744 933 tractandum
3768 882 3843 937 Ita-

2329 957 2537 1013 bemus.
2562 959 2653 1013 Est
2676 960 2833 1013 etiam
2857 960 2967 1029 ipse
2994 971 3334 1029 praenotatns,
3358 963 3600 1020 Canticum
3618 972 3843 1040 graduum;

2330 1059 2392 1105 et-
2411 1051 2680 1120 aliquanto
2706 1055 2915 1107 caeteris
2952 1054 3051 1108 sub
3082 1055 3267 1109 eodem
3299 1056 3445 1110 titulo
3482 1059 3725 1126 prolixior.
3752 1065 3843 1122 Non

2329 1156 2456 1212 ergo
2485 1143 2851 1208 immoremur,
2884 1144 2983 1199 nisi
3013 1146 3100 1199 ubi
3130 1147 3420 1201 necessitas
3440 1153 3680 1219 coegerit;
3706 1166 3752 1210 ut
3776 1166 3839 1212 to-

2330 1241 2461 1299 tum,
2481 1234 2525 1287 si
2548 1234 2799 1288 Dominus
2824 1236 3143 1305 permiserit,
3166 1239 3431 1307 explicare
3456 1245 3713 1310 possimus.
3737 1248 3841 1314 Quia

2328 1332 2381 1377 et
2406 1338 2499 1378 vos
2529 1340 2635 1379 nou
2668 1335 2916 1396 tanquam
2948 1327 3107 1384 rudes
3133 1329 3307 1382 omnia
3339 1329 3541 1386 debetis
3564 1334 3739 1401 audire;
3762 1340 3839 1393 ali-

2327 1413 2451 1482 quid
2479 1424 2530 1469 et
2557 1414 2623 1469 de
2651 1418 2931 1484 przeteritis
2959 1418 3312 1473 auditionibus
3337 1419 3578 1489 adjuvare
3614 1439 3698 1477 nos
3715 1427 3841 1481 debe-

2329 1504 2415 1568 tis,
2444 1519 2511 1559 ue
2539 1506 2718 1559 omnia
2754 1517 3003 1575 tanquam
3032 1522 3163 1561 nova
3195 1522 3223 1560 a
3255 1509 3408 1563 nobis
3437 1509 3535 1564 dici
3564 1527 3751 1569 necesse
3770 1517 3837 1571 sit.

2328 1594 2393 1648 Et
2429 1595 2548 1649 n0vi
2575 1596 2786 1665 quidem
2819 1612 2938 1651 esse
2964 1597 3216 1653 debemus
3236 1640 3249 1662 ,
3283 1601 3404 1669 quia
3433 1611 3649 1656 vetustas
3682 1606 3838 1659 nobis‘

2326 1688 2583 1758 obrepere
2623 1705 2727 1743 non
2752 1689 2913 1744 debet
2936 1707 2949 1755 ;
2979 1690 3071 1744 sed
3102 1691 3262 1745 etiam
3290 1693 3621 1748 crescendum
3646 1705 3691 1750 et
3714 1698 3841 1765 proti-

2325 1779 2570 1833 ciendum
2598 1788 2698 1835 est.
2728 1781 2803 1834 De
2841 1782 2955 1850 ipso
2992 1782 3186 1851 quippe
3212 1781 3447 1851 profectu
3477 1785 3545 1837 ait
3570 1785 3837 1853 Apostolus:

2325 1867 2438 1923 Etsi
2463 1871 2673 1923 exterior
2695 1871 2842 1925 homo
2860 1882 3026 1925 noster
3048 1874 3407 1941 corrumpitur,
3425 1874 3508 1927 sed
3531 1875 3712 1928 intetior
3729 1894 3843 1931 reno-

2324 1972 2467 2015 vatur
2495 1964 2556 2017 de
2581 1964 2662 2017 die
2685 1964 2735 2017 in
2756 1964 2887 2017 diem
2904 1963 2970 2033 (II
2987 1964 3102 2018 (ἔον.
3132 1982 3201 2030 tv,
3219 1964 3333 2036 16).
3351 1966 3462 2020 Non
3479 1967 3549 2021 sic
3564 1968 3841 2035 proﬁciamus

2326 2062 2379 2106 ut
2409 2069 2471 2107 ex
2494 2055 2644 2107 novis
2666 2063 2874 2108 veteres
2886 2055 3203 2121 efficiamur,
3222 2056 3441 2124 sedipsa
3458 2058 3646 2112 novitas
3659 2067 3837 2114 crescat.

2392 2143 2444 2197 2.
2487 2144 2735 2199 Memento
2756 2187 2769 2210 ,
2801 2144 3018 2199 Domine
3036 2187 3050 2210 ,
3077 2145 3240 2198 David
3270 2188 3285 2211 ,
3314 2157 3358 2201 et
3381 2149 3535 2201 omnis
3558 2150 3842 2203 mansuetudi-

2323 2239 2399 2292 nis
2424 2239 2550 2304 cius.
2583 2239 2724 2292 Sicut
2745 2239 2939 2308 juravit
2964 2238 3179 2292 Domino
3197 2253 3215 2301 ;
3235 2248 3407 2292 votum
3427 2241 3546 2294 vovit
3573 2239 3668 2293 Deo
3695 2240 3838 2295 Iacob.

2325 2328 2484 2382 David
2534 2329 2825 2383 secundum
2871 2329 3025 2383 [idem
3058 2344 3238 2383 rerum
3289 2339 3545 2399 gestarum
3571 2346 3692 2384 unus
3716 2332 3843 2387 homo

2319 2427 2434 2472 erat
2466 2459 2480 2483 ,
2508 2434 2601 2473 rex
2629 2418 2785 2472 Israel
2813 2460 2826 2483 ,
2862 2418 3000 2473 ﬁlius
3041 2418 3211 2473 Jesse.
3244 2420 3382 2473 Erat
3432 2419 3628 2488 quidem
3672 2430 3717 2476 et
3754 2423 3841 2491 ipse

2320 2520 2646 2573 mansuetus,
2674 2512 2950 2566 sicuteum
2983 2510 3178 2566 indicat
3204 2522 3373 2580 atque
3402 2512 3709 2566 commendat
3729 2513 3841 2568 Scri-

2320 2609 2472 2668 ptura
2502 2600 2697 2666 divina,
2725 2610 2779 2655 et
2805 2601 2876 2654 ita
2905 2610 3213 2655 mansuetus
3242 2611 3309 2655 ut
3328 2616 3426 2656 nec
3448 2602 3743 2670 persecutori
3764 2617 3841 2657 suo

2321 2693 2466 2748 Sauli
2500 2693 2692 2747 malum
2745 2708 2838 2760 pro
2886 2693 3026 2747 malo
3071 2693 3390 2748 reddiderit.
3438 2694 3659 2749 Servavit
3700 2703 3839 2747 autem

2319 2803 2441 2858 erga
2480 2803 2599 2841 eum
2635 2797 2832 2841 tantam
2866 2786 3218 2842 humilitatem
3244 2828 3261 2848 ,
3303 2796 3360 2840 ut
3397 2787 3536 2841 illum
3566 2800 3717 2853 regem
3742 2783 3840 2837 fate-

2319 2889 2487 2944 retur,
2518 2893 2574 2932 se
2597 2888 2772 2931 autem
2794 2893 2978 2931 canem
3012 2897 3026 2931 :
3054 2886 3106 2931 et
3130 2893 3236 2930 non
3270 2888 3512 2948 proterve
3537 2892 3622 2931 nec
3639 2875 3835 2944 superbe,

2317 2986 2436 3025 cum
2483 2980 2626 3024 esset
2672 2971 2723 3023 in
2759 2970 2867 3023 Deo
2912 2970 3207 3038 potentior,
3238 2971 3583 3039 respondebat
3620 2965 3832 3035 regi;srd

2318 3078 2438 3117 cum
2470 3063 2675 3131 placare
2706 3063 2879 3130 potius
2908 3062 3189 3117 affectabat
3217 3062 3511 3116 humilitate
3530 3104 3542 3127 ,
3565 3076 3703 3131 quam
3735 3072 3832 3113 con-

2317 3155 2481 3209 citare
2508 3152 2774 3222 superbia.
2806 3153 2978 3207 Etiam
3010 3153 3061 3207 in
3089 3163 3355 3223 potestate
3379 3153 3525 3208 datus
3550 3162 3624 3207 est
3652 3152 3691 3205 ei
3715 3150 3830 3211 Sail,

2317 3253 2370 3298 ct
2399 3244 2501 3298 hoc
2528 3259 2557 3297 a
2586 3244 2810 3297 Domino
2843 3240 2982 3307 Deo,
3014 3254 3068 3297 ut
3099 3245 3146 3299 ei
3188 3246 3390 3300 faceret
3416 3243 3651 3314 quidquid
3674 3242 3829 3295 vellet:

2316 3335 2409 3389 sed
2444 3335 2565 3405 quia
2618 3349 2721 3388 non
2772 3342 3089 3403 praeceptum
3123 3334 3196 3387 illi
3228 3344 3346 3390 erat
3382 3342 3438 3388 ut
3472 3333 3738 3397 occideret,
3759 3328 3830 3382 sed

2319 3434 2519 3479 tantum
2542 3424 2593 3478 iu
2621 3433 2879 3494 potestate
2899 3425 3052 3480 datus
3071 3426 3146 3478 illi
3176 3435 3297 3480 erat
3324 3427 3471 3495 (licet
3497 3435 3653 3479 autem
3673 3420 3829 3475 homini

2318 3516 2391 3568 uti
2418 3523 2678 3585 potestate
2704 3517 2865 3583 sua);
2900 3515 2963 3568 ad
2995 3515 3269 3569 leuitatem
3299 3517 3472 3585 potius
3511 3513 3698 3569 deﬂexit
3720 3509 3828 3579 quod

2316 3608 2365 3660 ei
2395 3606 2534 3660 Deus
2560 3606 2843 3660 concessit.
2875 3605 2973 3670 Qui
3002 3605 3046 3659 si
3077 3605 3238 3659 vellet
3268 3606 3527 3668 occidere,
3557 3608 3734 3657 careret
3755 3598 3833 3652 ini-

2318 3696 2455 3752 mico
2481 3715 2494 3751 :
2517 3696 2611 3751 sed
2635 3696 2899 3766 quomodo
2914 3697 3133 3763 diceret,
3156 3697 3373 3752 Dimitte
3395 3698 3515 3751 mihi
3536 3696 3707 3758 debita,
3724 3692 3829 3745 sicut

2316 3796 2371 3841 et
2412 3802 2511 3858 ego
2558 3787 2768 3842 dimitto
2815 3787 3142 3842 debitoribus
3174 3789 3312 3843 meis
3339 3788 3539 3860 (Matth.
3564 3802 3645 3846 vr.
3674 3782 3762 3849 ii).
3787 3779 3826 3832 In

2316 3877 2620 3946 speluncam
2646 3877 2863 3931 intravit
2887 3877 3011 3931 Saﬁl
3034 3878 3119 3932 ubi
3146 3887 3263 3932 erat
3284 3877 3461 3937 David,
3490 3876 3703 3930 nesciens
3720 3867 3826 3939 quod

2316 3967 2425 4022 illic
2450 3976 2593 4021 esset
2619 3967 2778 4020 David
2808 3985 2820 4019 :
2850 3966 2916 4019 ad
2956 3968 3254 4021 necessaria
3299 3967 3493 4021 ventris
3530 3964 3610 4018 ille
3642 3958 3823 4015 intravit.

2317 4060 2556 4114 Surrexit
2585 4059 2745 4112 David
2776 4060 2971 4112 sensim
3001 4068 3054 4113 et
3084 4058 3225 4111 lente
3260 4068 3374 4127 post
3420 4060 3580 4126 ipsum
3603 4098 3616 4121 ,
3642 4048 3827 4123 prtecidit

2316 4153 2387 4206 illi
2412 4152 2479 4206 de
2505 4161 2649 4205 veste
2674 4136 3030 4220 panniculnm,
3058 4165 3213 4220 quem
3244 4150 3317 4204 illi
3344 4149 3646 4208 ostenderet,
3666 4153 3711 4199 ut
3729 4153 3825 4195 nos-

2316 4252 2397 4297 set
2421 4243 2541 4312 quia
2568 4241 2714 4295 illum
2743 4241 2999 4294 habuerat
3026 4242 3076 4294 in
3105 4250 3372 4309 potestate
3396 4257 3410 4307 ;
3442 4249 3493 4294 et
3518 4254 3613 4293 non
3641 4230 3828 4289 necessi—

2317 4342 2457 4398 tate,
2502 4331 2594 4386 sed
2642 4332 2910 4385 voluntate
2954 4340 3303 4400 pepercerat,
3343 4342 3394 4386 et
3438 4330 3594 4384 noluit
3635 4321 3826 4379 occidere

2317 4422 2377 4494 (l
2408 4423 2536 4492 Reg.
2568 4438 2691 4475 xxrv
2716 4463 2729 4486 ,
2763 4421 2955 4491 4-15).
3008 4422 3166 4476 Forte
3213 4424 3383 4491 ipsam
3436 4414 3823 4475 mansuetudinem

2316 4512 2705 4568 commendavit
2734 4512 2889 4566 modo
2919 4512 3123 4577 dicens,
3155 4512 3425 4576 Memento,
3450 4509 3658 4568 Domine,
3679 4497 3821 4562 David,

2314 4614 2361 4658 et
2386 4604 2546 4658 omnis
2574 4603 2967 4657 mansuetudinis
2995 4604 3125 4672 ejus.
3149 4602 3260 4657 Hoc
3288 4602 3566 4657 secundum
3591 4609 3736 4650 rerum
3755 4603 3825 4658 ge-

2316 4704 2514 4749 starum
2543 4694 2699 4748 fidem
2726 4734 2740 4756 ,
2769 4709 2925 4762 quam
2969 4692 3237 4761 Scriptura
3284 4692 3456 4747 divina
3477 4730 3492 4756 ,
3519 4698 3573 4742 ut
3608 4684 3819 4740 diximus,

2315 4789 2569 4843 continet.
2596 4785 2699 4841 Sed
2717 4786 2949 4839 solemus
2972 4785 3020 4837 in
3036 4785 3258 4839 Psalmis
3280 4800 3381 4837 non
3399 4782 3461 4837 ad
3479 4782 3678 4834 litteram
3693 4780 3823 4825 atten-

2317 4881 2466 4948 dere,
2500 4882 2638 4935 sicut
2666 4880 2716 4933 in
2747 4878 2889 4933 omni
2922 4876 3215 4947 prophetia,
3245 4876 3341 4931 sed
3370 4890 3457 4944 per
3482 4874 3682 4927 litteram
3706 4873 3820 4915 scru-

2319 4973 2418 5027 tari
2447 4972 2719 5043 mysteria.
2748 4971 2813 5024 Et
2841 4969 3077 5024 meminit
3102 4968 3340 5022 Charitas
3364 4972 3531 5021 vestra
3556 4960 3661 5029 quia
3681 4952 3822 5019 cujus-

2316 5066 2436 5121 dam
2494 5063 2720 5118 hominis
2770 5076 2953 5115 vocem
3002 5061 3052 5113 iu
3106 5058 3350 5113 omnibus
3397 5052 3603 5109 Psalmis
3638 5045 3824 5099 solemus

2317 5156 2537 5218 audire;
2569 5154 2659 5223 qui
2689 5167 2824 5205 unus
2870 5151 3025 5204 habet
3069 5157 3225 5217 caput
3262 5156 3315 5202 et
3356 5158 3557 5210 corpus.
3585 5138 3823 5225 Capuam.”

2319 5258 2423 5303 tem
2455 5248 2507 5300 in
2538 5245 2672 5299 caelo
2701 5252 2783 5298 est
2810 5284 2825 5307 ,
2853 5256 3047 5311 corpus
3074 5242 3126 5294 in
3156 5250 3295 5294 terra
3329 5255 3341 5290 :
3372 5235 3459 5291 sed
3486 5248 3582 5302 quo
3609 5223 3825 5313 prater-ssi!

2317 5345 2472 5406 caput
2503 5377 2515 5399 ,
2542 5343 2802 5403 cteorpus
2839 5341 3139 5386 secuturum
3162 5340 3262 5383 est.
3290 5327 3480 5395 Etjam
3502 5336 3594 5375 non
3616 5316 3716 5370 dico
3734 5317 3822 5375 quv‘

2318 5437 2475 5498 caput
2521 5427 2610 5490 sit,
2641 5426 2727 5495 qui
2785 5438 2977 5492 corpus
3030 5422 3167 5485 sint;
3216 5420 3337 5488 quia
3367 5411 3635 5471 scientibus
3660 5406 3826 5469 loquor.

2387 5519 2438 5573 5.
2480 5514 2893 5571 Commendatur
2918 5526 3046 5582 ergo
3088 5510 3356 5565 humilitas
3396 5501 3550 5559 David
3571 5541 3584 5563 ,
3606 5501 3824 5551 commen-

2316 5609 2471 5665 datur
2509 5605 2855 5661 mansuetudo
2895 5602 3055 5657 David
3081 5619 3093 5666 ;
3118 5612 3172 5655 et
3198 5600 3385 5653 dicitur
3427 5596 3561 5656 Deo,
3588 5585 3826 5639 Μεηιεητον

2319 5700 2550 5756 Domine.
2580 5696 2762 5762 Dauid,
2793 5709 2837 5749 et
2864 5697 3023 5749 omnis
3049 5688 3436 5747 mansuetudinis
3461 5686 3580 5755 ejus.
3610 5675 3676 5732 Ad
3700 5677 3825 5739 quam

2384 5822 2397 5846 ¹
2437 5816 2508 5864 Sic
2534 5821 2631 5863 Am.
2653 5819 2724 5861 Er.
2747 5818 2793 5859 et
2819 5810 2983 5873 plures
3005 5816 3111 5858 uss.
3139 5815 3193 5857 Λι
3211 5814 3297 5855 Iov
3321 5837 3338 5865 ,
3355 5800 3495 5852 novis.
