4160 6474
361 416 503 470 1717

359 547 480 585 rem
505 534 770 590 memento,
797 524 1012 578 Domine
1034 566 1046 587 ,
1079 522 1244 577 Dauid
1262 524 1287 576 Ρ
1313 521 1456 576 Sicut
1482 521 1674 592 juratn't
1696 519 1915 573 Domino
1938 556 1953 583 ,

363 636 535 677 totum
564 620 692 674 vovit
717 616 827 671 Deo
850 616 1030 670 Jacob.
1059 616 1202 685 Ergo
1227 614 1291 669 ad
1324 615 1423 668 hoc
1454 622 1739 677 memento,
1771 621 1827 666 ut
1857 612 1959 665 im-

368 717 510 787 pleat
541 712 680 783 quod
710 711 973 780 promisit.
1004 710 1123 778 Ipse
1150 707 1310 762 David
1336 707 1477 761 vovit
1507 717 1752 776 tanquam
1784 705 1834 758 in
1864 720 1960 773 po-

368 813 563 861 testate
591 802 811 866 habens,
839 809 897 854 et
925 808 1074 869 rogat
1104 801 1267 853 Deum
1298 807 1351 855 ut
1378 797 1595 865 impleat
1614 796 1756 866 quod
1780 797 1917 850 vovit
1947 814 1960 851 :

369 906 455 950 est
497 893 710 949 devotio
739 891 982 946 voveatis
1005 931 1020 955 ,
1048 889 1143 945 sed
1173 896 1255 944 est
1292 887 1560 941 humilitas
1605 886 1961 956 deprecantis.

372 988 543 1046 Nemo
591 993 877 1055 prmsumat
910 982 1110 1037 viribus
1136 981 1248 1036 suis
1287 996 1347 1036 se
1375 981 1598 1036 reddere
1640 979 1781 1050 quod
1809 994 1970 1034 vove-

374 1080 442 1132 rit
473 1095 485 1130 :
516 1076 605 1145 qui
633 1085 683 1130 te
706 1074 948 1129 hortatur
975 1083 1032 1127 ut
1059 1088 1274 1137 voveas,
1308 1074 1421 1141 ipse
1442 1072 1655 1140 adjuvat
1678 1081 1733 1125 ut
1752 1070 1964 1126 reddas.

370 1168 512 1236 Quid
535 1183 663 1236 ergo
687 1166 831 1219 vovit
862 1165 1151 1228 videamus,
1178 1173 1234 1218 et
1262 1164 1385 1218 hinc
1411 1161 1750 1232 intelligimus
1783 1177 1971 1231 quem-

374 1257 665 1314 admodum
715 1257 786 1310 sit
841 1254 1179 1325 accipiendos
1237 1255 1289 1309 in
1341 1254 1504 1325 figura
1567 1254 1751 1308 David.
1805 1253 1971 1309 David

378 1362 556 1406 autem
587 1351 966 1418 interpretatur
986 1389 1000 1413 ,
1032 1348 1188 1402 Manu
1215 1347 1384 1402 fortis.
1413 1348 1546 1402 Erat
1578 1348 1973 1417 enim‘magnus

380 1443 740 1513 belligerator.
767 1442 1099 1495 Prmsumens
1128 1439 1342 1511 quidem
1373 1440 1441 1495 de
1466 1440 1687 1494 Domino
1713 1441 1820 1494 Deo
1852 1453 1972 1506 suo,

378 1532 611 1587 confecit
639 1532 774 1585 bella
800 1530 975 1585 omnia
996 1571 1012 1594 ,
1032 1530 1311 1599 prostravit
1338 1543 1523 1584 omnes
1544 1529 1783 1584 inimicos
1808 1543 1934 1585 suos
1957 1568 1972 1595 ,

382 1624 493 1678 Deo
535 1636 595 1675 sc
622 1622 939 1690 atljuvaute,
968 1618 1412 1689 quemadmodum
1465 1633 1525 1673 se
1570 1618 1797 1673 habebat
1834 1619 1978 1674 illius

382 1713 596 1783 imperii
625 1711 986 1781 dispensatio;
1021 1710 1367 1780 prmligurans
1395 1719 1571 1764 tamen
1603 1709 1791 1764 fortem
1819 1725 1979 1765 manu

384 1804 671 1876 quemdam
699 1803 765 1857 a'd
811 1802 1157 1858 debellandos
1201 1803 1444 1856 inimicos
1468 1843 1483 1868 ,
1509 1802 1776 1857 diabolum
1805 1812 1859 1858 et
1885 1818 1982 1857 an-

386 1898 537 1969 gelos
575 1896 714 1964 ejus.
746 1893 855 1949 Hos
879 1903 1056 1949 autem
1098 1894 1343 1949 inimicos
1373 1893 1607 1948 Ecclesia
1634 1893 1883 1948 debellat.
1914 1893 1983 1949 Et

386 1989 656 2061 quomodo
683 1987 952 2043 debellat?
969 1986 1390 2041 Mansuetudine.
1416 1986 1819 2041 Mansuetudine
1839 1986 1980 2041 enim

390 2080 505 2149 ipse
546 2078 663 2132 Rex
706 2085 888 2131 noster
926 2076 1053 2131 vicit
1097 2074 1389 2129 diabolum.
1418 2076 1682 2132 Saeviebat
1727 2076 1850 2140 ille;
1884 2076 1984 2132 iste

391 2171 680 2228 sull'crcbat
708 2188 722 2225 :
753 2171 924 2225 victus
949 2179 1033 2224 est
1058 2169 1145 2238 qui
1176 2168 1459 2233 steviebat;
1491 2170 1618 2223 vicit
1644 2169 1733 2238 qui
1763 2168 1985 2225 sull'ere-

394 2265 503 2320 bat.
536 2263 592 2317 In
622 2263 721 2317 ista
751 2259 1154 2315 mansuetudine
1177 2274 1368 2328 corpus
1388 2258 1607 2323 Christi,
1630 2258 1769 2329 quod
1792 2269 1874 2314 est
1897 2260 1986 2313 Ec-

393 2356 555 2411 clesia
581 2396 596 2421 ,
621 2354 784 2408 vincit
837 2352 1103 2407 inimicos.
1149 2351 1228 2406 Sit
1277 2366 1437 2405 manu
1487 2350 1638 2406 fortis
1666 2391 1680 2415 ,
1714 2350 1986 2421 operando

399 2448 599 2502 vincat.
627 2446 761 2501 Cum
792 2454 967 2499 autem
995 2456 1190 2512 corpus
1217 2442 1413 2497 Christi
1439 2451 1520 2497 est
1543 2451 1597 2497 et
1628 2443 1906 2511 templum,
1932 2451 1988 2497 et

398 2539 592 2594 domus
617 2578 632 2604 ,
662 2546 717 2593 et
754 2536 939 2592 civitas
964 2553 977 2601 ;
1006 2545 1061 2591 et
1103 2536 1190 2591 ille
1216 2536 1306 2606 qui
1333 2543 1492 2605 caput
1515 2536 1754 2605 corporis
1776 2548 1861 2591 εει
1887 2575 1902 2601 ,
1934 2544 1988 2590 et

402 2631 663 2685 habitator
688 2629 879 2683 domus
900 2637 1000 2695 est,
1021 2636 1075 2682 et
1099 2627 1458 2682 sanctiﬁcator
1485 2626 1667 2697 templi
1688 2634 1789 2692 est,
1814 2636 1868 2680 et
1894 2641 1985 2681 rex

402 2722 634 2778 civitatis
656 2731 737 2776 est
766 2739 779 2777 :
809 2719 1077 2791 quomodo
1101 2720 1335 2774 Ecclesia
1364 2720 1539 2773 omnia
1568 2718 1657 2771 illa
1681 2760 1696 2782 ,
1722 2718 1800 2772 sic
1826 2717 1988 2772 Chri-

404 2825 515 2870 stus
546 2815 722 2869 omnia
747 2814 864 2868 ista.
890 2813 1024 2879 Quid
1044 2827 1172 2882 ergo
1192 2811 1432 2866 vovimus
1456 2812 1586 2878 Deo,
1615 2810 1714 2865 nisi
1744 2820 1800 2864 ut
1825 2810 1991 2865 simus

407 2908 658 2977 templum
686 2906 963 2962 llei'lNiltil
986 2905 1186 2974 gratius
1214 2905 1261 2959 ei
1289 2918 1571 2974 possumus
1596 2902 1808 2969 offerre,
1832 2917 1989 2972 quam

408 3010 464 3056 ut
491 3001 733 3056 dicamus
761 3000 809 3054 ei
840 2998 981 3069 qttod
1007 2998 1200 3052 dicitur
1224 2997 1277 3051 in
1304 2996 1458 3062 Isaia,
1482 2995 1693 3049 Posside
1716 3012 1805 3049 nos
1839 2992 1991 3065 (Isai.

408 3095 690 3164 xxvt,13).
723 3094 788 3147 Et
809 3092 1019 3162 quidem
1043 3092 1057 3121 ί
1090 3091 1141 3144 ἱη
1172 3090 1286 3144 istis
1316 3088 1739 3159 possessionibus
1769 3088 1994 3143 terrenis

411 3183 777 3257 patrifamilias
816 3189 1097 3251 praestatur
1122 3222 1136 3245 ,
1162 3179 1373 3250 quando
1401 3180 1449 3234 ei
1479 3178 1637 3233 datur
1678 3178 1947 3248 possessio
1977 3194 1990 3231 ε

411 3292 515 3331 nou
539 3275 616 3330 sic
637 3287 715 3329 est
739 3274 1023 3344 possessio,
1044 3288 1160 3341 qua;
1177 3281 1256 3325 est
1280 3271 1536 3337 Ecclesia;
1553 3271 1649 3340 ipsi
1674 3269 1993 3340 possessioni

413 3374 712 3436 pra-statur,
740 3373 799 3418 ut
823 3380 849 3416 a
882 3363 969 3417 tali
1001 3362 1350 3432 possideatur.

481 3461 533 3513 4.
568 3457 704 3526 Quid
748 3470 877 3526 ergo
929 3455 1088 3521 dicit,
1130 3453 1273 3507 Sicut
1310 3455 1502 3524 jurtwit
1552 3452 1801 3517 Domino,
1828 3464 1995 3506 volunt

415 3552 543 3604 vovit
572 3549 679 3602 Deo
709 3547 911 3601 Jacob?
939 3546 1229 3601 Videamus
1254 3544 1396 3615 quod
1425 3556 1604 3599 votum
1626 3547 1667 3596 ².
1698 3544 1887 3599 Jurare
1917 3553 2000 3599 est

417 3652 587 3695 autem
618 3640 771 3694 firme
797 3638 1126 3709 promittere.
1161 3636 1433 3691 Attendite
1452 3644 1631 3689 votum
1660 3634 1781 3701 hoc,
1815 3635 1865 3688 id
1893 3643 1995 3701 est,

415 3733 553 3803 quod
586 3740 802 3786 voverat
841 3746 946 3800 quo
986 3730 1175 3784 ardore
1220 3728 1424 3782 voverit
1446 3766 1462 3791 ,
1484 3741 1588 3796 quo
1630 3740 1811 3781 amore
1844 3767 1858 3791 ,
1895 3741 2000 3795 quo

417 3824 701 3885 desiderio;
735 3832 786 3876 et
816 3832 988 3879 tamen
1016 3821 1081 3874 ad
1115 3822 1214 3873 hoc
1242 3818 1565 3888 implendum
1595 3817 1876 3871 Dominum
1902 3817 1999 3871 de-

419 3928 661 3987 precatus
686 3925 768 3971 est
793 3916 995 3969 dicens.
1022 3912 1291 3975 Memento,
1316 3910 1547 3974 Domine,
1574 3909 1755 3974 David,
1778 3919 1821 3962 et
1841 3910 2001 3963 omnis

421 4006 813 4061 mansuetudinis
843 4009 966 4073 ejus.
996 4003 1049 4057 lu
1082 4003 1179 4056 hac
1205 3999 1609 4056 mansuetudine
1634 4008 1815 4053 votum
1838 4000 2000 4064 vovit,

422 4110 474 4153 ut
501 4100 569 4154 sit
599 4098 789 4152 domus
820 4096 911 4150 Dei
946 4111 959 4146 :
996 4094 1055 4149 Si
1081 4095 1317 4147 introiere
1342 4094 1394 4146 in
1421 4091 1795 4145 tabernaculum
1824 4090 2003 4144 domus

419 4205 571 4254 mete,
600 4188 644 4241 si
670 4190 939 4240 ascendero
963 4202 1112 4255 super
1145 4185 1324 4238 lectum
1358 4192 1546 4237 stratus
1573 4181 1688 4235 mei.
1732 4179 1795 4235 Si
1820 4180 2003 4233 dedero

418 4294 647 4333 sonmum
672 4279 828 4332 oculis
857 4278 998 4330 meis.
1032 4276 1223 4329 Parum
1254 4275 1398 4328 visus
1431 4272 1715 4327 estdicere
1734 4314 1749 4338 ,
1771 4287 2002 4326 somnum

419 4372 575 4425 oculis
597 4371 717 4423 meis
741 4384 757 4423 :
777 4367 841 4422 Et
864 4367 1113 4437 palpebris
1140 4366 1262 4420 meis
1276 4365 1702 4427 dormitationem;
1721 4374 1767 4417 et
1788 4363 2004 4435 requiem

420 4461 727 4533 temporibus
751 4462 869 4514 meis
891 4460 933 4512 si
964 4458 1182 4523 dedero,
1210 4457 1535 4527 quoadusque
1558 4457 1808 4510 inveniam
1840 4457 2006 4510 locum

421 4553 661 4616 Domino,
685 4552 1060 4605 tabernaculum
1088 4548 1195 4603 Deo
1213 4547 1392 4602 Iacob.
1409 4548 1506 4603 Ubi
1530 4548 1805 4618 quaerebat.
1829 4548 2005 4603 locum

423 4646 686 4701 Domino?
700 4645 755 4700 Si
782 4652 1086 4698 mansuetus
1106 4650 1240 4707 erat,
1262 4642 1313 4695 in
1339 4655 1397 4695 se
1417 4640 1710 4709 qumrebat.
1728 4639 2008 4706 Quomodo

420 4750 501 4794 est
524 4737 669 4793 enim
687 4737 835 4790 locus
863 4734 1108 4788 Domini?
1133 4732 1269 4786 Audi
1294 4730 1604 4801 prephetam
1630 4748 1643 4784 :
1670 4729 1839 4799 Super
1861 4746 2010 4798 quem

422 4831 693 4901 requiescet
724 4826 950 4899 Spiritus
976 4824 1151 4879 meus?
1178 4824 1347 4891 Super
1373 4823 1610 4878 humilem
1630 4863 1644 4886 ,
1673 4830 1719 4874 et
1748 4822 1965 4889 quietum
1990 4862 2006 4888 ,

420 4935 464 4977 ct
493 4934 783 4976 trementem
823 4920 969 4974 verba
1009 4936 1118 4972 mea
1149 4916 1256 4986 (Id.
1292 4931 1417 4970 LXVI
1445 4956 1457 4978 ,
1480 4914 1559 4986 2).
1595 4915 1687 4969 Vis
1714 4928 1833 4968 csse
1864 4914 2009 4967 locus

423 5015 678 5069 Domini?
709 5013 835 5068 Esto
866 5011 1079 5066 humilis
1100 5052 1113 5075 ,
1145 5016 1201 5063 et
1234 5008 1443 5077 quietus
1464 5048 1477 5071 ,
1505 5013 1560 5060 et
1586 5013 1821 5060 tremens
1850 5004 2008 5059 verba

423 5107 513 5160 Dei
535 5148 550 5172 ,
574 5114 628 5159 et
657 5116 709 5159 ttt
740 5105 851 5173 ipse
877 5102 1126 5157 efﬁcieris
1152 5099 1295 5170 quod
1321 5099 1513 5169 qturris
1545 5098 1585 5152 ³.
1616 5096 1671 5151 Si
1701 5096 1841 5150 enim
1875 5096 1925 5149 in
1960 5106 2011 5150 te

425 5212 527 5249 non
558 5196 646 5249 flat
666 5194 805 5263 quod
828 5193 1042 5263 quatris,
1061 5192 1111 5245 in
1134 5191 1302 5244 altero
1327 5189 1451 5259 quid
1478 5187 1569 5242 tibi
1596 5186 1850 5256 prodest?
1870 5186 2009 5255 Ope-

425 5296 571 5340 mtur
601 5285 813 5355 quidem
844 5285 980 5338 Deus
1006 5281 1289 5352 aliquando
1315 5295 1409 5350 per
1440 5279 1816 5348 evangelistam
1862 5278 2010 5331 salu-

426 5386 531 5432 tem
563 5378 783 5432 alterius
822 5385 1021 5430 tantum
1043 5415 1057 5441 ,
1083 5374 1128 5428 si
1160 5373 1272 5443 ipse
1302 5371 1433 5426 dicit
1460 5378 1515 5425 et
1544 5385 1647 5423 non
1680 5367 1805 5423 facit
1831 5386 1847 5434 ;
1871 5379 1925 5423 et
1954 5371 2011 5422 fit

493 5557 507 5586 ³
534 5559 605 5603 Sic
626 5561 736 5603 Lov.
763 5561 812 5601 In
830 5560 863 5601 Β
886 5588 899 5611 ,
925 5551 1163 5614 equidem.
1258 5556 1314 5598 Μ.

492 5619 512 5647 ²
536 5618 617 5664 Hic
642 5616 752 5663 ttdd.
778 5607 1137 5675 prmmis'sajam
1159 5619 1582 5675 antesesversus
1598 5609 1745 5675 verba
1763 5607 1839 5657 illa
1863 5622 2008 5670 repe-

425 5682 555 5733 tunt,
577 5676 671 5725 nisi
694 5669 906 5725 ut
927 5669 1157 5736 templum
1194 5672 1299 5736 Dei.
1328 5670 1455 5736 Nihil
1484 5670 1670 5736 gratius
1694 5669 1739 5719 ei
1760 5669 2009 5736 possumus

424 5731 615 5799 oﬂerrc.
642 5744 693 5786 Et
715 5751 825 5786 mox
846 5731 1045 5799 addunt,
1072 5746 1216 5799 quam
1236 5734 1341 5789 iure
1356 5731 1532 5793 jurai‘e
1559 5733 1660 5794 (vel
1696 5731 1839 5797 quum
1859 5731 2005 5793 jura-

426 5797 519 5861 γὲ).
541 5807 658 5857 Qttte.
672 5801 821 5847 verba
846 5811 939 5846 non
964 5798 1013 5844 in
1031 5797 1251 5844 omnibus
1280 5801 1473 5845 exstant
1496 5802 1599 5843 Mss.

493 5861 513 5891 ⁸
534 5858 750 5910 Nattnulli
774 5866 878 5908 Mss.
920 5854 1101 5909 ameris
1115 5854 1163 5906 in
1179 5854 1340 5905 altera.

554 5867 750 5909 toauuui
774 5867 878 5908 MSS.
920 5867 1101 5909 autem
1115 5868 1163 5906 ιη
1179 5867 1340 5905 auem.

1452 397 1934 458 ENARRATIUIN
1974 397 2294 457 PSALMUM
2332 402 2566 460 CXXXI.

3518 421 3653 475 l7l8

2067 535 2163 589 per
2191 523 2421 593 linguam
2442 526 2557 595 ejus
2581 527 2634 581 in
2656 526 2764 583 alio
2789 528 2940 585 locus
2967 530 3192 588 Domino
3210 576 3224 599 ,
3256 549 3359 591 non
3391 545 3567 593 autem
3596 540 3657 596 tit

2067 614 2180 683 ipse
2205 616 2355 671 locus
2385 616 2629 672 Domino.
2660 618 2760 684 Qui
2791 630 2968 676 autem
2999 638 3117 692 quas
3145 623 3304 680 docet
3327 626 3461 683 bene
3485 627 3611 686 facit
3638 675 3653 697 ,

2067 713 2123 761 ct
2145 707 2223 762 sic
2245 707 2401 763 docet
2424 750 2438 774 ,
2463 709 2522 763 lit
2546 710 2692 764 locus
2719 711 2943 767 Domino
2980 729 3102 769 cum
3145 731 3214 772 eo
3254 733 3414 787 quem
3459 719 3616 777 docet
3642 740 3656 777 :

2069 798 2190 867 quia
2212 813 2400 855 omnes
2419 801 2699 857 credentes
2727 818 2891 859 unum
2910 804 3085 860 locum
3112 807 3308 863 faciunt
3332 810 3572 867 Domino.
3600 815 3657 869 lu

2070 886 2232 942 corde
2261 889 2404 943 enim
2438 890 2595 946 habet
2620 892 2795 947 locum
2825 894 3101 963 Dominus;
3124 899 3244 968 quia
3273 917 3433 955 unum
3460 918 3555 958 cor
3578 914 3661 960 est

2071 981 2313 1036 omnium
2340 982 2393 1037 in
2418 982 2674 1040 cltaritate
2702 986 3091 1055 copulatorum.

2144 1072 2199 1127 5.
2226 1072 2395 1140 Quam
2446 1075 2610 1129 multa
2656 1076 2820 1131 millia
2871 1079 3252 1148 crediderunt,
3287 1084 3478 1142 fratres
3508 1090 3612 1143 mei
3644 1132 3659 1153 ,

2074 1161 2285 1232 quando
2310 1163 2477 1232 pretia
2498 1179 2677 1221 rerum
2699 1181 2915 1222 suarum
2944 1173 3314 1238 posueruntad
3339 1175 3503 1242 pedes
3523 1180 3667 1247 Apo-

2075 1253 2333 1307 stolorum
2360 1253 2373 1306 !
2405 1251 2509 1308 Sed
2564 1255 2688 1325 quid
2731 1257 2799 1312 de
2843 1258 2944 1313 illis
2992 1259 3121 1314 dicit
3162 1260 3666 1333 Scriptura?Certe

2076 1343 2198 1399 facti
2239 1352 2364 1400 sunt
2410 1347 2662 1416 templum
2710 1348 2838 1414 Dei;
2872 1364 2976 1404 non
3026 1360 3229 1407 tantum
3274 1357 3531 1424 templum
3576 1360 3668 1415 Dei

2078 1434 2292 1505 singuli,
2322 1435 2416 1491 sed
2448 1447 2501 1491 et
2527 1451 2715 1493 omnes
2742 1440 2996 1509 templum
3030 1441 3122 1495 Dei
3152 1444 3331 1498 simul.
3366 1445 3515 1501 Facti
3546 1459 3669 1504 sunt

2079 1541 2208 1597 ergo
2243 1527 2394 1582 locus
2444 1528 2689 1583 Domino.
2720 1526 2787 1584 Et
2813 1539 2869 1585 ut
2908 1534 3161 1589 noveritis
3203 1538 3325 1605 quia
3351 1552 3489 1594 unus
3520 1540 3669 1599 locus

2081 1614 2250 1672 factus
2276 1627 2359 1673 est
2387 1619 2610 1674 Domino
2638 1618 2689 1674 in
2717 1622 2993 1688 omnibus,
3025 1624 3297 1695 Scriptura
3336 1629 3463 1684 dicit
3493 1650 3504 1685 :
3542 1632 3669 1689 Erat

2081 1711 2185 1766 illis
2210 1715 2380 1767 anima
2401 1729 2501 1767 una
2528 1723 2574 1767 et
2602 1730 2690 1768 cor
2712 1730 2866 1769 unum
2892 1718 2944 1770 in
2976 1716 3135 1771 Deum
3163 1720 3295 1790 (Act.
3327 1737 3382 1786 Il,
3406 1724 3493 1789 4|;
3524 1734 3573 1779 et
3593 1743 3664 1794 tv,

2085 1805 2119 1859 4
2143 1847 2156 1869 ,
2188 1804 2290 1871 52,
2324 1805 2435 1877 55).
2468 1806 2614 1860 Multi
2655 1815 2832 1861 autem
2879 1823 2947 1862 ne
2971 1806 3168 1864 faciant
3198 1812 3368 1866 locum
3403 1814 3630 1871 Domino
3653 1860 3668 1884 ,

2084 1912 2179 1952 sua
2206 1904 2469 1968 quaerunt,
2492 1912 2587 1954 sua
2613 1898 2856 1969 diligunt,
2884 1908 3145 1967 potestate
3166 1917 3258 1957 sua
3284 1905 3538 1973 gaudent,
3567 1909 3674 1975 pri-
3758 1961 3762 1963 Α

2086 1999 2263 2044 vatum
2312 2007 2468 2045 suum
2519 1993 2920 2061 concupiscunt.
2964 1993 3063 2061 Qui
3112 2002 3289 2049 autem
3338 1998 3453 2051 vult
3497 1997 3676 2054 facere

2087 2082 2261 2137 locum
2295 2084 2515 2138 Domino
2535 2125 2548 2149 ,
2578 2099 2685 2138 non
2712 2084 2781 2139 de
2809 2085 3039 2153 privato,
3070 2086 3163 2140 sed
3191 2086 3259 2142 de
3285 2090 3552 2144 communi
3581 2090 3677 2146 de-

2088 2174 2179 2229 bet
2203 2174 2456 2244 gaudere.
2489 2175 2601 2229 lloc
2628 2175 2701 2228 illi
2731 2174 2973 2230 fecerunt
2996 2176 3063 2230 de
3090 2176 3250 2231 rebus
3278 2178 3386 2232 suis
3415 2180 3633 2248 privatis
3660 2199 3674 2245 ;

2089 2263 2331 2320 fecerunt
2352 2265 2470 2320 illas
2490 2280 2823 2321 communes.
2852 2266 3003 2333 Quod
3036 2266 3300 2322 habebant
3323 2282 3498 2334 suum,
3524 2286 3679 2329 nume

2088 2358 2215 2428 quid
2264 2358 2592 2412 amiserunt?
2622 2357 2677 2413 Si
2719 2357 2818 2412 soli
2862 2358 3158 2425 haberent,
3209 2367 3265 2414 et
3314 2362 3677 2431 unusquisque

2087 2464 2241 2504 suum
2265 2448 2504 2514 haberet;
2530 2448 2631 2503 hoc
2646 2449 2821 2503 solum
2839 2448 3060 2504 haberet
3079 2449 3219 2519 quod
3242 2465 3395 2505 suum
3415 2451 3643 2506 habebat
3664 2472 3677 2506 :

2089 2553 2209 2594 cum
2259 2548 2434 2593 autem
2477 2538 2618 2609 quod
2649 2540 2919 2609 proprium
2943 2549 3093 2607 erat,
3118 2556 3403 2597 commune
3447 2542 3598 2608 fecit;
3627 2556 3682 2600 et

2092 2646 2152 2686 ea
2186 2645 2303 2701 quae
2333 2641 2485 2685 erant
2525 2639 2841 2686 caeterorum
2863 2673 2878 2697 ,
2909 2632 3075 2702 ipsius
3104 2632 3237 2687 facta
3265 2642 3407 2687 sunt.
3437 2632 3681 2690 Intendat

2092 2723 2338 2777 Charitas
2371 2731 2547 2777 vestra
2577 2741 2589 2776 :
2622 2724 2745 2793 quia
2774 2732 2993 2793 propter
3019 2724 3105 2778 illa
3134 2739 3252 2794 quae
3281 2726 3469 2795 singuli
3513 2729 3683 2797 possi-

2094 2814 2282 2869 demus
2304 2855 2319 2880 ,
2357 2815 2592 2869 existunt
2639 2814 2758 2869 lites
2784 2854 2800 2881 ,
2835 2815 3126 2870 inimicitia:
3155 2856 3169 2880 ,
3198 2815 3480 2870 discordia:
3504 2859 3519 2883 ,
3545 2816 3684 2873 bella

2098 2904 2235 2959 inter
2262 2904 2503 2959 homines
2524 2947 2539 2971 ,
2571 2905 2827 2960 tumultus
2844 2947 2859 2971 ,
2889 2905 3251 2961 dissensiones
3278 2906 3561 2982 adversum
3584 2924 3644 2965 se
3667 2952 3683 2979 ,

2096 2995 2344 3052 scandala
2370 3037 2384 3061 ,
2418 3004 2629 3065 peccata
2664 3036 2679 3063 ,
2727 2995 3035 3066 iniquitates
3064 3030 3081 3064 ,
3108 2996 3412 3052 homicidia.
3460 2997 3685 3069 Propter

2098 3088 2254 3159 quas?
2280 3088 2507 3157 Propter
2531 3087 2641 3158 ipsa
2669 3100 2788 3157 qua:
2816 3087 3006 3157 singuli
3035 3087 3391 3157 possidemus.
3419 3088 3683 3161 Numquid

2100 3190 2317 3251 propter
2343 3180 2441 3233 ista
2467 3195 2586 3250 qua:
2610 3180 2968 3234 communiter
2996 3179 3350 3249 possidemus,
3378 3181 3687 3251 litigamus?

2100 3274 2295 3327 Aerem
2324 3271 2479 3325 istum
2511 3271 2868 3325 communiter
2891 3269 3157 3337 ducimus,
3190 3272 3357 3325 solem
3385 3273 3682 3326 communi-

2103 3374 2183 3418 ter
2212 3377 2398 3417 omnes
2424 3362 2685 3417 videmus.
2718 3362 2866 3417 Beati
2891 3375 3020 3432 ergo
3048 3362 3135 3432 qui
3176 3362 3253 3416 sic
3287 3361 3486 3417 faciunt
3511 3364 3684 3418 locum

2103 3452 2362 3520 Domino,
2393 3460 2450 3508 ut
2490 3454 2695 3524 privato
2738 3467 2836 3507 suo
2884 3466 2989 3506 non
3032 3452 3319 3523 gaudeant.
3346 3452 3529 3508 Talem
3561 3462 3690 3525 ergo

2102 3546 2438 3603 describebat
2463 3547 2584 3612 iste,
2610 3546 2699 3617 qui
2720 3545 2949 3612 dicebat,
2976 3538 3294 3601 Siintroiero
3323 3545 3692 3599 in‘tabernacu-

2105 3640 2208 3694 lum
2230 3640 2408 3694 domus
2434 3654 2571 3693 mete.
2603 3637 2869 3693 Privatum
2889 3636 2991 3692 hoc
3015 3649 3147 3692 erat.
3170 3637 3384 3692 Sciebat
3407 3637 3613 3707 privato
3633 3651 3691 3693 se

2106 3735 2370 3805 impediri,
2407 3748 2472 3787 ne
2502 3734 2699 3788 faceret
2728 3732 2902 3786 locum
2934 3731 3177 3795 Domino,
3207 3737 3261 3783 et
3284 3744 3344 3781 ea
3362 3738 3692 3782 commemo-

2106 3835 2187 3880 rat
2214 3840 2331 3894 quze
2361 3824 2425 3877 ad
2455 3824 2687 3891 seipsutn
2724 3821 3058 3891 pertinebant
3089 3838 3101 3871 :
3130 3834 3234 3873 non
3265 3819 3496 3872 introibo
3526 3820 3578 3871 in
3606 3826 3687 3870 tuo

2106 3916 2429 3969 bernuculum
2471 3914 2650 3965 domus
2674 3928 2797 3965 metr
2815 3952 2829 3977 ,
2862 3910 3021 3963 donec
3044 3910 3294 3961 inveniam
3322 3924 3339 3959 :
3366 3907 3538 3976 quid?
3565 3921 3688 3962 cum

2108 4007 2372 4061 inveneris
2415 4006 2587 4058 locum
2637 4000 3146 4065 Domino,intrabis
3190 4000 3239 4053 in
3288 3998 3689 4053 tabernaculum

2108 4099 2292 4155 tuum?
2319 4099 2397 4151 Au
2427 4098 2597 4166 ipsum
2627 4098 2643 4126 ¹
2676 4096 2778 4150 erit
2811 4093 3205 4149 tabernaculum
3238 4100 3406 4155 tttttm,
3432 4092 3521 4146 ubi
3544 4092 3697 4147 inve-

2108 4190 2250 4245 neris
2281 4190 2453 4243 locum
2484 4186 2747 4242 Domino?
2766 4185 2978 4252 Quare?
3003 4183 3134 4251 Quia
3159 4183 3270 4253 ipse
3291 4182 3396 4237 eris
3417 4182 3565 4237 locus
3592 4181 3693 4237 Do-

2110 4281 2261 4345 mini,
2285 4289 2337 4334 et
2358 4294 2477 4333 cum
2506 4277 2583 4332 eis
2613 4276 2703 4346 qtti
2738 4274 2932 4330 fuerint
2954 4275 3102 4328 locus
3119 4273 3352 4337 Domini,
3378 4289 3539 4327 unum
3562 4274 3691 4329 eris.

2180 4372 2233 4427 6.
2265 4369 2636 4426 Abstineamus
2657 4382 2783 4438 ergo
2810 4380 2928 4432 nos,
2954 4364 3165 4431 fratres,
3195 4380 3224 4419 a
3250 4366 3588 4434 possessione
3614 4364 3693 4419 rei

2112 4465 2350 4535 privatae;
2371 4470 2462 4515 aut
2481 4460 2547 4515 ab
2564 4474 2766 4524 amore,
2788 4458 2831 4512 si
2849 4472 2954 4513 non
2977 4472 3262 4528 possumus
3280 4470 3310 4509 a
3334 4456 3692 4525 possessione;

2110 4566 2166 4612 et
2187 4555 2405 4610 facimus
2437 4553 2612 4607 locum
2635 4550 2876 4605 Domino.
2906 4549 3130 4604 Multum
3160 4547 3329 4603 estad
3362 4563 3468 4611 me,
3497 4548 3571 4601 ait
3600 4546 3696 4600 ali-

2111 4648 2248 4718 quis.
2278 4644 2382 4701 Sed
2410 4643 2531 4698 vide
2565 4643 2683 4712 quis
2712 4642 2831 4707 sis’,
2860 4640 3094 4695 facturus
3132 4640 3306 4694 locum
3352 4637 3598 4691 Domino.
3641 4635 3696 4691 Si

2112 4737 2272 4793 vellet
2300 4732 2438 4804 apud
2469 4743 2520 4788 te
2549 4732 2835 4802 hospitium
2868 4729 3066 4786 habere
3102 4728 3293 4798 aliquis
3321 4734 3555 4787 senator,
3587 4738 3695 4779 non

2113 4828 2234 4883 dico
2274 4834 2519 4892 senator,
2564 4834 2877 4895 procurator
2918 4820 3138 4889 alicujus
3181 4819 3354 4886 magni
3403 4815 3694 4871 secundum

2115 4919 2387 4983 saxulum,
2433 4924 2487 4972 et
2529 4915 2748 4980 diceret,
2780 4911 3010 4968 Oll‘eudit
3038 4926 3122 4964 me
3163 4908 3413 4979 quiddam
3446 4908 3498 4962 in
3535 4907 3695 4962 domo

2116 5020 2201 5066 tua
2226 5027 2240 5076 ;
2269 5010 2368 5065 ctsi
2397 5023 2605 5064 amares
2642 5008 2763 5073 hoc,
2793 5005 3031 5059 auferres
3068 5011 3242 5056 tamen
3272 5016 3338 5055 ne
3373 5016 3494 5054 eum
3525 5000 3695 5056 oll'ett-

2116 5103 2291 5168 deres,
2314 5101 2380 5157 ad
2401 5101 2555 5171 cujus
2576 5097 2856 5153 amicitiam
2884 5094 3136 5149 ambires.
3160 5092 3228 5147 Et
3250 5093 3373 5163 quid
3404 5092 3496 5147 tibi
3528 5094 3689 5162 prod-

2118 5208 2198 5252 est
2234 5195 2462 5249 hominis
2501 5190 2768 5247 amicitia?
2820 5187 2978 5242 Forte
3016 5187 3084 5240 ibi
3134 5200 3237 5241 nou
3267 5185 3439 5240 solum
3490 5186 3695 5240 nullum

2116 5288 2393 5351 auxilium,
2412 5283 2504 5339 sed
2532 5292 2585 5337 et
2616 5279 2906 5351 periculum
2940 5277 3226 5331 invenires.
3251 5275 3385 5331 Nam
3412 5277 3563 5331 multi
3587 5290 3692 5330 non

2118 5377 2561 5450 periclitabantur
2616 5380 2898 5441 antequam
2963 5368 3255 5439 majoribus
3307 5368 3694 5439 jungerentur;

2117 5477 2434 5541 exoptarunt
2459 5466 2718 5536 majorum
2749 5463 3029 5529 amicitias,
3054 5470 3111 5517 ut
3132 5462 3332 5532 majora
3361 5462 3591 5533 pericula
3617 5461 3697 5512 in-

2117 5570 2413 5618 currerent.
2441 5559 2671 5615 Securus
2697 5568 2821 5627 opta
2846 5556 3133 5611 amicitiam
3172 5554 3369 5609 Christi
3396 5570 3407 5606 :
3440 5553 3694 5621 hospitari

2117 5653 2253 5723 apud
2287 5663 2337 5706 te
2364 5651 2511 5715 vult;
2538 5649 2617 5703 fac
2646 5648 2719 5702 illi
2751 5649 2944 5702 locum.
2967 5646 3101 5714 Quid
3133 5654 3230 5708 est,
3268 5646 3346 5697 fac
3376 5644 3447 5696 illi
3482 5642 3697 5695 leum?

2182 5787 2198 5818 ι
2222 5784 2406 5844 Aliquot
2428 5790 2555 5845 3155.,
2574 5781 2694 5845 ipse.

2181 5849 2199 5878 ¹
2226 5838 2463 5907 Εεδὶυπά.
2497 5838 2630 5904 sent,
2655 5840 2770 5902 quid
2791 5838 2872 5890 di.
2973 5847 3025 5886 Μ.
