4160 6458
577 406 718 466 ΗΝ

574 520 695 578 Noli
741 529 923 572 amare
963 510 1224 578 teipsum,
1267 501 1415 555 illum
1471 510 1611 551 ama.
1655 493 1714 548 Si
1761 501 1813 548 te
1855 489 2154 554 amaveris,

575 609 782 668 claudis
811 612 996 660 contra
1028 600 1208 661 illum;
1242 595 1286 648 si
1319 593 1490 662 ipsum
1520 586 1806 650 amaveris,
1836 584 2013 654 aperis
2045 583 2117 635 illi
2143 600 2157 636 :

574 703 620 757 si
651 709 827 754 autem
854 689 1126 762 aperueris
1167 695 1222 740 et
1261 681 1556 743 intraverit,
1584 693 1693 733 non
1737 677 1912 746 perics
1933 673 2159 728 amando

513 839 518 844 .
575 800 648 854 te,
683 786 777 842 sed
806 780 1091 838 invenieris
1119 790 1243 831 cum
1269 780 1486 827 amante
1510 779 1580 824 te.

647 883 697 936 7.
752 878 902 950 [vcrs.
939 871 1016 944 3.]
1071 871 1131 926 Si
1168 867 1406 922 introiero
1451 865 1505 917 in
1548 859 1928 915 tabernaculum
1979 857 2160 910 domus

571 987 725 1037 mete,
769 969 813 1022 si
855 962 1124 1019 escendero
1165 974 1319 1027 super
1362 956 1541 1009 lectum
1585 961 1769 1006 stratus
1807 948 1923 1001 mei.
1949 946 2160 999 Privata

573 1067 717 1121 cnim
749 1076 840 1117 res
870 1061 1004 1128 ipsa,
1037 1055 1126 1109 ubi
1161 1052 1323 1106 homo
1365 1045 1680 1117 acquiescit,
1709 1040 1968 1112 superbos
1999 1037 2158 1102 facil;

574 1155 697 1210 ideo
718 1151 872 1215 dixit,
898 1148 957 1202 Si
982 1143 1273 1200 ascendero.
1295 1138 1352 1192 In
1382 1153 1441 1192 re
1465 1149 1620 1203 quant
1651 1132 1912 1202 privatam
1937 1128 2162 1198 quisque

575 1242 846 1314 possidet,
897 1249 1118 1293 necesse
1164 1241 1247 1287 est
1291 1227 1552 1297 superbus
1598 1224 1705 1277 sit:
1746 1220 1870 1274 inde
1918 1234 1978 1273 se
2017 1218 2160 1271 enim

568 1332 750 1387 tendit
776 1332 936 1384 homo
964 1325 1030 1380 ad
1059 1323 1349 1383 hominem,
1379 1332 1498 1372 cum
1527 1313 1686 1368 ambo
1716 1311 1823 1365 sint
1849 1322 1994 1364 caro.
2022 1306 2162 1372 Quid

576 1433 660 1478 est
705 1421 886 1486 homo,
928 1413 1160 1472 fratres?
1201 1412 1358 1467 Caro.
1394 1407 1464 1462 Et
1492 1403 1621 1476 quid
1662 1410 1748 1458 est
1791 1401 1924 1454 alter
1961 1397 2162 1453 homo?

575 1515 759 1570 Altera
783 1523 931 1565 caro.
973 1507 1041 1560 Et
1081 1513 1258 1558 tamen
1289 1514 1414 1554 caro
1450 1496 1599 1550 dives
1627 1490 1866 1548 extendit
1891 1504 1950 1543 se
1977 1496 2162 1542 contra

576 1619 790 1663 carnem
836 1612 1158 1670 pauperem;
1192 1591 1341 1663 quasi
1387 1585 1584 1656 aliquid
1625 1585 1714 1638 illa
1755 1596 1881 1637 caro
1926 1579 2165 1634 attulerit

576 1694 790 1767 quando
814 1702 935 1747 nata
961 1699 1068 1748 est.
1095 1695 1186 1741 aut
1209 1681 1406 1752 aliquid
1431 1679 1636 1733 auferat
1669 1673 1884 1745 quando
1912 1673 2160 1727 moritur.

577 1762 659 1841 Ad
689 1788 789 1839 hoc
809 1783 927 1852 plus
953 1777 1161 1841 habuit,
1195 1783 1253 1828 ut
1283 1773 1400 1842 plus
1428 1768 1701 1824 tumeret‘.
1735 1766 1837 1818 Iste
1867 1773 2043 1817 autem
2073 1762 2163 1831 qui

578 1878 693 1932 vult
715 1874 953 1931 invenire
973 1873 1148 1925 locum
1177 1863 1424 1930 Domino,
1454 1860 1602 1925 dicit,
1631 1858 1689 1913 Si
1713 1855 1982 1910 ascendere
2009 1869 2164 1923 super

579 1971 762 2025 lectum
783 1967 927 2021 strati
957 1964 1072 2018 mei.

653 2061 707 2116 8.
736 2058 884 2131 [vers.
925 2054 1004 2126 4.]
1047 2054 1108 2108 Si
1137 2052 1320 2105 dedero
1361 2063 1591 2104 somnum
1630 2044 1788 2099 oculis
1831 2042 1970 2096 meis.
2014 2036 2163 2092 Multi

583 2154 726 2210 enim
775 2166 895 2205 cum
943 2147 1248 2206 dormiunt.
1294 2157 1399 2196 non
1448 2138 1650 2193 faciunt
1691 2137 1866 2190 locum
1913 2129 2160 2185 Domino.

581 2243 737 2299 Tales
778 2238 974 2295 excitat
1010 2234 1298 2304 Apostolus
1327 2248 1340 2283 :
1374 2230 1574 2298 Surge,
1603 2227 1688 2294 qui
1729 2223 1949 2286 dormis,
1988 2227 2033 2272 et
2070 2233 2161 2272 ea:-

578 2351 730 2406 surge
748 2349 778 2386 α
797 2330 1036 2391 mortuis;
1053 2338 1094 2380 et
1112 2322 1414 2379 illuminabit
1437 2331 1480 2374 te
1493 2319 1721 2372 Christus
1739 2315 1952 2386 (Ep/res.
1968 2325 2021 2375 v,
2047 2310 2159 2377 H);

577 2437 632 2482 et
659 2425 766 2479 alio
786 2424 934 2486 loco,
970 2418 1081 2472 Nos
1125 2427 1291 2469 autem
1320 2412 1407 2482 qui
1441 2411 1538 2464 diei
1564 2423 1738 2462 sumus
1758 2447 1772 2470 ,
1800 2402 2085 2474 vigilemus,
2116 2407 2162 2452 et

577 2518 730 2573 sobrii
749 2518 907 2570 simus
930 2529 947 2567 :
974 2528 1091 2565 nam
1118 2508 1200 2578 qui
1226 2506 1502 2567 dormiunt,
1532 2510 1672 2554 nocte
1692 2497 1978 2555 dormiunt;
2008 2501 2052 2545 et
2078 2490 2164 2559 qui

579 2608 916 2670 inebriantur,’
941 2611 1084 2656 nocte
1110 2598 1232 2653 ebrii
1257 2604 1372 2650 sunt
1408 2592 1450 2664 (Ι
1479 2591 1657 2644 Thess.
1685 2604 1737 2652 v,
1767 2585 1910 2654 5—8).
1941 2583 2161 2637 Noctem

576 2700 761 2755 dicens
789 2697 1118 2766 iniquitatem
1143 2732 1158 2756 ,
1189 2690 1241 2744 in
1277 2702 1378 2757 qua
1421 2685 1496 2738 illi
1526 2679 1868 2736 obdorminnt
1899 2673 2163 2746 cupiendo

577 2791 678 2845 ista
712 2800 942 2841 terrena.
978 2785 1039 2837 Et
1073 2795 1262 2836 omnes
1294 2779 1408 2831 ista:
1450 2775 1730 2828 felicitates
1770 2785 1888 2838 qua:
1919 2767 2164 2821 videntur

576 2879 758 2938 surculi
781 2919 795 2941 ,
823 2875 1028 2931 somnia
1071 2881 1190 2927 sunt
1230 2866 1627 2923 dormientium.
1677 2863 1744 2915 Et
1777 2858 2044 2930 quomodo
2073 2857 2160 2926 qui

578 2967 1022 3026 videtthesanros
1063 2965 1114 3018 in
1160 2960 1398 3021 somnis,
1428 2955 1701 3010 dormiens
1739 2951 1887 3005 dives
1916 2959 2026 3012 est;
2067 2947 2162 3002 sed

576 3060 883 3131 evigilabit,
915 3067 968 3111 et
996 3068 1195 3125 pauper
1225 3049 1329 3105 erit
1356 3067 1367 3102 :
1403 3049 1480 3101 sic
1506 3045 1684 3098 omnia
1723 3043 1820 3095 ista
1849 3055 1979 3093 vana
2007 3038 2163 3106 hujus

577 3151 780 3216 saeculi,
803 3149 868 3204 de
881 3146 1070 3218 quibus
1089 3145 1332 3198 homines
1347 3137 1600 3209 gaudent,
1623 3135 1674 3187 in
1697 3145 1886 3186 somno
1902 3129 2160 3199 gaudent:

576 3241 898 3314 evigilabunt
940 3234 1155 3307 quando
1195 3231 1419 3295 nolunt,
1466 3227 1510 3280 si
1559 3240 1664 3278 non
1710 3222 1869 3276 modo
1909 3218 2162 3286 evigilant

579 3309 793 3406 quando
835 3330 960 3384 utile
986 3335 1095 3391 est;
1127 3333 1183 3380 et
1219 3320 1491 3376 invenient
1528 3314 1732 3370 somnia
1775 3311 1939 3366 fuisse
1969 3309 2078 3371 illa,
2108 3315 2163 3362 et

576 3424 861 3485 transisse,
886 3420 1024 3473 sicut
1049 3416 1176 3470 dicit
1203 3413 1474 3481 Scriptura
1493 3450 1507 3474 ,
1531 3406 1682 3461 veluti
1703 3402 1952 3457 somnium
1978 3414 2158 3452 exsar-

575 3515 738 3587 gentis
779 3510 948 3579 (Psal.
1003 3521 1165 3571 Lun,
1202 3502 1296 3573 20)
1345 3518 1359 3552 :
1407 3508 1462 3553 et
1499 3497 1603 3549 alio
1647 3494 1786 3557 loco,
1838 3489 2161 3542 Dormierunt

575 3619 806 3662 somnum
838 3615 1004 3663 suum,
1027 3607 1072 3650 et
1094 3594 1221 3648 nihil
1250 3593 1539 3644 invenerunt
1565 3600 1733 3640 omnes
1763 3581 1852 3634 viri
1872 3579 2160 3632 divitiarum

574 3700 632 3753 in
664 3694 894 3750 manibus
936 3690 1040 3744 suis
1071 3685 1240 3758 (Psal.
1284 3682 1443 3746 Lxx'v,
1473 3677 1550 3746 6).
1571 3673 1896 3728 Dorniierunt
1929 3683 2159 3722 somnum

574 3805 744 3852 suum,
793 3785 974 3840 finitus
1015 3788 1097 3835 est
1134 3789 1374 3838 sonmus,
1405 3781 1449 3825 et
1485 3767 1612 3823 nihil
1654 3767 1945 3818 invenerunt
1968 3762 2018 3813 in
2046 3775 2158 3811 ma-

574 3884 725 3939 nibus
748 3880 885 3942 suis;
915 3876 1036 3946 quia
1070 3873 1122 3926 in
1159 3866 1364 3924 somnis
1397 3861 1649 3918 videbant
1673 3855 1884 3910 divitias
1906 3852 2158 3906 transito-

571 3977 700 4032 rias.
728 3972 830 4026 Iste
856 3983 984 4037 ergo
1009 3964 1098 4036 qui
1126 3962 1237 4015 vult
1268 3957 1506 4012 invenire
1533 3953 1708 4006 locum
1743 3947 1989 4010 Domino,
2024 3943 2160 3998 dixit

574 4067 757 4129 etiam,
807 4062 868 4118 Si
906 4059 1090 4113 dedero
1128 4067 1361 4109 somnum
1405 4047 1562 4101 oculis
1609 4042 1752 4096 meis.
1801 4039 1937 4094 Sunt
1981 4046 2159 4091 autem

575 4156 790 4228 quidam
811 4152 902 4224 qui
925 4165 1032 4205 non
1053 4144 1346 4208 dormiunt,
1371 4137 1464 4194 sed
1486 4135 1795 4190 dormitant.
1817 4130 2155 4198 Aliquantum

576 4246 857 4303 retrahunt
879 4258 937 4298 se
965 4241 1033 4295 ab
1061 4251 1246 4291 amore
1273 4228 1640 4300 temporalium
1666 4266 1681 4292 ,
1701 4233 1754 4278 et
1772 4235 1957 4276 rursus
1979 4217 2156 4273 revol-

574 4348 772 4395 vuntur
812 4337 863 4390 in
891 4348 1042 4393 cum;
1071 4327 1221 4400 quasi
1252 4323 1630 4384 dormitantes,
1664 4323 1823 4384 caput
1859 4311 2050 4366 crebro
2077 4310 2157 4362 in-

577 4430 801 4486 clinant.
825 4422 1050 4492 Evigilo,
1072 4427 1262 4474 excute
1282 4426 1548 4474 somnum;
1577 4402 1916 4461 dormitando
1936 4412 2160 4454 casurus

578 4535 659 4576 es.
683 4517 801 4572 Non
831 4513 944 4568 vult
970 4510 1212 4566 Psalmus
1230 4547 1246 4572 ,
1273 4504 1442 4560 oculis
1473 4499 1585 4554 suis
1610 4497 1737 4551 dare
1762 4507 2031 4555 somnum,
2062 4503 2158 4543 nec

577 4606 846 4680 palpebris
861 4598 1314 4660 dormitationem,
1334 4607 1456 4648 cum
1477 4589 1566 4659 qui
1589 4586 1700 4640 vult
1721 4582 1960 4638 invenire
1983 4580 2156 4634 locum

576 4700 823 4757 Domino.

646 4794 701 4849 9.
743 4790 874 4863 [vers
899 4785 978 4857 5.]
1006 4783 1074 4838 Et
1109 4780 1351 4850 requiem,
1378 4774 1571 4844 inquit,
1603 4768 1906 4836 temporibus
1942 4765 2080 4818 meis.
2115 4765 2156 4818 A

574 4883 760 4954 requie
799 4856 1099 4948 temporum
1130 4881 1350 4926 somnus
1375 4863 1519 4919 venit
1545 4861 1612 4915 ad
1655 4859 1859 4914 oculos.
1894 4856 2159 4923 Tempora

578 4981 721 5036 circa
746 4974 932 5030 oculos
982 4975 1123 5024 sunt.
1163 4961 1340 5018 Veluti
1389 4958 1597 5012 futurus
1635 4965 1887 5016 somnus,
1928 4945 2160 5018 gravedo

577 5080 879 5140 temporum
911 5071 1014 5120 est.
1066 5060 1198 5115 Nam
1241 5051 1547 5109 hominibus
1596 5044 1908 5101 dormituris
1947 5039 2160 5110 graVari

579 5172 818 5229 tempora
846 5154 1100 5224 incipiunt
1119 5165 1134 5216 ;
1154 5157 1346 5202 etcum
1371 5139 1638 5198 senserint
1666 5135 1764 5190 sibi
1795 5132 1998 5203 gravari
2025 5141 2161 5184 tem-

580 5265 730 5324 pora,
758 5251 866 5317 jam
895 5245 1137 5301 imminet
1161 5251 1382 5296 somnus
1407 5252 1420 5289 :
1449 5233 1537 5302 qui
1569 5231 1613 5284 si
1632 5226 1839 5282 dandus
1863 5232 1945 5277 est
1967 5221 2158 5288 oculis,

578 5345 752 5401 dant‘
785 5342 1021 5411 requiem
1053 5332 1381 5404 temporibus
1415 5328 1547 5391 suis,
1575 5333 1628 5379 et
1652 5321 1796 5377 venit
1834 5331 2084 5379 somnus;
2116 5314 2162 5368 si

578 5453 686 5496 non
725 5431 973 5489 dederint
1019 5427 1259 5498 requiem
1307 5418 1632 5492 temporibus
1679 5413 1822 5477 suis,
1866 5424 1972 5464 non
2019 5405 2164 5460 venit

580 5540 821 5586 somnus.
855 5521 987 5577 Cum
1023 5496 1149 5589 ergo
1177 5515 1400 5585 coeperit
1430 5523 1481 5565 te
1509 5505 1704 5578 aliquid
1746 5499 2038 5571 temporale
2065 5496 2160 5551 de-

581 5625 781 5678 lectare
802 5615 867 5671 ad
892 5587 1189 5686 peccatum,
1211 5609 1318 5677 jam
1350 5610 1635 5674 gravantur
1660 5596 1752 5651 tibi
1783 5605 2042 5661 tempora.
2070 5587 2164 5641 Vis

580 5713 854 5783 evigilare,
882 5715 936 5761 et
956 5721 1062 5760 non
1091 5697 1347 5761 dormire,
1370 5708 1469 5748 nec
1489 5684 1814 5745 dormitare?
1842 5681 1958 5737 Noli
1980 5688 2034 5733 te
2047 5694 2163 5733 cre-

643 5829 659 5858 ⁸
688 5816 1280 5886 Aliqll0l51§5m5m¢f0£u
1300 5871 1311 5886 .
1393 5869 1467 5886 _.__.
1501 5877 1511 5886 .
1540 5868 1587 5886 -.
1606 5859 1748 5886 ......i..
1767 5864 1870 5886 ..ηερ
1919 5849 2089 5886 and";

644 5853 1354 5939 ἱἓὲἑῚιὶἵιῖιὲὶὶῑῖίὶιὲἐζῖῑὲιωη
1385 5869 1467 5918 (lat
1496 5877 1511 5918 :
1537 5868 1591 5914 et
1606 5859 1750 5929 paulo
1767 5864 1892 5921 post,
1918 5853 2125 5905 dederit.

1818 379 1874 438 S.
1917 377 2280 436 AUGUSTINI
2315 379 2614 437 EPISCOPI

3704 387 3814 449 1720

2269 491 2397 545 dere
2424 492 2513 545 tali
2540 490 2907 557 delectationi;
2935 491 3162 561 majores
3191 492 3409 546 dolores
3433 493 3648 549 liabebit‘
3672 514 3800 568 quam

2269 583 2575 636 suavitates.
2607 581 2707 634 Ista
2731 581 3050 650 cogitatione
3076 582 3224 650 quasi
3255 580 3551 637 confricans
3573 586 3799 658 frontem,

2269 673 2473 726 excutis
2495 689 2762 737 somnum,
2793 681 2845 726 et
2873 687 3030 740 paras
3057 672 3229 724 locum
3252 671 3508 737 Domino.

2341 764 2428 817 10.
2463 762 2633 816 Donec
2666 763 2915 815 inveniam
2961 762 3128 815 locum
3169 759 3420 823 Domino,
3467 766 3803 824 tabernaculum

2273 854 2376 908 Deo
2403 854 2582 908 Jacob.
2603 855 2912 923 Quanquam
2939 854 3222 924 aliquando
3242 854 3434 908 dicitur
3448 857 3802 914 hibernaculum

2270 945 2364 1000 Dei
2393 945 2584 998 donms
2609 945 2720 1009 Dei,
2747 953 2800 999 et
2821 944 3008 998 domus
3037 944 3128 998 Dei
3161 943 3556 997 tabernaculum
3577 945 3659 999 Dei
3680 931 3804 1003 :‘dis‘

2269 1037 2484 1090 tinctius
2503 1044 2677 1090 tamen
2690 1035 2964 1101 accipitur,
2989 1034 3176 1089 fratres
3188 1034 3510 1098 charissimi,
3525 1035 3803 1091 tabernacu-

2269 1131 2378 1184 lum
2401 1130 2636 1184 Eeclesia
2660 1129 2952 1184 secundum
2967 1127 3068 1181 hoc
3087 1136 3316 1195 tempus;
3340 1126 3527 1178 domus
3541 1138 3698 1182 autem
3717 1129 3804 1187 Ec-

2267 1223 2429 1276 clesia
2449 1222 2683 1276 cmlestis
2712 1221 3030 1281 Jerusalem,
3060 1233 3166 1288 quo
3187 1218 3404 1270 ibimus.
3425 1217 3803 1276 Tabernarulum

2267 1315 2409 1368 enim
2445 1324 2690 1382 tanquam
2733 1313 3070 1365 militantium
3102 1319 3154 1364 et
3175 1309 3517 1378 pugnantium
3552 1327 3564 1363 :
3595 1310 3804 1364 taberna-

2271 1407 2389 1460 cula
2445 1406 2673 1458 militum
2732 1405 2783 1458 in
2842 1403 3147 1473 procinctu,
3205 1401 3258 1454 in
3286 1400 3644 1466 expeditione;
3687 1402 3804 1455 uado

2268 1497 2674 1552 contubernales
2714 1495 2963 1548 dicuntur
3015 1493 3240 1554 milites,
3301 1489 3450 1559 quasi
3507 1489 3800 1544 tabernacula

2268 1591 2453 1646 eadem
2479 1589 2736 1642 habentes
2757 1597 2808 1641 et.
2830 1585 3147 1640 habitantes.
3171 1580 3437 1649 Quamdiu
3451 1595 3570 1648 ergo
3589 1580 3804 1634 habemus

2269 1683 2476 1737 hostem
2523 1695 2646 1733 cum
2691 1694 2798 1748 quo
2831 1691 3155 1746 pugnemus,
3189 1671 3584 1726 tabernaculum
3626 1672 3718 1725 Deo
3743 1671 3802 1725 fa-

2269 1777 2457 1830 cimus.
2506 1773 2639 1826 Cnm
2703 1779 2879 1824 autem
2930 1766 3198 1820 transierit
3245 1774 3456 1832 tempus
3519 1778 3714 1832 pugna),
3762 1773 3803 1817 et

2268 1866 2473 1920 venerit
2514 1879 2613 1932 pax
2656 1862 2743 1915 illa
2783 1875 2900 1930 qua:
2928 1856 3185 1929 pt‘mccllit
3236 1869 3452 1908 omnem
3488 1853 3803 1918 intellectum,

2268 1961 2405 2013 sient
2447 1957 2576 2011 dicit
2621 1953 2925 2024 Apostolus.
2977 1950 3043 2004 Et
3093 1966 3194 2018 pax
3233 1945 3420 2002 Christi
3461 1961 3568 2012 qua:
3603 1946 3803 2016 praeellit

2268 2068 2465 2107 omnem
2508 2049 2813 2102 intellectum
2849 2043 3106 2112 (Philipp.
3134 2057 3206 2104 tv,
3240 2040 3333 2110 7);
3373 2047 3804 2107 quamnon-unique

2267 2144 2408 2198 enim
2439 2140 2754 2211 cogitaveris
2779 2137 2845 2191 de
2865 2150 2991 2205 pace
3009 2134 3118 2194 illa,
3144 2131 3326 2187 minus
3345 2145 3460 2184 eam
3488 2129 3803 2197 capitauiuius

2268 2233 2442 2287 adhuc
2473 2234 2523 2285 in
2557 2233 2652 2284 ista
2684 2227 2922 2296 corporis
2939 2222 3224 2295 gravedine
3246 2212 3714 2274 constitutnszeum
3728 2233 3802 2269 ve-

2267 2325 2406 2380 nerit
2432 2324 2518 2378 illa
2549 2321 2761 2392 patria',
2788 2321 2898 2386 jam
2928 2315 3117 2369 domus
3144 2313 3282 2375 erit,
3317 2312 3490 2365 nullus
3511 2308 3802 2364 adversarius

2267 2416 2510 2479 tentabit,
2541 2421 2599 2466 ut
2633 2406 3030 2465 tabernaculum
3057 2413 3305 2458 vocetur.
3341 2402 3452 2454 Non
3495 2397 3800 2469 procedemus

2265 2508 2330 2560 ad
2349 2503 2707 2577 pugnandum,
2721 2498 2813 2553 sed
2830 2493 3264 2566 permanebimus
3281 2491 3346 2546 ad
3361 2489 3678 2544 laudandum.
3691 2487 3800 2554 Quid

2266 2599 2408 2652 enim
2437 2596 2628 2650 dicitur
2652 2593 2719 2646 de
2751 2591 2834 2644 illa
2857 2587 3048 2643 domo?
3077 2584 3221 2638 Beati
3263 2584 3349 2652 qui
3377 2581 3592 2635 habitant
3611 2581 3655 2631 in
3679 2578 3799 2629 donio

2267 2701 2354 2744 tuo
2368 2706 2386 2753 ,'
2398 2690 2448 2741 in
2463 2685 2647 2741 sa’cula
2664 2684 2960 2738 swculorum
2976 2676 3259 2732 laudabunt
3273 2687 3319 2729 le
3334 2673 3500 2747 (Psal.
3516 2687 3724 2734 LXXXIII,
3737 2669 3796 2737 5).

2268 2785 2322 2838 In
2359 2778 2700 2837 tabernaculo
2733 2775 2904 2830 adlmc
2927 2773 3206 2844 gemimus,
3230 2769 3291 2823 in
3314 2768 3471 2821 domo
3496 2763 3796 2818 laudabimus.

2266 2876 2478 2944 Quare?
2495 2873 2624 2938 Quia
2647 2869 2873 2940 gemitus
2895 2861 3465 2935 estperegrinantium,
3497 2857 3700 2912 laudatio
3713 2855 3798 2924 jam

2268 2970 2318 3022 in
2351 2967 2517 3037 patria
2544 2958 3014 3018 commanentium.
3047 2955 3145 3009 Hic
3182 2953 3361 3022 primo
3386 2958 3638 3021 qua-ratur
3661 2945 3798 2998 taber-

2266 3056 2512 3113 naculum
2540 3055 2648 3108 Deo
2672 3050 2856 3106 Jacob.

2337 3149 2423 3202 Η.
2457 3146 2584 3218 [vers
2608 3141 2686 3214 6.]
2718 3141 2845 3194 Ecce
2869 3137 3150 3192 audivimus
3175 3149 3295 3187 eam
3320 3133 3371 3186 in
3398 3130 3632 3200 Ephrem.
3657 3125 3794 3190 Quam

2265 3241 2416 3295 eam?
2453 3236 2648 3292 Sedem
2681 3231 2908 3307 Domini.
2955 3226 3254 3281 Audiuimus
3280 3226 3334 3277 in
3373 3222 3603 3292 Ephrem.
3632 3216 3797 3270 Invenio

2265 3349 2374 3386 mus
2411 3346 2520 3384 eam
2560 3329 2611 3380 in
2638 3325 2828 3395 campis
2854 3323 3092 3375 saltuum.
3130 3318 3202 3372 lbi
3233 3316 3462 3378 audivit,
3492 3311 3574 3366 tibi
3601 3310 3793 3368 invenit;

2265 3440 2332 3477 an
2356 3421 2480 3476 alibi
2503 3418 2724 3478 audivit,
2749 3425 2804 3468 ct
2823 3411 2946 3466 alibi
2972 3409 3202 3464 invenit?
3232 3408 3547 3474 Quaeramus
3567 3415 3675 3470 ergo
3695 3395 3794 3465 quid

2264 3517 2333 3571 sit
2362 3513 2612 3582 Ephrata,
2652 3507 2737 3561 ubi
2775 3504 3008 3566 audivit;
3041 3503 3166 3555 item
3207 3511 3514 3568 quaeramus
3541 3491 3651 3562 quid
3676 3491 3730 3541 sit
3754 3489 3794 3538 in

2264 3605 2455 3673 campis
2499 3603 2745 3661 saltuum,
2797 3595 2884 3649 ubi
2925 3591 3145 3646 invenit.
3191 3588 3432 3656 Ephrata
3481 3583 3678 3638 verbum
3718 3577 3792 3629 he-

2262 3700 2463 3753 brzenm
2491 3693 2868 3761 interpretatur
2888 3685 3073 3748 latine,
3101 3681 3393 3749 Speculum
3413 3720 3426 3743 ,
3457 3677 3583 3729 sicut
3607 3667 3795 3726 tradide-

2263 3798 2384 3844 runt
2414 3786 2504 3856 qui
2544 3783 2704 3837 verba
2750 3779 2962 3833 hebrma
3005 3774 3056 3828 in
3085 3771 3382 3840 Scripturis
3404 3769 3565 3844 posita
3600 3765 3644 3816 in
3667 3762 3791 3814 aliain

2263 3883 2493 3949 linguam
2515 3872 2919 3933 transtulerunt,
2934 3865 3066 3921 utad
3088 3879 3182 3917 nos
3201 3861 3506 3931 perveniret
3525 3855 3789 3910 intellectus.

2261 3973 2392 4027 Nam
2417 3986 2485 4024 ex
2509 3967 2718 4021 ltebrzea
2743 3959 3123 4016 transtulcrtmt
3150 3956 3199 4008 in
3227 3967 3482 4023 graecam,
3512 3958 3560 4002 et
3579 3962 3636 3999 ex
3653 3954 3790 4011 grarca

2265 4062 2516 4119 translata
2558 4067 2682 4112 sunt
2721 4054 2873 4108 nobis
2917 4051 2968 4104 in
3007 4050 3245 4102 latinam.
3296 4044 3528 4098 Fuerunt
3567 4037 3687 4091 enim
3720 4028 3788 4096 qui

2263 4155 2542 4223 vigilarent
2573 4149 2624 4205 in
2667 4143 2976 4214 Scripturis.
3019 4140 3074 4193 Si
3107 4151 3232 4206 ergo
3281 4133 3512 4204 Epln-ata
3542 4123 3788 4196 speculum,

2263 4245 2350 4299 illa
2398 4244 2588 4295 domus
2635 4253 2754 4308 quae
2798 4236 3007 4287 inventa
3042 4229 3203 4284 estin
3251 4225 3458 4293 campis
3504 4221 3721 4276 saltuum,
3749 4211 3789 4261 in

2261 4334 2480 4406 speculo
2500 4331 2676 4386 audita
2702 4337 2805 4382 est.
2831 4323 3114 4394 Speculum
3140 4320 3425 4387 imaginem
3450 4313 3598 4367 habet
3619 4327 3630 4362 :
3651 4302 3789 4358 otiuiis

2265 4400 2539 4498 prophetia
2579 4424 2751 4490 imago
2779 4417 3100 4472 futurorum.
3138 4412 3339 4465 Domus
3368 4404 3602 4477 ergohbei
3629 4400 3789 4459 futura,

2263 4522 2314 4574 in
2344 4517 2569 4587 imagine
2598 4510 2892 4584 prophetia:
2922 4505 3204 4576 prmdicata
3230 4511 3336 4556 est.
3363 4499 3652 4554 Audivimns
3674 4488 3787 4543 enim

2263 4613 2404 4667 illam
2432 4609 2484 4662 in
2513 4606 2750 4677 speculo,
2784 4602 2835 4655 id
2871 4607 2971 4664 est,
3000 4595 3300 4666 Audiuimus
3336 4593 3388 4645 in
3415 4589 3646 4658 Ephrata.
3672 4578 3790 4631 Inve-

2265 4704 2428 4756 nimus
2462 4699 2514 4751 in
2556 4693 2747 4763 campis
2786 4691 3026 4745 saltuunt.
3067 4685 3164 4752 Qui
3197 4691 3322 4737 sunt
3351 4680 3520 4748 campi
3559 4661 3786 4727 saltuum?

2263 4793 2446 4862 Campi
2497 4791 2774 4843 silvarmn.
2832 4781 2950 4837 Non
2997 4779 3139 4832 enim
3190 4769 3622 4845 quemadmodum
3663 4758 3789 4824 vulgo

2264 4885 2478 4948 dicitur,
2516 4879 2693 4934 Saltus
2715 4876 2822 4938 ille,
2849 4869 2997 4926 verbi
3015 4867 3204 4937 gratia,
3223 4849 3490 4918 centurias
3511 4857 3686 4911 habens
3711 4852 3786 4898 tot.

2265 4975 2440 5030 Saltus
2472 4967 2702 5039 proprie,
2747 4965 2896 5017 locus
2928 4935 3104 5013 adhuc
3143 4955 3373 5011 incultus
3411 4962 3462 5005 et
3488 4949 3701 5017 silvester
3723 4935 3789 4988 di-

2264 5068 2417 5123 citur.
2439 5063 2570 5118 Nam
2589 5067 2642 5114 et
2661 5056 2872 5128 quidam
2893 5052 3124 5114 codices,
3142 5050 3194 5101 in
3222 5046 3412 5116 campis
3436 5043 3584 5099 ξείνω,
3607 5034 3783 5088 habent.

2265 5160 2364 5227 Qui
2395 5171 2521 5225 ergo
2547 5161 2701 5209 erant
2733 5147 2907 5217 campi
2945 5145 3170 5199 saltuum
3192 5182 3206 5207 ,
3236 5140 3335 5194 nisi
3373 5146 3553 5206 gentes
3576 5119 3786 5183 inculta)?

2269 5249 2358 5321 qui
2387 5254 2542 5302 erant
2563 5241 2737 5311 campi
2762 5241 3008 5301 saltuum,
3041 5235 3141 5289 nisi
3165 5232 3253 5288 ubi
3278 5229 3446 5283 adhuc
3472 5235 3646 5292 vepres
3665 5217 3789 5267 erant

2267 5337 2617 5397 idololatria}?
2641 5335 2730 5390 Sic
2756 5341 2930 5387 tamen
2955 5327 3218 5399 quomodo
3245 5337 3431 5393 vepres
3452 5320 3516 5373 ibi
3545 5319 3679 5370 erant
3697 5307 3794 5361 ideo

2269 5429 2514 5495 lolatrize,
2547 5426 2616 5480 ibi
2640 5423 2938 5478 invenimus
2967 5420 3140 5472 locum
3171 5415 3411 5473 Domino,
3434 5401 3788 5462 tabernaculum

2268 5524 2378 5579 Deo
2404 5520 2588 5576 Jacob.
2620 5516 2771 5584 Quod
2808 5513 3088 5566 audivimus
3109 5510 3160 5562 in
3203 5507 3460 5576 Ephrata,
3487 5494 3790 5552 invenimus!"

2332 5663 2347 5692 ί
2369 5661 2441 5708 ste
2461 5665 2558 5705 Am.
2583 5663 2635 5704 et
2658 5652 2879 5714 [levique
2896 5652 3083 5714 sisset
3103 5651 3194 5714 er.
3208 5648 3406 5714 εειῳγ.ἶ
3416 5624 3787 5714 habebis-“5:

2333 5675 2347 5692 ³
2369 5675 2441 5708 Sic
2461 5675 2558 5705 Am.
2583 5675 2635 5704 Ct.
2659 5675 2879 5714 ['Iut‘itluu
2899 5675 3002 5697 ama.
3029 5675 3083 5694 ni.
3105 5675 3150 5692 ω
3165 5681 3174 5690 .
3208 5675 3260 5691 Vt,
3273 5675 3354 5688 νυ.
3369 5675 3401 5695 .,
3421 5675 3548 5682 ...ην
3566 5675 3574 5677 .

2269 5729 2401 5778 Lov.,
2425 5719 2518 5768 ista
2542 5713 2870 5778 delectatione,
2890 5722 2987 5774 quo
3011 5707 3116 5756 loco
3137 5704 3246 5753 illd.
3267 5699 3363 5757 alii,
3385 5705 3433 5745 et
3454 5693 3592 5742 nostri
3613 5691 3703 5732 Mss.
3724 5675 3784 5724 fe-

2272 5776 2403 5841 runt,
2428 5781 2519 5831 ista
2542 5776 2840 5843 cogitatione.
3117 5825 3176 5843 Α
3219 5823 3302 5843 λη-
3325 5817 3477 5843 MM"
3496 5814 3512 5843 δ

2337 5812 2873 5903 ῗιίὶίιῗίῖιδέυκῖξῖἦξιι
2890 5833 2976 5884 illa
2999 5825 3192 5889 venerit,
3218 5823 3302 5875 illa
3325 5817 3478 5884 patria
3487 5814 3604 5877 jam,
3625 5812 3704 5854 etc.
