  <div class='ocr_page' id='page_1' title='image "/cluster/home/n/w/nwhite01/storage/ocr_20150623/37/uva.x000827106/359.png"; bbox 0 0 4160 6458; ppageno 0'>
   <div class='ocr_carea' id='block_1_1' title="bbox 613 373 750 427">
    <p class='ocr_par' dir='ltr' id='par_1_1' title="bbox 613 373 750 427">
     <span class='ocr_line' id='line_1_1' title="bbox 613 373 750 427; baseline -0.015 0"><span class='ocrx_word' id='word_1_1' title='bbox 613 373 750 427; x_wconf 67' lang='lat'><strong>1723</strong></span> 
     </span>
    </p>
   </div>
   <div class='ocr_carea' id='block_1_2' title="bbox 1810 365 2609 424">
    <p class='ocr_par' dir='ltr' id='par_1_2' title="bbox 1810 365 2609 424">
     <span class='ocr_line' id='line_1_2' title="bbox 1810 365 2609 424; baseline 0.004 -3"><span class='ocrx_word' id='word_1_2' title='bbox 1810 367 1866 421; x_wconf 89' lang='lat' dir='ltr'><strong>S.</strong></span> <span class='ocrx_word' id='word_1_3' title='bbox 1909 365 2272 423; x_wconf 75' lang='lat' dir='ltr'><strong>AUGUSTIM</strong></span> <span class='ocrx_word' id='word_1_4' title='bbox 2314 367 2609 424; x_wconf 78' lang='lat' dir='ltr'><strong>EPISCOPI</strong></span> 
     </span>
    </p>
   </div>
   <div class='ocr_carea' id='block_1_3' title="bbox 614 478 2193 552">
    <p class='ocr_par' dir='ltr' id='par_1_3' title="bbox 614 478 2193 552">
     <span class='ocr_line' id='line_1_3' title="bbox 614 478 2193 552; baseline -0.003 -18"><span class='ocrx_word' id='word_1_5' title='bbox 614 485 735 552; x_wconf 89' lang='lat' dir='ltr'><strong>quia</strong></span> <span class='ocrx_word' id='word_1_6' title='bbox 760 482 934 551; x_wconf 86' lang='lat' dir='ltr'><strong>justus</strong></span> <span class='ocrx_word' id='word_1_7' title='bbox 959 497 1023 537; x_wconf 79' lang='lat' dir='ltr'><strong>ex</strong></span> <span class='ocrx_word' id='word_1_8' title='bbox 1067 481 1170 536; x_wconf 90' lang='lat' dir='ltr'><strong>ﬁde</strong></span> <span class='ocrx_word' id='word_1_9' title='bbox 1195 481 1321 535; x_wconf 78' lang='lat' dir='ltr'><strong>vivit</strong></span> <span class='ocrx_word' id='word_1_10' title='bbox 1350 479 1526 549; x_wconf 84' lang='lat' dir='ltr'><strong>(Rom.</strong></span> <span class='ocrx_word' id='word_1_11' title='bbox 1557 495 1596 545; x_wconf 85' lang='grc' dir='ltr'>ι,</span> <span class='ocrx_word' id='word_1_12' title='bbox 1618 478 1740 550; x_wconf 79' lang='lat' dir='ltr'><strong>t7);</strong></span> <span class='ocrx_word' id='word_1_13' title='bbox 1769 487 1822 532; x_wconf 91' lang='lat' dir='ltr'><strong>et</strong></span> <span class='ocrx_word' id='word_1_14' title='bbox 1859 487 2075 546; x_wconf 88' lang='lat' dir='ltr'><strong>accepto</strong></span> <span class='ocrx_word' id='word_1_15' title='bbox 2110 478 2193 546; x_wconf 52' lang='lat' dir='ltr'><strong>pie</strong></span> 
     </span>
    </p>
   </div>
   <div class='ocr_carea' id='block_1_4' title="bbox 3720 389 3833 444">
    <p class='ocr_par' dir='ltr' id='par_1_4' title="bbox 3720 389 3833 444">
     <span class='ocr_line' id='line_1_4' title="bbox 3720 389 3833 444; baseline 0.018 -2"><span class='ocrx_word' id='word_1_16' title='bbox 3720 389 3833 444; x_wconf 60' lang='lat' dir='ltr'><strong>i711</strong></span> 
     </span>
    </p>
   </div>
   <div class='ocr_carea' id='block_1_5' title="bbox 2304 478 3828 565">
    <p class='ocr_par' dir='ltr' id='par_1_5' title="bbox 2304 478 3828 565">
     <span class='ocr_line' id='line_1_5' title="bbox 2304 478 3828 565; baseline 0.018 -37"><span class='ocrx_word' id='word_1_17' title='bbox 2304 485 2564 544; x_wconf 65' lang='lat' dir='ltr'><strong>aeternum,</strong></span> <span class='ocrx_word' id='word_1_18' title='bbox 2594 478 2868 533; x_wconf 81' lang='lat' dir='ltr'><strong>secundum</strong></span> <span class='ocrx_word' id='word_1_19' title='bbox 2896 481 3124 536; x_wconf 79' lang='lat' dir='ltr'><strong>ordinem</strong></span> <span class='ocrx_word' id='word_1_20' title='bbox 3181 483 3511 543; x_wconf 81' lang='lat' dir='ltr'><strong>Meleliisedec</strong></span> <span class='ocrx_word' id='word_1_21' title='bbox 3561 491 3714 562; x_wconf 86' lang='lat' dir='ltr'><strong>(Psat.</strong></span> <span class='ocrx_word' id='word_1_22' title='bbox 3741 519 3828 565; x_wconf 78' lang='lat' dir='ltr'><strong>cn,</strong></span> 
     </span>
    </p>
   </div>
   <div class='ocr_carea' id='block_1_6' title="bbox 619 568 3828 648">
    <p class='ocr_par' dir='ltr' id='par_1_6' title="bbox 619 568 3828 648">
     <span class='ocr_line' id='line_1_6' title="bbox 619 568 3828 648; baseline 0.006 -21"><span class='ocrx_word' id='word_1_23' title='bbox 619 589 785 643; x_wconf 77' lang='lat' dir='ltr'><strong>gnore</strong></span> <span class='ocrx_word' id='word_1_24' title='bbox 812 573 1037 642; x_wconf 76' lang='lat' dir='ltr'><strong>Spiritus</strong></span> <span class='ocrx_word' id='word_1_25' title='bbox 1075 571 1274 634; x_wconf 93' lang='lat' dir='ltr'><strong>sancti,</strong></span> <span class='ocrx_word' id='word_1_26' title='bbox 1303 570 1546 624; x_wconf 64' lang='lat' dir='ltr'><strong>laetentur</strong></span> <span class='ocrx_word' id='word_1_27' title='bbox 1569 569 1804 624; x_wconf 85' lang='lat' dir='ltr'><strong>membra</strong></span> <span class='ocrx_word' id='word_1_28' title='bbox 1833 583 1927 637; x_wconf 85' lang='lat' dir='ltr'><strong>spe</strong></span> <span class='ocrx_word' id='word_1_29' title='bbox 1953 581 2195 622; x_wconf 88' lang='lat' dir='ltr'><strong>resurre—</strong></span> <span class='ocrx_word' id='word_1_30' title='bbox 2298 568 2353 636; x_wconf 75' lang='grc'><strong>4)</strong></span> <span class='ocrx_word' id='word_1_31' title='bbox 2383 586 2396 622; x_wconf 89' lang='lat'><strong>:</strong></span> <span class='ocrx_word' id='word_1_32' title='bbox 2423 569 2500 623; x_wconf 87' lang='lat' dir='ltr'><strong>sic</strong></span> <span class='ocrx_word' id='word_1_33' title='bbox 2541 581 2592 623; x_wconf 89' lang='lat' dir='ltr'><strong>et</strong></span> <span class='ocrx_word' id='word_1_34' title='bbox 2623 568 2723 625; x_wconf 92' lang='lat' dir='ltr'><strong>hoc</strong></span> <span class='ocrx_word' id='word_1_35' title='bbox 2747 572 2870 641; x_wconf 82' lang='lat' dir='ltr'><strong>quia</strong></span> <span class='ocrx_word' id='word_1_36' title='bbox 2902 574 2973 627; x_wconf 90' lang='lat' dir='ltr'><strong>ita</strong></span> <span class='ocrx_word' id='word_1_37' title='bbox 3004 575 3322 643; x_wconf 90' lang='lat' dir='ltr'><strong>promissum</strong></span> <span class='ocrx_word' id='word_1_38' title='bbox 3349 589 3451 648; x_wconf 88' lang='lat' dir='ltr'><strong>est,</strong></span> <span class='ocrx_word' id='word_1_39' title='bbox 3481 592 3535 637; x_wconf 90' lang='lat' dir='ltr'><strong>ut</strong></span> <span class='ocrx_word' id='word_1_40' title='bbox 3561 601 3658 640; x_wconf 86' lang='lat' dir='ltr'><strong>non</strong></span> <span class='ocrx_word' id='word_1_41' title='bbox 3687 603 3828 646; x_wconf 88' lang='lat' dir='ltr'><strong>muta-</strong></span> 
     </span>
    </p>
   </div>
   <div class='ocr_carea' id='block_1_7' title="bbox 617 657 2192 732">
    <p class='ocr_par' dir='ltr' id='par_1_7' title="bbox 617 657 2192 732">
     <span class='ocr_line' id='line_1_7' title="bbox 617 657 2192 732; baseline -0.005 -14"><span class='ocrx_word' id='word_1_42' title='bbox 617 666 810 718; x_wconf 88' lang='lat' dir='ltr'><strong>ctiouis</strong></span> <span class='ocrx_word' id='word_1_43' title='bbox 830 706 845 726; x_wconf 93' lang='lat'><strong>,</strong></span> <span class='ocrx_word' id='word_1_44' title='bbox 869 679 985 732; x_wconf 75' lang='lat' dir='ltr'><strong>qua:</strong></span> <span class='ocrx_word' id='word_1_45' title='bbox 1013 663 1282 732; x_wconf 75' lang='lat' dir='ltr'><strong>pra‘cessit</strong></span> <span class='ocrx_word' id='word_1_46' title='bbox 1309 661 1359 714; x_wconf 91' lang='lat' dir='ltr'><strong>in</strong></span> <span class='ocrx_word' id='word_1_47' title='bbox 1386 661 1556 731; x_wconf 88' lang='lat' dir='ltr'><strong>capite</strong></span> <span class='ocrx_word' id='word_1_48' title='bbox 1586 679 1598 715; x_wconf 88' lang='lat'><strong>:</strong></span> <span class='ocrx_word' id='word_1_49' title='bbox 1623 660 1699 714; x_wconf 90' lang='lat' dir='ltr'><strong>eis</strong></span> <span class='ocrx_word' id='word_1_50' title='bbox 1725 659 1866 716; x_wconf 89' lang='lat' dir='ltr'><strong>enim</strong></span> <span class='ocrx_word' id='word_1_51' title='bbox 1905 657 2192 728; x_wconf 78' lang='lat' dir='ltr'><strong>Apostolus</strong></span> 
     </span>
    </p>
   </div>
   <div class='ocr_carea' id='block_1_8' title="bbox 612 750 1597 822">
    <p class='ocr_par' dir='ltr' id='par_1_8' title="bbox 612 750 1597 822">
     <span class='ocr_line' id='line_1_8' title="bbox 612 750 1597 822; baseline -0.003 -15"><span class='ocrx_word' id='word_1_52' title='bbox 612 752 768 818; x_wconf 84' lang='lat' dir='ltr'><strong>dicit,</strong></span> <span class='ocrx_word' id='word_1_53' title='bbox 800 753 904 820; x_wconf 83' lang='lat' dir='ltr'><strong>Spe</strong></span> <span class='ocrx_word' id='word_1_54' title='bbox 929 753 1198 821; x_wconf 72' lang='lat' dir='ltr'><strong>gaudentes</strong></span> <span class='ocrx_word' id='word_1_55' title='bbox 1228 750 1336 822; x_wconf 90' lang='lat' dir='ltr'><strong>(Id.</strong></span> <span class='ocrx_word' id='word_1_56' title='bbox 1366 767 1456 812; x_wconf 79' lang='lat' dir='ltr'><strong>xu,</strong></span> <span class='ocrx_word' id='word_1_57' title='bbox 1487 751 1597 820; x_wconf 75' lang='lat'><strong>1‘2).</strong></span> 
     </span>
    </p>
   </div>
   <div class='ocr_carea' id='block_1_9' title="bbox 685 841 2190 914">
    <p class='ocr_par' dir='ltr' id='par_1_9' title="bbox 685 841 2190 914">
     <span class='ocr_line' id='line_1_9' title="bbox 685 841 2190 914; baseline -0.002 -18"><span class='ocrx_word' id='word_1_58' title='bbox 685 845 770 896; x_wconf 78' lang='grc'><strong>17.</strong></span> <span class='ocrx_word' id='word_1_59' title='bbox 805 841 952 913; x_wconf 73' lang='grc' dir='ltr'><strong>[νει-ε.</strong></span> <span class='ocrx_word' id='word_1_60' title='bbox 983 841 1092 914; x_wconf 71' lang='grc'><strong>10.]</strong></span> <span class='ocrx_word' id='word_1_61' title='bbox 1123 841 1338 912; x_wconf 83' lang='lat' dir='ltr'><strong>PrOpter</strong></span> <span class='ocrx_word' id='word_1_62' title='bbox 1360 841 1529 895; x_wconf 80' lang='lat' dir='ltr'><strong>David</strong></span> <span class='ocrx_word' id='word_1_63' title='bbox 1551 858 1742 896; x_wconf 86' lang='lat' dir='ltr'><strong>servum</strong></span> <span class='ocrx_word' id='word_1_64' title='bbox 1763 851 1934 908; x_wconf 87' lang='lat' dir='ltr'><strong>tuum,</strong></span> <span class='ocrx_word' id='word_1_65' title='bbox 1962 857 2024 894; x_wconf 90' lang='lat' dir='ltr'><strong>ne</strong></span> <span class='ocrx_word' id='word_1_66' title='bbox 2049 856 2190 894; x_wconf 85' lang='lat' dir='ltr'><strong>aver-</strong></span> 
     </span>
    </p>
   </div>
   <div class='ocr_carea' id='block_1_10' title="bbox 617 931 2185 1002">
    <p class='ocr_par' dir='ltr' id='par_1_10' title="bbox 617 931 2185 1002">
     <span class='ocr_line' id='line_1_10' title="bbox 617 931 2185 1002; baseline -0.001 -16"><span class='ocrx_word' id='word_1_67' title='bbox 617 944 694 987; x_wconf 97' lang='lat' dir='ltr'><strong>tas</strong></span> <span class='ocrx_word' id='word_1_68' title='bbox 737 934 918 1002; x_wconf 77' lang='lat' dir='ltr'><strong>facient</strong></span> <span class='ocrx_word' id='word_1_69' title='bbox 945 931 1132 986; x_wconf 81' lang='lat' dir='ltr'><strong>Christi</strong></span> <span class='ocrx_word' id='word_1_70' title='bbox 1176 933 1267 985; x_wconf 89' lang='lat' dir='ltr'><strong>tui.</strong></span> <span class='ocrx_word' id='word_1_71' title='bbox 1302 932 1413 986; x_wconf 81' lang='lat' dir='ltr'><strong>Hoc</strong></span> <span class='ocrx_word' id='word_1_72' title='bbox 1464 934 1572 986; x_wconf 88' lang='lat' dir='ltr'><strong>Deo</strong></span> <span class='ocrx_word' id='word_1_73' title='bbox 1622 931 1764 986; x_wconf 87' lang='lat' dir='ltr'><strong>Patri</strong></span> <span class='ocrx_word' id='word_1_74' title='bbox 1813 931 2011 985; x_wconf 87' lang='lat' dir='ltr'><strong>dictum</strong></span> <span class='ocrx_word' id='word_1_75' title='bbox 2066 939 2185 996; x_wconf 91' lang='lat' dir='ltr'><strong>est,</strong></span> 
     </span>
    </p>
   </div>
   <div class='ocr_carea' id='block_1_11' title="bbox 590 1014 2189 1094">
    <p class='ocr_par' dir='ltr' id='par_1_11' title="bbox 590 1014 2189 1094">
     <span class='ocr_line' id='line_1_11' title="bbox 590 1014 2189 1094; baseline -0.003 -15"><span class='ocrx_word' id='word_1_76' title='bbox 590 1014 836 1093; x_wconf 18' lang='lat' dir='ltr'><strong>‘Propter</strong></span> <span class='ocrx_word' id='word_1_77' title='bbox 876 1025 1040 1078; x_wconf 74' lang='lat' dir='ltr'><strong>Dauid</strong></span> <span class='ocrx_word' id='word_1_78' title='bbox 1068 1042 1262 1078; x_wconf 83' lang='lat' dir='ltr'><strong>servum</strong></span> <span class='ocrx_word' id='word_1_79' title='bbox 1289 1034 1425 1078; x_wconf 89' lang='lat' dir='ltr'><strong>tuum</strong></span> <span class='ocrx_word' id='word_1_80' title='bbox 1445 1065 1460 1089; x_wconf 93' lang='lat'><strong>,</strong></span> <span class='ocrx_word' id='word_1_81' title='bbox 1489 1041 1551 1077; x_wconf 90' lang='lat' dir='ltr'><strong>ne</strong></span> <span class='ocrx_word' id='word_1_82' title='bbox 1587 1034 1780 1076; x_wconf 75' lang='lat' dir='ltr'><strong>avertas</strong></span> <span class='ocrx_word' id='word_1_83' title='bbox 1806 1023 1982 1094; x_wconf 78' lang='lat' dir='ltr'><strong>[aciem</strong></span> <span class='ocrx_word' id='word_1_84' title='bbox 2004 1021 2189 1075; x_wconf 77' lang='lat' dir='ltr'><strong>Christi</strong></span> 
     </span>
    </p>
   </div>
   <div class='ocr_carea' id='block_1_12' title="bbox 615 1111 2186 1178">
    <p class='ocr_par' dir='ltr' id='par_1_12' title="bbox 615 1111 2186 1178">
     <span class='ocr_line' id='line_1_12' title="bbox 615 1111 2186 1178; baseline -0.003 -9"><span class='ocrx_word' id='word_1_85' title='bbox 615 1117 703 1172; x_wconf 89' lang='lat' dir='ltr'><strong>tui.</strong></span> <span class='ocrx_word' id='word_1_86' title='bbox 734 1115 1030 1172; x_wconf 82' lang='lat' dir='ltr'><strong>Cruciﬁxus</strong></span> <span class='ocrx_word' id='word_1_87' title='bbox 1073 1125 1155 1170; x_wconf 91' lang='lat' dir='ltr'><strong>est</strong></span> <span class='ocrx_word' id='word_1_88' title='bbox 1187 1115 1440 1168; x_wconf 90' lang='lat' dir='ltr'><strong>Dominus</strong></span> <span class='ocrx_word' id='word_1_89' title='bbox 1472 1115 1522 1167; x_wconf 94' lang='lat' dir='ltr'><strong>in</strong></span> <span class='ocrx_word' id='word_1_90' title='bbox 1550 1114 1764 1178; x_wconf 66' lang='lat' dir='ltr'><strong>Juda‘a;</strong></span> <span class='ocrx_word' id='word_1_91' title='bbox 1795 1111 2076 1167; x_wconf 77' lang='lat' dir='ltr'><strong>cruciﬁxus</strong></span> <span class='ocrx_word' id='word_1_92' title='bbox 2105 1119 2186 1165; x_wconf 90' lang='lat' dir='ltr'><strong>est</strong></span> 
     </span>
    </p>
   </div>
   <div class='ocr_carea' id='block_1_13' title="bbox 619 1204 2184 1275">
    <p class='ocr_par' dir='ltr' id='par_1_13' title="bbox 619 1204 2184 1275">
     <span class='ocr_line' id='line_1_13' title="bbox 619 1204 2184 1275; baseline -0.003 -15"><span class='ocrx_word' id='word_1_93' title='bbox 619 1221 648 1260; x_wconf 85' lang='lat' dir='ltr'><strong>a</strong></span> <span class='ocrx_word' id='word_1_94' title='bbox 676 1206 907 1268; x_wconf 61' lang='lat' dir='ltr'><strong>Jutla&#39;is;</strong></span> <span class='ocrx_word' id='word_1_95' title='bbox 939 1207 1006 1259; x_wconf 90' lang='lat' dir='ltr'><strong>ab</strong></span> <span class='ocrx_word' id='word_1_96' title='bbox 1034 1207 1160 1275; x_wconf 85' lang='lat' dir='ltr'><strong>ipsis</strong></span> <span class='ocrx_word' id='word_1_97' title='bbox 1190 1207 1428 1259; x_wconf 89' lang='lat' dir='ltr'><strong>turbatus</strong></span> <span class='ocrx_word' id='word_1_98' title='bbox 1457 1205 1724 1258; x_wconf 89' lang='lat' dir='ltr'><strong>dormivit.</strong></span> <span class='ocrx_word' id='word_1_99' title='bbox 1772 1204 1914 1257; x_wconf 90' lang='lat' dir='ltr'><strong>Inter</strong></span> <span class='ocrx_word' id='word_1_100' title='bbox 1961 1217 2184 1271; x_wconf 88' lang='lat' dir='ltr'><strong>quorum</strong></span> 
     </span>
    </p>
   </div>
   <div class='ocr_carea' id='block_1_14' title="bbox 619 1292 2184 1361">
    <p class='ocr_par' dir='ltr' id='par_1_14' title="bbox 619 1292 2184 1361">
     <span class='ocr_line' id='line_1_14' title="bbox 619 1292 2184 1361; baseline -0.003 -11"><span class='ocrx_word' id='word_1_101' title='bbox 619 1297 949 1350; x_wconf 45' lang='lat' dir='ltr'><strong>sa‘vienIium</strong></span> <span class='ocrx_word' id='word_1_102' title='bbox 1014 1312 1202 1350; x_wconf 91' lang='lat' dir='ltr'><strong>manus</strong></span> <span class='ocrx_word' id='word_1_103' title='bbox 1269 1295 1549 1361; x_wconf 75' lang='lat' dir='ltr'><strong>dormivit,</strong></span> <span class='ocrx_word' id='word_1_104' title='bbox 1596 1293 1661 1348; x_wconf 88' lang='lat' dir='ltr'><strong>ad</strong></span> <span class='ocrx_word' id='word_1_105' title='bbox 1732 1308 1825 1348; x_wconf 88' lang='lat' dir='ltr'><strong>eos</strong></span> <span class='ocrx_word' id='word_1_106' title='bbox 1869 1292 2184 1361; x_wconf 87' lang='lat' dir='ltr'><strong>judicandos</strong></span> 
     </span>
    </p>
   </div>
   <div class='ocr_carea' id='block_1_15' title="bbox 613 1387 2184 1457">
    <p class='ocr_par' dir='ltr' id='par_1_15' title="bbox 613 1387 2184 1457">
     <span class='ocr_line' id='line_1_15' title="bbox 613 1387 2184 1457; baseline -0.002 -15"><span class='ocrx_word' id='word_1_107' title='bbox 613 1391 962 1442; x_wconf 78' lang='lat' dir='ltr'><strong>surrexitzet</strong></span> <span class='ocrx_word' id='word_1_108' title='bbox 1012 1389 1140 1441; x_wconf 83' lang='lat' dir='ltr'><strong>dicit</strong></span> <span class='ocrx_word' id='word_1_109' title='bbox 1192 1388 1416 1457; x_wconf 88' lang='lat' dir='ltr'><strong>quodam</strong></span> <span class='ocrx_word' id='word_1_110' title='bbox 1459 1391 1611 1448; x_wconf 88' lang='lat' dir='ltr'><strong>loco,</strong></span> <span class='ocrx_word' id='word_1_111' title='bbox 1646 1387 1711 1440; x_wconf 85' lang='lat' dir='ltr'><strong>Et</strong></span> <span class='ocrx_word' id='word_1_112' title='bbox 1763 1388 1948 1440; x_wconf 76' lang='lat' dir='ltr'><strong>suscita</strong></span> <span class='ocrx_word' id='word_1_113' title='bbox 1975 1403 2087 1450; x_wconf 90' lang='lat' dir='ltr'><strong>me,</strong></span> <span class='ocrx_word' id='word_1_114' title='bbox 2139 1395 2184 1439; x_wconf 83' lang='lat' dir='ltr'><strong>et</strong></span> 
     </span>
    </p>
   </div>
   <div class='ocr_carea' id='block_1_16' title="bbox 609 1475 2182 1548">
    <p class='ocr_par' dir='ltr' id='par_1_16' title="bbox 609 1475 2182 1548">
     <span class='ocr_line' id='line_1_16' title="bbox 609 1475 2182 1548; baseline -0.001 -17"><span class='ocrx_word' id='word_1_115' title='bbox 609 1479 815 1531; x_wconf 81' lang='lat' dir='ltr'><strong>reddam</strong></span> <span class='ocrx_word' id='word_1_116' title='bbox 837 1479 936 1532; x_wconf 83' lang='lat' dir='ltr'><strong>illis</strong></span> <span class='ocrx_word' id='word_1_117' title='bbox 965 1477 1130 1546; x_wconf 86' lang='lat' dir='ltr'><strong>(Psal.</strong></span> <span class='ocrx_word' id='word_1_118' title='bbox 1157 1494 1242 1542; x_wconf 73' lang='lat' dir='ltr'><strong>XL,</strong></span> <span class='ocrx_word' id='word_1_119' title='bbox 1265 1479 1377 1548; x_wconf 77' lang='lat' dir='ltr'><strong>ll).</strong></span> <span class='ocrx_word' id='word_1_120' title='bbox 1423 1478 1488 1532; x_wconf 85' lang='lat' dir='ltr'><strong>Et</strong></span> <span class='ocrx_word' id='word_1_121' title='bbox 1516 1477 1761 1541; x_wconf 88' lang='lat' dir='ltr'><strong>reddidit,</strong></span> <span class='ocrx_word' id='word_1_122' title='bbox 1807 1487 1858 1531; x_wconf 91' lang='lat' dir='ltr'><strong>et</strong></span> <span class='ocrx_word' id='word_1_123' title='bbox 1885 1475 2182 1530; x_wconf 85' lang='lat' dir='ltr'><strong>redditurus</strong></span> 
     </span>
    </p>
   </div>
   <div class='ocr_carea' id='block_1_17' title="bbox 609 1567 2181 1638">
    <p class='ocr_par' dir='ltr' id='par_1_17' title="bbox 609 1567 2181 1638">
     <span class='ocr_line' id='line_1_17' title="bbox 609 1567 2181 1638; baseline -0.001 -16"><span class='ocrx_word' id='word_1_124' title='bbox 609 1579 710 1623; x_wconf 89' lang='lat' dir='ltr'><strong>est.</strong></span> <span class='ocrx_word' id='word_1_125' title='bbox 745 1568 872 1622; x_wconf 88' lang='lat' dir='ltr'><strong>Nam</strong></span> <span class='ocrx_word' id='word_1_126' title='bbox 905 1578 1097 1638; x_wconf 88' lang='lat' dir='ltr'><strong>quanta</strong></span> <span class='ocrx_word' id='word_1_127' title='bbox 1123 1582 1304 1638; x_wconf 76' lang='lat' dir='ltr'><strong>posma</strong></span> <span class='ocrx_word' id='word_1_128' title='bbox 1340 1568 1506 1622; x_wconf 70' lang='lat' dir='ltr'><strong>Judwi</strong></span> <span class='ocrx_word' id='word_1_129' title='bbox 1534 1570 1670 1637; x_wconf 87' lang='lat' dir='ltr'><strong>passi</strong></span> <span class='ocrx_word' id='word_1_130' title='bbox 1717 1577 1841 1622; x_wconf 91' lang='lat' dir='ltr'><strong>sunt</strong></span> <span class='ocrx_word' id='word_1_131' title='bbox 1875 1568 2051 1620; x_wconf 87' lang='lat' dir='ltr'><strong>occiso</strong></span> <span class='ocrx_word' id='word_1_132' title='bbox 2076 1567 2181 1620; x_wconf 91' lang='lat' dir='ltr'><strong>Do-</strong></span> 
     </span>
    </p>
   </div>
   <div class='ocr_carea' id='block_1_18' title="bbox 604 1659 2177 1728">
    <p class='ocr_par' dir='ltr' id='par_1_18' title="bbox 604 1659 2177 1728">
     <span class='ocr_line' id='line_1_18' title="bbox 604 1659 2177 1728; baseline 0.001 -16"><span class='ocrx_word' id='word_1_133' title='bbox 604 1661 771 1724; x_wconf 89' lang='lat' dir='ltr'><strong>mino,</strong></span> <span class='ocrx_word' id='word_1_134' title='bbox 805 1670 997 1713; x_wconf 88' lang='lat' dir='ltr'><strong>norunt</strong></span> <span class='ocrx_word' id='word_1_135' title='bbox 1027 1661 1145 1728; x_wconf 81' lang='lat' dir='ltr'><strong>ipsi.</strong></span> <span class='ocrx_word' id='word_1_136' title='bbox 1171 1660 1248 1714; x_wconf 89' lang='lat' dir='ltr'><strong>De</strong></span> <span class='ocrx_word' id='word_1_137' title='bbox 1277 1661 1384 1728; x_wconf 87' lang='lat' dir='ltr'><strong>ipsa</strong></span> <span class='ocrx_word' id='word_1_138' title='bbox 1409 1661 1643 1724; x_wconf 86' lang='lat' dir='ltr'><strong>civitate,</strong></span> <span class='ocrx_word' id='word_1_139' title='bbox 1676 1659 1761 1714; x_wconf 90' lang='lat' dir='ltr'><strong>ttbi</strong></span> <span class='ocrx_word' id='word_1_140' title='bbox 1792 1660 1936 1712; x_wconf 90' lang='lat' dir='ltr'><strong>illum</strong></span> <span class='ocrx_word' id='word_1_141' title='bbox 1968 1659 2177 1714; x_wconf 84' lang='lat' dir='ltr'><strong>occide-</strong></span> 
     </span>
    </p>
   </div>
   <div class='ocr_carea' id='block_1_19' title="bbox 604 1749 2181 1819">
    <p class='ocr_par' dir='ltr' id='par_1_19' title="bbox 604 1749 2181 1819">
     <span class='ocr_line' id='line_1_19' title="bbox 604 1749 2181 1819; baseline 0.003 -19"><span class='ocrx_word' id='word_1_142' title='bbox 604 1759 765 1812; x_wconf 90' lang='lat' dir='ltr'><strong>runt,</strong></span> <span class='ocrx_word' id='word_1_143' title='bbox 796 1765 982 1802; x_wconf 89' lang='lat' dir='ltr'><strong>omnes</strong></span> <span class='ocrx_word' id='word_1_144' title='bbox 1003 1750 1207 1818; x_wconf 75' lang='lat' dir='ltr'><strong>expulsi</strong></span> <span class='ocrx_word' id='word_1_145' title='bbox 1237 1761 1378 1803; x_wconf 91' lang='lat' dir='ltr'><strong>sunt.</strong></span> <span class='ocrx_word' id='word_1_146' title='bbox 1402 1750 1538 1816; x_wconf 93' lang='lat' dir='ltr'><strong>Quid</strong></span> <span class='ocrx_word' id='word_1_147' title='bbox 1567 1749 1902 1819; x_wconf 84' lang='lat' dir='ltr'><strong>ergo?etiatn</strong></span> <span class='ocrx_word' id='word_1_148' title='bbox 1930 1750 1994 1803; x_wconf 92' lang='lat' dir='ltr'><strong>de</strong></span> <span class='ocrx_word' id='word_1_149' title='bbox 2016 1751 2181 1818; x_wconf 86' lang='lat' dir='ltr'><strong>stirpe</strong></span> 
     </span>
    </p>
   </div>
   <div class='ocr_carea' id='block_1_20' title="bbox 607 1837 2178 1907">
    <p class='ocr_par' dir='ltr' id='par_1_20' title="bbox 607 1837 2178 1907">
     <span class='ocr_line' id='line_1_20' title="bbox 607 1837 2178 1907; baseline 0.002 -16"><span class='ocrx_word' id='word_1_150' title='bbox 607 1837 771 1892; x_wconf 91' lang='lat' dir='ltr'><strong>David</strong></span> <span class='ocrx_word' id='word_1_151' title='bbox 801 1855 987 1892; x_wconf 88' lang='lat' dir='ltr'><strong>omnes</strong></span> <span class='ocrx_word' id='word_1_152' title='bbox 1019 1839 1284 1907; x_wconf 86' lang='lat' dir='ltr'><strong>pet-ierunt</strong></span> <span class='ocrx_word' id='word_1_153' title='bbox 1309 1880 1322 1902; x_wconf 90' lang='lat'><strong>,</strong></span> <span class='ocrx_word' id='word_1_154' title='bbox 1347 1840 1486 1893; x_wconf 91' lang='lat' dir='ltr'><strong>etde</strong></span> <span class='ocrx_word' id='word_1_155' title='bbox 1515 1841 1651 1894; x_wconf 85' lang='lat' dir='ltr'><strong>tribu</strong></span> <span class='ocrx_word' id='word_1_156' title='bbox 1673 1840 1844 1895; x_wconf 87' lang='lat' dir='ltr'><strong>Juda?</strong></span> <span class='ocrx_word' id='word_1_157' title='bbox 1872 1839 1984 1894; x_wconf 76' lang='lat' dir='ltr'><strong>Non</strong></span> <span class='ocrx_word' id='word_1_158' title='bbox 2016 1859 2028 1894; x_wconf 90' lang='lat'>:</span> <span class='ocrx_word' id='word_1_159' title='bbox 2056 1856 2178 1894; x_wconf 91' lang='lat' dir='ltr'><strong>nam</strong></span> 
     </span>
    </p>
   </div>
   <div class='ocr_carea' id='block_1_21' title="bbox 603 1929 2176 1998">
    <p class='ocr_par' dir='ltr' id='par_1_21' title="bbox 603 1929 2176 1998">
     <span class='ocr_line' id='line_1_21' title="bbox 603 1929 2176 1998; baseline 0.001 -16"><span class='ocrx_word' id='word_1_160' title='bbox 603 1929 942 1982; x_wconf 90' lang='lat' dir='ltr'><strong>crediderunt</strong></span> <span class='ocrx_word' id='word_1_161' title='bbox 991 1929 1112 1983; x_wconf 89' lang='lat' dir='ltr'><strong>inde</strong></span> <span class='ocrx_word' id='word_1_162' title='bbox 1156 1930 1351 1998; x_wconf 80' lang='lat' dir='ltr'><strong>aliqui,</strong></span> <span class='ocrx_word' id='word_1_163' title='bbox 1385 1941 1438 1984; x_wconf 90' lang='lat' dir='ltr'><strong>et</strong></span> <span class='ocrx_word' id='word_1_164' title='bbox 1483 1932 1645 1984; x_wconf 89' lang='lat' dir='ltr'><strong>multa</strong></span> <span class='ocrx_word' id='word_1_165' title='bbox 1692 1931 1854 1984; x_wconf 87' lang='lat' dir='ltr'><strong>millia</strong></span> <span class='ocrx_word' id='word_1_166' title='bbox 1904 1931 2176 1984; x_wconf 84' lang='lat' dir='ltr'><strong>hominum</strong></span> 
     </span>
    </p>
   </div>
   <div class='ocr_carea' id='block_1_22' title="bbox 603 2018 2179 2090">
    <p class='ocr_par' dir='ltr' id='par_1_22' title="bbox 603 2018 2179 2090">
     <span class='ocr_line' id='line_1_22' title="bbox 603 2018 2179 2090; baseline 0.003 -20"><span class='ocrx_word' id='word_1_167' title='bbox 603 2018 936 2073; x_wconf 85' lang='lat' dir='ltr'><strong>crediderunt</strong></span> <span class='ocrx_word' id='word_1_168' title='bbox 968 2019 1108 2085; x_wconf 85' lang='lat' dir='ltr'><strong>inde,</strong></span> <span class='ocrx_word' id='word_1_169' title='bbox 1131 2028 1182 2074; x_wconf 90' lang='lat' dir='ltr'><strong>et</strong></span> <span class='ocrx_word' id='word_1_170' title='bbox 1206 2021 1304 2074; x_wconf 90' lang='lat' dir='ltr'><strong>hoc</strong></span> <span class='ocrx_word' id='word_1_171' title='bbox 1324 2021 1434 2089; x_wconf 87' lang='lat' dir='ltr'><strong>jam</strong></span> <span class='ocrx_word' id='word_1_172' title='bbox 1464 2030 1581 2090; x_wconf 88' lang='lat' dir='ltr'><strong>post</strong></span> <span class='ocrx_word' id='word_1_173' title='bbox 1605 2021 2046 2076; x_wconf 86' lang='lat' dir='ltr'><strong>resurrectionem</strong></span> <span class='ocrx_word' id='word_1_174' title='bbox 2077 2023 2179 2074; x_wconf 80' lang='lat' dir='ltr'><strong>Do-</strong></span> 
     </span>
    </p>
   </div>
   <div class='ocr_carea' id='block_1_23' title="bbox 604 2107 2177 2182">
    <p class='ocr_par' dir='ltr' id='par_1_23' title="bbox 604 2107 2177 2182">
     <span class='ocr_line' id='line_1_23' title="bbox 604 2107 2177 2182; baseline 0.003 -22"><span class='ocrx_word' id='word_1_175' title='bbox 604 2108 751 2160; x_wconf 83' lang='lat' dir='ltr'><strong>mini.</strong></span> <span class='ocrx_word' id='word_1_176' title='bbox 776 2107 1090 2171; x_wconf 77' lang='lat' dir='ltr'><strong>S;evierunt,</strong></span> <span class='ocrx_word' id='word_1_177' title='bbox 1116 2119 1170 2162; x_wconf 92' lang='lat' dir='ltr'><strong>ut</strong></span> <span class='ocrx_word' id='word_1_178' title='bbox 1199 2111 1589 2180; x_wconf 80' lang='lat' dir='ltr'><strong>cruciligerent,</strong></span> <span class='ocrx_word' id='word_1_179' title='bbox 1617 2120 1668 2166; x_wconf 91' lang='lat' dir='ltr'><strong>et</strong></span> <span class='ocrx_word' id='word_1_180' title='bbox 1692 2121 1873 2180; x_wconf 87' lang='lat' dir='ltr'><strong>postea</strong></span> <span class='ocrx_word' id='word_1_181' title='bbox 1901 2121 2177 2182; x_wconf 77' lang='lat' dir='ltr'><strong>cmperunt</strong></span> 
     </span>
    </p>
   </div>
   <div class='ocr_carea' id='block_1_24' title="bbox 603 2199 2179 2270">
    <p class='ocr_par' dir='ltr' id='par_1_24' title="bbox 603 2199 2179 2270">
     <span class='ocr_line' id='line_1_24' title="bbox 603 2199 2179 2270; baseline 0.004 -20"><span class='ocrx_word' id='word_1_182' title='bbox 603 2199 782 2254; x_wconf 87' lang='lat' dir='ltr'><strong>videre</strong></span> <span class='ocrx_word' id='word_1_183' title='bbox 807 2201 918 2253; x_wconf 88' lang='lat' dir='ltr'><strong>ﬁeri</strong></span> <span class='ocrx_word' id='word_1_184' title='bbox 943 2201 1192 2254; x_wconf 89' lang='lat' dir='ltr'><strong>miracula</strong></span> <span class='ocrx_word' id='word_1_185' title='bbox 1223 2201 1272 2253; x_wconf 90' lang='lat' dir='ltr'><strong>in</strong></span> <span class='ocrx_word' id='word_1_186' title='bbox 1304 2201 1519 2255; x_wconf 88' lang='lat' dir='ltr'><strong>nomine</strong></span> <span class='ocrx_word' id='word_1_187' title='bbox 1539 2201 1808 2264; x_wconf 75' lang='lat' dir='ltr'><strong>cruciﬁxi;</strong></span> <span class='ocrx_word' id='word_1_188' title='bbox 1835 2211 1887 2256; x_wconf 91' lang='lat' dir='ltr'><strong>et</strong></span> <span class='ocrx_word' id='word_1_189' title='bbox 1915 2203 2027 2270; x_wconf 89' lang='lat' dir='ltr'><strong>plus</strong></span> <span class='ocrx_word' id='word_1_190' title='bbox 2049 2217 2179 2256; x_wconf 90' lang='lat' dir='ltr'><strong>con-</strong></span> 
     </span>
    </p>
   </div>
   <div class='ocr_carea' id='block_1_25' title="bbox 600 2292 2174 2362">
    <p class='ocr_par' dir='ltr' id='par_1_25' title="bbox 600 2292 2174 2362">
     <span class='ocr_line' id='line_1_25' title="bbox 600 2292 2174 2362; baseline 0.001 -19"><span class='ocrx_word' id='word_1_191' title='bbox 600 2299 928 2344; x_wconf 68' lang='lat' dir='ltr'><strong>tremuerunt</strong></span> <span class='ocrx_word' id='word_1_192' title='bbox 955 2299 1154 2344; x_wconf 73' lang='lat' dir='ltr'><strong>tantum</strong></span> <span class='ocrx_word' id='word_1_193' title='bbox 1189 2307 1340 2359; x_wconf 89' lang='lat' dir='ltr'><strong>posse</strong></span> <span class='ocrx_word' id='word_1_194' title='bbox 1368 2292 1482 2358; x_wconf 79' lang='lat' dir='ltr'><strong>ejus</strong></span> <span class='ocrx_word' id='word_1_195' title='bbox 1509 2307 1722 2355; x_wconf 89' lang='lat' dir='ltr'><strong>nomen,</strong></span> <span class='ocrx_word' id='word_1_196' title='bbox 1749 2293 1834 2361; x_wconf 91' lang='lat' dir='ltr'><strong>qui</strong></span> <span class='ocrx_word' id='word_1_197' title='bbox 1862 2294 2009 2362; x_wconf 89' lang='lat' dir='ltr'><strong>quasi</strong></span> <span class='ocrx_word' id='word_1_198' title='bbox 2036 2293 2174 2346; x_wconf 90' lang='lat' dir='ltr'><strong>inter</strong></span> 
     </span>
    </p>
   </div>
   <div class='ocr_carea' id='block_1_26' title="bbox 599 2381 2173 2452">
    <p class='ocr_par' dir='ltr' id='par_1_26' title="bbox 599 2381 2173 2452">
     <span class='ocr_line' id='line_1_26' title="bbox 599 2381 2173 2452; baseline -0.001 -16"><span class='ocrx_word' id='word_1_199' title='bbox 599 2397 786 2436; x_wconf 88' lang='lat' dir='ltr'><strong>manus</strong></span> <span class='ocrx_word' id='word_1_200' title='bbox 815 2397 998 2435; x_wconf 91' lang='lat' dir='ltr'><strong>eorum</strong></span> <span class='ocrx_word' id='word_1_201' title='bbox 1028 2381 1153 2443; x_wconf 82' lang='lat' dir='ltr'><strong>nihil</strong></span> <span class='ocrx_word' id='word_1_202' title='bbox 1186 2393 1426 2451; x_wconf 85' lang='lat' dir='ltr'><strong>poterat;</strong></span> <span class='ocrx_word' id='word_1_203' title='bbox 1457 2394 1508 2436; x_wconf 91' lang='lat' dir='ltr'><strong>et</strong></span> <span class='ocrx_word' id='word_1_204' title='bbox 1533 2384 1832 2452; x_wconf 91' lang='lat' dir='ltr'><strong>compuncti</strong></span> <span class='ocrx_word' id='word_1_205' title='bbox 1854 2383 2034 2448; x_wconf 90' lang='lat' dir='ltr'><strong>corde,</strong></span> <span class='ocrx_word' id='word_1_206' title='bbox 2062 2384 2173 2452; x_wconf 90' lang='lat' dir='ltr'><strong>jam</strong></span> 
     </span>
    </p>
   </div>
   <div class='ocr_carea' id='block_1_27' title="bbox 599 2471 2171 2543">
    <p class='ocr_par' dir='ltr' id='par_1_27' title="bbox 599 2471 2171 2543">
     <span class='ocr_line' id='line_1_27' title="bbox 599 2471 2171 2543; baseline 0.001 -17"><span class='ocrx_word' id='word_1_207' title='bbox 599 2473 876 2526; x_wconf 79' lang='lat' dir='ltr'><strong>credentes</strong></span> <span class='ocrx_word' id='word_1_208' title='bbox 905 2473 1232 2527; x_wconf 83' lang='lat' dir='ltr'><strong>divinitatem</strong></span> <span class='ocrx_word' id='word_1_209' title='bbox 1282 2476 1541 2528; x_wconf 87' lang='lat' dir='ltr'><strong>occultam</strong></span> <span class='ocrx_word' id='word_1_210' title='bbox 1590 2471 1752 2528; x_wconf 90' lang='lat' dir='ltr'><strong>fuisse</strong></span> <span class='ocrx_word' id='word_1_211' title='bbox 1789 2475 1841 2528; x_wconf 91' lang='lat' dir='ltr'><strong>in</strong></span> <span class='ocrx_word' id='word_1_212' title='bbox 1883 2474 1974 2528; x_wconf 89' lang='lat' dir='ltr'><strong>illo</strong></span> <span class='ocrx_word' id='word_1_213' title='bbox 2013 2489 2171 2543; x_wconf 88' lang='lat' dir='ltr'><strong>quem</strong></span> 
     </span>
    </p>
   </div>
   <div class='ocr_carea' id='block_1_28' title="bbox 599 2563 2170 2633">
    <p class='ocr_par' dir='ltr' id='par_1_28' title="bbox 599 2563 2170 2633">
     <span class='ocr_line' id='line_1_28' title="bbox 599 2563 2170 2633; baseline 0.001 -17"><span class='ocrx_word' id='word_1_214' title='bbox 599 2565 807 2616; x_wconf 77' lang='lat' dir='ltr'><strong>caeteris</strong></span> <span class='ocrx_word' id='word_1_215' title='bbox 833 2563 1059 2618; x_wconf 79' lang='lat' dir='ltr'><strong>similent</strong></span> <span class='ocrx_word' id='word_1_216' title='bbox 1093 2564 1394 2619; x_wconf 91' lang='lat' dir='ltr'><strong>hominibus</strong></span> <span class='ocrx_word' id='word_1_217' title='bbox 1422 2572 1738 2633; x_wconf 87' lang='lat' dir='ltr'><strong>putaverunt</strong></span> <span class='ocrx_word' id='word_1_218' title='bbox 1762 2605 1774 2628; x_wconf 95' lang='lat'><strong>,</strong></span> <span class='ocrx_word' id='word_1_219' title='bbox 1805 2572 1858 2618; x_wconf 90' lang='lat' dir='ltr'><strong>et</strong></span> <span class='ocrx_word' id='word_1_220' title='bbox 1891 2563 2170 2617; x_wconf 89' lang='lat' dir='ltr'><strong>consilium</strong></span> 
     </span>
    </p>
   </div>
   <div class='ocr_carea' id='block_1_29' title="bbox 601 2653 2172 2724">
    <p class='ocr_par' dir='ltr' id='par_1_29' title="bbox 601 2653 2172 2724">
     <span class='ocr_line' id='line_1_29' title="bbox 601 2653 2172 2724; baseline 0 -18"><span class='ocrx_word' id='word_1_221' title='bbox 601 2664 841 2720; x_wconf 89' lang='lat' dir='ltr'><strong>petentes</strong></span> <span class='ocrx_word' id='word_1_222' title='bbox 858 2653 923 2705; x_wconf 90' lang='lat' dir='ltr'><strong>ab</strong></span> <span class='ocrx_word' id='word_1_223' title='bbox 946 2654 1237 2722; x_wconf 84' lang='lat' dir='ltr'><strong>Apostolis,</strong></span> <span class='ocrx_word' id='word_1_224' title='bbox 1258 2655 1558 2717; x_wconf 87' lang='lat' dir='ltr'><strong>audierunt,</strong></span> <span class='ocrx_word' id='word_1_225' title='bbox 1584 2654 1727 2724; x_wconf 78' lang='lat' dir='ltr'><strong>Agite</strong></span> <span class='ocrx_word' id='word_1_226' title='bbox 1747 2655 2106 2722; x_wconf 75' lang='lat' dir='ltr'><strong>paenitentiam,</strong></span> <span class='ocrx_word' id='word_1_227' title='bbox 2125 2662 2172 2706; x_wconf 87' lang='lat' dir='ltr'><strong>et</strong></span> 
     </span>
    </p>
   </div>
   <div class='ocr_carea' id='block_1_30' title="bbox 604 2743 2171 2813">
    <p class='ocr_par' dir='ltr' id='par_1_30' title="bbox 604 2743 2171 2813">
     <span class='ocr_line' id='line_1_30' title="bbox 604 2743 2171 2813; baseline 0.001 -18"><span class='ocrx_word' id='word_1_228' title='bbox 604 2744 882 2810; x_wconf 72' lang='lat' dir='ltr'><strong>baptizatur</strong></span> <span class='ocrx_word' id='word_1_229' title='bbox 906 2746 1239 2813; x_wconf 80' lang='lat' dir='ltr'><strong>unusquisque</strong></span> <span class='ocrx_word' id='word_1_230' title='bbox 1259 2755 1474 2797; x_wconf 88' lang='lat' dir='ltr'><strong>vestrum</strong></span> <span class='ocrx_word' id='word_1_231' title='bbox 1495 2745 1545 2796; x_wconf 84' lang='lat' dir='ltr'><strong>in</strong></span> <span class='ocrx_word' id='word_1_232' title='bbox 1569 2745 1766 2797; x_wconf 85' lang='lat' dir='ltr'><strong>nomine</strong></span> <span class='ocrx_word' id='word_1_233' title='bbox 1781 2743 1986 2798; x_wconf 80' lang='lat' dir='ltr'><strong>Domini</strong></span> <span class='ocrx_word' id='word_1_234' title='bbox 2014 2743 2171 2798; x_wconf 77' lang='lat' dir='ltr'><strong>nostri</strong></span> 
     </span>
    </p>
   </div>
   <div class='ocr_carea' id='block_1_31' title="bbox 599 2831 2171 2906">
    <p class='ocr_par' dir='ltr' id='par_1_31' title="bbox 599 2831 2171 2906">
     <span class='ocr_line' id='line_1_31' title="bbox 599 2831 2171 2906; baseline 0.004 -22"><span class='ocrx_word' id='word_1_235' title='bbox 599 2831 722 2886; x_wconf 82' lang='lat' dir='ltr'><strong>Jesu</strong></span> <span class='ocrx_word' id='word_1_236' title='bbox 755 2835 958 2887; x_wconf 75' lang='lat' dir='ltr'><strong>Christi.</strong></span> <span class='ocrx_word' id='word_1_237' title='bbox 997 2834 1134 2903; x_wconf 80' lang='lat' dir='ltr'><strong>Ergo</strong></span> <span class='ocrx_word' id='word_1_238' title='bbox 1171 2835 1290 2904; x_wconf 86' lang='lat' dir='ltr'><strong>quia</strong></span> <span class='ocrx_word' id='word_1_239' title='bbox 1337 2835 1400 2889; x_wconf 90' lang='lat' dir='ltr'><strong>ad</strong></span> <span class='ocrx_word' id='word_1_240' title='bbox 1446 2835 1759 2905; x_wconf 87' lang='lat' dir='ltr'><strong>judicandos</strong></span> <span class='ocrx_word' id='word_1_241' title='bbox 1804 2853 1896 2892; x_wconf 91' lang='lat' dir='ltr'><strong>eos</strong></span> <span class='ocrx_word' id='word_1_242' title='bbox 1923 2853 1950 2890; x_wconf 90' lang='lat' dir='ltr'><strong>a</strong></span> <span class='ocrx_word' id='word_1_243' title='bbox 1983 2838 2171 2906; x_wconf 83' lang='lat' dir='ltr'><strong>quibus</strong></span> 
     </span>
    </p>
   </div>
   <div class='ocr_carea' id='block_1_32' title="bbox 598 2923 2170 2988">
    <p class='ocr_par' dir='ltr' id='par_1_32' title="bbox 598 2923 2170 2988">
     <span class='ocr_line' id='line_1_32' title="bbox 598 2923 2170 2988; baseline 0.004 -13"><span class='ocrx_word' id='word_1_244' title='bbox 598 2923 877 2975; x_wconf 80' lang='lat' dir='ltr'><strong>cruciﬁxus</strong></span> <span class='ocrx_word' id='word_1_245' title='bbox 904 2932 1018 2985; x_wconf 88' lang='lat' dir='ltr'><strong>est,</strong></span> <span class='ocrx_word' id='word_1_246' title='bbox 1053 2925 1283 2977; x_wconf 78' lang='lat' dir='ltr'><strong>surrexit</strong></span> <span class='ocrx_word' id='word_1_247' title='bbox 1328 2924 1568 2979; x_wconf 79' lang='lat' dir='ltr'><strong>Christus</strong></span> <span class='ocrx_word' id='word_1_248' title='bbox 1595 2968 1607 2988; x_wconf 91' lang='lat'><strong>,</strong></span> <span class='ocrx_word' id='word_1_249' title='bbox 1637 2937 1690 2981; x_wconf 91' lang='lat' dir='ltr'><strong>et</strong></span> <span class='ocrx_word' id='word_1_250' title='bbox 1742 2928 1934 2981; x_wconf 83' lang='lat' dir='ltr'><strong>avertit</strong></span> <span class='ocrx_word' id='word_1_251' title='bbox 1981 2926 2170 2981; x_wconf 87' lang='lat' dir='ltr'><strong>faciem</strong></span> 
     </span>
    </p>
   </div>
   <div class='ocr_carea' id='block_1_33' title="bbox 597 3013 2172 3087">
    <p class='ocr_par' dir='ltr' id='par_1_33' title="bbox 597 3013 2172 3087">
     <span class='ocr_line' id='line_1_33' title="bbox 597 3013 2172 3087; baseline 0.004 -20"><span class='ocrx_word' id='word_1_252' title='bbox 597 3029 746 3067; x_wconf 90' lang='lat' dir='ltr'><strong>suam</strong></span> <span class='ocrx_word' id='word_1_253' title='bbox 770 3029 798 3068; x_wconf 88' lang='lat' dir='ltr'><strong>a</strong></span> <span class='ocrx_word' id='word_1_254' title='bbox 828 3013 1025 3068; x_wconf 67' lang='lat' dir='ltr'><strong>Judaeis</strong></span> <span class='ocrx_word' id='word_1_255' title='bbox 1047 3057 1060 3080; x_wconf 95' lang='lat'><strong>,</strong></span> <span class='ocrx_word' id='word_1_256' title='bbox 1096 3023 1148 3068; x_wconf 91' lang='lat' dir='ltr'><strong>et</strong></span> <span class='ocrx_word' id='word_1_257' title='bbox 1175 3017 1434 3070; x_wconf 87' lang='lat' dir='ltr'><strong>convertit</strong></span> <span class='ocrx_word' id='word_1_258' title='bbox 1461 3018 1526 3070; x_wconf 89' lang='lat' dir='ltr'><strong>ad</strong></span> <span class='ocrx_word' id='word_1_259' title='bbox 1550 3017 1775 3081; x_wconf 79' lang='lat' dir='ltr'><strong>Gentes;</strong></span> <span class='ocrx_word' id='word_1_260' title='bbox 1807 3027 2053 3087; x_wconf 89' lang='lat' dir='ltr'><strong>tanquam</strong></span> <span class='ocrx_word' id='word_1_261' title='bbox 2083 3033 2172 3072; x_wconf 87' lang='lat' dir='ltr'><strong>ro-</strong></span> 
     </span>
    </p>
   </div>
   <div class='ocr_carea' id='block_1_34' title="bbox 597 3104 2166 3175">
    <p class='ocr_par' dir='ltr' id='par_1_34' title="bbox 597 3104 2166 3175">
     <span class='ocr_line' id='line_1_34' title="bbox 597 3104 2166 3175; baseline 0.006 -21"><span class='ocrx_word' id='word_1_262' title='bbox 597 3114 752 3173; x_wconf 82' lang='lat' dir='ltr'><strong>gatur</strong></span> <span class='ocrx_word' id='word_1_263' title='bbox 797 3104 935 3158; x_wconf 88' lang='lat' dir='ltr'><strong>Deus</strong></span> <span class='ocrx_word' id='word_1_264' title='bbox 988 3115 1207 3175; x_wconf 86' lang='lat' dir='ltr'><strong>propter</strong></span> <span class='ocrx_word' id='word_1_265' title='bbox 1259 3107 1509 3175; x_wconf 83' lang='lat' dir='ltr'><strong>reliquias</strong></span> <span class='ocrx_word' id='word_1_266' title='bbox 1554 3107 2040 3172; x_wconf 87' lang='lat' dir='ltr'><strong>Israel,etdicitur</strong></span> <span class='ocrx_word' id='word_1_267' title='bbox 2086 3109 2166 3171; x_wconf 92' lang='lat' dir='ltr'><strong>ci,</strong></span> 
     </span>
    </p>
   </div>
   <div class='ocr_carea' id='block_1_35' title="bbox 600 3193 2171 3268">
    <p class='ocr_par' dir='ltr' id='par_1_35' title="bbox 600 3193 2171 3268">
     <span class='ocr_line' id='line_1_35' title="bbox 600 3193 2171 3268; baseline 0.004 -23"><span class='ocrx_word' id='word_1_268' title='bbox 600 3193 816 3265; x_wconf 81' lang='lat' dir='ltr'><strong>Propter</strong></span> <span class='ocrx_word' id='word_1_269' title='bbox 838 3194 1005 3249; x_wconf 81' lang='lat' dir='ltr'><strong>David</strong></span> <span class='ocrx_word' id='word_1_270' title='bbox 1031 3213 1226 3250; x_wconf 81' lang='lat' dir='ltr'><strong>seruant</strong></span> <span class='ocrx_word' id='word_1_271' title='bbox 1275 3208 1433 3261; x_wconf 87' lang='lat' dir='ltr'><strong>tuum,</strong></span> <span class='ocrx_word' id='word_1_272' title='bbox 1459 3215 1518 3251; x_wconf 85' lang='lat' dir='ltr'><strong>ne</strong></span> <span class='ocrx_word' id='word_1_273' title='bbox 1557 3209 1748 3252; x_wconf 80' lang='lat' dir='ltr'><strong>avertas</strong></span> <span class='ocrx_word' id='word_1_274' title='bbox 1779 3201 1956 3268; x_wconf 79' lang='lat' dir='ltr'><strong>facient</strong></span> <span class='ocrx_word' id='word_1_275' title='bbox 1987 3199 2171 3252; x_wconf 82' lang='lat' dir='ltr'><strong>Christi</strong></span> 
     </span>
    </p>
   </div>
   <div class='ocr_carea' id='block_1_36' title="bbox 597 3285 2170 3354">
    <p class='ocr_par' dir='ltr' id='par_1_36' title="bbox 597 3285 2170 3354">
     <span class='ocr_line' id='line_1_36' title="bbox 597 3285 2170 3354; baseline 0.002 -17"><span class='ocrx_word' id='word_1_276' title='bbox 597 3287 688 3337; x_wconf 87' lang='lat' dir='ltr'><strong>tui.</strong></span> <span class='ocrx_word' id='word_1_277' title='bbox 721 3285 773 3339; x_wconf 89' lang='lat' dir='ltr'><strong>Si</strong></span> <span class='ocrx_word' id='word_1_278' title='bbox 807 3291 953 3354; x_wconf 82' lang='lat' dir='ltr'><strong>palea</strong></span> <span class='ocrx_word' id='word_1_279' title='bbox 984 3286 1229 3340; x_wconf 88' lang='lat' dir='ltr'><strong>damnata</strong></span> <span class='ocrx_word' id='word_1_280' title='bbox 1264 3295 1375 3351; x_wconf 87' lang='lat' dir='ltr'><strong>est,</strong></span> <span class='ocrx_word' id='word_1_281' title='bbox 1403 3287 1668 3342; x_wconf 88' lang='lat' dir='ltr'><strong>frumenta</strong></span> <span class='ocrx_word' id='word_1_282' title='bbox 1700 3289 2033 3354; x_wconf 79' lang='lat' dir='ltr'><strong>colligantur.</strong></span> <span class='ocrx_word' id='word_1_283' title='bbox 2065 3289 2170 3342; x_wconf 85' lang='lat' dir='ltr'><strong>Re-</strong></span> 
     </span>
    </p>
   </div>
   <div class='ocr_carea' id='block_1_37' title="bbox 597 3378 2172 3452">
    <p class='ocr_par' dir='ltr' id='par_1_37' title="bbox 597 3378 2172 3452">
     <span class='ocr_line' id='line_1_37' title="bbox 597 3378 2172 3452; baseline 0.003 -22"><span class='ocrx_word' id='word_1_284' title='bbox 597 3378 765 3446; x_wconf 61' lang='lat' dir='ltr'><strong>liquiae</strong></span> <span class='ocrx_word' id='word_1_285' title='bbox 809 3380 958 3432; x_wconf 70' lang='lat' dir='ltr'><strong>salta:</strong></span> <span class='ocrx_word' id='word_1_286' title='bbox 1002 3381 1126 3446; x_wconf 85' lang='lat' dir='ltr'><strong>ﬁant</strong></span> <span class='ocrx_word' id='word_1_287' title='bbox 1169 3379 1317 3448; x_wconf 89' lang='lat' dir='ltr'><strong>(lsai.</strong></span> <span class='ocrx_word' id='word_1_288' title='bbox 1352 3397 1400 3444; x_wconf 72' lang='grc' dir='ltr'><strong>χ,</strong></span> <span class='ocrx_word' id='word_1_289' title='bbox 1435 3379 1548 3452; x_wconf 76' lang='lat'><strong>2|),</strong></span> <span class='ocrx_word' id='word_1_290' title='bbox 1575 3381 1711 3434; x_wconf 88' lang='lat' dir='ltr'><strong>sicut</strong></span> <span class='ocrx_word' id='word_1_291' title='bbox 1741 3382 1866 3434; x_wconf 88' lang='lat' dir='ltr'><strong>dicit</strong></span> <span class='ocrx_word' id='word_1_292' title='bbox 1895 3381 2075 3435; x_wconf 82' lang='lat' dir='ltr'><strong>Isaias.</strong></span> <span class='ocrx_word' id='word_1_293' title='bbox 2108 3382 2172 3435; x_wconf 87' lang='lat' dir='ltr'><strong>Et</strong></span> 
     </span>
    </p>
   </div>
   <div class='ocr_carea' id='block_1_38' title="bbox 598 3467 2167 3538">
    <p class='ocr_par' dir='ltr' id='par_1_38' title="bbox 598 3467 2167 3538">
     <span class='ocr_line' id='line_1_38' title="bbox 598 3467 2167 3538; baseline 0.005 -20"><span class='ocrx_word' id='word_1_294' title='bbox 598 3470 752 3536; x_wconf 90' lang='lat' dir='ltr'><strong>plane</strong></span> <span class='ocrx_word' id='word_1_295' title='bbox 781 3467 928 3520; x_wconf 79' lang='lat' dir='ltr'><strong>facta:</strong></span> <span class='ocrx_word' id='word_1_296' title='bbox 958 3479 1078 3522; x_wconf 88' lang='lat' dir='ltr'><strong>sunt</strong></span> <span class='ocrx_word' id='word_1_297' title='bbox 1109 3471 1346 3538; x_wconf 72' lang='lat' dir='ltr'><strong>reliqui-.1:</strong></span> <span class='ocrx_word' id='word_1_298' title='bbox 1378 3472 1536 3524; x_wconf 72' lang='lat' dir='ltr'><strong>salva.-</strong></span> <span class='ocrx_word' id='word_1_299' title='bbox 1567 3489 1580 3524; x_wconf 87' lang='lat'>:</span> <span class='ocrx_word' id='word_1_300' title='bbox 1617 3472 1737 3524; x_wconf 90' lang='lat' dir='ltr'><strong>inde</strong></span> <span class='ocrx_word' id='word_1_301' title='bbox 1768 3481 1917 3525; x_wconf 84' lang='lat' dir='ltr'><strong>crant</strong></span> <span class='ocrx_word' id='word_1_302' title='bbox 1964 3473 2167 3526; x_wconf 88' lang='lat' dir='ltr'><strong>duode-</strong></span> 
     </span>
    </p>
   </div>
   <div class='ocr_carea' id='block_1_39' title="bbox 595 3558 2170 3631">
    <p class='ocr_par' dir='ltr' id='par_1_39' title="bbox 595 3558 2170 3631">
     <span class='ocr_line' id='line_1_39' title="bbox 595 3558 2170 3631; baseline 0.004 -20"><span class='ocrx_word' id='word_1_303' title='bbox 595 3558 697 3611; x_wconf 88' lang='lat' dir='ltr'><strong>cim</strong></span> <span class='ocrx_word' id='word_1_304' title='bbox 725 3559 983 3626; x_wconf 79' lang='lat' dir='ltr'><strong>Apostoli,</strong></span> <span class='ocrx_word' id='word_1_305' title='bbox 1016 3560 1136 3612; x_wconf 88' lang='lat' dir='ltr'><strong>inde</strong></span> <span class='ocrx_word' id='word_1_306' title='bbox 1161 3561 1446 3629; x_wconf 84' lang='lat' dir='ltr'><strong>plusquam</strong></span> <span class='ocrx_word' id='word_1_307' title='bbox 1472 3562 1742 3630; x_wconf 79' lang='lat' dir='ltr'><strong>quingenti</strong></span> <span class='ocrx_word' id='word_1_308' title='bbox 1773 3563 1960 3616; x_wconf 79' lang='lat' dir='ltr'><strong>fratres</strong></span> <span class='ocrx_word' id='word_1_309' title='bbox 1980 3562 2170 3631; x_wconf 86' lang='lat' dir='ltr'><strong>quibus</strong></span> 
     </span>
    </p>
   </div>
   <div class='ocr_carea' id='block_1_40' title="bbox 599 3650 2166 3725">
    <p class='ocr_par' dir='ltr' id='par_1_40' title="bbox 599 3650 2166 3725">
     <span class='ocr_line' id='line_1_40' title="bbox 599 3650 2166 3725; baseline 0.003 -21"><span class='ocrx_word' id='word_1_310' title='bbox 599 3665 657 3704; x_wconf 90' lang='lat' dir='ltr'><strong>se</strong></span> <span class='ocrx_word' id='word_1_311' title='bbox 683 3650 932 3703; x_wconf 78' lang='lat' dir='ltr'><strong>Dominus</strong></span> <span class='ocrx_word' id='word_1_312' title='bbox 955 3651 1336 3705; x_wconf 84' lang='lat' dir='ltr'><strong>demonstravit</strong></span> <span class='ocrx_word' id='word_1_313' title='bbox 1365 3664 1483 3720; x_wconf 84' lang='lat' dir='ltr'><strong>post</strong></span> <span class='ocrx_word' id='word_1_314' title='bbox 1509 3656 1951 3708; x_wconf 80' lang='lat' dir='ltr'><strong>resurrectionem</strong></span> <span class='ocrx_word' id='word_1_315' title='bbox 1977 3655 2027 3725; x_wconf 94' lang='grc' dir='ltr'><strong>(Ι</strong></span> <span class='ocrx_word' id='word_1_316' title='bbox 2051 3657 2166 3709; x_wconf 83' lang='lat' dir='ltr'><strong>Cor.</strong></span> 
     </span>
    </p>
   </div>
   <div class='ocr_carea' id='block_1_41' title="bbox 601 3744 2167 3818">
    <p class='ocr_par' dir='ltr' id='par_1_41' title="bbox 601 3744 2167 3818">
     <span class='ocr_line' id='line_1_41' title="bbox 601 3744 2167 3818; baseline 0.005 -22"><span class='ocrx_word' id='word_1_317' title='bbox 601 3757 690 3807; x_wconf 77' lang='lat' dir='ltr'><strong>xv,</strong></span> <span class='ocrx_word' id='word_1_318' title='bbox 722 3744 805 3813; x_wconf 73' lang='lat' dir='ltr'><strong>ti);</strong></span> <span class='ocrx_word' id='word_1_319' title='bbox 838 3744 959 3799; x_wconf 88' lang='lat' dir='ltr'><strong>inde</strong></span> <span class='ocrx_word' id='word_1_320' title='bbox 1001 3754 1082 3798; x_wconf 87' lang='lat' dir='ltr'><strong>tut</strong></span> <span class='ocrx_word' id='word_1_321' title='bbox 1127 3746 1288 3798; x_wconf 70' lang='lat' dir='ltr'><strong>nzillia</strong></span> <span class='ocrx_word' id='word_1_322' title='bbox 1320 3747 1600 3815; x_wconf 86' lang='lat' dir='ltr'><strong>baptizata,</strong></span> <span class='ocrx_word' id='word_1_323' title='bbox 1630 3764 1748 3817; x_wconf 74' lang='lat' dir='ltr'><strong>qum</strong></span> <span class='ocrx_word' id='word_1_324' title='bbox 1785 3751 1946 3818; x_wconf 87' lang='lat' dir='ltr'><strong>pretia</strong></span> <span class='ocrx_word' id='word_1_325' title='bbox 1992 3765 2167 3804; x_wconf 87' lang='lat' dir='ltr'><strong>rerum</strong></span> 
     </span>
    </p>
   </div>
   <div class='ocr_carea' id='block_1_42' title="bbox 595 3837 2166 3912">
    <p class='ocr_par' dir='ltr' id='par_1_42' title="bbox 595 3837 2166 3912">
     <span class='ocr_line' id='line_1_42' title="bbox 595 3837 2166 3912; baseline 0.004 -23"><span class='ocrx_word' id='word_1_326' title='bbox 595 3851 808 3889; x_wconf 89' lang='lat' dir='ltr'><strong>suarum</strong></span> <span class='ocrx_word' id='word_1_327' title='bbox 828 3846 950 3891; x_wconf 88' lang='lat' dir='ltr'><strong>autc</strong></span> <span class='ocrx_word' id='word_1_328' title='bbox 977 3837 1136 3906; x_wconf 83' lang='lat' dir='ltr'><strong>pedes</strong></span> <span class='ocrx_word' id='word_1_329' title='bbox 1163 3840 1544 3906; x_wconf 82' lang='lat' dir='ltr'><strong>Apostolorum</strong></span> <span class='ocrx_word' id='word_1_330' title='bbox 1570 3840 1838 3909; x_wconf 89' lang='lat' dir='ltr'><strong>ponebant</strong></span> <span class='ocrx_word' id='word_1_331' title='bbox 1863 3841 2166 3912; x_wconf 83' lang='lat' dir='ltr'><strong>(Act.u,tv).</strong></span> 
     </span>
    </p>
   </div>
   <div class='ocr_carea' id='block_1_43' title="bbox 595 3925 2170 4003">
    <p class='ocr_par' dir='ltr' id='par_1_43' title="bbox 595 3925 2170 4003">
     <span class='ocr_line' id='line_1_43' title="bbox 595 3925 2170 4003; baseline 0.004 -24"><span class='ocrx_word' id='word_1_332' title='bbox 595 3925 736 3995; x_wconf 69' lang='lat' dir='ltr'><strong>Ergo</strong></span> <span class='ocrx_word' id='word_1_333' title='bbox 756 3927 1028 3996; x_wconf 87' lang='lat' dir='ltr'><strong>impletum</strong></span> <span class='ocrx_word' id='word_1_334' title='bbox 1051 3939 1131 3981; x_wconf 86' lang='lat' dir='ltr'><strong>est</strong></span> <span class='ocrx_word' id='word_1_335' title='bbox 1149 3930 1292 3998; x_wconf 89' lang='lat' dir='ltr'><strong>quod</strong></span> <span class='ocrx_word' id='word_1_336' title='bbox 1312 3931 1396 3984; x_wconf 83' lang='lat' dir='ltr'><strong>hic</strong></span> <span class='ocrx_word' id='word_1_337' title='bbox 1420 3941 1634 4000; x_wconf 82' lang='lat' dir='ltr'><strong>rogatus</strong></span> <span class='ocrx_word' id='word_1_338' title='bbox 1661 3941 1742 3985; x_wconf 87' lang='lat' dir='ltr'><strong>est</strong></span> <span class='ocrx_word' id='word_1_339' title='bbox 1771 3932 1930 3996; x_wconf 88' lang='lat' dir='ltr'><strong>Deus,</strong></span> <span class='ocrx_word' id='word_1_340' title='bbox 1951 3932 2170 4003; x_wconf 84' lang='lat' dir='ltr'><strong>Propter</strong></span> 
     </span>
    </p>
   </div>
   <div class='ocr_carea' id='block_1_44' title="bbox 596 4016 2043 4092">
    <p class='ocr_par' dir='ltr' id='par_1_44' title="bbox 596 4016 2043 4092">
     <span class='ocr_line' id='line_1_44' title="bbox 596 4016 2043 4092; baseline 0.005 -23"><span class='ocrx_word' id='word_1_341' title='bbox 596 4016 762 4070; x_wconf 81' lang='lat' dir='ltr'><strong>David</strong></span> <span class='ocrx_word' id='word_1_342' title='bbox 787 4037 981 4072; x_wconf 82' lang='lat' dir='ltr'><strong>serram</strong></span> <span class='ocrx_word' id='word_1_343' title='bbox 1021 4031 1159 4072; x_wconf 75' lang='lat' dir='ltr'><strong>tuum</strong></span> <span class='ocrx_word' id='word_1_344' title='bbox 1177 4063 1191 4085; x_wconf 94' lang='lat'><strong>,</strong></span> <span class='ocrx_word' id='word_1_345' title='bbox 1227 4039 1286 4074; x_wconf 88' lang='lat' dir='ltr'><strong>ue</strong></span> <span class='ocrx_word' id='word_1_346' title='bbox 1313 4035 1506 4074; x_wconf 78' lang='lat' dir='ltr'><strong>avertas</strong></span> <span class='ocrx_word' id='word_1_347' title='bbox 1533 4025 1712 4092; x_wconf 81' lang='lat' dir='ltr'><strong>faciem</strong></span> <span class='ocrx_word' id='word_1_348' title='bbox 1743 4023 1930 4077; x_wconf 80' lang='lat' dir='ltr'><strong>Christi</strong></span> <span class='ocrx_word' id='word_1_349' title='bbox 1952 4026 2043 4076; x_wconf 91' lang='lat' dir='ltr'><strong>lui.</strong></span> 
     </span>
    </p>
   </div>
   <div class='ocr_carea' id='block_1_45' title="bbox 669 4108 2170 4184">
    <p class='ocr_par' dir='ltr' id='par_1_45' title="bbox 669 4108 2170 4184">
     <span class='ocr_line' id='line_1_45' title="bbox 669 4108 2170 4184; baseline 0.003 -21"><span class='ocrx_word' id='word_1_350' title='bbox 669 4109 754 4163; x_wconf 79' lang='grc'><strong>18.</strong></span> <span class='ocrx_word' id='word_1_351' title='bbox 787 4108 934 4182; x_wconf 87' lang='lat' dir='ltr'><strong>[vers.</strong></span> <span class='ocrx_word' id='word_1_352' title='bbox 971 4110 1082 4184; x_wconf 79' lang='lat' dir='ltr'><strong>1L]</strong></span> <span class='ocrx_word' id='word_1_353' title='bbox 1110 4112 1308 4167; x_wconf 79' lang='lat' dir='ltr'><strong>Juretrit</strong></span> <span class='ocrx_word' id='word_1_354' title='bbox 1345 4113 1592 4168; x_wconf 83' lang='lat' dir='ltr'><strong>Dominus</strong></span> <span class='ocrx_word' id='word_1_355' title='bbox 1627 4114 1790 4168; x_wconf 89' lang='lat' dir='ltr'><strong>David</strong></span> <span class='ocrx_word' id='word_1_356' title='bbox 1816 4118 2068 4170; x_wconf 84' lang='lat' dir='ltr'><strong>veritatem</strong></span> <span class='ocrx_word' id='word_1_357' title='bbox 2089 4157 2102 4179; x_wconf 96' lang='lat'><strong>,</strong></span> <span class='ocrx_word' id='word_1_358' title='bbox 2125 4125 2170 4169; x_wconf 89' lang='lat' dir='ltr'><strong>et</strong></span> 
     </span>
    </p>
   </div>
   <div class='ocr_carea' id='block_1_46' title="bbox 602 4203 2170 4275">
    <p class='ocr_par' dir='ltr' id='par_1_46' title="bbox 602 4203 2170 4275">
     <span class='ocr_line' id='line_1_46' title="bbox 602 4203 2170 4275; baseline 0.004 -22"><span class='ocrx_word' id='word_1_359' title='bbox 602 4218 701 4254; x_wconf 86' lang='lat' dir='ltr'><strong>non</strong></span> <span class='ocrx_word' id='word_1_360' title='bbox 742 4203 988 4270; x_wconf 74' lang='lat' dir='ltr'><strong>pwuitebit</strong></span> <span class='ocrx_word' id='word_1_361' title='bbox 1019 4221 1147 4256; x_wconf 85' lang='lat' dir='ltr'><strong>eum.</strong></span> <span class='ocrx_word' id='word_1_362' title='bbox 1181 4205 1314 4272; x_wconf 87' lang='lat' dir='ltr'><strong>Quid</strong></span> <span class='ocrx_word' id='word_1_363' title='bbox 1343 4216 1440 4267; x_wconf 88' lang='lat' dir='ltr'><strong>est,</strong></span> <span class='ocrx_word' id='word_1_364' title='bbox 1461 4207 1692 4275; x_wconf 85' lang='lat' dir='ltr'><strong>juravit?</strong></span> <span class='ocrx_word' id='word_1_365' title='bbox 1725 4207 2046 4260; x_wconf 84' lang='lat' dir='ltr'><strong>Promissum</strong></span> <span class='ocrx_word' id='word_1_366' title='bbox 2078 4223 2170 4274; x_wconf 89' lang='lat' dir='ltr'><strong>per</strong></span> 
     </span>
    </p>
   </div>
   <div class='ocr_carea' id='block_1_47' title="bbox 598 4291 2166 4364">
    <p class='ocr_par' dir='ltr' id='par_1_47' title="bbox 598 4291 2166 4364">
     <span class='ocr_line' id='line_1_47' title="bbox 598 4291 2166 4364; baseline 0.005 -20"><span class='ocrx_word' id='word_1_367' title='bbox 598 4291 832 4358; x_wconf 85' lang='lat' dir='ltr'><strong>seipsum</strong></span> <span class='ocrx_word' id='word_1_368' title='bbox 877 4293 1120 4346; x_wconf 90' lang='lat' dir='ltr'><strong>ﬁrmavit.</strong></span> <span class='ocrx_word' id='word_1_369' title='bbox 1151 4295 1284 4361; x_wconf 87' lang='lat' dir='ltr'><strong>Quid</strong></span> <span class='ocrx_word' id='word_1_370' title='bbox 1309 4305 1389 4349; x_wconf 88' lang='lat' dir='ltr'><strong>est</strong></span> <span class='ocrx_word' id='word_1_371' title='bbox 1409 4337 1424 4362; x_wconf 90' lang='lat'><strong>,</strong></span> <span class='ocrx_word' id='word_1_372' title='bbox 1455 4313 1552 4349; x_wconf 89' lang='lat' dir='ltr'><strong>non</strong></span> <span class='ocrx_word' id='word_1_373' title='bbox 1584 4298 1833 4364; x_wconf 72' lang='lat' dir='ltr'><strong>pwnitebit</strong></span> <span class='ocrx_word' id='word_1_374' title='bbox 1871 4315 1981 4350; x_wconf 85' lang='lat' dir='ltr'><strong>eum</strong></span> <span class='ocrx_word' id='word_1_375' title='bbox 2003 4299 2027 4351; x_wconf 89' lang='lat'><strong><em>?</em></strong></span> <span class='ocrx_word' id='word_1_376' title='bbox 2053 4297 2166 4352; x_wconf 86' lang='lat' dir='ltr'><strong>Non</strong></span> 
     </span>
    </p>
   </div>
   <div class='ocr_carea' id='block_1_48' title="bbox 597 4383 2165 4458">
    <p class='ocr_par' dir='ltr' id='par_1_48' title="bbox 597 4383 2165 4458">
     <span class='ocr_line' id='line_1_48' title="bbox 597 4383 2165 4458; baseline 0.004 -22"><span class='ocrx_word' id='word_1_377' title='bbox 597 4384 840 4436; x_wconf 87' lang='lat' dir='ltr'><strong>mutabit.</strong></span> <span class='ocrx_word' id='word_1_378' title='bbox 871 4383 983 4436; x_wconf 81' lang='lat' dir='ltr'><strong>Non</strong></span> <span class='ocrx_word' id='word_1_379' title='bbox 1016 4386 1154 4437; x_wconf 91' lang='lat' dir='ltr'><strong>enim</strong></span> <span class='ocrx_word' id='word_1_380' title='bbox 1178 4386 1412 4440; x_wconf 87' lang='lat' dir='ltr'><strong>dolorem</strong></span> <span class='ocrx_word' id='word_1_381' title='bbox 1441 4390 1764 4455; x_wconf 65' lang='lat' dir='ltr'><strong>pwititenlia:</strong></span> <span class='ocrx_word' id='word_1_382' title='bbox 1797 4391 1990 4458; x_wconf 90' lang='lat' dir='ltr'><strong>patitur</strong></span> <span class='ocrx_word' id='word_1_383' title='bbox 2011 4390 2165 4453; x_wconf 90' lang='lat' dir='ltr'><strong>Deus,</strong></span> 
     </span>
    </p>
   </div>
   <div class='ocr_carea' id='block_1_49' title="bbox 596 4471 2162 4548">
    <p class='ocr_par' dir='ltr' id='par_1_49' title="bbox 596 4471 2162 4548">
     <span class='ocr_line' id='line_1_49' title="bbox 596 4471 2162 4548; baseline 0.004 -22"><span class='ocrx_word' id='word_1_384' title='bbox 596 4481 688 4526; x_wconf 87' lang='lat' dir='ltr'><strong>aut</strong></span> <span class='ocrx_word' id='word_1_385' title='bbox 718 4472 768 4525; x_wconf 90' lang='lat' dir='ltr'><strong>in</strong></span> <span class='ocrx_word' id='word_1_386' title='bbox 787 4471 963 4540; x_wconf 90' lang='lat' dir='ltr'><strong>aliquo</strong></span> <span class='ocrx_word' id='word_1_387' title='bbox 987 4475 1204 4539; x_wconf 84' lang='lat' dir='ltr'><strong>fallitur,</strong></span> <span class='ocrx_word' id='word_1_388' title='bbox 1230 4484 1286 4528; x_wconf 92' lang='grc' dir='ltr'><strong>ιιι</strong></span> <span class='ocrx_word' id='word_1_389' title='bbox 1309 4477 1434 4529; x_wconf 87' lang='lat' dir='ltr'><strong>velit</strong></span> <span class='ocrx_word' id='word_1_390' title='bbox 1455 4480 1722 4548; x_wconf 77' lang='lat' dir='ltr'><strong>eot&#39;rigcre</strong></span> <span class='ocrx_word' id='word_1_391' title='bbox 1749 4481 1799 4532; x_wconf 91' lang='lat' dir='ltr'><strong>in</strong></span> <span class='ocrx_word' id='word_1_392' title='bbox 1822 4496 1926 4548; x_wconf 89' lang='lat' dir='ltr'><strong>qtto</strong></span> <span class='ocrx_word' id='word_1_393' title='bbox 1951 4480 2162 4533; x_wconf 86' lang='lat' dir='ltr'><strong>erravit.</strong></span> 
     </span>
    </p>
   </div>
   <div class='ocr_carea' id='block_1_50' title="bbox 596 4562 2166 4636">
    <p class='ocr_par' dir='ltr' id='par_1_50' title="bbox 596 4562 2166 4636">
     <span class='ocr_line' id='line_1_50' title="bbox 596 4562 2166 4636; baseline 0.004 -18"><span class='ocrx_word' id='word_1_394' title='bbox 596 4562 700 4618; x_wconf 87' lang='lat' dir='ltr'><strong>Sed</strong></span> <span class='ocrx_word' id='word_1_395' title='bbox 745 4563 1010 4634; x_wconf 85' lang='lat' dir='ltr'><strong>quomodo</strong></span> <span class='ocrx_word' id='word_1_396' title='bbox 1060 4563 1325 4617; x_wconf 81' lang='lat' dir='ltr'><strong>hominem</strong></span> <span class='ocrx_word' id='word_1_397' title='bbox 1366 4580 1484 4619; x_wconf 90' lang='lat' dir='ltr'><strong>cum</strong></span> <span class='ocrx_word' id='word_1_398' title='bbox 1525 4569 1776 4636; x_wconf 49' lang='lat' dir='ltr'><strong>poenitet,</strong></span> <span class='ocrx_word' id='word_1_399' title='bbox 1811 4579 2013 4624; x_wconf 89' lang='lat' dir='ltr'><strong>mutare</strong></span> <span class='ocrx_word' id='word_1_400' title='bbox 2058 4571 2166 4624; x_wconf 86' lang='lat' dir='ltr'><strong>vult</strong></span> 
     </span>
    </p>
   </div>
   <div class='ocr_carea' id='block_1_51' title="bbox 597 4653 2166 4726">
    <p class='ocr_par' dir='ltr' id='par_1_51' title="bbox 597 4653 2166 4726">
     <span class='ocr_line' id='line_1_51' title="bbox 597 4653 2166 4726; baseline 0.003 -19"><span class='ocrx_word' id='word_1_401' title='bbox 597 4653 738 4723; x_wconf 88' lang='lat' dir='ltr'><strong>quod</strong></span> <span class='ocrx_word' id='word_1_402' title='bbox 768 4653 920 4718; x_wconf 87' lang='lat' dir='ltr'><strong>fecit;</strong></span> <span class='ocrx_word' id='word_1_403' title='bbox 951 4655 1027 4707; x_wconf 89' lang='lat' dir='ltr'><strong>sie</strong></span> <span class='ocrx_word' id='word_1_404' title='bbox 1057 4653 1142 4706; x_wconf 92' lang='lat' dir='ltr'><strong>ubi</strong></span> <span class='ocrx_word' id='word_1_405' title='bbox 1183 4655 1336 4709; x_wconf 85' lang='lat' dir='ltr'><strong>audis</strong></span> <span class='ocrx_word' id='word_1_406' title='bbox 1361 4657 1478 4726; x_wconf 90' lang='lat' dir='ltr'><strong>quia</strong></span> <span class='ocrx_word' id='word_1_407' title='bbox 1515 4658 1733 4726; x_wconf 70' lang='lat' dir='ltr'><strong>tmuitet</strong></span> <span class='ocrx_word' id='word_1_408' title='bbox 1761 4657 1958 4725; x_wconf 92' lang='lat' dir='ltr'><strong>Deum,</strong></span> <span class='ocrx_word' id='word_1_409' title='bbox 1993 4669 2166 4712; x_wconf 80' lang='lat' dir='ltr'><strong>muta-</strong></span> 
     </span>
    </p>
   </div>
   <div class='ocr_carea' id='block_1_52' title="bbox 598 4743 2166 4819">
    <p class='ocr_par' dir='ltr' id='par_1_52' title="bbox 598 4743 2166 4819">
     <span class='ocr_line' id='line_1_52' title="bbox 598 4743 2166 4819; baseline 0.004 -22"><span class='ocrx_word' id='word_1_410' title='bbox 598 4745 792 4798; x_wconf 87' lang='lat' dir='ltr'><strong>tionem</strong></span> <span class='ocrx_word' id='word_1_411' title='bbox 823 4743 987 4812; x_wconf 86' lang='lat' dir='ltr'><strong>ipsam</strong></span> <span class='ocrx_word' id='word_1_412' title='bbox 1018 4759 1192 4814; x_wconf 88' lang='lat' dir='ltr'><strong>spera.</strong></span> <span class='ocrx_word' id='word_1_413' title='bbox 1227 4747 1397 4800; x_wconf 82' lang='lat' dir='ltr'><strong>Aliter</strong></span> <span class='ocrx_word' id='word_1_414' title='bbox 1422 4747 1561 4801; x_wconf 88' lang='lat' dir='ltr'><strong>illam</strong></span> <span class='ocrx_word' id='word_1_415' title='bbox 1593 4749 1712 4802; x_wconf 88' lang='lat' dir='ltr'><strong>facit</strong></span> <span class='ocrx_word' id='word_1_416' title='bbox 1743 4750 1901 4814; x_wconf 87' lang='lat' dir='ltr'><strong>Deus,</strong></span> <span class='ocrx_word' id='word_1_417' title='bbox 1929 4751 2166 4819; x_wconf 88' lang='lat' dir='ltr'><strong>quamvis</strong></span> 
     </span>
    </p>
   </div>
   <div class='ocr_carea' id='block_1_53' title="bbox 597 4837 2163 4910">
    <p class='ocr_par' dir='ltr' id='par_1_53' title="bbox 597 4837 2163 4910">
     <span class='ocr_line' id='line_1_53' title="bbox 597 4837 2163 4910; baseline 0.004 -20"><span class='ocrx_word' id='word_1_418' title='bbox 597 4837 811 4890; x_wconf 85' lang='lat' dir='ltr'><strong>nmnine</strong></span> <span class='ocrx_word' id='word_1_419' title='bbox 843 4837 1164 4904; x_wconf 75' lang='lat' dir='ltr'><strong>ptenitcutia:</strong></span> <span class='ocrx_word' id='word_1_420' title='bbox 1191 4839 1442 4907; x_wconf 74' lang='lat' dir='ltr'><strong>appellet,</strong></span> <span class='ocrx_word' id='word_1_421' title='bbox 1471 4840 1626 4894; x_wconf 88' lang='lat' dir='ltr'><strong>aliter</strong></span> <span class='ocrx_word' id='word_1_422' title='bbox 1656 4851 1707 4894; x_wconf 94' lang='lat' dir='ltr'><strong>tu</strong></span> <span class='ocrx_word' id='word_1_423' title='bbox 1733 4859 1744 4895; x_wconf 92' lang='lat'>:</span> <span class='ocrx_word' id='word_1_424' title='bbox 1775 4851 1826 4894; x_wconf 85' lang='grc' dir='ltr'><strong>ιιι</strong></span> <span class='ocrx_word' id='word_1_425' title='bbox 1853 4843 1990 4896; x_wconf 90' lang='lat' dir='ltr'><strong>enim</strong></span> <span class='ocrx_word' id='word_1_426' title='bbox 2018 4843 2163 4910; x_wconf 74' lang='lat' dir='ltr'><strong>facis,</strong></span> 
     </span>
    </p>
   </div>
   <div class='ocr_carea' id='block_1_54' title="bbox 595 4931 2168 4998">
    <p class='ocr_par' dir='ltr' id='par_1_54' title="bbox 595 4931 2168 4998">
     <span class='ocr_line' id='line_1_54' title="bbox 595 4931 2168 4998; baseline 0.006 -17"><span class='ocrx_word' id='word_1_427' title='bbox 595 4933 714 4998; x_wconf 88' lang='lat' dir='ltr'><strong>quia</strong></span> <span class='ocrx_word' id='word_1_428' title='bbox 755 4945 1057 4993; x_wconf 88' lang='lat' dir='ltr'><strong>erraveras;</strong></span> <span class='ocrx_word' id='word_1_429' title='bbox 1093 4931 1179 4984; x_wconf 89' lang='lat' dir='ltr'><strong>ille</strong></span> <span class='ocrx_word' id='word_1_430' title='bbox 1224 4942 1398 4986; x_wconf 87' lang='lat' dir='ltr'><strong>autem</strong></span> <span class='ocrx_word' id='word_1_431' title='bbox 1446 4932 1601 4997; x_wconf 81' lang='lat' dir='ltr'><strong>facit,</strong></span> <span class='ocrx_word' id='word_1_432' title='bbox 1627 4935 1746 4998; x_wconf 92' lang='lat' dir='ltr'><strong>quia</strong></span> <span class='ocrx_word' id='word_1_433' title='bbox 1786 4935 2048 4997; x_wconf 85' lang='lat' dir='ltr'><strong>vindicat,</strong></span> <span class='ocrx_word' id='word_1_434' title='bbox 2075 4944 2168 4990; x_wconf 89' lang='lat' dir='ltr'><strong>aut</strong></span> 
     </span>
    </p>
   </div>
   <div class='ocr_carea' id='block_1_55' title="bbox 595 5019 2167 5093">
    <p class='ocr_par' dir='ltr' id='par_1_55' title="bbox 595 5019 2167 5093">
     <span class='ocr_line' id='line_1_55' title="bbox 595 5019 2167 5093; baseline 0.006 -23"><span class='ocrx_word' id='word_1_435' title='bbox 595 5019 717 5088; x_wconf 88' lang='lat' dir='ltr'><strong>quia</strong></span> <span class='ocrx_word' id='word_1_436' title='bbox 766 5019 972 5074; x_wconf 86' lang='lat' dir='ltr'><strong>liberat.</strong></span> <span class='ocrx_word' id='word_1_437' title='bbox 1017 5021 1235 5075; x_wconf 88' lang='lat' dir='ltr'><strong>Mutavit</strong></span> <span class='ocrx_word' id='word_1_438' title='bbox 1277 5038 1495 5092; x_wconf 83' lang='lat' dir='ltr'><strong>regnum</strong></span> <span class='ocrx_word' id='word_1_439' title='bbox 1547 5023 1692 5086; x_wconf 74' lang='lat' dir='ltr'><strong>Saftl,</strong></span> <span class='ocrx_word' id='word_1_440' title='bbox 1723 5040 1842 5077; x_wconf 88' lang='lat' dir='ltr'><strong>cum</strong></span> <span class='ocrx_word' id='word_1_441' title='bbox 1888 5025 2167 5093; x_wconf 74' lang='lat' dir='ltr'><strong>pmnitcret</strong></span> 
     </span>
    </p>
   </div>
   <div class='ocr_carea' id='block_1_56' title="bbox 597 5111 2165 5185">
    <p class='ocr_par' dir='ltr' id='par_1_56' title="bbox 597 5111 2165 5185">
     <span class='ocr_line' id='line_1_56' title="bbox 597 5111 2165 5185; baseline 0.006 -23"><span class='ocrx_word' id='word_1_442' title='bbox 597 5123 717 5162; x_wconf 84' lang='lat' dir='ltr'><strong>eum</strong></span> <span class='ocrx_word' id='word_1_443' title='bbox 746 5111 878 5164; x_wconf 91' lang='lat' dir='ltr'><strong>sicut</strong></span> <span class='ocrx_word' id='word_1_444' title='bbox 901 5111 1095 5164; x_wconf 77' lang='lat' dir='ltr'><strong>dictum</strong></span> <span class='ocrx_word' id='word_1_445' title='bbox 1120 5122 1199 5165; x_wconf 82' lang='lat' dir='ltr'><strong>est</strong></span> <span class='ocrx_word' id='word_1_446' title='bbox 1219 5131 1230 5164; x_wconf 90' lang='lat'>:</span> <span class='ocrx_word' id='word_1_447' title='bbox 1251 5123 1301 5166; x_wconf 89' lang='lat' dir='ltr'><strong>et</strong></span> <span class='ocrx_word' id='word_1_448' title='bbox 1329 5114 1377 5166; x_wconf 91' lang='lat' dir='ltr'><strong>in</strong></span> <span class='ocrx_word' id='word_1_449' title='bbox 1401 5128 1466 5168; x_wconf 93' lang='lat' dir='ltr'><strong>eo</strong></span> <span class='ocrx_word' id='word_1_450' title='bbox 1495 5115 1608 5182; x_wconf 84' lang='lat' dir='ltr'><strong>ipso</strong></span> <span class='ocrx_word' id='word_1_451' title='bbox 1639 5115 1755 5168; x_wconf 89' lang='lat' dir='ltr'><strong>loco</strong></span> <span class='ocrx_word' id='word_1_452' title='bbox 1784 5113 1868 5168; x_wconf 85' lang='lat' dir='ltr'><strong>tibi</strong></span> <span class='ocrx_word' id='word_1_453' title='bbox 1895 5115 2165 5185; x_wconf 85' lang='lat' dir='ltr'><strong>Scriptura</strong></span> 
     </span>
    </p>
   </div>
   <div class='ocr_carea' id='block_1_57' title="bbox 595 5197 2166 5273">
    <p class='ocr_par' dir='ltr' id='par_1_57' title="bbox 595 5197 2166 5273">
     <span class='ocr_line' id='line_1_57' title="bbox 595 5197 2166 5273; baseline 0.007 -23"><span class='ocrx_word' id='word_1_454' title='bbox 595 5197 754 5259; x_wconf 87' lang='lat' dir='ltr'><strong>dicit,</strong></span> <span class='ocrx_word' id='word_1_455' title='bbox 784 5199 1019 5254; x_wconf 70' lang='lat' dir='ltr'><strong>Paenituit</strong></span> <span class='ocrx_word' id='word_1_456' title='bbox 1046 5219 1156 5256; x_wconf 89' lang='lat' dir='ltr'><strong>eum</strong></span> <span class='ocrx_word' id='word_1_457' title='bbox 1174 5221 1190 5266; x_wconf 92' lang='lat'><strong>;</strong></span> <span class='ocrx_word' id='word_1_458' title='bbox 1215 5204 1280 5256; x_wconf 88' lang='lat' dir='ltr'><strong>ibi</strong></span> <span class='ocrx_word' id='word_1_459' title='bbox 1311 5204 1468 5273; x_wconf 88' lang='lat' dir='ltr'><strong>paulo</strong></span> <span class='ocrx_word' id='word_1_460' title='bbox 1499 5216 1610 5273; x_wconf 89' lang='lat' dir='ltr'><strong>post</strong></span> <span class='ocrx_word' id='word_1_461' title='bbox 1643 5206 1862 5272; x_wconf 90' lang='lat' dir='ltr'><strong>dicitur,</strong></span> <span class='ocrx_word' id='word_1_462' title='bbox 1894 5207 2010 5260; x_wconf 73' lang='lat' dir='ltr'><strong>Non</strong></span> <span class='ocrx_word' id='word_1_463' title='bbox 2037 5209 2166 5261; x_wconf 86' lang='lat' dir='ltr'><strong>enim</strong></span> 
     </span>
    </p>
   </div>
   <div class='ocr_carea' id='block_1_58' title="bbox 597 5289 2158 5369">
    <p class='ocr_par' dir='ltr' id='par_1_58' title="bbox 597 5289 2158 5369">
     <span class='ocr_line' id='line_1_58' title="bbox 597 5289 2158 5369; baseline 0.008 -29"><span class='ocrx_word' id='word_1_464' title='bbox 597 5289 669 5341; x_wconf 84' lang='lat' dir='ltr'><strong>sic</strong></span> <span class='ocrx_word' id='word_1_465' title='bbox 698 5298 767 5341; x_wconf 87' lang='lat' dir='ltr'><strong>est</strong></span> <span class='ocrx_word' id='word_1_466' title='bbox 799 5298 848 5340; x_wconf 89' lang='lat' dir='ltr'><strong>ut</strong></span> <span class='ocrx_word' id='word_1_467' title='bbox 877 5291 1043 5355; x_wconf 79' lang='lat' dir='ltr'><strong>homo,</strong></span> <span class='ocrx_word' id='word_1_468' title='bbox 1076 5303 1127 5345; x_wconf 91' lang='lat' dir='ltr'><strong>ut</strong></span> <span class='ocrx_word' id='word_1_469' title='bbox 1156 5295 1389 5364; x_wconf 75' lang='lat' dir='ltr'><strong>pwniteat</strong></span> <span class='ocrx_word' id='word_1_470' title='bbox 1427 5313 1539 5348; x_wconf 89' lang='lat' dir='ltr'><strong>eum</strong></span> <span class='ocrx_word' id='word_1_471' title='bbox 1567 5297 1618 5368; x_wconf 89' lang='lat' dir='ltr'><strong>(I</strong></span> <span class='ocrx_word' id='word_1_472' title='bbox 1655 5297 1778 5368; x_wconf 86' lang='lat' dir='ltr'><strong>Reg.</strong></span> <span class='ocrx_word' id='word_1_473' title='bbox 1813 5314 1898 5362; x_wconf 83' lang='lat' dir='ltr'><strong>xv,</strong></span> <span class='ocrx_word' id='word_1_474' title='bbox 1933 5299 2019 5362; x_wconf 77' lang='lat' dir='ltr'><strong>ll,</strong></span> <span class='ocrx_word' id='word_1_475' title='bbox 2046 5299 2158 5369; x_wconf 78' lang='lat'><strong>‘29).</strong></span> 
     </span>
    </p>
   </div>
   <div class='ocr_carea' id='block_1_59' title="bbox 593 5377 2168 5455">
    <p class='ocr_par' dir='ltr' id='par_1_59' title="bbox 593 5377 2168 5455">
     <span class='ocr_line' id='line_1_59' title="bbox 593 5377 2168 5455; baseline 0.007 -21"><span class='ocrx_word' id='word_1_476' title='bbox 593 5377 726 5434; x_wconf 88' lang='lat' dir='ltr'><strong>Cum</strong></span> <span class='ocrx_word' id='word_1_477' title='bbox 757 5393 884 5448; x_wconf 80' lang='lat' dir='ltr'><strong>ergo</strong></span> <span class='ocrx_word' id='word_1_478' title='bbox 911 5393 1076 5435; x_wconf 83' lang='lat' dir='ltr'><strong>mutat</strong></span> <span class='ocrx_word' id='word_1_479' title='bbox 1111 5399 1269 5452; x_wconf 80' lang='lat' dir='ltr'><strong>opera</strong></span> <span class='ocrx_word' id='word_1_480' title='bbox 1297 5402 1390 5438; x_wconf 87' lang='lat' dir='ltr'><strong>sua</strong></span> <span class='ocrx_word' id='word_1_481' title='bbox 1418 5401 1514 5455; x_wconf 91' lang='lat' dir='ltr'><strong>per</strong></span> <span class='ocrx_word' id='word_1_482' title='bbox 1541 5388 1968 5444; x_wconf 87' lang='lat' dir='ltr'><strong>incommutabile</strong></span> <span class='ocrx_word' id='word_1_483' title='bbox 1993 5392 2168 5444; x_wconf 89' lang='lat' dir='ltr'><strong>consi-</strong></span> 
     </span>
    </p>
   </div>
   <div class='ocr_carea' id='block_1_60' title="bbox 591 5471 2166 5549">
    <p class='ocr_par' dir='ltr' id='par_1_60' title="bbox 591 5471 2166 5549">
     <span class='ocr_line' id='line_1_60' title="bbox 591 5471 2166 5549; baseline 0.006 -24"><span class='ocrx_word' id='word_1_484' title='bbox 591 5471 721 5525; x_wconf 86' lang='lat' dir='ltr'><strong>lium</strong></span> <span class='ocrx_word' id='word_1_485' title='bbox 749 5485 901 5524; x_wconf 92' lang='lat' dir='ltr'><strong>suum</strong></span> <span class='ocrx_word' id='word_1_486' title='bbox 929 5487 942 5536; x_wconf 90' lang='lat'><strong>;</strong></span> <span class='ocrx_word' id='word_1_487' title='bbox 977 5483 1189 5540; x_wconf 88' lang='lat' dir='ltr'><strong>propter</strong></span> <span class='ocrx_word' id='word_1_488' title='bbox 1215 5477 1380 5543; x_wconf 82' lang='lat' dir='ltr'><strong>ipsam</strong></span> <span class='ocrx_word' id='word_1_489' title='bbox 1399 5517 1413 5541; x_wconf 94' lang='lat'><strong>,</strong></span> <span class='ocrx_word' id='word_1_490' title='bbox 1439 5491 1541 5530; x_wconf 91' lang='lat' dir='ltr'><strong>non</strong></span> <span class='ocrx_word' id='word_1_491' title='bbox 1582 5480 1822 5541; x_wconf 84' lang='lat' dir='ltr'><strong>consilii,</strong></span> <span class='ocrx_word' id='word_1_492' title='bbox 1855 5479 1950 5534; x_wconf 86' lang='lat' dir='ltr'><strong>sed</strong></span> <span class='ocrx_word' id='word_1_493' title='bbox 1986 5481 2166 5549; x_wconf 89' lang='lat' dir='ltr'><strong>operis</strong></span> 
     </span>
    </p>
   </div>
   <div class='ocr_carea' id='block_1_61' title="bbox 597 5561 2166 5639">
    <p class='ocr_par' dir='ltr' id='par_1_61' title="bbox 597 5561 2166 5639">
     <span class='ocr_line' id='line_1_61' title="bbox 597 5561 2166 5639; baseline 0.006 -25"><span class='ocrx_word' id='word_1_494' title='bbox 597 5561 967 5627; x_wconf 85' lang='lat' dir='ltr'><strong>mutationem,</strong></span> <span class='ocrx_word' id='word_1_495' title='bbox 993 5563 1252 5630; x_wconf 77' lang='lat' dir='ltr'><strong>pmuitere</strong></span> <span class='ocrx_word' id='word_1_496' title='bbox 1273 5564 1484 5618; x_wconf 88' lang='lat' dir='ltr'><strong>dicitur.</strong></span> <span class='ocrx_word' id='word_1_497' title='bbox 1519 5567 1630 5620; x_wconf 86' lang='lat' dir='ltr'><strong>Hoc</strong></span> <span class='ocrx_word' id='word_1_498' title='bbox 1655 5577 1828 5621; x_wconf 89' lang='lat' dir='ltr'><strong>autem</strong></span> <span class='ocrx_word' id='word_1_499' title='bbox 1869 5571 1945 5622; x_wconf 92' lang='lat' dir='ltr'><strong>sic</strong></span> <span class='ocrx_word' id='word_1_500' title='bbox 1969 5571 2166 5639; x_wconf 89' lang='lat' dir='ltr'><strong>promi-</strong></span> 
     </span>
    </p>
   </div>
   <div class='ocr_carea' id='block_1_62' title="bbox 591 5653 2164 5721">
    <p class='ocr_par' dir='ltr' id='par_1_62' title="bbox 591 5653 2164 5721">
     <span class='ocr_line' id='line_1_62' title="bbox 591 5653 2164 5721; baseline 0.004 -14"><span class='ocrx_word' id='word_1_501' title='bbox 591 5653 696 5720; x_wconf 83' lang='lat' dir='ltr'><strong>sit,</strong></span> <span class='ocrx_word' id='word_1_502' title='bbox 727 5660 786 5710; x_wconf 90' lang='lat' dir='ltr'><strong>ut</strong></span> <span class='ocrx_word' id='word_1_503' title='bbox 810 5668 918 5708; x_wconf 89' lang='lat' dir='ltr'><strong>non</strong></span> <span class='ocrx_word' id='word_1_504' title='bbox 951 5661 1202 5708; x_wconf 83' lang='lat' dir='ltr'><strong>mutaret.</strong></span> <span class='ocrx_word' id='word_1_505' title='bbox 1225 5653 1500 5721; x_wconf 86' lang='lat' dir='ltr'><strong>Quomodo</strong></span> <span class='ocrx_word' id='word_1_506' title='bbox 1528 5657 1721 5711; x_wconf 88' lang='lat' dir='ltr'><strong>dicitur</strong></span> <span class='ocrx_word' id='word_1_507' title='bbox 1745 5667 1798 5712; x_wconf 90' lang='lat' dir='ltr'><strong>et</strong></span> <span class='ocrx_word' id='word_1_508' title='bbox 1827 5658 1976 5718; x_wconf 81' lang='lat' dir='ltr'><strong>illud.</strong></span> <span class='ocrx_word' id='word_1_509' title='bbox 2004 5659 2164 5713; x_wconf 72' lang='lat' dir='ltr'><strong>Iura-</strong></span> 
     </span>
    </p>
   </div>
   <div class='ocr_carea' id='block_1_63' title="bbox 589 5743 2162 5823">
    <p class='ocr_par' dir='ltr' id='par_1_63' title="bbox 589 5743 2162 5823">
     <span class='ocr_line' id='line_1_63' title="bbox 589 5743 2162 5823; baseline 0.003 -26"><span class='ocrx_word' id='word_1_510' title='bbox 589 5745 658 5797; x_wconf 84' lang='lat' dir='ltr'><strong>vit</strong></span> <span class='ocrx_word' id='word_1_511' title='bbox 695 5743 968 5823; x_wconf 81' lang='lat' dir='ltr'><strong>Dominus,</strong></span> <span class='ocrx_word' id='word_1_512' title='bbox 1003 5755 1047 5798; x_wconf 85' lang='lat' dir='ltr'><strong>et</strong></span> <span class='ocrx_word' id='word_1_513' title='bbox 1079 5762 1175 5799; x_wconf 80' lang='lat' dir='ltr'><strong>non</strong></span> <span class='ocrx_word' id='word_1_514' title='bbox 1202 5747 1449 5818; x_wconf 62' lang='lat' dir='ltr'><strong>paenitebit</strong></span> <span class='ocrx_word' id='word_1_515' title='bbox 1471 5763 1579 5802; x_wconf 87' lang='lat' dir='ltr'><strong>eum</strong></span> <span class='ocrx_word' id='word_1_516' title='bbox 1602 5789 1615 5815; x_wconf 94' lang='lat'><strong>,</strong></span> <span class='ocrx_word' id='word_1_517' title='bbox 1643 5747 1719 5802; x_wconf 82' lang='lat' dir='ltr'><strong>Tu</strong></span> <span class='ocrx_word' id='word_1_518' title='bbox 1761 5765 1813 5803; x_wconf 82' lang='lat' dir='ltr'><strong>es</strong></span> <span class='ocrx_word' id='word_1_519' title='bbox 1850 5750 2082 5805; x_wconf 75' lang='lat' dir='ltr'><strong>sacerdos</strong></span> <span class='ocrx_word' id='word_1_520' title='bbox 2111 5751 2162 5804; x_wconf 83' lang='lat' dir='ltr'><strong>in</strong></span> 
     </span>
    </p>
   </div>
   <div class='ocr_carea' id='block_1_64' title="bbox 2299 660 3827 750">
    <p class='ocr_par' dir='ltr' id='par_1_64' title="bbox 2299 660 3827 750">
     <span class='ocr_line' id='line_1_64' title="bbox 2299 660 3827 750; baseline 0.016 -38"><span class='ocrx_word' id='word_1_521' title='bbox 2299 667 2465 724; x_wconf 90' lang='lat' dir='ltr'><strong>retur,</strong></span> <span class='ocrx_word' id='word_1_522' title='bbox 2495 660 2616 728; x_wconf 89' lang='lat' dir='ltr'><strong>quia</strong></span> <span class='ocrx_word' id='word_1_523' title='bbox 2649 663 2951 716; x_wconf 89' lang='lat' dir='ltr'><strong>necessario</strong></span> <span class='ocrx_word' id='word_1_524' title='bbox 2973 663 3203 719; x_wconf 90' lang='lat' dir='ltr'><strong>futurum</strong></span> <span class='ocrx_word' id='word_1_525' title='bbox 3232 677 3345 723; x_wconf 89' lang='lat' dir='ltr'><strong>erat</strong></span> <span class='ocrx_word' id='word_1_526' title='bbox 3368 680 3420 724; x_wconf 89' lang='lat' dir='ltr'><strong>et</strong></span> <span class='ocrx_word' id='word_1_527' title='bbox 3446 687 3827 750; x_wconf 84' lang='lat' dir='ltr'><strong>permansurum;</strong></span> 
     </span>
    </p>
   </div>
   <div class='ocr_carea' id='block_1_65' title="bbox 2295 749 3828 840">
    <p class='ocr_par' dir='ltr' id='par_1_65' title="bbox 2295 749 3828 840">
     <span class='ocr_line' id='line_1_65' title="bbox 2295 749 3828 840; baseline 0.011 -39"><span class='ocrx_word' id='word_1_528' title='bbox 2295 749 2447 816; x_wconf 78' lang='lat' dir='ltr'><strong>dixit,</strong></span> <span class='ocrx_word' id='word_1_529' title='bbox 2471 750 2669 805; x_wconf 88' lang='lat' dir='ltr'><strong>Juravit</strong></span> <span class='ocrx_word' id='word_1_530' title='bbox 2692 752 2936 809; x_wconf 82' lang='lat' dir='ltr'><strong>Dominus</strong></span> <span class='ocrx_word' id='word_1_531' title='bbox 2968 755 3134 810; x_wconf 87' lang='lat' dir='ltr'><strong>David</strong></span> <span class='ocrx_word' id='word_1_532' title='bbox 3158 761 3431 828; x_wconf 86' lang='lat' dir='ltr'><strong>veritatem,</strong></span> <span class='ocrx_word' id='word_1_533' title='bbox 3454 773 3499 818; x_wconf 84' lang='lat' dir='ltr'><strong>et</strong></span> <span class='ocrx_word' id='word_1_534' title='bbox 3533 783 3626 821; x_wconf 86' lang='lat' dir='ltr'><strong>non</strong></span> <span class='ocrx_word' id='word_1_535' title='bbox 3651 749 3828 840; x_wconf 67' lang='lat' dir='ltr'><strong>penite.</strong></span> 
     </span>
    </p>
   </div>
   <div class='ocr_carea' id='block_1_66' title="bbox 2295 840 3826 922">
    <p class='ocr_par' dir='ltr' id='par_1_66' title="bbox 2295 840 3826 922">
     <span class='ocr_line' id='line_1_66' title="bbox 2295 840 3826 922; baseline 0.016 -30"><span class='ocrx_word' id='word_1_536' title='bbox 2295 840 2362 892; x_wconf 87' lang='lat' dir='ltr'><strong>bit</strong></span> <span class='ocrx_word' id='word_1_537' title='bbox 2386 858 2496 894; x_wconf 88' lang='lat' dir='ltr'><strong>eum</strong></span> <span class='ocrx_word' id='word_1_538' title='bbox 2522 840 2640 896; x_wconf 70' lang='lat' dir='ltr'><strong>:Ex</strong></span> <span class='ocrx_word' id='word_1_539' title='bbox 2659 844 2824 912; x_wconf 81' lang='lat' dir='ltr'><strong>fructu</strong></span> <span class='ocrx_word' id='word_1_540' title='bbox 2851 851 3032 900; x_wconf 84' lang='lat' dir='ltr'><strong>ventris</strong></span> <span class='ocrx_word' id='word_1_541' title='bbox 3057 848 3132 900; x_wconf 89' lang='lat' dir='ltr'><strong>tui</strong></span> <span class='ocrx_word' id='word_1_542' title='bbox 3152 866 3335 918; x_wconf 87' lang='lat' dir='ltr'><strong>ponam</strong></span> <span class='ocrx_word' id='word_1_543' title='bbox 3357 869 3506 922; x_wconf 82' lang='lat' dir='ltr'><strong>super</strong></span> <span class='ocrx_word' id='word_1_544' title='bbox 3523 858 3677 911; x_wconf 86' lang='lat' dir='ltr'><strong>sedem</strong></span> <span class='ocrx_word' id='word_1_545' title='bbox 3695 871 3826 918; x_wconf 86' lang='lat' dir='ltr'><strong>tuam.</strong></span> 
     </span>
    </p>
   </div>
   <div class='ocr_carea' id='block_1_67' title="bbox 2295 930 3831 1016">
    <p class='ocr_par' dir='ltr' id='par_1_67' title="bbox 2295 930 3831 1016">
     <span class='ocr_line' id='line_1_67' title="bbox 2295 930 3831 1016; baseline 0.016 -32"><span class='ocrx_word' id='word_1_546' title='bbox 2295 930 2507 987; x_wconf 82' lang='lat' dir='ltr'><strong>Poterat</strong></span> <span class='ocrx_word' id='word_1_547' title='bbox 2550 933 2762 1000; x_wconf 87' lang='lat' dir='ltr'><strong>dicere,</strong></span> <span class='ocrx_word' id='word_1_548' title='bbox 2807 937 2883 990; x_wconf 83' lang='lat' dir='ltr'><strong>Ex</strong></span> <span class='ocrx_word' id='word_1_549' title='bbox 2937 937 3110 992; x_wconf 90' lang='lat' dir='ltr'><strong>fructu</strong></span> <span class='ocrx_word' id='word_1_550' title='bbox 3158 939 3376 996; x_wconf 75' lang='lat' dir='ltr'><strong>femoris</strong></span> <span class='ocrx_word' id='word_1_551' title='bbox 3424 945 3493 998; x_wconf 90' lang='lat' dir='ltr'><strong>tui</strong></span> <span class='ocrx_word' id='word_1_552' title='bbox 3525 963 3736 1016; x_wconf 87' lang='lat' dir='ltr'><strong>:quare,</strong></span> <span class='ocrx_word' id='word_1_553' title='bbox 3763 952 3831 1008; x_wconf 71' lang='lat' dir='ltr'><strong>Ex</strong></span> 
     </span>
    </p>
   </div>
   <div class='ocr_carea' id='block_1_68' title="bbox 2292 1024 3827 1104">
    <p class='ocr_par' dir='ltr' id='par_1_68' title="bbox 2292 1024 3827 1104">
     <span class='ocr_line' id='line_1_68' title="bbox 2292 1024 3827 1104; baseline 0.017 -31"><span class='ocrx_word' id='word_1_554' title='bbox 2292 1024 2459 1092; x_wconf 77' lang='lat' dir='ltr'><strong>fructu</strong></span> <span class='ocrx_word' id='word_1_555' title='bbox 2485 1025 2668 1078; x_wconf 84' lang='lat' dir='ltr'><strong>ventris</strong></span> <span class='ocrx_word' id='word_1_556' title='bbox 2689 1066 2703 1090; x_wconf 88' lang='lat'><strong>,</strong></span> <span class='ocrx_word' id='word_1_557' title='bbox 2732 1028 2897 1081; x_wconf 89' lang='lat' dir='ltr'><strong>voluit</strong></span> <span class='ocrx_word' id='word_1_558' title='bbox 2917 1029 3134 1084; x_wconf 80' lang='lat' dir='ltr'><strong>dicere?</strong></span> <span class='ocrx_word' id='word_1_559' title='bbox 3164 1031 3233 1086; x_wconf 86' lang='lat' dir='ltr'><strong>Et</strong></span> <span class='ocrx_word' id='word_1_560' title='bbox 3262 1033 3389 1088; x_wconf 90' lang='lat' dir='ltr'><strong>illud</strong></span> <span class='ocrx_word' id='word_1_561' title='bbox 3415 1037 3620 1104; x_wconf 88' lang='lat' dir='ltr'><strong>quidem</strong></span> <span class='ocrx_word' id='word_1_562' title='bbox 3645 1042 3683 1094; x_wconf 90' lang='lat' dir='ltr'><strong>si</strong></span> <span class='ocrx_word' id='word_1_563' title='bbox 3710 1044 3827 1100; x_wconf 84' lang='lat' dir='ltr'><strong>dice-</strong></span> 
     </span>
    </p>
   </div>
   <div class='ocr_carea' id='block_1_69' title="bbox 2293 1115 3824 1198">
    <p class='ocr_par' dir='ltr' id='par_1_69' title="bbox 2293 1115 3824 1198">
     <span class='ocr_line' id='line_1_69' title="bbox 2293 1115 3824 1198; baseline 0.015 -34"><span class='ocrx_word' id='word_1_564' title='bbox 2293 1121 2396 1175; x_wconf 88' lang='lat' dir='ltr'><strong>ret,</strong></span> <span class='ocrx_word' id='word_1_565' title='bbox 2427 1129 2612 1168; x_wconf 84' lang='lat' dir='ltr'><strong>verum</strong></span> <span class='ocrx_word' id='word_1_566' title='bbox 2652 1115 2853 1171; x_wconf 88' lang='lat' dir='ltr'><strong>diceret</strong></span> <span class='ocrx_word' id='word_1_567' title='bbox 2879 1135 2890 1170; x_wconf 94' lang='lat'>:</span> <span class='ocrx_word' id='word_1_568' title='bbox 2922 1119 3014 1173; x_wconf 89' lang='lat' dir='ltr'><strong>sed</strong></span> <span class='ocrx_word' id='word_1_569' title='bbox 3046 1121 3436 1189; x_wconf 77' lang='lat' dir='ltr'><strong>significantius</strong></span> <span class='ocrx_word' id='word_1_570' title='bbox 3460 1126 3632 1182; x_wconf 86' lang='lat' dir='ltr'><strong>dicere</strong></span> <span class='ocrx_word' id='word_1_571' title='bbox 3658 1132 3824 1198; x_wconf 84' lang='lat' dir='ltr'><strong>voluit,</strong></span> 
     </span>
    </p>
   </div>
   <div class='ocr_carea' id='block_1_70' title="bbox 2292 1199 3824 1290">
    <p class='ocr_par' dir='ltr' id='par_1_70' title="bbox 2292 1199 3824 1290">
     <span class='ocr_line' id='line_1_70' title="bbox 2292 1199 3824 1290; baseline 0.017 -37"><span class='ocrx_word' id='word_1_572' title='bbox 2292 1199 2376 1255; x_wconf 74' lang='lat' dir='ltr'><strong>Ex</strong></span> <span class='ocrx_word' id='word_1_573' title='bbox 2401 1206 2571 1272; x_wconf 81' lang='lat' dir='ltr'><strong>[ructu</strong></span> <span class='ocrx_word' id='word_1_574' title='bbox 2599 1207 2816 1272; x_wconf 82' lang='lat' dir='ltr'><strong>ventris;</strong></span> <span class='ocrx_word' id='word_1_575' title='bbox 2843 1209 2965 1278; x_wconf 89' lang='lat' dir='ltr'><strong>quia</strong></span> <span class='ocrx_word' id='word_1_576' title='bbox 3003 1210 3069 1265; x_wconf 91' lang='lat' dir='ltr'><strong>de</strong></span> <span class='ocrx_word' id='word_1_577' title='bbox 3099 1211 3292 1266; x_wconf 80' lang='lat' dir='ltr'><strong>femina</strong></span> <span class='ocrx_word' id='word_1_578' title='bbox 3323 1225 3476 1270; x_wconf 89' lang='lat' dir='ltr'><strong>natus</strong></span> <span class='ocrx_word' id='word_1_579' title='bbox 3503 1229 3580 1272; x_wconf 89' lang='lat' dir='ltr'><strong>est</strong></span> <span class='ocrx_word' id='word_1_580' title='bbox 3598 1218 3824 1290; x_wconf 85' lang='lat' dir='ltr'><strong>Christus,</strong></span> 
     </span>
    </p>
   </div>
   <div class='ocr_carea' id='block_1_71' title="bbox 2291 1296 2923 1362">
    <p class='ocr_par' dir='ltr' id='par_1_71' title="bbox 2291 1296 2923 1362">
     <span class='ocr_line' id='line_1_71' title="bbox 2291 1296 2923 1362; baseline 0.011 -17"><span class='ocrx_word' id='word_1_581' title='bbox 2291 1308 2397 1362; x_wconf 90' lang='lat' dir='ltr'><strong>quo</strong></span> <span class='ocrx_word' id='word_1_582' title='bbox 2425 1296 2504 1348; x_wconf 92' lang='lat' dir='ltr'><strong>vir</strong></span> <span class='ocrx_word' id='word_1_583' title='bbox 2544 1313 2648 1350; x_wconf 89' lang='lat' dir='ltr'><strong>non</strong></span> <span class='ocrx_word' id='word_1_584' title='bbox 2680 1302 2923 1354; x_wconf 85' lang='lat' dir='ltr'><strong>accessit.</strong></span> 
     </span>
    </p>
   </div>
   <div class='ocr_carea' id='block_1_72' title="bbox 2359 1383 3826 1461">
    <p class='ocr_par' dir='ltr' id='par_1_72' title="bbox 2359 1383 3826 1461">
     <span class='ocr_line' id='line_1_72' title="bbox 2359 1383 3826 1461; baseline 0.014 -24"><span class='ocrx_word' id='word_1_585' title='bbox 2359 1384 2447 1438; x_wconf 69' lang='lat' dir='ltr'><strong>i9.</strong></span> <span class='ocrx_word' id='word_1_586' title='bbox 2479 1383 2626 1456; x_wconf 82' lang='lat' dir='ltr'><strong>[vers.</strong></span> <span class='ocrx_word' id='word_1_587' title='bbox 2661 1386 2772 1459; x_wconf 69' lang='lat'><strong>12.]</strong></span> <span class='ocrx_word' id='word_1_588' title='bbox 2803 1388 2941 1455; x_wconf 85' lang='lat' dir='ltr'><strong>Quid</strong></span> <span class='ocrx_word' id='word_1_589' title='bbox 2982 1393 3151 1461; x_wconf 83' lang='lat' dir='ltr'><strong>ergo?</strong></span> <span class='ocrx_word' id='word_1_590' title='bbox 3177 1391 3382 1448; x_wconf 76' lang='lat' dir='ltr'><strong>Iuravit</strong></span> <span class='ocrx_word' id='word_1_591' title='bbox 3430 1395 3660 1454; x_wconf 83' lang='lat' dir='ltr'><strong>Dominus</strong></span> <span class='ocrx_word' id='word_1_592' title='bbox 3689 1401 3826 1458; x_wconf 84' lang='lat' dir='ltr'><strong>David</strong></span> 
     </span>
    </p>
   </div>
   <div class='ocr_carea' id='block_1_73' title="bbox 2286 1475 3822 1558">
    <p class='ocr_par' dir='ltr' id='par_1_73' title="bbox 2286 1475 3822 1558">
     <span class='ocr_line' id='line_1_73' title="bbox 2286 1475 3822 1558; baseline 0.014 -31"><span class='ocrx_word' id='word_1_593' title='bbox 2286 1475 2539 1528; x_wconf 88' lang='lat' dir='ltr'><strong>veritatem</strong></span> <span class='ocrx_word' id='word_1_594' title='bbox 2570 1493 2588 1530; x_wconf 89' lang='lat'><strong><em>:</em></strong></span> <span class='ocrx_word' id='word_1_595' title='bbox 2617 1475 2700 1531; x_wconf 77' lang='lat' dir='ltr'><strong>Ex</strong></span> <span class='ocrx_word' id='word_1_596' title='bbox 2727 1483 2894 1548; x_wconf 79' lang='lat' dir='ltr'><strong>fructu</strong></span> <span class='ocrx_word' id='word_1_597' title='bbox 2935 1485 3118 1536; x_wconf 88' lang='lat' dir='ltr'><strong>ventris</strong></span> <span class='ocrx_word' id='word_1_598' title='bbox 3157 1486 3230 1538; x_wconf 89' lang='lat' dir='ltr'><strong>tui</strong></span> <span class='ocrx_word' id='word_1_599' title='bbox 3281 1503 3467 1555; x_wconf 86' lang='lat' dir='ltr'><strong>ponam</strong></span> <span class='ocrx_word' id='word_1_600' title='bbox 3503 1507 3644 1558; x_wconf 84' lang='lat' dir='ltr'><strong>super</strong></span> <span class='ocrx_word' id='word_1_601' title='bbox 3686 1497 3822 1549; x_wconf 81' lang='lat' dir='ltr'><strong>sedem</strong></span> 
     </span>
    </p>
   </div>
   <div class='ocr_carea' id='block_1_74' title="bbox 2287 1567 3823 1648">
    <p class='ocr_par' dir='ltr' id='par_1_74' title="bbox 2287 1567 3823 1648">
     <span class='ocr_line' id='line_1_74' title="bbox 2287 1567 3823 1648; baseline 0.015 -33"><span class='ocrx_word' id='word_1_602' title='bbox 2287 1574 2444 1617; x_wconf 80' lang='lat' dir='ltr'><strong>luant.</strong></span> <span class='ocrx_word' id='word_1_603' title='bbox 2487 1567 2545 1619; x_wconf 86' lang='lat' dir='ltr'><strong>Si</strong></span> <span class='ocrx_word' id='word_1_604' title='bbox 2586 1571 2910 1624; x_wconf 88' lang='lat' dir='ltr'><strong>custodierint</strong></span> <span class='ocrx_word' id='word_1_605' title='bbox 2964 1573 3059 1639; x_wconf 85' lang='lat' dir='ltr'><strong>ﬁlii</strong></span> <span class='ocrx_word' id='word_1_606' title='bbox 3086 1575 3157 1627; x_wconf 87' lang='lat' dir='ltr'><strong>tui</strong></span> <span class='ocrx_word' id='word_1_607' title='bbox 3199 1585 3542 1633; x_wconf 76' lang='lat' dir='ltr'><strong>testamentum</strong></span> <span class='ocrx_word' id='word_1_608' title='bbox 3587 1599 3759 1648; x_wconf 85' lang='lat' dir='ltr'><strong>meum,</strong></span> <span class='ocrx_word' id='word_1_609' title='bbox 3785 1595 3823 1639; x_wconf 87' lang='lat' dir='ltr'><strong>et</strong></span> 
     </span>
    </p>
   </div>
   <div class='ocr_carea' id='block_1_75' title="bbox 2286 1655 3820 1736">
    <p class='ocr_par' dir='ltr' id='par_1_75' title="bbox 2286 1655 3820 1736">
     <span class='ocr_line' id='line_1_75' title="bbox 2286 1655 3820 1736; baseline 0.015 -31"><span class='ocrx_word' id='word_1_610' title='bbox 2286 1655 2566 1709; x_wconf 87' lang='lat' dir='ltr'><strong>testimonia</strong></span> <span class='ocrx_word' id='word_1_611' title='bbox 2594 1675 2703 1711; x_wconf 88' lang='lat' dir='ltr'><strong>mea</strong></span> <span class='ocrx_word' id='word_1_612' title='bbox 2729 1660 2836 1713; x_wconf 79' lang='lat' dir='ltr'><strong>[uec</strong></span> <span class='ocrx_word' id='word_1_613' title='bbox 2863 1677 2975 1730; x_wconf 74' lang='lat' dir='ltr'><strong>qua:</strong></span> <span class='ocrx_word' id='word_1_614' title='bbox 3004 1661 3187 1718; x_wconf 82' lang='lat' dir='ltr'><strong>docebo</strong></span> <span class='ocrx_word' id='word_1_615' title='bbox 3216 1667 3334 1720; x_wconf 84' lang='lat' dir='ltr'><strong>illos</strong></span> <span class='ocrx_word' id='word_1_616' title='bbox 3351 1685 3370 1732; x_wconf 88' lang='lat'><strong>;</strong></span> <span class='ocrx_word' id='word_1_617' title='bbox 3395 1679 3440 1721; x_wconf 87' lang='lat' dir='ltr'><strong>et</strong></span> <span class='ocrx_word' id='word_1_618' title='bbox 3461 1670 3555 1736; x_wconf 86' lang='lat' dir='ltr'><strong>ﬁlii</strong></span> <span class='ocrx_word' id='word_1_619' title='bbox 3577 1689 3726 1726; x_wconf 87' lang='lat' dir='ltr'><strong>eorum</strong></span> <span class='ocrx_word' id='word_1_620' title='bbox 3755 1691 3820 1728; x_wconf 86' lang='lat' dir='ltr'><strong>se-</strong></span> 
     </span>
    </p>
   </div>
   <div class='ocr_carea' id='block_1_76' title="bbox 2285 1744 3817 1824">
    <p class='ocr_par' dir='ltr' id='par_1_76' title="bbox 2285 1744 3817 1824">
     <span class='ocr_line' id='line_1_76' title="bbox 2285 1744 3817 1824; baseline 0.014 -28"><span class='ocrx_word' id='word_1_621' title='bbox 2285 1744 2466 1798; x_wconf 89' lang='lat' dir='ltr'><strong>debant</strong></span> <span class='ocrx_word' id='word_1_622' title='bbox 2495 1764 2648 1818; x_wconf 88' lang='lat' dir='ltr'><strong>usque</strong></span> <span class='ocrx_word' id='word_1_623' title='bbox 2675 1749 2726 1802; x_wconf 87' lang='lat' dir='ltr'><strong>itt</strong></span> <span class='ocrx_word' id='word_1_624' title='bbox 2753 1761 2993 1805; x_wconf 72' lang='lat' dir='ltr'><strong>a‘teruum</strong></span> <span class='ocrx_word' id='word_1_625' title='bbox 3016 1771 3165 1824; x_wconf 82' lang='lat' dir='ltr'><strong>super</strong></span> <span class='ocrx_word' id='word_1_626' title='bbox 3187 1757 3357 1810; x_wconf 83' lang='lat' dir='ltr'><strong>sedem</strong></span> <span class='ocrx_word' id='word_1_627' title='bbox 3387 1768 3538 1812; x_wconf 86' lang='lat' dir='ltr'><strong>tuam.</strong></span> <span class='ocrx_word' id='word_1_628' title='bbox 3572 1761 3623 1815; x_wconf 92' lang='lat' dir='ltr'><strong>Si</strong></span> <span class='ocrx_word' id='word_1_629' title='bbox 3649 1764 3727 1817; x_wconf 84' lang='lat' dir='ltr'><strong>lilii</strong></span> <span class='ocrx_word' id='word_1_630' title='bbox 3761 1765 3817 1819; x_wconf 90' lang='lat' dir='ltr'><strong>tui</strong></span> 
     </span>
    </p>
   </div>
   <div class='ocr_carea' id='block_1_77' title="bbox 2283 1837 3816 1908">
    <p class='ocr_par' dir='ltr' id='par_1_77' title="bbox 2283 1837 3816 1908">
     <span class='ocr_line' id='line_1_77' title="bbox 2283 1837 3816 1908; baseline 0.014 -21"><span class='ocrx_word' id='word_1_631' title='bbox 2283 1837 2668 1905; x_wconf 89' lang='lat' dir='ltr'><strong>custodierint,</strong></span> <span class='ocrx_word' id='word_1_632' title='bbox 2712 1850 2765 1894; x_wconf 93' lang='lat' dir='ltr'><strong>et</strong></span> <span class='ocrx_word' id='word_1_633' title='bbox 2810 1839 2901 1895; x_wconf 88' lang='lat' dir='ltr'><strong>ﬁlii</strong></span> <span class='ocrx_word' id='word_1_634' title='bbox 2941 1858 3124 1897; x_wconf 89' lang='lat' dir='ltr'><strong>eorum</strong></span> <span class='ocrx_word' id='word_1_635' title='bbox 3168 1846 3432 1901; x_wconf 71' lang='lat' dir='ltr'><strong>sedi-bunt</strong></span> <span class='ocrx_word' id='word_1_636' title='bbox 3492 1849 3539 1902; x_wconf 91' lang='lat' dir='ltr'><strong>in</strong></span> <span class='ocrx_word' id='word_1_637' title='bbox 3578 1864 3816 1908; x_wconf 73' lang='lat' dir='ltr'><strong>teterttutn.</strong></span> 
     </span>
    </p>
   </div>
   <div class='ocr_carea' id='block_1_78' title="bbox 2280 1925 3818 2006">
    <p class='ocr_par' dir='ltr' id='par_1_78' title="bbox 2280 1925 3818 2006">
     <span class='ocr_line' id='line_1_78' title="bbox 2280 1925 3818 2006; baseline 0.012 -27"><span class='ocrx_word' id='word_1_638' title='bbox 2280 1925 2526 1982; x_wconf 88' lang='lat' dir='ltr'><strong>Meritum</strong></span> <span class='ocrx_word' id='word_1_639' title='bbox 2557 1930 2677 1984; x_wconf 88' lang='lat' dir='ltr'><strong>ﬁliis</strong></span> <span class='ocrx_word' id='word_1_640' title='bbox 2701 1942 2946 2000; x_wconf 88' lang='lat' dir='ltr'><strong>parentes</strong></span> <span class='ocrx_word' id='word_1_641' title='bbox 2983 1933 3198 1988; x_wconf 91' lang='lat' dir='ltr'><strong>faciunt.</strong></span> <span class='ocrx_word' id='word_1_642' title='bbox 3225 1936 3364 2002; x_wconf 89' lang='lat' dir='ltr'><strong>Quid</strong></span> <span class='ocrx_word' id='word_1_643' title='bbox 3391 1939 3434 1992; x_wconf 91' lang='lat' dir='ltr'><strong>si</strong></span> <span class='ocrx_word' id='word_1_644' title='bbox 3462 1938 3549 1994; x_wconf 88' lang='lat' dir='ltr'><strong>ﬁlii</strong></span> <span class='ocrx_word' id='word_1_645' title='bbox 3583 1941 3727 2006; x_wconf 90' lang='lat' dir='ltr'><strong>ipsius</strong></span> <span class='ocrx_word' id='word_1_646' title='bbox 3745 1959 3818 1998; x_wconf 85' lang='lat' dir='ltr'><strong>cu-</strong></span> 
     </span>
    </p>
   </div>
   <div class='ocr_carea' id='block_1_79' title="bbox 2281 2018 3816 2100">
    <p class='ocr_par' dir='ltr' id='par_1_79' title="bbox 2281 2018 3816 2100">
     <span class='ocr_line' id='line_1_79' title="bbox 2281 2018 3816 2100; baseline 0.012 -30"><span class='ocrx_word' id='word_1_647' title='bbox 2281 2018 2571 2087; x_wconf 89' lang='lat' dir='ltr'><strong>stodirent,</strong></span> <span class='ocrx_word' id='word_1_648' title='bbox 2604 2030 2657 2074; x_wconf 89' lang='lat' dir='ltr'><strong>et</strong></span> <span class='ocrx_word' id='word_1_649' title='bbox 2699 2023 2788 2075; x_wconf 85' lang='lat' dir='ltr'><strong>lilii</strong></span> <span class='ocrx_word' id='word_1_650' title='bbox 2833 2040 3016 2078; x_wconf 91' lang='lat' dir='ltr'><strong>eorum</strong></span> <span class='ocrx_word' id='word_1_651' title='bbox 3047 2041 3149 2080; x_wconf 91' lang='lat' dir='ltr'><strong>non</strong></span> <span class='ocrx_word' id='word_1_652' title='bbox 3195 2030 3738 2100; x_wconf 87' lang='lat' dir='ltr'><strong>custodirent?Quare</strong></span> <span class='ocrx_word' id='word_1_653' title='bbox 3764 2035 3816 2089; x_wconf 86' lang='lat' dir='ltr'><strong>ad</strong></span> 
     </span>
    </p>
   </div>
   <div class='ocr_carea' id='block_1_80' title="bbox 2280 2110 3814 2190">
    <p class='ocr_par' dir='ltr' id='par_1_80' title="bbox 2280 2110 3814 2190">
     <span class='ocr_line' id='line_1_80' title="bbox 2280 2110 3814 2190; baseline 0.01 -27"><span class='ocrx_word' id='word_1_654' title='bbox 2280 2110 2529 2164; x_wconf 86' lang='lat' dir='ltr'><strong>meritum</strong></span> <span class='ocrx_word' id='word_1_655' title='bbox 2552 2122 2759 2179; x_wconf 90' lang='lat' dir='ltr'><strong>patrum</strong></span> <span class='ocrx_word' id='word_1_656' title='bbox 2793 2114 3114 2182; x_wconf 88' lang='lat' dir='ltr'><strong>promittitur</strong></span> <span class='ocrx_word' id='word_1_657' title='bbox 3139 2116 3412 2172; x_wconf 83' lang='lat' dir='ltr'><strong>beatitudo</strong></span> <span class='ocrx_word' id='word_1_658' title='bbox 3442 2119 3650 2175; x_wconf 89' lang='lat' dir='ltr'><strong>ﬁliorum</strong></span> <span class='ocrx_word' id='word_1_659' title='bbox 3667 2125 3688 2175; x_wconf 74' lang='lat' dir='ltr'><strong>i</strong></span> <span class='ocrx_word' id='word_1_660' title='bbox 3705 2123 3814 2190; x_wconf 85' lang='lat' dir='ltr'><strong>Quid</strong></span> 
     </span>
    </p>
   </div>
   <div class='ocr_carea' id='block_1_81' title="bbox 2278 2193 3816 2270">
    <p class='ocr_par' dir='ltr' id='par_1_81' title="bbox 2278 2193 3816 2270">
     <span class='ocr_line' id='line_1_81' title="bbox 2278 2193 3816 2270; baseline 0.009 -25"><span class='ocrx_word' id='word_1_661' title='bbox 2278 2193 2420 2246; x_wconf 84' lang='lat' dir='ltr'><strong>enim</strong></span> <span class='ocrx_word' id='word_1_662' title='bbox 2443 2195 2535 2260; x_wconf 89' lang='lat' dir='ltr'><strong>ait,</strong></span> <span class='ocrx_word' id='word_1_663' title='bbox 2571 2196 2632 2248; x_wconf 88' lang='lat' dir='ltr'><strong>Si</strong></span> <span class='ocrx_word' id='word_1_664' title='bbox 2658 2196 2983 2250; x_wconf 88' lang='lat' dir='ltr'><strong>custodierint</strong></span> <span class='ocrx_word' id='word_1_665' title='bbox 3007 2198 3106 2266; x_wconf 89' lang='lat' dir='ltr'><strong>ﬁlii</strong></span> <span class='ocrx_word' id='word_1_666' title='bbox 3131 2201 3222 2264; x_wconf 76' lang='lat' dir='ltr'><strong>tui,</strong></span> <span class='ocrx_word' id='word_1_667' title='bbox 3251 2211 3302 2253; x_wconf 86' lang='lat' dir='ltr'><strong>et</strong></span> <span class='ocrx_word' id='word_1_668' title='bbox 3327 2203 3423 2270; x_wconf 87' lang='lat' dir='ltr'><strong>ﬁlii</strong></span> <span class='ocrx_word' id='word_1_669' title='bbox 3442 2206 3816 2260; x_wconf 82' lang='lat' dir='ltr'><strong>eorumsedebuat</strong></span> 
     </span>
    </p>
   </div>
   <div class='ocr_carea' id='block_1_82' title="bbox 2278 2281 3815 2357">
    <p class='ocr_par' dir='ltr' id='par_1_82' title="bbox 2278 2281 3815 2357">
     <span class='ocr_line' id='line_1_82' title="bbox 2278 2281 3815 2357; baseline 0.011 -23"><span class='ocrx_word' id='word_1_670' title='bbox 2278 2281 2330 2334; x_wconf 89' lang='lat' dir='ltr'><strong>in</strong></span> <span class='ocrx_word' id='word_1_671' title='bbox 2359 2292 2598 2336; x_wconf 72' lang='lat' dir='ltr'><strong>teternum</strong></span> <span class='ocrx_word' id='word_1_672' title='bbox 2626 2285 2752 2352; x_wconf 91' lang='lat' dir='ltr'><strong>(non</strong></span> <span class='ocrx_word' id='word_1_673' title='bbox 2775 2286 2869 2350; x_wconf 90' lang='lat' dir='ltr'><strong>ait,</strong></span> <span class='ocrx_word' id='word_1_674' title='bbox 2900 2287 2953 2341; x_wconf 93' lang='lat' dir='ltr'><strong>Si</strong></span> <span class='ocrx_word' id='word_1_675' title='bbox 2984 2288 3340 2344; x_wconf 86' lang='lat' dir='ltr'><strong>custodierint</strong></span> <span class='ocrx_word' id='word_1_676' title='bbox 3369 2291 3457 2346; x_wconf 87' lang='lat' dir='ltr'><strong>filii</strong></span> <span class='ocrx_word' id='word_1_677' title='bbox 3482 2294 3570 2357; x_wconf 92' lang='lat' dir='ltr'><strong>tui,</strong></span> <span class='ocrx_word' id='word_1_678' title='bbox 3597 2295 3815 2351; x_wconf 82' lang='lat' dir='ltr'><strong>sedebant</strong></span> 
     </span>
    </p>
   </div>
   <div class='ocr_carea' id='block_1_83' title="bbox 2277 2376 3814 2449">
    <p class='ocr_par' dir='ltr' id='par_1_83' title="bbox 2277 2376 3814 2449">
     <span class='ocr_line' id='line_1_83' title="bbox 2277 2376 3814 2449; baseline 0.01 -23"><span class='ocrx_word' id='word_1_679' title='bbox 2277 2387 2436 2442; x_wconf 89' lang='lat' dir='ltr'><strong>super</strong></span> <span class='ocrx_word' id='word_1_680' title='bbox 2467 2376 2647 2428; x_wconf 80' lang='lat' dir='ltr'><strong>sedem</strong></span> <span class='ocrx_word' id='word_1_681' title='bbox 2679 2385 2857 2442; x_wconf 90' lang='lat' dir='ltr'><strong>tuam;</strong></span> <span class='ocrx_word' id='word_1_682' title='bbox 2887 2387 2938 2432; x_wconf 93' lang='lat' dir='ltr'><strong>et</strong></span> <span class='ocrx_word' id='word_1_683' title='bbox 2967 2381 3009 2432; x_wconf 91' lang='lat' dir='ltr'><strong>si</strong></span> <span class='ocrx_word' id='word_1_684' title='bbox 3041 2381 3395 2436; x_wconf 86' lang='lat' dir='ltr'><strong>custodierint</strong></span> <span class='ocrx_word' id='word_1_685' title='bbox 3431 2385 3520 2437; x_wconf 90' lang='lat' dir='ltr'><strong>ﬁlii</strong></span> <span class='ocrx_word' id='word_1_686' title='bbox 3548 2401 3712 2440; x_wconf 90' lang='lat' dir='ltr'><strong>eorum</strong></span> <span class='ocrx_word' id='word_1_687' title='bbox 3733 2428 3745 2449; x_wconf 90' lang='lat'><strong>,</strong></span> <span class='ocrx_word' id='word_1_688' title='bbox 3771 2396 3814 2442; x_wconf 85' lang='lat' dir='ltr'><strong>et</strong></span> 
     </span>
    </p>
   </div>
   <div class='ocr_carea' id='block_1_84' title="bbox 2277 2466 3814 2546">
    <p class='ocr_par' dir='ltr' id='par_1_84' title="bbox 2277 2466 3814 2546">
     <span class='ocr_line' id='line_1_84' title="bbox 2277 2466 3814 2546; baseline 0.008 -27"><span class='ocrx_word' id='word_1_689' title='bbox 2277 2466 2375 2536; x_wconf 92' lang='lat' dir='ltr'><strong>ipsi</strong></span> <span class='ocrx_word' id='word_1_690' title='bbox 2407 2467 2666 2522; x_wconf 83' lang='lat' dir='ltr'><strong>sedebant</strong></span> <span class='ocrx_word' id='word_1_691' title='bbox 2691 2484 2850 2538; x_wconf 87' lang='lat' dir='ltr'><strong>super</strong></span> <span class='ocrx_word' id='word_1_692' title='bbox 2879 2472 3058 2525; x_wconf 89' lang='lat' dir='ltr'><strong>sedem</strong></span> <span class='ocrx_word' id='word_1_693' title='bbox 3085 2483 3224 2526; x_wconf 89' lang='lat' dir='ltr'><strong>tuam</strong></span> <span class='ocrx_word' id='word_1_694' title='bbox 3259 2493 3274 2528; x_wconf 90' lang='lat'><strong>:</strong></span> <span class='ocrx_word' id='word_1_695' title='bbox 3309 2475 3400 2529; x_wconf 89' lang='lat' dir='ltr'><strong>sed</strong></span> <span class='ocrx_word' id='word_1_696' title='bbox 3432 2477 3521 2542; x_wconf 87' lang='lat' dir='ltr'><strong>ait,</strong></span> <span class='ocrx_word' id='word_1_697' title='bbox 3552 2477 3610 2531; x_wconf 87' lang='lat' dir='ltr'><strong>Si</strong></span> <span class='ocrx_word' id='word_1_698' title='bbox 3643 2479 3726 2546; x_wconf 80' lang='lat' dir='ltr'><strong>ﬁlii</strong></span> <span class='ocrx_word' id='word_1_699' title='bbox 3753 2480 3814 2532; x_wconf 76' lang='lat' dir='ltr'><strong>tat</strong></span> 
     </span>
    </p>
   </div>
   <div class='ocr_carea' id='block_1_85' title="bbox 2275 2558 3808 2638">
    <p class='ocr_par' dir='ltr' id='par_1_85' title="bbox 2275 2558 3808 2638">
     <span class='ocr_line' id='line_1_85' title="bbox 2275 2558 3808 2638; baseline 0.01 -31"><span class='ocrx_word' id='word_1_700' title='bbox 2275 2558 2601 2612; x_wconf 85' lang='lat' dir='ltr'><strong>custodierint</strong></span> <span class='ocrx_word' id='word_1_701' title='bbox 2619 2600 2633 2624; x_wconf 93' lang='lat'><strong>,</strong></span> <span class='ocrx_word' id='word_1_702' title='bbox 2663 2569 2707 2612; x_wconf 85' lang='lat' dir='ltr'><strong>et</strong></span> <span class='ocrx_word' id='word_1_703' title='bbox 2731 2561 2825 2628; x_wconf 87' lang='lat' dir='ltr'><strong>ﬁlii</strong></span> <span class='ocrx_word' id='word_1_704' title='bbox 2852 2577 3019 2614; x_wconf 88' lang='lat' dir='ltr'><strong>eorum</strong></span> <span class='ocrx_word' id='word_1_705' title='bbox 3048 2563 3290 2617; x_wconf 78' lang='lat' dir='ltr'><strong>sedebant</strong></span> <span class='ocrx_word' id='word_1_706' title='bbox 3315 2582 3462 2635; x_wconf 87' lang='lat' dir='ltr'><strong>super</strong></span> <span class='ocrx_word' id='word_1_707' title='bbox 3483 2569 3635 2620; x_wconf 86' lang='lat' dir='ltr'><strong>sedem</strong></span> <span class='ocrx_word' id='word_1_708' title='bbox 3660 2568 3808 2638; x_wconf 85' lang='lat' dir='ltr'><strong>luant),</strong></span> 
     </span>
    </p>
   </div>
   <div class='ocr_carea' id='block_1_86' title="bbox 2277 2647 3807 2724">
    <p class='ocr_par' dir='ltr' id='par_1_86' title="bbox 2277 2647 3807 2724">
     <span class='ocr_line' id='line_1_86' title="bbox 2277 2647 3807 2724; baseline 0.007 -24"><span class='ocrx_word' id='word_1_709' title='bbox 2277 2647 2374 2701; x_wconf 91' lang='lat' dir='ltr'><strong>nisi</strong></span> <span class='ocrx_word' id='word_1_710' title='bbox 2403 2649 2522 2718; x_wconf 85' lang='lat' dir='ltr'><strong>quia</strong></span> <span class='ocrx_word' id='word_1_711' title='bbox 2542 2650 2680 2703; x_wconf 88' lang='lat' dir='ltr'><strong>lilios</strong></span> <span class='ocrx_word' id='word_1_712' title='bbox 2707 2649 2793 2705; x_wconf 86' lang='lat' dir='ltr'><strong>hic</strong></span> <span class='ocrx_word' id='word_1_713' title='bbox 2824 2651 2987 2705; x_wconf 90' lang='lat' dir='ltr'><strong>voluit</strong></span> <span class='ocrx_word' id='word_1_714' title='bbox 3015 2653 3232 2723; x_wconf 80' lang='lat' dir='ltr'><strong>intelligi</strong></span> <span class='ocrx_word' id='word_1_715' title='bbox 3266 2655 3467 2709; x_wconf 86' lang='lat' dir='ltr'><strong>fructus</strong></span> <span class='ocrx_word' id='word_1_716' title='bbox 3494 2657 3738 2724; x_wconf 81' lang='lat' dir='ltr'><strong>ipsorum?</strong></span> <span class='ocrx_word' id='word_1_717' title='bbox 3759 2657 3807 2712; x_wconf 81' lang='lat' dir='ltr'><strong>Si</strong></span> 
     </span>
    </p>
   </div>
   <div class='ocr_carea' id='block_1_87' title="bbox 2275 2739 3806 2812">
    <p class='ocr_par' dir='ltr' id='par_1_87' title="bbox 2275 2739 3806 2812">
     <span class='ocr_line' id='line_1_87' title="bbox 2275 2739 3806 2812; baseline 0.006 -21"><span class='ocrx_word' id='word_1_718' title='bbox 2275 2739 2372 2807; x_wconf 83' lang='lat' dir='ltr'><strong>ﬁlii</strong></span> <span class='ocrx_word' id='word_1_719' title='bbox 2393 2741 2486 2803; x_wconf 89' lang='lat' dir='ltr'><strong>tui,</strong></span> <span class='ocrx_word' id='word_1_720' title='bbox 2504 2740 2690 2809; x_wconf 90' lang='lat' dir='ltr'><strong>inquit,</strong></span> <span class='ocrx_word' id='word_1_721' title='bbox 2709 2742 3032 2798; x_wconf 81' lang='lat' dir='ltr'><strong>rustodierint</strong></span> <span class='ocrx_word' id='word_1_722' title='bbox 3057 2744 3214 2812; x_wconf 84' lang='lat' dir='ltr'><strong>legem</strong></span> <span class='ocrx_word' id='word_1_723' title='bbox 3236 2757 3473 2808; x_wconf 85' lang='lat' dir='ltr'><strong>meam,et</strong></span> <span class='ocrx_word' id='word_1_724' title='bbox 3494 2747 3706 2799; x_wconf 87' lang='lat' dir='ltr'><strong>mandata</strong></span> <span class='ocrx_word' id='word_1_725' title='bbox 3719 2763 3806 2800; x_wconf 76' lang='lat' dir='ltr'><strong>nm</strong></span> 
     </span>
    </p>
   </div>
   <div class='ocr_carea' id='block_1_88' title="bbox 2276 2830 3806 2906">
    <p class='ocr_par' dir='ltr' id='par_1_88' title="bbox 2276 2830 3806 2906">
     <span class='ocr_line' id='line_1_88' title="bbox 2276 2830 3806 2906; baseline 0.007 -25"><span class='ocrx_word' id='word_1_726' title='bbox 2276 2830 2382 2883; x_wconf 71' lang='lat' dir='ltr'><strong>lucc</strong></span> <span class='ocrx_word' id='word_1_727' title='bbox 2406 2847 2518 2900; x_wconf 73' lang='lat' dir='ltr'><strong>qum</strong></span> <span class='ocrx_word' id='word_1_728' title='bbox 2545 2832 2729 2885; x_wconf 82' lang='lat' dir='ltr'><strong>docebo</strong></span> <span class='ocrx_word' id='word_1_729' title='bbox 2758 2850 2842 2887; x_wconf 91' lang='lat' dir='ltr'><strong>eos</strong></span> <span class='ocrx_word' id='word_1_730' title='bbox 2871 2835 3198 2888; x_wconf 73' lang='lat' dir='ltr'><strong>servaverint</strong></span> <span class='ocrx_word' id='word_1_731' title='bbox 3230 2835 3328 2889; x_wconf 90' lang='lat' dir='ltr'><strong>ﬁlii</strong></span> <span class='ocrx_word' id='word_1_732' title='bbox 3362 2839 3464 2900; x_wconf 90' lang='lat' dir='ltr'><strong>tui;</strong></span> <span class='ocrx_word' id='word_1_733' title='bbox 3497 2848 3539 2890; x_wconf 85' lang='lat' dir='ltr'><strong>et</strong></span> <span class='ocrx_word' id='word_1_734' title='bbox 3561 2839 3647 2906; x_wconf 82' lang='lat' dir='ltr'><strong>ﬁlii</strong></span> <span class='ocrx_word' id='word_1_735' title='bbox 3667 2854 3806 2891; x_wconf 83' lang='lat' dir='ltr'><strong>eorum</strong></span> 
     </span>
    </p>
   </div>
   <div class='ocr_carea' id='block_1_89' title="bbox 2274 2921 3808 2993">
    <p class='ocr_par' dir='ltr' id='par_1_89' title="bbox 2274 2921 3808 2993">
     <span class='ocr_line' id='line_1_89' title="bbox 2274 2921 3808 2993; baseline 0.005 -19"><span class='ocrx_word' id='word_1_736' title='bbox 2274 2921 2511 2975; x_wconf 81' lang='lat' dir='ltr'><strong>sedebant</strong></span> <span class='ocrx_word' id='word_1_737' title='bbox 2548 2939 2698 2993; x_wconf 75' lang='lat' dir='ltr'><strong>super</strong></span> <span class='ocrx_word' id='word_1_738' title='bbox 2732 2924 2897 2977; x_wconf 80' lang='lat' dir='ltr'><strong>sedem</strong></span> <span class='ocrx_word' id='word_1_739' title='bbox 2945 2935 3080 2979; x_wconf 89' lang='lat' dir='ltr'><strong>tuam</strong></span> <span class='ocrx_word' id='word_1_740' title='bbox 3113 2941 3132 2980; x_wconf 80' lang='lat'><strong>.&#39;</strong></span> <span class='ocrx_word' id='word_1_741' title='bbox 3160 2925 3210 2981; x_wconf 88' lang='lat' dir='ltr'><strong>id</strong></span> <span class='ocrx_word' id='word_1_742' title='bbox 3248 2937 3364 2989; x_wconf 81' lang='lat' dir='ltr'><strong>est,</strong></span> <span class='ocrx_word' id='word_1_743' title='bbox 3391 2927 3473 2982; x_wconf 91' lang='lat' dir='ltr'><strong>hic</strong></span> <span class='ocrx_word' id='word_1_744' title='bbox 3515 2930 3607 2982; x_wconf 90' lang='lat' dir='ltr'><strong>erit</strong></span> <span class='ocrx_word' id='word_1_745' title='bbox 3646 2928 3808 2982; x_wconf 83' lang='lat' dir='ltr'><strong>fructus</strong></span> 
     </span>
    </p>
   </div>
   <div class='ocr_carea' id='block_1_90' title="bbox 2276 3010 3798 3085">
    <p class='ocr_par' dir='ltr' id='par_1_90' title="bbox 2276 3010 3798 3085">
     <span class='ocr_line' id='line_1_90' title="bbox 2276 3010 3798 3085; baseline 0.006 -23"><span class='ocrx_word' id='word_1_746' title='bbox 2276 3010 2531 3079; x_wconf 91' lang='lat' dir='ltr'><strong>ipsorum,</strong></span> <span class='ocrx_word' id='word_1_747' title='bbox 2563 3023 2619 3066; x_wconf 94' lang='lat' dir='ltr'><strong>ut</strong></span> <span class='ocrx_word' id='word_1_748' title='bbox 2650 3013 2869 3069; x_wconf 90' lang='lat' dir='ltr'><strong>sedeant</strong></span> <span class='ocrx_word' id='word_1_749' title='bbox 2906 3030 3066 3085; x_wconf 88' lang='lat' dir='ltr'><strong>super</strong></span> <span class='ocrx_word' id='word_1_750' title='bbox 3090 3017 3277 3072; x_wconf 89' lang='lat' dir='ltr'><strong>sedem</strong></span> <span class='ocrx_word' id='word_1_751' title='bbox 3326 3031 3484 3074; x_wconf 85' lang='lat' dir='ltr'><strong>luant.</strong></span> <span class='ocrx_word' id='word_1_752' title='bbox 3513 3019 3650 3074; x_wconf 83' lang='lat' dir='ltr'><strong>Modo</strong></span> <span class='ocrx_word' id='word_1_753' title='bbox 3671 3019 3798 3081; x_wconf 87' lang='lat' dir='ltr'><strong>enim,</strong></span> 
     </span>
    </p>
   </div>
   <div class='ocr_carea' id='block_1_91' title="bbox 2274 3103 3801 3180">
    <p class='ocr_par' dir='ltr' id='par_1_91' title="bbox 2274 3103 3801 3180">
     <span class='ocr_line' id='line_1_91' title="bbox 2274 3103 3801 3180; baseline 0.005 -24"><span class='ocrx_word' id='word_1_754' title='bbox 2274 3103 2464 3158; x_wconf 82' lang='lat' dir='ltr'><strong>fratres</strong></span> <span class='ocrx_word' id='word_1_755' title='bbox 2485 3146 2499 3171; x_wconf 95' lang='lat'><strong>,</strong></span> <span class='ocrx_word' id='word_1_756' title='bbox 2524 3121 2709 3159; x_wconf 81' lang='lat' dir='ltr'><strong>omnes</strong></span> <span class='ocrx_word' id='word_1_757' title='bbox 2733 3108 2820 3176; x_wconf 92' lang='lat' dir='ltr'><strong>qui</strong></span> <span class='ocrx_word' id='word_1_758' title='bbox 2854 3107 3158 3162; x_wconf 76' lang='lat' dir='ltr'><strong>laboramus</strong></span> <span class='ocrx_word' id='word_1_759' title='bbox 3189 3110 3239 3163; x_wconf 89' lang='lat' dir='ltr'><strong>in</strong></span> <span class='ocrx_word' id='word_1_760' title='bbox 3278 3110 3487 3165; x_wconf 86' lang='lat' dir='ltr'><strong>Christo</strong></span> <span class='ocrx_word' id='word_1_761' title='bbox 3505 3153 3519 3176; x_wconf 93' lang='lat'><strong>,</strong></span> <span class='ocrx_word' id='word_1_762' title='bbox 3549 3125 3710 3166; x_wconf 85' lang='lat' dir='ltr'><strong>omnes</strong></span> <span class='ocrx_word' id='word_1_763' title='bbox 3732 3109 3801 3180; x_wconf 86' lang='lat' dir='ltr'><strong>qui</strong></span> 
     </span>
    </p>
   </div>
   <div class='ocr_carea' id='block_1_92' title="bbox 2273 3196 3802 3271">
    <p class='ocr_par' dir='ltr' id='par_1_92' title="bbox 2273 3196 3802 3271">
     <span class='ocr_line' id='line_1_92' title="bbox 2273 3196 3802 3271; baseline 0.004 -21"><span class='ocrx_word' id='word_1_764' title='bbox 2273 3196 2734 3251; x_wconf 87' lang='lat' dir='ltr'><strong>contremiscimus</strong></span> <span class='ocrx_word' id='word_1_765' title='bbox 2775 3198 2934 3252; x_wconf 85' lang='lat' dir='ltr'><strong>verba</strong></span> <span class='ocrx_word' id='word_1_766' title='bbox 2983 3201 3180 3267; x_wconf 90' lang='lat' dir='ltr'><strong>ipsius,</strong></span> <span class='ocrx_word' id='word_1_767' title='bbox 3225 3202 3325 3270; x_wconf 87' lang='lat' dir='ltr'><strong>qui</strong></span> <span class='ocrx_word' id='word_1_768' title='bbox 3369 3202 3802 3271; x_wconf 79' lang='lat' dir='ltr'><strong>quomodocumque</strong></span> 
     </span>
    </p>
   </div>
   <div class='ocr_carea' id='block_1_93' title="bbox 2274 3287 3801 3362">
    <p class='ocr_par' dir='ltr' id='par_1_93' title="bbox 2274 3287 3801 3362">
     <span class='ocr_line' id='line_1_93' title="bbox 2274 3287 3801 3362; baseline 0.004 -24"><span class='ocrx_word' id='word_1_769' title='bbox 2274 3299 2528 3340; x_wconf 92' lang='lat' dir='ltr'><strong>conamur</strong></span> <span class='ocrx_word' id='word_1_770' title='bbox 2574 3287 2744 3342; x_wconf 86' lang='lat' dir='ltr'><strong>facere</strong></span> <span class='ocrx_word' id='word_1_771' title='bbox 2790 3289 3115 3344; x_wconf 86' lang='lat' dir='ltr'><strong>voluntatem</strong></span> <span class='ocrx_word' id='word_1_772' title='bbox 3147 3291 3346 3360; x_wconf 84' lang='lat' dir='ltr'><strong>ipsius,</strong></span> <span class='ocrx_word' id='word_1_773' title='bbox 3377 3307 3427 3347; x_wconf 91' lang='lat' dir='ltr'><strong>et</strong></span> <span class='ocrx_word' id='word_1_774' title='bbox 3467 3293 3801 3362; x_wconf 81' lang='lat' dir='ltr'><strong>ingemiscimus</strong></span> 
     </span>
    </p>
   </div>
   <div class='ocr_carea' id='block_1_94' title="bbox 2276 3379 3796 3453">
    <p class='ocr_par' dir='ltr' id='par_1_94' title="bbox 2276 3379 3796 3453">
     <span class='ocr_line' id='line_1_94' title="bbox 2276 3379 3796 3453; baseline 0.003 -23"><span class='ocrx_word' id='word_1_775' title='bbox 2276 3386 2515 3446; x_wconf 88' lang='lat' dir='ltr'><strong>petentes</strong></span> <span class='ocrx_word' id='word_1_776' title='bbox 2545 3387 2599 3431; x_wconf 90' lang='lat' dir='ltr'><strong>ut</strong></span> <span class='ocrx_word' id='word_1_777' title='bbox 2619 3379 2828 3447; x_wconf 83' lang='lat' dir='ltr'><strong>adjuvet</strong></span> <span class='ocrx_word' id='word_1_778' title='bbox 2859 3395 2987 3444; x_wconf 91' lang='lat' dir='ltr'><strong>nos,</strong></span> <span class='ocrx_word' id='word_1_779' title='bbox 3019 3397 3124 3450; x_wconf 90' lang='lat' dir='ltr'><strong>quo</strong></span> <span class='ocrx_word' id='word_1_780' title='bbox 3152 3382 3470 3450; x_wconf 88' lang='lat' dir='ltr'><strong>impleamus</strong></span> <span class='ocrx_word' id='word_1_781' title='bbox 3497 3384 3622 3453; x_wconf 89' lang='lat' dir='ltr'><strong>quod</strong></span> <span class='ocrx_word' id='word_1_782' title='bbox 3641 3383 3796 3452; x_wconf 79' lang='lat' dir='ltr'><strong>jubet;</strong></span> 
     </span>
    </p>
   </div>
   <div class='ocr_carea' id='block_1_95' title="bbox 2276 3470 3795 3539">
    <p class='ocr_par' dir='ltr' id='par_1_95' title="bbox 2276 3470 3795 3539">
     <span class='ocr_line' id='line_1_95' title="bbox 2276 3470 3795 3539; baseline 0.003 -16"><span class='ocrx_word' id='word_1_783' title='bbox 2276 3470 2529 3539; x_wconf 90' lang='lat' dir='ltr'><strong>numquid</strong></span> <span class='ocrx_word' id='word_1_784' title='bbox 2555 3471 2661 3539; x_wconf 91' lang='lat' dir='ltr'><strong>jam</strong></span> <span class='ocrx_word' id='word_1_785' title='bbox 2686 3471 2933 3526; x_wconf 90' lang='lat' dir='ltr'><strong>sedemus</strong></span> <span class='ocrx_word' id='word_1_786' title='bbox 2979 3473 3029 3526; x_wconf 91' lang='lat' dir='ltr'><strong>in</strong></span> <span class='ocrx_word' id='word_1_787' title='bbox 3072 3474 3176 3527; x_wconf 91' lang='lat' dir='ltr'><strong>illis</strong></span> <span class='ocrx_word' id='word_1_788' title='bbox 3215 3475 3438 3530; x_wconf 84' lang='lat' dir='ltr'><strong>sedibus</strong></span> <span class='ocrx_word' id='word_1_789' title='bbox 3479 3475 3795 3536; x_wconf 82' lang='lat' dir='ltr'><strong>beatitudinis,</strong></span> 
     </span>
    </p>
   </div>
   <div class='ocr_carea' id='block_1_96' title="bbox 2275 3561 3798 3631">
    <p class='ocr_par' dir='ltr' id='par_1_96' title="bbox 2275 3561 3798 3631">
     <span class='ocr_line' id='line_1_96' title="bbox 2275 3561 3798 3631; baseline 0.003 -19"><span class='ocrx_word' id='word_1_790' title='bbox 2275 3576 2392 3631; x_wconf 74' lang='lat' dir='ltr'><strong>qua:</strong></span> <span class='ocrx_word' id='word_1_791' title='bbox 2425 3561 2576 3615; x_wconf 90' lang='lat' dir='ltr'><strong>nobis</strong></span> <span class='ocrx_word' id='word_1_792' title='bbox 2605 3564 3016 3630; x_wconf 86' lang='lat' dir='ltr'><strong>promittuntur?</strong></span> <span class='ocrx_word' id='word_1_793' title='bbox 3045 3563 3192 3618; x_wconf 85' lang='lat' dir='ltr'><strong>Non:</strong></span> <span class='ocrx_word' id='word_1_794' title='bbox 3219 3567 3318 3618; x_wconf 81' lang='lat' dir='ltr'><strong>sed</strong></span> <span class='ocrx_word' id='word_1_795' title='bbox 3350 3566 3578 3620; x_wconf 89' lang='lat' dir='ltr'><strong>mandata</strong></span> <span class='ocrx_word' id='word_1_796' title='bbox 3604 3574 3798 3618; x_wconf 81' lang='lat' dir='ltr'><strong>tenentes</strong></span> 
     </span>
    </p>
   </div>
   <div class='ocr_carea' id='block_1_97' title="bbox 2274 3652 3795 3724">
    <p class='ocr_par' dir='ltr' id='par_1_97' title="bbox 2274 3652 3795 3724">
     <span class='ocr_line' id='line_1_97' title="bbox 2274 3652 3795 3724; baseline 0.001 -20"><span class='ocrx_word' id='word_1_797' title='bbox 2274 3665 2549 3720; x_wconf 78' lang='lat' dir='ltr'><strong>Speramus</strong></span> <span class='ocrx_word' id='word_1_798' title='bbox 2573 3652 2672 3705; x_wconf 91' lang='lat' dir='ltr'><strong>hoc</strong></span> <span class='ocrx_word' id='word_1_799' title='bbox 2700 3654 2950 3707; x_wconf 84' lang='lat' dir='ltr'><strong>futurum.</strong></span> <span class='ocrx_word' id='word_1_800' title='bbox 2971 3654 3080 3723; x_wconf 90' lang='lat' dir='ltr'><strong>Ipsa</strong></span> <span class='ocrx_word' id='word_1_801' title='bbox 3101 3671 3222 3722; x_wconf 78' lang='lat' dir='ltr'><strong>Spes</strong></span> <span class='ocrx_word' id='word_1_802' title='bbox 3241 3666 3491 3724; x_wconf 87' lang='lat' dir='ltr'><strong>tanquam</strong></span> <span class='ocrx_word' id='word_1_803' title='bbox 3509 3659 3556 3709; x_wconf 87' lang='lat' dir='ltr'><strong>in</strong></span> <span class='ocrx_word' id='word_1_804' title='bbox 3574 3658 3676 3709; x_wconf 83' lang='lat' dir='ltr'><strong>filiis</strong></span> <span class='ocrx_word' id='word_1_805' title='bbox 3689 3656 3795 3706; x_wconf 87' lang='lat' dir='ltr'><strong>dicta</strong></span> 
     </span>
    </p>
   </div>
   <div class='ocr_carea' id='block_1_98' title="bbox 2273 3743 3793 3817">
    <p class='ocr_par' dir='ltr' id='par_1_98' title="bbox 2273 3743 3793 3817">
     <span class='ocr_line' id='line_1_98' title="bbox 2273 3743 3793 3817; baseline 0 -22"><span class='ocrx_word' id='word_1_806' title='bbox 2273 3751 2354 3796; x_wconf 87' lang='lat' dir='ltr'><strong>est</strong></span> <span class='ocrx_word' id='word_1_807' title='bbox 2378 3744 2416 3806; x_wconf 89' lang='grc'><strong>¹;</strong></span> <span class='ocrx_word' id='word_1_808' title='bbox 2437 3743 2554 3812; x_wconf 90' lang='lat' dir='ltr'><strong>quia</strong></span> <span class='ocrx_word' id='word_1_809' title='bbox 2584 3743 2814 3798; x_wconf 90' lang='lat' dir='ltr'><strong>hominis</strong></span> <span class='ocrx_word' id='word_1_810' title='bbox 2843 3745 2894 3798; x_wconf 89' lang='lat' dir='ltr'><strong>itt</strong></span> <span class='ocrx_word' id='word_1_811' title='bbox 2923 3744 3020 3799; x_wconf 89' lang='lat' dir='ltr'><strong>hac</strong></span> <span class='ocrx_word' id='word_1_812' title='bbox 3060 3746 3160 3798; x_wconf 86' lang='lat' dir='ltr'><strong>vita</strong></span> <span class='ocrx_word' id='word_1_813' title='bbox 3187 3747 3415 3801; x_wconf 82' lang='lat' dir='ltr'><strong>viventis</strong></span> <span class='ocrx_word' id='word_1_814' title='bbox 3447 3763 3561 3817; x_wconf 88' lang='lat' dir='ltr'><strong>spes</strong></span> <span class='ocrx_word' id='word_1_815' title='bbox 3583 3745 3662 3800; x_wconf 90' lang='lat' dir='ltr'><strong>ﬁlii</strong></span> <span class='ocrx_word' id='word_1_816' title='bbox 3682 3751 3793 3808; x_wconf 87' lang='lat' dir='ltr'><strong>sunt,</strong></span> 
     </span>
    </p>
   </div>
   <div class='ocr_carea' id='block_1_99' title="bbox 2274 3833 3797 3906">
    <p class='ocr_par' dir='ltr' id='par_1_99' title="bbox 2274 3833 3797 3906">
     <span class='ocr_line' id='line_1_99' title="bbox 2274 3833 3797 3906; baseline -0.002 -19"><span class='ocrx_word' id='word_1_817' title='bbox 2274 3833 2475 3888; x_wconf 89' lang='lat' dir='ltr'><strong>fructus</strong></span> <span class='ocrx_word' id='word_1_818' title='bbox 2499 3835 2586 3888; x_wconf 90' lang='lat' dir='ltr'><strong>ﬁlii</strong></span> <span class='ocrx_word' id='word_1_819' title='bbox 2603 3836 3035 3906; x_wconf 88' lang='lat' dir='ltr'><strong>sunt.Propterca</strong></span> <span class='ocrx_word' id='word_1_820' title='bbox 3063 3846 3116 3892; x_wconf 90' lang='lat' dir='ltr'><strong>ct</strong></span> <span class='ocrx_word' id='word_1_821' title='bbox 3139 3837 3386 3893; x_wconf 88' lang='lat' dir='ltr'><strong>homines</strong></span> <span class='ocrx_word' id='word_1_822' title='bbox 3403 3847 3684 3893; x_wconf 78' lang='lat' dir='ltr'><strong>excusantes</strong></span> <span class='ocrx_word' id='word_1_823' title='bbox 3700 3849 3797 3888; x_wconf 78' lang='lat' dir='ltr'><strong>ava-</strong></span> 
     </span>
    </p>
   </div>
   <div class='ocr_carea' id='block_1_100' title="bbox 2274 3924 3789 3997">
    <p class='ocr_par' dir='ltr' id='par_1_100' title="bbox 2274 3924 3789 3997">
     <span class='ocr_line' id='line_1_100' title="bbox 2274 3924 3789 3997; baseline -0.001 -21"><span class='ocrx_word' id='word_1_824' title='bbox 2274 3924 2447 3978; x_wconf 82' lang='lat' dir='ltr'><strong>ritiam</strong></span> <span class='ocrx_word' id='word_1_825' title='bbox 2470 3940 2641 3989; x_wconf 91' lang='lat' dir='ltr'><strong>suam,</strong></span> <span class='ocrx_word' id='word_1_826' title='bbox 2657 3925 2838 3979; x_wconf 88' lang='lat' dir='ltr'><strong>dicunt</strong></span> <span class='ocrx_word' id='word_1_827' title='bbox 2863 3941 2920 3980; x_wconf 90' lang='lat' dir='ltr'><strong>se</strong></span> <span class='ocrx_word' id='word_1_828' title='bbox 2942 3928 3060 3981; x_wconf 87' lang='lat' dir='ltr'><strong>ﬁliis</strong></span> <span class='ocrx_word' id='word_1_829' title='bbox 3087 3929 3195 3980; x_wconf 89' lang='lat' dir='ltr'><strong>suis</strong></span> <span class='ocrx_word' id='word_1_830' title='bbox 3218 3943 3438 3984; x_wconf 83' lang='lat' dir='ltr'><strong>servare</strong></span> <span class='ocrx_word' id='word_1_831' title='bbox 3457 3928 3583 3997; x_wconf 87' lang='lat' dir='ltr'><strong>quod</strong></span> <span class='ocrx_word' id='word_1_832' title='bbox 3603 3932 3789 3986; x_wconf 69' lang='lat' dir='ltr'><strong>servant;</strong></span> 
     </span>
    </p>
   </div>
   <div class='ocr_carea' id='block_1_101' title="bbox 2273 4013 3790 4084">
    <p class='ocr_par' dir='ltr' id='par_1_101' title="bbox 2273 4013 3790 4084">
     <span class='ocr_line' id='line_1_101' title="bbox 2273 4013 3790 4084; baseline -0.001 -19"><span class='ocrx_word' id='word_1_833' title='bbox 2273 4021 2324 4065; x_wconf 89' lang='lat' dir='ltr'><strong>et</strong></span> <span class='ocrx_word' id='word_1_834' title='bbox 2353 4013 2594 4068; x_wconf 89' lang='lat' dir='ltr'><strong>nolentes</strong></span> <span class='ocrx_word' id='word_1_835' title='bbox 2640 4014 2767 4069; x_wconf 92' lang='lat' dir='ltr'><strong>dare</strong></span> <span class='ocrx_word' id='word_1_836' title='bbox 2815 4015 2977 4084; x_wconf 90' lang='lat' dir='ltr'><strong>inopi,</strong></span> <span class='ocrx_word' id='word_1_837' title='bbox 3003 4017 3211 4084; x_wconf 85' lang='lat' dir='ltr'><strong>pietatis</strong></span> <span class='ocrx_word' id='word_1_838' title='bbox 3247 4019 3467 4070; x_wconf 87' lang='lat' dir='ltr'><strong>nomine</strong></span> <span class='ocrx_word' id='word_1_839' title='bbox 3487 4033 3540 4072; x_wconf 89' lang='lat' dir='ltr'><strong>se</strong></span> <span class='ocrx_word' id='word_1_840' title='bbox 3567 4022 3790 4076; x_wconf 75' lang='lat' dir='ltr'><strong>excusant,</strong></span> 
     </span>
    </p>
   </div>
   <div class='ocr_carea' id='block_1_102' title="bbox 2273 4102 3792 4174">
    <p class='ocr_par' dir='ltr' id='par_1_102' title="bbox 2273 4102 3792 4174">
     <span class='ocr_line' id='line_1_102' title="bbox 2273 4102 3792 4174; baseline 0.002 -22"><span class='ocrx_word' id='word_1_841' title='bbox 2273 4102 2392 4170; x_wconf 89' lang='lat' dir='ltr'><strong>quia</strong></span> <span class='ocrx_word' id='word_1_842' title='bbox 2442 4103 2530 4156; x_wconf 90' lang='lat' dir='ltr'><strong>lilii</strong></span> <span class='ocrx_word' id='word_1_843' title='bbox 2569 4119 2750 4157; x_wconf 91' lang='lat' dir='ltr'><strong>eorum</strong></span> <span class='ocrx_word' id='word_1_844' title='bbox 2796 4119 2918 4174; x_wconf 87' lang='lat' dir='ltr'><strong>spes</strong></span> <span class='ocrx_word' id='word_1_845' title='bbox 2963 4121 3145 4159; x_wconf 81' lang='lat' dir='ltr'><strong>eorum</strong></span> <span class='ocrx_word' id='word_1_846' title='bbox 3197 4117 3344 4160; x_wconf 80' lang='lat' dir='ltr'><strong>Sunt.</strong></span> <span class='ocrx_word' id='word_1_847' title='bbox 3376 4107 3560 4162; x_wconf 83' lang='lat' dir='ltr'><strong>Omnes</strong></span> <span class='ocrx_word' id='word_1_848' title='bbox 3597 4105 3792 4158; x_wconf 80' lang='lat' dir='ltr'><strong>homines</strong></span> 
     </span>
    </p>
   </div>
   <div class='ocr_carea' id='block_1_103' title="bbox 2273 4195 3788 4269">
    <p class='ocr_par' dir='ltr' id='par_1_103' title="bbox 2273 4195 3788 4269">
     <span class='ocr_line' id='line_1_103' title="bbox 2273 4195 3788 4269; baseline 0.001 -22"><span class='ocrx_word' id='word_1_849' title='bbox 2273 4195 2413 4247; x_wconf 89' lang='lat' dir='ltr'><strong>enim</strong></span> <span class='ocrx_word' id='word_1_850' title='bbox 2437 4195 2523 4265; x_wconf 89' lang='lat' dir='ltr'><strong>qui</strong></span> <span class='ocrx_word' id='word_1_851' title='bbox 2553 4195 2840 4249; x_wconf 90' lang='lat' dir='ltr'><strong>secundum</strong></span> <span class='ocrx_word' id='word_1_852' title='bbox 2871 4196 2971 4251; x_wconf 89' lang='lat' dir='ltr'><strong>hoc</strong></span> <span class='ocrx_word' id='word_1_853' title='bbox 3000 4199 3249 4252; x_wconf 68' lang='lat' dir='ltr'><strong>Sit&#39;Ctlitltlt</strong></span> <span class='ocrx_word' id='word_1_854' title='bbox 3279 4203 3456 4253; x_wconf 82' lang='lat' dir='ltr'><strong>vivunt</strong></span> <span class='ocrx_word' id='word_1_855' title='bbox 3477 4241 3488 4262; x_wconf 93' lang='lat'><strong>,</strong></span> <span class='ocrx_word' id='word_1_856' title='bbox 3515 4213 3644 4269; x_wconf 87' lang='lat' dir='ltr'><strong>spem</strong></span> <span class='ocrx_word' id='word_1_857' title='bbox 3671 4207 3788 4248; x_wconf 85' lang='lat' dir='ltr'><strong>suam</strong></span> 
     </span>
    </p>
   </div>
   <div class='ocr_carea' id='block_1_104' title="bbox 2273 4284 3788 4359">
    <p class='ocr_par' dir='ltr' id='par_1_104' title="bbox 2273 4284 3788 4359">
     <span class='ocr_line' id='line_1_104' title="bbox 2273 4284 3788 4359; baseline -0.004 -20"><span class='ocrx_word' id='word_1_858' title='bbox 2273 4285 2455 4339; x_wconf 90' lang='lat' dir='ltr'><strong>dicunt</strong></span> <span class='ocrx_word' id='word_1_859' title='bbox 2482 4326 2493 4346; x_wconf 87' lang='lat'><strong>,</strong></span> <span class='ocrx_word' id='word_1_860' title='bbox 2523 4286 2661 4338; x_wconf 90' lang='lat' dir='ltr'><strong>ﬁlios</strong></span> <span class='ocrx_word' id='word_1_861' title='bbox 2709 4301 2966 4354; x_wconf 79' lang='lat' dir='ltr'><strong>generare</strong></span> <span class='ocrx_word' id='word_1_862' title='bbox 3010 4297 3062 4340; x_wconf 90' lang='lat' dir='ltr'><strong>et</strong></span> <span class='ocrx_word' id='word_1_863' title='bbox 3111 4289 3436 4359; x_wconf 83' lang='lat' dir='ltr'><strong>relinquere.</strong></span> <span class='ocrx_word' id='word_1_864' title='bbox 3486 4289 3595 4342; x_wconf 82' lang='lat' dir='ltr'><strong>Ideo</strong></span> <span class='ocrx_word' id='word_1_865' title='bbox 3619 4284 3788 4337; x_wconf 85' lang='lat' dir='ltr'><strong>nomine</strong></span> 
     </span>
    </p>
   </div>
   <div class='ocr_carea' id='block_1_105' title="bbox 2274 4374 3788 4447">
    <p class='ocr_par' dir='ltr' id='par_1_105' title="bbox 2274 4374 3788 4447">
     <span class='ocr_line' id='line_1_105' title="bbox 2274 4374 3788 4447; baseline -0.005 -17"><span class='ocrx_word' id='word_1_866' title='bbox 2274 4377 2501 4430; x_wconf 91' lang='lat' dir='ltr'><strong>ﬁliorum</strong></span> <span class='ocrx_word' id='word_1_867' title='bbox 2547 4392 2696 4445; x_wconf 89' lang='lat' dir='ltr'><strong>spem</strong></span> <span class='ocrx_word' id='word_1_868' title='bbox 2744 4378 2912 4445; x_wconf 57' lang='lat' dir='ltr'><strong>ipsam</strong></span> <span class='ocrx_word' id='word_1_869' title='bbox 2949 4379 3139 4447; x_wconf 89' lang='lat' dir='ltr'><strong>posuit,</strong></span> <span class='ocrx_word' id='word_1_870' title='bbox 3168 4389 3220 4434; x_wconf 83' lang='lat' dir='ltr'><strong>et</strong></span> <span class='ocrx_word' id='word_1_871' title='bbox 3261 4382 3372 4442; x_wconf 87' lang='lat' dir='ltr'><strong>ait,</strong></span> <span class='ocrx_word' id='word_1_872' title='bbox 3420 4380 3481 4434; x_wconf 90' lang='lat' dir='ltr'><strong>Si</strong></span> <span class='ocrx_word' id='word_1_873' title='bbox 3519 4374 3788 4431; x_wconf 81' lang='lat' dir='ltr'><strong>custodieritit</strong></span> 
     </span>
    </p>
   </div>
   <div class='ocr_carea' id='block_1_106' title="bbox 2272 4468 3788 4536">
    <p class='ocr_par' dir='ltr' id='par_1_106' title="bbox 2272 4468 3788 4536">
     <span class='ocr_line' id='line_1_106' title="bbox 2272 4468 3788 4536; baseline -0.001 -16"><span class='ocrx_word' id='word_1_874' title='bbox 2272 4468 2368 4536; x_wconf 92' lang='lat' dir='ltr'><strong>ﬁlii</strong></span> <span class='ocrx_word' id='word_1_875' title='bbox 2393 4469 2466 4520; x_wconf 87' lang='lat' dir='ltr'><strong>tui</strong></span> <span class='ocrx_word' id='word_1_876' title='bbox 2487 4477 2832 4522; x_wconf 88' lang='lat' dir='ltr'><strong>testamentum</strong></span> <span class='ocrx_word' id='word_1_877' title='bbox 2870 4487 3053 4535; x_wconf 89' lang='lat' dir='ltr'><strong>meum,</strong></span> <span class='ocrx_word' id='word_1_878' title='bbox 3079 4481 3125 4524; x_wconf 88' lang='lat' dir='ltr'><strong>et</strong></span> <span class='ocrx_word' id='word_1_879' title='bbox 3154 4473 3435 4525; x_wconf 86' lang='lat' dir='ltr'><strong>testimonia</strong></span> <span class='ocrx_word' id='word_1_880' title='bbox 3463 4487 3565 4522; x_wconf 82' lang='lat' dir='ltr'><strong>mea</strong></span> <span class='ocrx_word' id='word_1_881' title='bbox 3586 4471 3678 4521; x_wconf 78' lang='lat' dir='ltr'><strong>lure</strong></span> <span class='ocrx_word' id='word_1_882' title='bbox 3699 4476 3788 4532; x_wconf 72' lang='lat' dir='ltr'><strong>qu</strong></span> 
     </span>
    </p>
   </div>
   <div class='ocr_carea' id='block_1_107' title="bbox 2273 4560 3787 4624">
    <p class='ocr_par' dir='ltr' id='par_1_107' title="bbox 2273 4560 3787 4624">
     <span class='ocr_line' id='line_1_107' title="bbox 2273 4560 3787 4624; baseline -0.004 -11"><span class='ocrx_word' id='word_1_883' title='bbox 2273 4561 2456 4613; x_wconf 87' lang='lat' dir='ltr'><strong>docebo</strong></span> <span class='ocrx_word' id='word_1_884' title='bbox 2485 4560 2634 4623; x_wconf 84' lang='lat' dir='ltr'><strong>illos;</strong></span> <span class='ocrx_word' id='word_1_885' title='bbox 2662 4569 2709 4612; x_wconf 87' lang='lat' dir='ltr'><strong>ct</strong></span> <span class='ocrx_word' id='word_1_886' title='bbox 2735 4561 2830 4624; x_wconf 84' lang='lat' dir='ltr'><strong>ﬁlii</strong></span> <span class='ocrx_word' id='word_1_887' title='bbox 2861 4576 3028 4612; x_wconf 86' lang='lat' dir='ltr'><strong>eorum</strong></span> <span class='ocrx_word' id='word_1_888' title='bbox 3055 4561 3293 4614; x_wconf 80' lang='lat' dir='ltr'><strong>sedebant</strong></span> <span class='ocrx_word' id='word_1_889' title='bbox 3342 4563 3392 4615; x_wconf 86' lang='lat' dir='ltr'><strong>in</strong></span> <span class='ocrx_word' id='word_1_890' title='bbox 3430 4571 3649 4615; x_wconf 71' lang='lat' dir='ltr'><strong>a&#39;ternum</strong></span> <span class='ocrx_word' id='word_1_891' title='bbox 3667 4567 3787 4620; x_wconf 75' lang='lat' dir='ltr'><strong>super</strong></span> 
     </span>
    </p>
   </div>
   <div class='ocr_carea' id='block_1_108' title="bbox 2271 4649 3784 4712">
    <p class='ocr_par' dir='ltr' id='par_1_108' title="bbox 2271 4649 3784 4712">
     <span class='ocr_line' id='line_1_108' title="bbox 2271 4649 3784 4712; baseline -0.006 -6"><span class='ocrx_word' id='word_1_892' title='bbox 2271 4652 2439 4706; x_wconf 85' lang='lat' dir='ltr'><strong>sedem</strong></span> <span class='ocrx_word' id='word_1_893' title='bbox 2482 4661 2618 4703; x_wconf 90' lang='lat' dir='ltr'><strong>tuam</strong></span> <span class='ocrx_word' id='word_1_894' title='bbox 2664 4666 2682 4704; x_wconf 88' lang='lat'><strong><em>:</em></strong></span> <span class='ocrx_word' id='word_1_895' title='bbox 2713 4651 2761 4704; x_wconf 89' lang='lat' dir='ltr'><strong>id</strong></span> <span class='ocrx_word' id='word_1_896' title='bbox 2793 4659 2875 4705; x_wconf 85' lang='lat' dir='ltr'><strong>est</strong></span> <span class='ocrx_word' id='word_1_897' title='bbox 2895 4692 2907 4712; x_wconf 92' lang='lat'><strong>,</strong></span> <span class='ocrx_word' id='word_1_898' title='bbox 2934 4653 3064 4705; x_wconf 84' lang='lat' dir='ltr'><strong>tales</strong></span> <span class='ocrx_word' id='word_1_899' title='bbox 3093 4649 3295 4705; x_wconf 89' lang='lat' dir='ltr'><strong>fructus</strong></span> <span class='ocrx_word' id='word_1_900' title='bbox 3322 4651 3601 4709; x_wconf 81' lang='lat' dir='ltr'><strong>habebunt,</strong></span> <span class='ocrx_word' id='word_1_901' title='bbox 3623 4654 3669 4698; x_wconf 88' lang='lat' dir='ltr'><strong>ut</strong></span> <span class='ocrx_word' id='word_1_902' title='bbox 3689 4655 3784 4710; x_wconf 82' lang='lat' dir='ltr'><strong>spes</strong></span> 
     </span>
    </p>
   </div>
   <div class='ocr_carea' id='block_1_109' title="bbox 2272 4741 3780 4811">
    <p class='ocr_par' dir='ltr' id='par_1_109' title="bbox 2272 4741 3780 4811">
     <span class='ocr_line' id='line_1_109' title="bbox 2272 4741 3780 4811; baseline -0.009 -15"><span class='ocrx_word' id='word_1_903' title='bbox 2272 4757 2364 4796; x_wconf 89' lang='lat' dir='ltr'><strong>cos</strong></span> <span class='ocrx_word' id='word_1_904' title='bbox 2387 4757 2489 4794; x_wconf 90' lang='lat' dir='ltr'><strong>non</strong></span> <span class='ocrx_word' id='word_1_905' title='bbox 2519 4741 2684 4806; x_wconf 81' lang='lat' dir='ltr'><strong>fallat,</strong></span> <span class='ocrx_word' id='word_1_906' title='bbox 2717 4749 2773 4793; x_wconf 90' lang='lat' dir='ltr'><strong>ut</strong></span> <span class='ocrx_word' id='word_1_907' title='bbox 2802 4741 2923 4794; x_wconf 91' lang='lat' dir='ltr'><strong>illuc</strong></span> <span class='ocrx_word' id='word_1_908' title='bbox 2952 4741 3166 4794; x_wconf 86' lang='lat' dir='ltr'><strong>veniant</strong></span> <span class='ocrx_word' id='word_1_909' title='bbox 3190 4757 3295 4811; x_wconf 91' lang='lat' dir='ltr'><strong>quo</strong></span> <span class='ocrx_word' id='word_1_910' title='bbox 3323 4748 3527 4808; x_wconf 79' lang='lat' dir='ltr'><strong>Sperant</strong></span> <span class='ocrx_word' id='word_1_911' title='bbox 3549 4753 3600 4791; x_wconf 91' lang='lat' dir='ltr'><strong>se</strong></span> <span class='ocrx_word' id='word_1_912' title='bbox 3631 4741 3780 4786; x_wconf 80' lang='lat' dir='ltr'><strong>ventu-</strong></span> 
     </span>
    </p>
   </div>
   <div class='ocr_carea' id='block_1_110' title="bbox 2271 4816 3781 4900">
    <p class='ocr_par' dir='ltr' id='par_1_110' title="bbox 2271 4816 3781 4900">
     <span class='ocr_line' id='line_1_110' title="bbox 2271 4816 3781 4900; baseline -0.007 -14"><span class='ocrx_word' id='word_1_913' title='bbox 2271 4847 2378 4886; x_wconf 87' lang='lat' dir='ltr'><strong>ros.</strong></span> <span class='ocrx_word' id='word_1_914' title='bbox 2409 4831 2564 4885; x_wconf 82' lang='lat' dir='ltr'><strong>Modo</strong></span> <span class='ocrx_word' id='word_1_915' title='bbox 2593 4845 2720 4900; x_wconf 82' lang='lat' dir='ltr'><strong>ergo</strong></span> <span class='ocrx_word' id='word_1_916' title='bbox 2749 4839 2998 4900; x_wconf 87' lang='lat' dir='ltr'><strong>tanquam</strong></span> <span class='ocrx_word' id='word_1_917' title='bbox 3043 4840 3218 4898; x_wconf 85' lang='lat' dir='ltr'><strong>patres</strong></span> <span class='ocrx_word' id='word_1_918' title='bbox 3262 4840 3413 4889; x_wconf 90' lang='lat' dir='ltr'><strong>sunt,</strong></span> <span class='ocrx_word' id='word_1_919' title='bbox 3445 4828 3661 4881; x_wconf 83' lang='lat' dir='ltr'><strong>homines</strong></span> <span class='ocrx_word' id='word_1_920' title='bbox 3693 4816 3781 4885; x_wconf 66' lang='lat' dir='ltr'><strong>sprt&#39;</strong></span> 
     </span>
    </p>
   </div>
   <div class='ocr_carea' id='block_1_111' title="bbox 2271 4905 3782 4989">
    <p class='ocr_par' dir='ltr' id='par_1_111' title="bbox 2271 4905 3782 4989">
     <span class='ocr_line' id='line_1_111' title="bbox 2271 4905 3782 4989; baseline -0.007 -14"><span class='ocrx_word' id='word_1_921' title='bbox 2271 4920 2496 4975; x_wconf 79' lang='lat' dir='ltr'><strong>futurze:</strong></span> <span class='ocrx_word' id='word_1_922' title='bbox 2528 4937 2647 4976; x_wconf 90' lang='lat' dir='ltr'><strong>cum</strong></span> <span class='ocrx_word' id='word_1_923' title='bbox 2678 4930 2854 4974; x_wconf 90' lang='lat' dir='ltr'><strong>autem</strong></span> <span class='ocrx_word' id='word_1_924' title='bbox 2888 4920 3063 4989; x_wconf 86' lang='lat' dir='ltr'><strong>adepti</strong></span> <span class='ocrx_word' id='word_1_925' title='bbox 3093 4919 3284 4973; x_wconf 83' lang='lat' dir='ltr'><strong>fuerint</strong></span> <span class='ocrx_word' id='word_1_926' title='bbox 3303 4919 3436 4988; x_wconf 91' lang='lat' dir='ltr'><strong>quod</strong></span> <span class='ocrx_word' id='word_1_927' title='bbox 3471 4922 3687 4982; x_wconf 85' lang='lat' dir='ltr'><strong>sperant,</strong></span> <span class='ocrx_word' id='word_1_928' title='bbox 3712 4905 3782 4960; x_wconf 69' lang='lat' dir='ltr'><strong>ﬁlii</strong></span> 
     </span>
    </p>
   </div>
   <div class='ocr_carea' id='block_1_112' title="bbox 2270 5005 3782 5083">
    <p class='ocr_par' dir='ltr' id='par_1_112' title="bbox 2270 5005 3782 5083">
     <span class='ocr_line' id='line_1_112' title="bbox 2270 5005 3782 5083; baseline -0.013 -17"><span class='ocrx_word' id='word_1_929' title='bbox 2270 5023 2424 5076; x_wconf 79' lang='lat' dir='ltr'><strong>suat;</strong></span> <span class='ocrx_word' id='word_1_930' title='bbox 2477 5014 2598 5083; x_wconf 89' lang='lat' dir='ltr'><strong>quia</strong></span> <span class='ocrx_word' id='word_1_931' title='bbox 2646 5011 2771 5066; x_wconf 88' lang='lat' dir='ltr'><strong>illud</strong></span> <span class='ocrx_word' id='word_1_932' title='bbox 2820 5010 2960 5081; x_wconf 89' lang='lat' dir='ltr'><strong>quod</strong></span> <span class='ocrx_word' id='word_1_933' title='bbox 3009 5011 3396 5080; x_wconf 84' lang='lat' dir='ltr'><strong>adipiscuntur.</strong></span> <span class='ocrx_word' id='word_1_934' title='bbox 3431 5011 3712 5077; x_wconf 83' lang='lat' dir='ltr'><strong>pepererunt</strong></span> <span class='ocrx_word' id='word_1_935' title='bbox 3742 5005 3782 5048; x_wconf 86' lang='lat' dir='ltr'><strong>et</strong></span> 
     </span>
    </p>
   </div>
   <div class='ocr_carea' id='block_1_113' title="bbox 2269 5096 3782 5173">
    <p class='ocr_par' dir='ltr' id='par_1_113' title="bbox 2269 5096 3782 5173">
     <span class='ocr_line' id='line_1_113' title="bbox 2269 5096 3782 5173; baseline -0.006 -19"><span class='ocrx_word' id='word_1_936' title='bbox 2269 5113 2660 5173; x_wconf 79' lang='lat' dir='ltr'><strong>generaverunt</strong></span> <span class='ocrx_word' id='word_1_937' title='bbox 2691 5104 2741 5155; x_wconf 91' lang='lat' dir='ltr'><strong>in</strong></span> <span class='ocrx_word' id='word_1_938' title='bbox 2770 5101 3018 5170; x_wconf 80' lang='lat' dir='ltr'><strong>Operibus</strong></span> <span class='ocrx_word' id='word_1_939' title='bbox 3044 5103 3151 5155; x_wconf 91' lang='lat' dir='ltr'><strong>suis</strong></span> <span class='ocrx_word' id='word_1_940' title='bbox 3174 5103 3214 5153; x_wconf 77' lang='grc'><strong>⁸.</strong></span> <span class='ocrx_word' id='word_1_941' title='bbox 3247 5100 3312 5153; x_wconf 85' lang='grc' dir='ltr'>Ει</span> <span class='ocrx_word' id='word_1_942' title='bbox 3342 5099 3440 5152; x_wconf 80' lang='lat' dir='ltr'><strong>hoc</strong></span> <span class='ocrx_word' id='word_1_943' title='bbox 3469 5097 3564 5150; x_wconf 90' lang='lat' dir='ltr'><strong>illis</strong></span> <span class='ocrx_word' id='word_1_944' title='bbox 3586 5096 3782 5146; x_wconf 75' lang='lat' dir='ltr'><strong>servatur</strong></span> 
     </span>
    </p>
   </div>
   <div class='ocr_carea' id='block_1_114' title="bbox 2271 5176 3781 5266">
    <p class='ocr_par' dir='ltr' id='par_1_114' title="bbox 2271 5176 3781 5266">
     <span class='ocr_line' id='line_1_114' title="bbox 2271 5176 3781 5266; baseline -0.009 -17"><span class='ocrx_word' id='word_1_945' title='bbox 2271 5197 2321 5249; x_wconf 91' lang='lat' dir='ltr'><strong>in</strong></span> <span class='ocrx_word' id='word_1_946' title='bbox 2352 5205 2621 5266; x_wconf 90' lang='lat' dir='ltr'><strong>posterum</strong></span> <span class='ocrx_word' id='word_1_947' title='bbox 2642 5238 2656 5261; x_wconf 95' lang='lat'><strong>,</strong></span> <span class='ocrx_word' id='word_1_948' title='bbox 2686 5196 2808 5264; x_wconf 89' lang='lat' dir='ltr'><strong>quia</strong></span> <span class='ocrx_word' id='word_1_949' title='bbox 2848 5203 2900 5248; x_wconf 88' lang='lat' dir='ltr'><strong>et</strong></span> <span class='ocrx_word' id='word_1_950' title='bbox 2939 5194 3050 5264; x_wconf 91' lang='lat' dir='ltr'><strong>ipsa</strong></span> <span class='ocrx_word' id='word_1_951' title='bbox 3097 5195 3375 5264; x_wconf 84' lang='lat' dir='ltr'><strong>posteritas</strong></span> <span class='ocrx_word' id='word_1_952' title='bbox 3414 5191 3466 5243; x_wconf 91' lang='lat' dir='ltr'><strong>in</strong></span> <span class='ocrx_word' id='word_1_953' title='bbox 3495 5187 3607 5241; x_wconf 83' lang='lat' dir='ltr'><strong>ﬁliis</strong></span> <span class='ocrx_word' id='word_1_954' title='bbox 3631 5176 3781 5250; x_wconf 77' lang='lat' dir='ltr'><strong>appel-</strong></span> 
     </span>
    </p>
   </div>
   <div class='ocr_carea' id='block_1_115' title="bbox 2271 5289 2541 5344">
    <p class='ocr_par' dir='ltr' id='par_1_115' title="bbox 2271 5289 2541 5344">
     <span class='ocr_line' id='line_1_115' title="bbox 2271 5289 2541 5344; baseline -0.007 0"><span class='ocrx_word' id='word_1_955' title='bbox 2271 5289 2363 5344; x_wconf 88' lang='lat' dir='ltr'><strong>lari</strong></span> <span class='ocrx_word' id='word_1_956' title='bbox 2391 5290 2541 5344; x_wconf 89' lang='lat' dir='ltr'><strong>solet.</strong></span> 
     </span>
    </p>
   </div>
   <div class='ocr_carea' id='block_1_116' title="bbox 2338 5363 3780 5446">
    <p class='ocr_par' dir='ltr' id='par_1_116' title="bbox 2338 5363 3780 5446">
     <span class='ocr_line' id='line_1_116' title="bbox 2338 5363 3780 5446; baseline -0.016 -13"><span class='ocrx_word' id='word_1_957' title='bbox 2338 5381 2426 5433; x_wconf 74' lang='lat'><strong>20.</strong></span> <span class='ocrx_word' id='word_1_958' title='bbox 2469 5381 2573 5432; x_wconf 78' lang='lat' dir='ltr'><strong>Aut</strong></span> <span class='ocrx_word' id='word_1_959' title='bbox 2599 5378 2641 5431; x_wconf 85' lang='lat' dir='ltr'><strong>si</strong></span> <span class='ocrx_word' id='word_1_960' title='bbox 2673 5376 2808 5430; x_wconf 89' lang='lat' dir='ltr'><strong>ﬁlios</strong></span> <span class='ocrx_word' id='word_1_961' title='bbox 2834 5377 2976 5446; x_wconf 85' lang='lat' dir='ltr'><strong>ipsos</strong></span> <span class='ocrx_word' id='word_1_962' title='bbox 3001 5375 3239 5429; x_wconf 81' lang='lat' dir='ltr'><strong>homines</strong></span> <span class='ocrx_word' id='word_1_963' title='bbox 3266 5373 3486 5441; x_wconf 85' lang='lat' dir='ltr'><strong>accipis.</strong></span> <span class='ocrx_word' id='word_1_964' title='bbox 3518 5363 3718 5428; x_wconf 78' lang='lat' dir='ltr'><strong>intelligo</strong></span> <span class='ocrx_word' id='word_1_965' title='bbox 3741 5363 3780 5408; x_wconf 77' lang='lat' dir='ltr'><strong>et</strong></span> 
     </span>
    </p>
   </div>
   <div class='ocr_carea' id='block_1_117' title="bbox 2269 5461 3780 5550">
    <p class='ocr_par' dir='ltr' id='par_1_117' title="bbox 2269 5461 3780 5550">
     <span class='ocr_line' id='line_1_117' title="bbox 2269 5461 3780 5550; baseline -0.019 -26"><span class='ocrx_word' id='word_1_966' title='bbox 2269 5471 2335 5525; x_wconf 90' lang='lat' dir='ltr'><strong>de</strong></span> <span class='ocrx_word' id='word_1_967' title='bbox 2375 5471 2502 5540; x_wconf 89' lang='lat' dir='ltr'><strong>ipsis</strong></span> <span class='ocrx_word' id='word_1_968' title='bbox 2535 5469 2762 5533; x_wconf 82' lang='lat' dir='ltr'><strong>dictum,</strong></span> <span class='ocrx_word' id='word_1_969' title='bbox 2799 5467 2858 5520; x_wconf 89' lang='lat' dir='ltr'><strong>Si</strong></span> <span class='ocrx_word' id='word_1_970' title='bbox 2896 5467 3218 5520; x_wconf 85' lang='lat' dir='ltr'><strong>custodierint</strong></span> <span class='ocrx_word' id='word_1_971' title='bbox 3249 5465 3340 5532; x_wconf 86' lang='lat' dir='ltr'><strong>ﬁlii</strong></span> <span class='ocrx_word' id='word_1_972' title='bbox 3380 5463 3451 5515; x_wconf 88' lang='lat' dir='ltr'><strong>tui</strong></span> <span class='ocrx_word' id='word_1_973' title='bbox 3486 5461 3780 5550; x_wconf 71' lang='lat' dir='ltr'><strong>testamentum</strong></span> 
     </span>
    </p>
   </div>
   <div class='ocr_carea' id='block_1_118' title="bbox 2269 5546 3780 5625">
    <p class='ocr_par' dir='ltr' id='par_1_118' title="bbox 2269 5546 3780 5625">
     <span class='ocr_line' id='line_1_118' title="bbox 2269 5546 3780 5625; baseline 0 -15"><span class='ocrx_word' id='word_1_974' title='bbox 2269 5577 2432 5612; x_wconf 82' lang='lat' dir='ltr'><strong>meum</strong></span> <span class='ocrx_word' id='word_1_975' title='bbox 2451 5600 2466 5623; x_wconf 93' lang='lat'><strong>,</strong></span> <span class='ocrx_word' id='word_1_976' title='bbox 2495 5569 2540 5612; x_wconf 92' lang='lat' dir='ltr'><strong>et</strong></span> <span class='ocrx_word' id='word_1_977' title='bbox 2574 5559 2852 5612; x_wconf 82' lang='lat' dir='ltr'><strong>testimonia</strong></span> <span class='ocrx_word' id='word_1_978' title='bbox 2891 5574 3000 5610; x_wconf 83' lang='lat' dir='ltr'><strong>mea</strong></span> <span class='ocrx_word' id='word_1_979' title='bbox 3027 5557 3133 5609; x_wconf 79' lang='lat' dir='ltr'><strong>Iuvc</strong></span> <span class='ocrx_word' id='word_1_980' title='bbox 3161 5570 3268 5625; x_wconf 74' lang='lat' dir='ltr'><strong>qua:</strong></span> <span class='ocrx_word' id='word_1_981' title='bbox 3291 5553 3466 5606; x_wconf 82' lang='lat' dir='ltr'><strong>docebo</strong></span> <span class='ocrx_word' id='word_1_982' title='bbox 3493 5563 3597 5609; x_wconf 66' lang='lat' dir='ltr'><strong>eos;</strong></span> <span class='ocrx_word' id='word_1_983' title='bbox 3631 5552 3678 5595; x_wconf 71' lang='grc' dir='ltr'>υι</span> <span class='ocrx_word' id='word_1_984' title='bbox 3699 5546 3780 5592; x_wconf 59' lang='lat' dir='ltr'><strong>is“</strong></span> 
     </span>
    </p>
   </div>
   <div class='ocr_carea' id='block_1_119' title="bbox 2336 5695 3394 5762">
    <p class='ocr_par' dir='ltr' id='par_1_119' title="bbox 2336 5695 3394 5762">
     <span class='ocr_line' id='line_1_119' title="bbox 2336 5695 3394 5762; baseline 0.013 -20"><span class='ocrx_word' id='word_1_985' title='bbox 2336 5696 2351 5762; x_wconf 65' lang='grc' dir='ltr'><strong>ξ</strong></span> <span class='ocrx_word' id='word_1_986' title='bbox 2381 5695 2567 5762; x_wconf 58' lang='lat' dir='ltr'><strong>Aliquot</strong></span> <span class='ocrx_word' id='word_1_987' title='bbox 2582 5703 2709 5762; x_wconf 52' lang='lat' dir='ltr'><strong>Mss,</strong></span> <span class='ocrx_word' id='word_1_988' title='bbox 2726 5695 2842 5762; x_wconf 68' lang='lat' dir='ltr'><strong>data</strong></span> <span class='ocrx_word' id='word_1_989' title='bbox 2861 5700 2930 5744; x_wconf 79' lang='lat' dir='ltr'><strong>est</strong></span> <span class='ocrx_word' id='word_1_990' title='bbox 3210 5751 3238 5762; x_wconf 70' lang='grc'><strong>,,</strong></span> <span class='ocrx_word' id='word_1_991' title='bbox 3385 5748 3394 5756; x_wconf 93' lang='grc'><strong><em>.</em></strong></span> 
     </span>
    </p>
   </div>
   <div class='ocr_carea' id='block_1_120' title="bbox 2334 5751 3430 5821">
    <p class='ocr_par' dir='ltr' id='par_1_120' title="bbox 2334 5751 3430 5821">
     <span class='ocr_line' id='line_1_120' title="bbox 2334 5751 3430 5821; baseline -0.011 -14"><span class='ocrx_word' id='word_1_992' title='bbox 2334 5759 2353 5789; x_wconf 75' lang='grc'>³</span> <span class='ocrx_word' id='word_1_993' title='bbox 2379 5751 2508 5819; x_wconf 72' lang='grc' dir='ltr'>εαιιή</span> <span class='ocrx_word' id='word_1_994' title='bbox 2533 5751 2750 5821; x_wconf 73' lang='lat' dir='ltr'><strong>operibus</strong></span> <span class='ocrx_word' id='word_1_995' title='bbox 2770 5757 2913 5806; x_wconf 66' lang='lat' dir='ltr'><strong>(totus.</strong></span> <span class='ocrx_word' id='word_1_996' title='bbox 2941 5764 3063 5812; x_wconf 59' lang='grc' dir='ltr'><strong>διεδ..</strong></span> <span class='ocrx_word' id='word_1_997' title='bbox 3087 5751 3306 5815; x_wconf 83' lang='lat' dir='ltr'><strong>operibus</strong></span> <span class='ocrx_word' id='word_1_998' title='bbox 3323 5751 3430 5798; x_wconf 83' lang='lat' dir='ltr'><strong>suis.</strong></span> 
     </span>
    </p>
   </div>
  </div>
