4160 6430
367 454 517 511 1725

366 571 440 622 sit
469 576 659 620 sensus
689 579 702 614 :
736 557 797 613 Si
821 551 1146 609 custodiet-int
1170 547 1263 618 ﬁlii
1288 546 1363 600 tui
1381 552 1731 598 testamentum
1758 551 1920 590 meum
1938 575 1953 600 ,

367 667 422 712 et
454 651 738 710 testimonia
766 663 878 701 mea
905 647 1012 698 ha’c
1039 657 1150 713 qua:
1177 637 1360 693 docebo
1387 637 1530 698 illos,
1565 642 1611 686 et
1640 632 1734 701 ﬁlii
1765 643 1957 693 eorum,

369 747 429 802 id
459 753 560 806 est,
589 742 632 796 si
659 736 1036 798 custodierint;
1070 740 1124 786 ut
1151 731 1234 785 hic
1261 727 1674 794 subdistinguas,
1693 729 1747 776 et
1768 717 1962 774 deinde

373 837 598 899 inferas,
625 830 865 886 sedebant
891 828 942 880 in
971 835 1211 880 aeternum
1235 835 1384 890 super
1406 816 1572 872 sedem
1600 825 1754 876 tuam,
1780 810 1833 865 id
1859 817 1960 873 est,

376 939 436 984 et
467 927 556 984 filii
591 924 664 978 tui
694 931 749 976 et
788 919 877 973 ftlii
913 931 1131 980 eorum,
1168 911 1261 968 sed
1300 923 1484 965 omnes
1515 906 1557 960 si
1595 901 1962 959 custodierint.

378 1019 523 1089 Quid
554 1031 680 1086 ergo
710 1014 755 1068 si
795 1027 900 1066 non
935 1003 1312 1064 custodierint?
1343 1001 1495 1072 periit
1525 996 1802 1068 promissio
1837 989 1964 1046 Dei?

375 1112 498 1168 Non
527 1128 541 1164 :
574 1107 667 1164 sed
705 1105 824 1160 ideo
859 1101 1058 1157 dictum
1100 1107 1182 1154 est
1203 1142 1215 1162 ,
1257 1105 1310 1150 et
1344 1094 1462 1148 ideo
1503 1090 1816 1160 promissum
1851 1092 1962 1148 est,

380 1205 508 1276 quia
547 1197 788 1272 praevidit
821 1197 838 1228 ί
872 1195 1038 1257 Deus;
1071 1189 1195 1261 quid
1220 1230 1237 1254 ,
1268 1188 1370 1241 nisi
1399 1180 1730 1240 credituros?
1767 1176 1871 1233 Sed
1901 1191 1966 1230 ne

382 1274 576 1366 aliquis
596 1289 745 1363 quasi
771 1288 1061 1342 minaretur
1087 1279 1358 1350 promissis
1384 1275 1498 1336 Dei,
1526 1283 1579 1328 et
1603 1274 1655 1326 in
1678 1274 1966 1341 postestate

381 1361 491 1440 sua
509 1361 666 1438 vellet
695 1392 894 1451 ponere
923 1373 1064 1446 quod
1099 1369 1341 1443 promisit
1369 1368 1508 1421 Deus
1542 1373 1599 1418 ut
1628 1361 1963 1430 impleretur;

383 1475 507 1531 ideo
527 1483 582 1528 et
587 1449 781 1545 juravit
802 1469 932 1523 dixit
952 1469 972 1497 ³
998 1483 1010 1516 :
1037 1465 1088 1518 in
1115 1478 1220 1532 quo
1249 1459 1478 1516 ostendit
1502 1456 1623 1526 quia
1668 1453 1781 1506 sine
1808 1449 1969 1503 dubio

383 1540 666 1622 venturum
699 1569 799 1616 est.
830 1555 1106 1627 Quomodo
1136 1567 1263 1623 ergo
1298 1549 1472 1619 posuit
1500 1547 1602 1610 ibi,
1637 1544 1696 1598 Si
1725 1540 1972 1596 custodie-

384 1658 525 1712 rint?
554 1655 632 1710 Ne
652 1653 762 1722 jam
789 1646 1030 1720 glorieris
1052 1645 1119 1698 de
1146 1640 1440 1712 promissis,
1469 1635 1770 1691 etdimittas
1792 1642 1842 1684 te
1865 1646 1969 1684 non

385 1721 678 1804 custodire.
693 1741 843 1796 Tunc
863 1737 968 1791 eris
996 1735 1133 1788 filius
1156 1729 1341 1792 David,
1368 1729 1409 1782 si
1437 1724 1779 1786 custodieris;
1808 1721 1851 1774 si
1878 1735 1973 1772 au-

389 1846 497 1892 tem
545 1849 650 1888 non
672 1872 686 1895 ,
719 1845 824 1884 nou
856 1827 960 1881 eris
987 1824 1125 1876 filius
1152 1818 1338 1874 David.
1369 1815 1515 1870 Filiis
1543 1811 1704 1867 David
1733 1807 1975 1879 promisit

393 1929 553 1984 Deus.
581 1923 698 1979 Noli
729 1919 924 1980 dicere,
949 1915 1115 1970 Filius
1143 1927 1258 1967 sum
1292 1908 1478 1970 David,
1511 1907 1554 1960 si
1586 1905 1895 1974 dcgeueras.
1916 1899 1971 1954 Si

392 2019 563 2078 Judaei
587 2016 716 2072 illud
749 2028 853 2068 non
885 2010 1100 2074 dicunt,
1137 2005 1224 2075 qui
1257 2003 1322 2057 de
1357 2002 1467 2071 ipsa
1502 1999 1667 2066 stirpe
1707 1994 1816 2048 nati
1853 1999 1976 2046 sunt

395 2113 535 2182 (imo
561 2109 741 2163 dicunt
780 2102 935 2167 illud,
968 2098 1060 2154 sed
1099 2097 1343 2150 delirant.
1381 2094 1576 2160 Aperte
1609 2089 1750 2142 enim
1790 2085 1975 2138 Domi-

398 2173 498 2258 in...
527 2200 640 2253 ait:
683 2197 741 2251 Si
785 2194 878 2262 tua
922 2189 1139 2243 Abt-aha:
1181 2185 1329 2248 estis,
1377 2186 1511 2252 facta
1566 2177 1778 2231 Abrahae
1830 2173 1978 2243 facile

395 2294 582 2368 Uttan.
612 2305 700 2344 vut
722 2330 736 2354 ,
764 2283 876 2357 '59].
914 2282 1037 2337 lude
1073 2279 1194 2334 illos
1233 2273 1442 2343 negavit
1471 2271 1606 2324 lilios
1627 2309 1642 2334 ,
1695 2267 1814 2336 quia
1844 2264 1974 2318 facta

397 2355 505 2443 non.
527 2383 788 2438 faciebant
803 2355 852 2448 )i
868 2390 964 2430 nos
984 2368 1250 2444 quomodo
1272 2382 1367 2420 nos
1389 2365 1612 2418 dicimus
1635 2360 1770 2412 filios
1792 2355 1972 2416 David,

397 2479 484 2550 qui
528 2476 594 2529 de
639 2472 755 2541 ejus
794 2469 960 2536 stirpe
1014 2479 1117 2517 non
1163 2472 1346 2513 sumus
1408 2451 1696 2509 secundum
1727 2446 1980 2502 carnem?

399 2538 581 2625 Iicstat
603 2538 775 2618 utvlilii
804 2575 908 2614 nou
938 2557 1124 2618 simus,
1144 2552 1243 2606 nisi
1274 2545 1528 2603 imitando
1559 2543 1736 2604 fidem,
1766 2538 1864 2593 nisi
1891 2553 1982 2591 co-

399 2660 556 2716 lendo
591 2659 753 2711 Deum
775 2695 790 2718 ,
833 2652 968 2704 sicut
1001 2646 1088 2700 ille
1128 2641 1307 2697 coluit.
1348 2639 1400 2694 Si
1437 2651 1563 2704 ergo
1592 2632 1731 2703 quod
1762 2629 1851 2683 tibi
1889 2643 1982 2698 per

399 2753 614 2821 stirpem
658 2761 762 2800 non
791 2754 1004 2811 speras,
1035 2752 1128 2807 per
1156 2732 1292 2786 facta
1322 2744 1427 2783 non
1456 2726 1537 2780 vis
1577 2720 1819 2790 assequi;
1849 2732 1981 2786 quo-

401 2806 560 2894 modo
604 2839 654 2890 in
703 2845 753 2889 tc
796 2806 1145 2898 complebitur
1192 2822 1311 2890 quia
1353 2816 1561 2872 sedebis
1602 2825 1764 2881 super
1801 2806 1980 2862 sedem

406 2929 610 2985 David?
641 2936 694 2980 et
733 2925 776 2977 si
821 2936 925 2975 non
962 2919 1013 2972 in
1054 2926 1102 2970 te
1141 2909 1517 2980 complcbitur,
1543 2911 1694 2974 putas
1726 2899 1848 2969 quia
1877 2913 1981 2951 non

402 3016 793 3088 cmnplebitur?
819 3014 886 3067 Et
905 3007 1170 3080 quomodo
1195 3002 1398 3057 invenit
1424 3014 1539 3053 eam
1567 2997 1622 3049 in
1648 2991 1850 3060 campis
1876 2989 1984 3044 sal—

405 3083 551 3165 tuum
569 3110 592 3161 ’ἔ
621 3119 675 3162 et
702 3101 968 3176 quomodo
997 3103 1254 3152 steteratin
1284 3090 1444 3161 pedes
1471 3086 1622 3156 ejus?
1650 3083 1984 3150 Qualiscum-

405 3218 507 3277 que
537 3215 663 3269 ergo
692 3195 870 3257 fueris,
904 3191 989 3246 illa
1017 3188 1206 3242 domus
1228 3182 1408 3237 stabit.

477 3294 566 3350 2t.
602 3267 760 3368 lrers.
792 3283 902 3362 1.7).]
928 3280 1177 3354 Quoniam
1210 3274 1351 3351 elegit
1376 3269 1622 3332 Domitius
1654 3267 1815 3336 Sion;
1855 3287 1960 3340 pra:

409 3389 550 3457 elegit
577 3402 686 3439 eam
711 3385 763 3436 in
794 3380 1145 3434 habitationem
1171 3373 1282 3426 sibi.
1311 3373 1437 3425 Sion
1469 3369 1579 3436 ipsa
1606 3375 1687 3420 est
1721 3362 1978 3426 Ecclesia,

411 3483 520 3551 ipsa
566 3488 649 3534 est
687 3486 740 3531 et
782 3475 869 3530 illa
895 3471 1191 3527 Jerusalem
1219 3464 1284 3520 ad
1314 3462 1464 3533 cujus
1493 3475 1672 3530 pacem
1699 3456 1992 3519 currimus,

411 3589 527 3644 qua:
558 3586 662 3626 non
693 3569 744 3622 in
776 3565 1020 3635 Angelis,
1055 3561 1147 3615 sed
1188 3559 1238 3612 in
1269 3556 1420 3610 nobis
1455 3551 1840 3622 peregrinatur,
1872 3562 1990 3616 (pne

416 3679 480 3719 ex
517 3671 666 3731 parte
706 3657 923 3712 meliore
961 3659 1231 3720 exSpectat
1265 3656 1465 3716 partem
1502 3639 1822 3703 redituram;
1854 3635 1996 3692 unde.

414 3728 564 3808 nobis
594 3751 807 3805 Littera:
832 3751 1114 3805 venerunt,
1141 3754 1257 3808 qua:
1282 3735 1516 3808 quotidie
1544 3734 1851 3786 recitantur.
1879 3728 1992 3796 Ipsa

416 3845 625 3904 civitas,
653 3843 762 3910 ipsa
792 3849 874 3893 est
898 3839 1044 3900 Sion,
1079 3849 1232 3903 quam
1267 3827 1533 3899 praeelegit
1561 3824 1832 3877 Dominus.

484 3936 573 3990 22.
615 3932 782 4006 [vers.
813 3926 942 4000 14.]
979 3926 1098 3979 Httc
1138 3923 1328 3991 requies
1374 3934 1481 3970 mea
1510 3916 1562 3967 in
1601 3913 1787 3967 strcula
1829 3925 1991 3962 stetit»

420 4028 600 4081 larunt.
650 4023 766 4077 Jam
811 4019 900 4073 Dei
943 4017 1102 4070 verba
1149 4021 1290 4068 sunt.
1337 4008 1550 4077 Requies
1601 4019 1740 4066 mea;
1791 4000 1860 4053 ibi
1908 4013 1994 4052 re-

420 4120 650 4188 quiesco.
689 4113 954 4182 Quantum
992 4121 1091 4161 nos
1133 4111 1274 4156 amat
1303 4100 1441 4153 Deus
1465 4137 1479 4160 ,
1523 4095 1738 4156 fratres,
1782 4099 1838 4142 ut
1876 4088 1996 4157 quia

423 4225 516 4264 nos
560 4203 978 4274 requiescimus,
1019 4212 1077 4251 se
1119 4195 1260 4249 dicat
1303 4185 1666 4258 requiescere!
1709 4182 1823 4236 Non
1858 4182 1998 4234 enim

424 4299 532 4369 ipse
575 4267 860 4366 aliquando
891 4290 1152 4352 turbatur,
1193 4293 1285 4336 aut
1322 4283 1398 4334 sic
1445 4275 1758 4348 requiescit;
1802 4271 1895 4326 sed
1927 4267 1998 4324 ibi

422 4407 477 4446 se
504 4391 633 4446 dicit
664 4387 1018 4455 requiescere,
1044 4379 1164 4449 quia
1188 4392 1282 4430 nos
1314 4374 1366 4428 in
1397 4373 1485 4426 illo
1520 4369 1752 4437 requiem
1781 4362 1999 4418 habebi-

423 4495 557 4536 mus.
591 4477 687 4532 Hic
713 4473 972 4536 habitabo,
995 4469 1230 4541 quoniant
1261 4463 1489 4532 prceelegi
1518 4477 1647 4514 eam.

490 4573 582 4626 25.
643 4569 821 4642 [vers.
867 4563 991 4635 15.]
1052 4561 1268 4615 Viduam
1306 4559 1414 4628 ejus
1461 4553 1751 4607 benedicens
1801 4548 2002 4604 benedi-

426 4682 564 4730 cam,
595 4672 639 4716 et
668 4673 910 4730 pauperes
940 4657 1047 4721 eius
1081 4649 1315 4705 saturabo
1347 4647 1580 4717 panibus.
1617 4641 1800 4696 Omnis
1829 4639 2002 4692 anima

427 4773 542 4826 qua:
581 4752 826 4821 intelligit
865 4764 921 4802 se
970 4749 1233 4800 desertam
1261 4740 1403 4796 omni
1449 4737 1665 4799 auxilio,
1716 4733 1813 4787 nisi
1839 4731 2004 4786 solius

432 4823 542 4912 Dei,
577 4844 731 4899 vidua
773 4849 875 4896 est.
930 4835 1207 4904 Quomodo
1245 4833 1384 4886 enim
1431 4827 1714 4898 Apostolus
1758 4823 2005 4878 describit

429 4935 674 4992 viduam?
699 4933 825 5000 Qua:
845 4939 1010 4984 autem
1029 4943 1139 4979 vere
1165 4924 1312 4978 vidua
1333 4930 1400 4975 est
1418 4929 1463 4973 et
1490 4916 1732 4978 desolata,
1751 4913 1963 4985 speravit
1984 4911 2005 4942 ³

428 5031 478 5082 in
508 5026 804 5081 Dominum.
831 5019 1029 5090 Agebat
1057 5025 1230 5068 autem
1256 5012 1320 5066 de
1347 5011 1460 5062 istis
1483 5007 1649 5061 viduis
1671 5021 1800 5074 quas
1819 5017 2006 5057 omnes

429 5120 654 5174 dicimus
692 5113 713 5145 ⁸
744 5115 793 5166 in
825 5108 1081 5165 Ecclesia.
1118 5105 1329 5159 Dixerat
1355 5109 1528 5154 autem
1551 5138 1564 5159 ,
1591 5095 1716 5161 Qua:
1739 5095 1790 5146 in
1817 5092 2006 5146 deliciis

429 5210 568 5280 agit;
599 5206 764 5260 vivens
795 5211 988 5254 mortua
1015 5207 1121 5260 est;
1162 5202 1216 5248 et
1241 5209 1344 5246 non
1374 5189 1514 5242 illam
1548 5184 1843 5240 numeravit
1871 5183 2008 5235 inter

431 5302 635 5354 viduas.
683 5293 998 5348 Describens
1042 5295 1218 5340 autem
1250 5282 1433 5335 viduas
1462 5287 1701 5341 sanctas,
1740 5273 1862 5341 quid
1902 5272 2007 5324 ait?

434 5391 559 5458 Qua:
579 5396 743 5440 autem
761 5399 869 5436 vere
887 5380 1036 5434 vidua
1064 5386 1135 5431 est
1166 5383 1210 5428 et
1239 5373 1483 5435 desolata,
1510 5367 1724 5438 speravit
1752 5366 1804 5417 itt
1832 5363 2008 5416 Domi-

495 5506 514 5536 ί
537 5503 610 5551 sic
631 5499 813 5560 aliquot
833 5503 938 5544 MSS.
965 5493 1160 5552 Qtndam
1180 5499 1318 5545 vero,
1343 5481 1593 5550 prtcdixt‘t.
1636 5479 1723 5528 Alii
1745 5491 1853 5528 cum
1873 5475 2008 5536 Edd.,

430 5560 732 5628 prwdicavit.

491 5604 734 5674 ﬁt}?
764 5625 816 5667 At
829 5617 962 5672 add,
985 5612 1094 5663 ideo
1110 5611 1156 5674 ei
1174 5606 1424 5674 juravit_et
1441 5604 1584 5674 discit.

494 5686 516 5719 ³
537 5660 921 5744 iiS'v'ITEpii-‘aiii
982 5660 1057 5724 et”
1071 5660 1210 5745 intra,
1244 5668 1462 5745 persistet
1494 5666 1544 5716 in
1573 5660 1808 5745 precibus.
1831 5667 2006 5745 At‘ttm.

430 5754 504 5796 εν.
534 5730 594 5797 6i
604 5730 734 5801 uss;
755 5736 980 5803 speravit,
1005 5732 1227 5798 persistit,
1247 5730 1400 5793 juxta
1425 5740 1636 5791 graecum
1671 5731 1862 5775 textum
1888 5730 2008 5782 Apo-

430 5811 732 5928 wiug'cptem
756 5870 884 5922 .\tss.,
913 5858 1124 5906 dixerat.

1504 424 1899 486 ENARBATIO
1938 423 1998 477 IN
2041 421 2353 478 [’SALMUM
2381 423 2620 480 CXXXI.

3507 427 3526 479 l
3540 424 3641 478 726

2068 549 2187 587 num
2207 577 2222 599 ,
2247 545 2293 589 et
2326 537 2544 606 persistit
2575 539 2626 590 in
2656 535 2881 609 precibus
2906 546 2950 590 et
2977 535 3396 590 obsecrationibus
3420 549 3562 591 nocte
3590 551 3650 591 ac

2067 626 2166 679 die.
2192 625 2266 680 lbi
2293 627 2534 696 subjecit,
2557 627 2681 693 Quae
2704 637 2870 681 autem
2892 629 2942 680 in
2965 627 3156 685 deliciis
3183 628 3307 698 agit,
3336 629 3500 682 vivens
3517 646 3653 684 mor-

2069 726 2154 770 tua
2178 727 2250 772 est
2273 716 2312 789 (I
2336 717 2470 773 Tim.
2495 733 2551 784 v,
2571 719 2623 781 5,
2645 717 2722 792 6).
2743 719 2893 774 Unde
2921 734 3048 789 ergo
3066 718 3220 772 vidua
3253 719 3367 772 est?
3389 719 3519 787 Quia
3548 735 3653 775 non

2071 809 2230 863 habet
2261 809 2514 862 auxilium
2544 809 2775 875 aliunde,
2809 811 2907 863 nisi
2936 809 3100 864 solius
3131 809 3246 864 Dei.
3275 809 3378 862 Illa.-
3406 826 3522 877 qua:
3555 811 3652 864 Ita-

2069 899 2197 954 bent
2245 900 2426 965 viros,
2469 900 2619 967 quasi
2665 900 2977 974 superbiant
3021 900 3088 954 de
3133 900 3328 954 auxilio
3359 900 3589 954 virm-um
3635 917 3650 953 :

2071 990 2294 1046 desertae
2339 991 2585 1046 videnlur
2623 992 2793 1044 viduae
2816 1032 2832 1057 ,
2879 1003 2932 1045 et
2968 991 3238 1046 robustius
3275 1001 3358 1045 est
3394 993 3651 1047 auxilium

2073 1095 2274 1134 earum.
2295 1080 2435 1149 Ergo
2459 1089 2565 1134 tota
2591 1081 2823 1135 Ecclesia
2847 1096 2952 1135 una
2974 1081 3128 1134 vidua
3153 1092 3255 1144 est,
3287 1084 3396 1134 sive
3425 1081 3478 1136 in
3505 1083 3652 1147 viris,

2073 1172 2184 1225 sive
2213 1172 2264 1224 in
2303 1171 2512 1227 feminis
2532 1213 2548 1239 ,
2580 1174 2692 1227 sive
2722 1173 2773 1226 in
2805 1173 3098 1242 conjugatis
3121 1213 3137 1237 ,
3170 1173 3280 1226 sive
3319 1173 3369 1226 iu
3401 1174 3658 1228 maritalis

2073 1262 2315 1326 feminis,
2349 1263 2458 1317 sive
2491 1265 2542 1317 in
2569 1264 3031 1330 adolescentibus,
3057 1265 3169 1320 sive
3201 1265 3250 1317 in
3279 1265 3516 1327 senibus,
3547 1267 3624 1317 siv
3651 1292 3657 1300 -

2074 1353 2128 1408 in
2153 1353 2442 1425 virginibus
2468 1372 2482 1410 :
2506 1357 2679 1409 omnis
2720 1355 2952 1409 Ecclesia
2984 1372 3082 1408 una
3111 1355 3264 1408 vidua
3297 1366 3376 1410 est
3404 1397 3417 1416 ,
3447 1354 3658 1408 deserta

2075 1445 2129 1499 in
2163 1446 2261 1499 hoc
2289 1446 2517 1510 sa'culo,
2567 1446 2610 1500 si
2654 1448 2816 1499 sentit
2861 1445 3026 1508 illud,
3070 1447 3113 1500 si
3161 1447 3307 1500 novit
3350 1447 3660 1500 viduitatem

2076 1551 2260 1602 suam;
2312 1549 2436 1592 tunc
2475 1539 2619 1594 enim
2664 1539 2918 1591 auxilium
2969 1547 3161 1607 prarslo
3203 1548 3284 1592 est
3332 1538 3426 1591 illi.
3472 1537 3660 1592 Nonne

2076 1631 2360 1699 agnoscitis
2420 1631 2572 1683 istam
2625 1629 2834 1682 viduam
2879 1629 2930 1681 in
2964 1629 3276 1696 Evangelio,
3304 1627 3495 1681 fratres
3524 1629 3659 1692 mei,

2078 1736 2198 1775 cum
2227 1722 2432 1776 diceret
2464 1722 2720 1774 Dominus
2748 1730 2995 1788 oportere
3023 1735 3232 1786 semper
3256 1709 3448 1782 orare,
3479 1729 3532 1772 et
3557 1734 3660 1771 non

2077 1811 2308 1866 deiicere
2330 1811 2354 1863 ?
2382 1811 2508 1864 Erat
2536 1811 2742 1879 quidunt
2757 1813 2921 1880 judex
2945 1810 2996 1862 in
3023 1811 3220 1861 civitate
3239 1848 3256 1875 ,
3281 1809 3446 1873 dixit,
3468 1809 3552 1875 qui
3575 1824 3663 1862 nec

2079 1901 2243 1955 Deunt
2270 1903 2508 1966 timebat,
2542 1918 2630 1955 nec
2659 1902 2910 1954 hominem
2937 1901 3278 1962 reverebatur;
3303 1909 3349 1952 et
3376 1898 3666 1969 interpella-

2080 1993 2163 2047 bat
2189 2010 2302 2046 eunt
2329 1993 2559 2062 quaedam
2582 1991 2729 2044 vidua
2750 1992 2970 2060 quotidie
2989 2033 3002 2055 ,
3030 2000 3074 2043 et
3096 1990 3308 2053 dicebat,
3351 1989 3561 2041 Vittdica
3590 2004 3668 2043 me

2081 2086 2144 2138 de
2171 2085 2459 2138 adversario
2498 2100 2625 2136 meo.
2670 2083 2736 2136 Et
2777 2082 3166 2149 interpellando
3195 2079 3430 2149 quotidie
3467 2079 3665 2145 vidua,

2080 2177 2238 2246 fregit
2267 2178 2433 2229 illum.
2464 2177 2546 2228 Ait
2571 2176 2702 2228 enint
2728 2175 2835 2242 ipse
2854 2175 3020 2244 judea:
3045 2173 3183 2241 apud
3203 2190 3270 2232 se,
3295 2174 3378 2242 qui
3400 2188 3487 2223 nec
3511 2170 3669 2224 Deum

2083 2269 2308 2333 timebat,
2340 2284 2428 2321 nec
2455 2267 2706 2320 hominem
2730 2266 3042 2319 revertebatur
3067 2281 3085 2318 :
3115 2264 3225 2317 Etsi
3257 2263 3436 2325 Deum,
3467 2279 3566 2316 non
3592 2265 3665 2315 ti-

2083 2377 2222 2424 meo,
2255 2376 2344 2412 nec
2374 2359 2625 2412 hominem
2652 2357 2884 2411 erubesco
2907 2396 2922 2420 ,
2964 2355 3041 2409 vel
3067 2365 3270 2424 propter
3299 2355 3502 2407 (adium
3539 2352 3670 2416 quod

2084 2452 2209 2504 mihi
2235 2452 2357 2522 facit
2383 2451 2481 2504 ista
2518 2449 2698 2511 vidua,
2736 2448 2996 2501 vindicabo
3035 2463 3164 2500 eam.
3197 2447 3252 2502 Si
3282 2445 3475 2498 audivit
3502 2443 3669 2513 judex

2087 2543 2264 2595 malus
2291 2541 2509 2594 viduam
2536 2582 2550 2605 ,
2581 2557 2647 2594 ne
2671 2539 2883 2593 ttcdiutu
2910 2548 3200 2608 pateretur;
3231 2537 3366 2590 Dens
3396 2554 3497 2589 nou
3527 2536 3670 2589 audit

2087 2631 2402 2698 Ecclesium,
2430 2647 2587 2701 quatn
2614 2630 2855 2685 hortatur
2879 2637 2937 2683 ut
2987 2629 3303 2698 deprecetur
3341 2625 3488 2699 (Luc.
3521 2640 3670 2691 xvut,

2088 2723 2244 2793 1-8)?

2156 2815 2246 2870 24.
2281 2814 2444 2878 ltem,
2472 2813 2728 2885 Pauperes
2754 2813 2862 2883 ejus
2889 2811 3124 2865 saturabo
3151 2809 3391 2879 panibus:
3422 2807 3543 2876 quid
3570 2817 3672 2873 est,

2088 2905 2320 2961 fratres?
2351 2906 2526 2961 Simus
2554 2920 2813 2974 pauperes
2837 2945 2851 2967 ,
2877 2912 2931 2956 ct
2959 2910 3082 2955 tunc
3113 2900 3486 2954 saturabimur.
3524 2898 3671 2952 Multi

2091 3008 2478 3069 praesumentes
2515 2997 2584 3051 de
2627 2995 2826 3050 sarculo
2854 3003 2909 3048 et
2938 2993 3184 3064 superbi,
3210 2991 3481 3045 christiani
3516 2999 3673 3056 sunt;

2089 3090 2315 3144 adorant
2339 3089 2633 3153 Christum,
2659 3089 2752 3142 sed
2785 3102 2889 3140 non
2919 3095 3255 3138 saturantur:
3282 3082 3497 3137 saturati
3530 3081 3671 3135 enim

2091 3193 2215 3240 sunt
2234 3226 2246 3245 ,
2272 3191 2326 3238 et
2344 3182 2615 3237 abundant
2642 3182 2692 3232 iu
2715 3179 2961 3247 superbia
2987 3193 3100 3229 sua.
3139 3176 3208 3227 De
3237 3174 3427 3228 talibus
3453 3174 3670 3237 dicitur,

2095 3275 2436 3352 Upprobrium
2455 3275 2522 3334 eis
2535 3276 2617 3348 qui
2637 3271 2914 3329 abundant,
2935 3279 2978 3321 et
2992 3267 3240 3340 despectio
3257 3263 3479 3336 superbis
3504 3262 3671 3335 (Paul.

2093 3391 2262 3439 cxxu,
2291 3373 2348 3446 4')
2379 3391 2392 3426 :
2419 3373 2504 3426 isti
2531 3370 2831 3431 abundant;
2855 3379 2909 3420 et
2937 3362 3056 3418 ideo
3083 3362 3422 3422 manducant,
3450 3358 3540 3413 sed
3572 3373 3675 3411 non

2093 3476 2420 3522 saturantur.
2469 3464 2534 3518 Et
2571 3462 2695 3532 quid
2734 3461 2800 3514 de
2842 3460 2946 3512 illis
2983 3457 3181 3510 dictqu
3220 3463 3303 3508 est
3341 3453 3392 3504 in
3435 3450 3676 3519 psalmo?

2096 3558 2533 3613 Manducaverunt
2582 3563 2627 3608 et
2664 3552 3018 3604 iadoraverunt
3067 3563 3236 3600 omnes
3284 3545 3456 3596 divites
3510 3553 3674 3594 ten-t2.

2097 3650 2331 3705 Adoraut
2361 3648 2626 3702 Christum
2648 3686 2662 3707 ,
2705 3650 3021 3696 venerantur
3050 3637 3315 3692 Clu-istum
3342 3678 3354 3697 ,
3379 3635 3678 3700 supplicant

2096 3741 2349 3802 Christo;
2397 3737 2490 3793 sed
2527 3752 2632 3788 non
2667 3742 2972 3788 saturantur
3010 3729 3266 3797 sapientia
3295 3735 3346 3777 et
3369 3725 3570 3792 justitia
3603 3723 3680 3789 ip-

2099 3831 2230 3884 sius.
2273 3828 2490 3896 Quarc?
2516 3826 2648 3892 Quia
2682 3840 2785 3877 non
2819 3831 2942 3875 sunt
2969 3833 3246 3887 pauperes.
3299 3816 3561 3881 Pauperes
3588 3828 3680 3864 au-

2101 3933 2242 3984 tem,
2289 3920 2341 3974 id
2386 3929 2468 3971 est
2512 3915 2740 3968 humiles
2783 3913 2976 3972 corde,
3028 3919 3225 3978 quanto
3266 3907 3381 3973 plus
3419 3905 3677 3962 csuriuut,

2102 4020 2246 4066 tanto
2289 4011 2410 4077 plus
2457 4006 2806 4066 manducant;
2851 4011 2994 4053 tanto
3025 4009 3198 4051 autem
3243 3999 3358 4064 plus
3396 3993 3678 4058 esuriuut,

2100 4110 2296 4171 quanto
2315 4115 2343 4152 a
2372 4096 2570 4151 sarculo
2594 4096 2778 4147 inanes
2795 4100 2934 4144 sunt.
2958 4089 3055 4156 Qui
3082 4089 3266 4156 plenus
3298 4093 3398 4148 est,
3423 4081 3678 4151 quidquid

2103 4193 2178 4248 illi
2223 4191 2442 4245 daturus
2479 4203 2572 4253 es,
2614 4183 2853 4253 reSpnit;
2911 4182 3028 4250 quia
3073 4179 3259 4248 plenus
3296 4186 3396 4229 est.
3441 4176 3512 4228 Da
3552 4173 3682 4226 mihi

2103 4282 2424 4338 esurientem
2450 4320 2464 4340 ,
2497 4276 2563 4330 da
2593 4274 2720 4328 mihi
2750 4273 2816 4327 de
2846 4271 3037 4340 quibus
3067 4269 3262 4322 dictum
3294 4275 3398 4331 est,
3429 4265 3570 4318 Beati
3598 4265 3685 4333 qui

2105 4371 2329 4427 esuriant
2357 4378 2402 4422 et
2432 4368 2602 4420 sitiunt
2621 4363 2898 4432 justitiam,
2929 4359 3167 4430 quoniam
3197 4357 3293 4428 ipsi
3324 4354 3686 4408 saturabttutur

2106 4467 2125 4535 (
2153 4465 2338 4518 Matth.
2371 4477 2428 4524 v,
2455 4460 2488 4514 6
2512 4460 2530 4528 )
2550 4477 2565 4523 ;
2588 4467 2640 4512 et
2666 4464 2822 4512 erunt
2844 4455 2893 4507 hi
2920 4465 3184 4523 pauperes
3212 4449 3280 4502 de
3305 4449 3497 4518 quibus
3529 4445 3688 4501 modo

2107 4556 2254 4619 dicit,
2283 4554 2346 4608 Et
2366 4566 2610 4621 pauperes
2635 4564 2743 4618 ejus
2760 4551 2992 4600 saturabo
3011 4543 3241 4614 panibus.
3263 4542 3394 4606 Quia
3423 4546 3474 4591 et
3502 4539 3550 4589 in
3572 4537 3685 4604 ipso

2108 4647 2312 4718 psalmo
2343 4644 2427 4697 ubi
2458 4643 2656 4696 dictum
2678 4648 2780 4703 est,
2813 4636 3243 4690 Manducaverunt
3271 4642 3322 4681 etv
3347 4630 3682 4680 adorueeruttt

2109 4753 2278 4791 omnes
2297 4734 2472 4787 divites
2502 4742 2676 4794 terrae;
2702 4729 2898 4783 dietqu
2925 4737 3006 4780 est
3034 4726 3138 4778 illic
3165 4734 3214 4775 et
3245 4721 3310 4774 de
3341 4717 3679 4786 [)aIIPL‘I'IlMIS,

2109 4841 2162 4885 et
2181 4841 2400 4900 prorsus
2426 4841 2490 4878 eo
2519 4823 2676 4878 modo
2710 4837 2814 4891 quo
2833 4829 2888 4873 et
2912 4820 2965 4872 in
2988 4819 3088 4870 isto
3117 4814 3337 4880 psalmo,
3367 4810 3528 4861 Ifdcut
3552 4823 3677 4875 pau-

2110 4897 2272 4993 peres,
2291 4929 2336 4973 et
2358 4918 2738 4975 suturabuntur,
2756 4922 2802 4964 et
2823 4909 3096 4963 laudabunt
3124 4903 3390 4956 Dominum
3409 4900 3492 4964 qui
3515 4897 3682 4962 requi-

2110 4988 2226 5065 runt
2251 5027 2360 5063 eum
2388 5006 2558 5072 (Psal.
2593 5021 2701 5066 xxt,
2732 5002 2822 5060 50.
2846 4999 2957 5066 ‘27).
2993 4996 3086 5050 Ubi
3111 4995 3306 5046 dictum
3326 5001 3426 5053 est,
3459 4988 3682 5041 Mantin-

2109 5109 2344 5155 caverunt
2371 5109 2415 5150 et
2439 5097 2776 5149 adoraveruut
2801 5104 2972 5142 omnes
2998 5087 3169 5138 divites
3195 5093 3373 5141 terrm;
3396 5082 3462 5134 ibi
3486 5079 3682 5131 dictum

2111 5190 2383 5255 est,Edent
2403 5202 2672 5257 pauperes,
2687 5192 2728 5234 et
2752 5179 3128 5234 saturabuutur.
3144 5176 3318 5244 Quare
3335 5171 3544 5240 quando
3561 5171 3684 5225 divi-

2114 5292 2191 5338 tes
2217 5280 2345 5334 dicti
2366 5287 2487 5331 sunt
2504 5276 2772 5335 adorasse,
2797 5267 3018 5323 saturati
3041 5283 3142 5318 non
3160 5265 3283 5318 dicti
3303 5273 3453 5323 sunt;
3478 5262 3690 5331 quando

2111 5382 2286 5425 autem
2334 5379 2590 5437 pauperes
2629 5361 2754 5415 dicti
2797 5367 2955 5420 sunt,
2998 5356 3219 5410 saturati
3263 5354 3386 5408 dicti
3434 5352 3593 5407 sunt?
3625 5351 3692 5406 Et-

2113 5461 2250 5516 uude
2271 5456 2528 5514 saturati?
2568 5454 2681 5507 haec
2700 5449 2970 5511 saturitas,
2997 5446 3206 5509 fratres,
3231 5445 3401 5515 qualis
3417 5442 3523 5496 e51?
3550 5442 3687 5492 Deus

2113 5555 2228 5625 ipse
2246 5561 2327 5606 est
2350 5550 2520 5620 panis.
2549 5546 2725 5608 Panis,
2744 5552 2800 5597 ut
2831 5541 2912 5596 Iac
2937 5540 3089 5596 nobis
3117 5538 3286 5602 fieret,
3317 5531 3591 5589 descendit
3619 5528 3688 5582 ad

2114 5656 2339 5702 terram:
2367 5651 2420 5696 et
2440 5642 2511 5694 ait
2531 5640 2640 5693 suis
2668 5656 2681 5692 :
2710 5630 2824 5706 Ego
2847 5651 2959 5688 sum
2981 5632 3124 5700 panis
3155 5631 3289 5682 vivus
3314 5668 3326 5689 ,
3357 5625 3443 5694 qui
3471 5623 3533 5674 de
3552 5621 3678 5674 ctelo

2116 5734 2343 5791 descendi
2362 5731 2542 5803 (Joan.
2559 5746 2630 5793 vt,
2650 5730 2707 5782 Η
2721 5729 2760 5797 ).
2784 5725 2906 5779 ldeo
2929 5724 3037 5778 illic
3051 5722 3101 5774 iu
3126 5719 3352 5788 psalmo,
3374 5713 3537 5768 Edent
3560 5726 3684 5779 pau-

2124 5841 2282 5898 peres,
2307 5833 2350 5876 et
2371 5798 2749 5878 saturabttntur.
2772 5817 2845 5870 De
2872 5829 2977 5885 quo
2997 5805 3361 5865 satiabuntur?
3392 5801 3528 5860 Audi
3547 5798 3700 5871 quod,
