4160 6462
557 376 692 430 179.7

554 493 794 561 sequitur
830 508 841 542 :
875 489 939 543 Et
975 488 1249 542 laudabunt
1284 487 1559 541 Dominum
1588 489 1672 556 qui
1707 489 1974 556 requirunt
2011 506 2144 542 ettm.

626 580 718 636 25.
765 581 945 634 Estotc
974 594 1099 645 ergo
1127 593 1384 647 pauperes
1406 620 1418 641 ,
1452 587 1622 632 estote
1650 579 1698 630 in
1733 578 1984 634 ntembris
2013 580 2150 634 illius

562 670 759 735 vidtur,
793 686 895 722 non
916 669 982 721 sit
1004 669 1255 721 auxilium
1287 679 1520 722 vestrum
1551 669 1649 721 nisi
1680 669 1731 722 iu
1761 685 1866 722 uno
1888 670 2016 724 Deo.
2047 671 2147 724 Pe-

559 763 715 814 cunia
761 760 888 812 nihil
931 769 1046 822 est;
1091 773 1193 811 non
1232 759 1355 813 inde
1393 759 1644 813 auxilium
1675 759 1954 814 habebitis.
1997 759 2145 814 Multi

564 858 779 917 propter
830 849 1106 916 pecuniam
1161 848 1470 916 prarcipitati
1520 857 1674 913 sunt,
1725 849 1876 902 multi
1932 859 2149 918 propter

564 940 838 1007 pecuniam
870 939 1145 1007 perierunt
1174 957 1186 992 :
1219 939 1365 990 multi
1399 948 1614 1006 propter
1635 939 1907 1008 pecuniam
1928 941 2147 992 multam

565 1028 773 1088 qumsiti
797 1038 918 1080 stitit
943 1045 971 1080 a
999 1030 1328 1096 raptoribus;
1359 1030 1451 1081 luti
1477 1038 1676 1093 essent,
1702 1030 1743 1081 si
1769 1045 1871 1081 non
1893 1029 2150 1083 haberem

564 1134 727 1187 quare
745 1129 1128 1186 qua-rerenlur.
1157 1119 1300 1172 Mulli
1321 1119 1386 1171 de
1406 1121 1588 1172 amicis
1613 1122 1998 1189 potentioribus
2017 1137 2149 1190 pra:-

562 1201 907 1277 sumpserunt
931 1227 944 1262 :
967 1210 1275 1264 cecidetuot
1305 1211 1373 1262 illi
1401 1210 1466 1263 de
1480 1209 1669 1278 quibus
1696 1220 2148 1280 prtrsumpserunt

562 1308 616 1352 et
660 1301 990 1354 involverunt
1016 1316 1108 1355 eos
1132 1304 1218 1370 qui
1242 1302 1308 1355 de
1338 1317 1396 1355 se
1438 1311 1909 1370 prtesumpsernnt.
1961 1303 2151 1372 Respi-

568 1391 672 1444 cite
710 1392 949 1460 exempla
972 1394 1180 1461 generis
1213 1392 1449 1445 humani.
1481 1392 1616 1459 Quid
1641 1408 1886 1462 tttagtttltn
1912 1392 2147 1461 estquod

566 1481 719 1535 Vobis
751 1483 984 1536 dicitur?
1028 1483 1141 1536 Neu
1174 1485 1345 1537 Solum
1375 1484 1440 1535 de
1469 1483 1549 1535 his
1575 1482 1866 1550 Scripturis
1894 1498 1953 1536 ea
1983 1482 2150 1552 loqui-

566 1588 716 1636 mur;
761 1574 914 1642 legite
940 1591 997 1628 ea
1026 1575 1075 1627 in
1104 1575 1231 1627 orbe
1258 1585 1539 1627 terrarmn.
1579 1574 1850 1627 Attenditc
1881 1588 1985 1626 non
2017 1589 2149 1639 pne-

570 1681 782 1719 sumere
812 1668 878 1720 tle
912 1669 1149 1734 pecunia,
1202 1667 1268 1720 de
1310 1667 1481 1719 amico
1537 1666 1784 1727 homine,
1835 1665 1901 1718 de
1947 1665 2150 1719 honore

565 1765 616 1809 ct
651 1757 902 1826 jactantia
949 1758 1150 1811 surculi.
1192 1757 1343 1810 Tolle
1389 1758 1482 1809 ista
1524 1758 1699 1810 otnnia
1727 1774 1739 1810 :
1771 1757 1862 1810 sed
1896 1756 1940 1809 si
1986 1756 2151 1810 habes

566 1848 678 1912 illa,
704 1864 799 1914 age
833 1849 937 1901 Deo
966 1851 1162 1918 gratias
1191 1849 1232 1901 si
1255 1849 1553 1902 ctmtemnis
1585 1849 1689 1900 illa.
1717 1849 1770 1902 Si
1798 1857 1974 1901 autem
2002 1847 2152 1901 inﬂa-

570 1939 642 1990 ris
667 1939 810 2002 inde,
841 1940 943 1992 noli
968 1939 1242 1994 attendere
1268 1940 1476 2008 quando
1501 1939 1605 1993 eris
1636 1939 1812 2009 prteda
1844 1939 2147 2004 hominum;

563 2027 674 2094 jam
702 2028 912 2082 diabolo
954 2029 1129 2097 pra-da
1173 2045 1249 2083 es.
1283 2031 1337 2082 Si
1374 2040 1550 2083 autem
1603 2029 1670 2083 de
1715 2029 1796 2082 his
1840 2030 1999 2083 rebus
2043 2045 2150 2082 non

566 2122 988 2188 pra-smnpseris.
1020 2121 1125 2174 eris
1155 2122 1203 2174 in
1235 2122 1487 2174 membris
1527 2121 1670 2174 illius
1699 2121 1888 2182 vidum,
1919 2137 2036 2190 qua!
2068 2129 2148 2173 est

565 2212 799 2265 Euelesia
821 2254 835 2276 ,
878 2213 943 2265 de
968 2229 1068 2280 qua
1097 2212 1298 2268 dictum
1331 2223 1431 2278 est,
1467 2212 1682 2265 Viduam
1711 2214 1820 2281 ejus
1853 2213 2149 2266 benedicens

565 2305 852 2358 benedicam
879 2321 897 2358 :
923 2307 1032 2360 eris
1057 2316 1110 2360 et
1132 2321 1346 2375 pauper,
1379 2305 1445 2359 de
1469 2306 1712 2375 qualibus
1734 2306 1930 2359 dictum
1955 2315 2056 2369 est,
2083 2304 2150 2358 Et

563 2411 808 2463 pauperes
824 2396 933 2465 ejus
950 2397 1186 2448 saturabo
1209 2396 1439 2465 panibus.

633 2486 722 2542 26.
752 2488 1048 2557 Aliquando
1076 2497 1252 2542 autem
1275 2529 1290 2554 ,
1319 2487 1458 2555 quod
1491 2503 1595 2542 non
1625 2495 1709 2542 est
1737 2487 2146 2556 prtetcrn'titten-

563 2578 686 2631 dum
720 2579 915 2646 dicere,
952 2581 1156 2634 invenis
1185 2595 1473 2651 pauperem
1510 2578 1818 2648 superbmn,
1843 2588 1897 2632 et
1930 2577 2146 2631 divitem

566 2668 818 2724 humilem
853 2687 864 2722 :
917 2671 1151 2738 quotidie
1196 2670 1425 2740 patimur
1471 2671 1620 2723 tales.
1657 2668 1820 2722 Audis
1861 2683 2147 2738 pauperem

571 2760 719 2828 quasi
742 2770 1042 2829 gementem
1075 2762 1174 2814 sub
1198 2761 1360 2814 divite
1381 2805 1394 2824 ,
1419 2769 1470 2814 et
1499 2760 1708 2830 quando
1737 2759 2000 2828 potentior
2027 2775 2148 2828 pre-

567 2849 666 2902 mit.
694 2850 862 2908 dives.
899 2860 1022 2904 tunc
1051 2852 1194 2904 illtun
1226 2851 1479 2904 humilem
1513 2850 1660 2906 vides
1693 2866 1706 2903 :
1739 2850 2023 2920 aliquando
2052 2864 2150 2904 nec

564 2949 688 2993 tunc
709 2982 723 3004 ,
751 2939 844 2994 sed
873 2950 924 2994 et
953 2953 1075 2994 tunc
1116 2942 1434 3010 superbum;
1467 2942 1605 2995 unde
1638 2941 1786 2995 vides
1823 2942 1942 3010 quis
1973 2950 2145 3006 esset,

558 3031 606 3083 si
631 3031 828 3100 aliquid
859 3031 1094 3086 haberet.
1120 3033 1257 3101 Ergo
1281 3047 1480 3100 pauper
1508 3032 1599 3085 Dei
1627 3033 1676 3085 iu
1706 3017 1883 3084 animo
1911 3039 2011 3094 est,
2040 3046 2146 3084 non

566 3119 617 3172 in
647 3123 876 3177 sacculo.
909 3122 1155 3177 Procedit
1185 3122 1469 3191 aliquando
1507 3121 1668 3176 homo
1710 3121 1908 3175 habens
1939 3121 2147 3190 plenam

564 3208 810 3276 domum,
845 3212 1036 3266 uberes
1074 3221 1278 3277 terras,
1327 3211 1489 3265 multa
1523 3211 1746 3280 prardia,
1779 3211 2002 3264 multum
2033 3210 2148 3263 auri

561 3307 616 3352 et
641 3302 867 3370 argenti,
897 3304 1044 3355 novit
1071 3303 1189 3371 quia
1220 3305 1271 3356 in
1303 3302 1430 3371 ipsis
1459 3317 1559 3355 non
1589 3311 1672 3356 est
1700 3300 2145 3370 prtcsumendum,

567 3390 811 3445 humiliat
840 3409 898 3447 se
926 3395 1066 3457 Deo,
1103 3394 1227 3448 facit
1256 3395 1376 3448 indu
1404 3395 1568 3457 bene;
1611 3395 1680 3447 ita
1720 3409 1812 3447 cor
1840 3395 2003 3462 ipsius
2037 3393 2148 3447 crio

564 3483 705 3549 gitur
741 3483 804 3534 ad
836 3484 1020 3545 Deum,
1048 3494 1104 3536 ιιι
1133 3485 1337 3538 noverit
1381 3487 1504 3553 quia
1545 3502 1647 3538 non
1691 3485 1860 3537 solum
1903 3485 2034 3537 nihil
2073 3484 2146 3537 illi

566 3581 788 3641 prosunt
813 3571 1007 3626 divitia:
1040 3575 1195 3641 ipsze,
1229 3574 1320 3626 sed
1358 3584 1407 3626 et
1450 3573 1738 3641 impediunt
1774 3574 1935 3641 pedes
1962 3573 2145 3641 ipsius,

569 3661 666 3714 nisi
712 3661 799 3715 ille
833 3671 978 3730 regat
1017 3671 1074 3716 et
1114 3664 1198 3717 ille
1240 3665 1517 3717 subveniat
1548 3682 1559 3716 :
1585 3675 1636 3716 et
1667 3673 1973 3717 numeratur
2013 3666 2148 3719 inter

569 3766 826 3819 pauperes
857 3753 944 3822 qui
976 3763 1280 3807 saturantur
1308 3753 1548 3823 panibus.
1577 3753 1786 3807 lnvcuis
1810 3755 1968 3807 alium
1999 3771 2142 3809 mru-

566 3843 741 3895 tlicum
794 3843 1030 3897 inﬂatum
1056 3884 1070 3909 ,
1115 3854 1205 3898 aut
1245 3845 1363 3898 ideo
1406 3860 1508 3898 non
1559 3846 1834 3907 inﬂatum,
1866 3845 1984 3914 quia
2018 3847 2146 3900 nihil

567 3935 752 4000 habet,
777 3951 1099 4001 quzerentem
1131 3945 1306 3991 tamen
1339 3937 1477 3990 unde
1511 3937 1750 3990 inﬂetur.
1773 3936 1889 3989 Non
1920 3938 2147 3992 attendit

568 4026 708 4080 Dt'llS
744 4026 1042 4082 facoltatem
1069 4069 1083 4094 ,
1131 4027 1222 4083 sed
1268 4029 1607 4096 cupiditatem
1640 4045 1653 4081 :
1686 4037 1734 4082 et
1777 4028 1977 4096 judicat
2023 4044 2143 4083 cum

565 4118 853 4170 secuntlmu
883 4120 1222 4187 cupiditatem
1244 4134 1344 4188 qua
1369 4120 1534 4172 inhiat
1558 4119 1717 4173 rebus
1746 4121 2142 4188 temporalibus,

563 4223 668 4261 non
690 4211 978 4264 secundum
1003 4211 1327 4277 lacullatem,
1351 4227 1506 4279 quam
1543 4229 1644 4265 non
1676 4213 1722 4265 ei
1751 4213 2003 4282 cootingit
2033 4213 2145 4267 adi—

562 4301 712 4369 pisci.
759 4301 907 4355 Unde
951 4303 1018 4356 de
1058 4303 1308 4356 divitibus
1350 4303 1479 4357 dicit
1520 4303 1802 4370 Apostolus
1837 4321 1848 4356 :
1892 4302 2144 4358 Divitibus

559 4391 713 4460 hujus
741 4394 913 4446 stcculi
938 4395 1153 4462 pratcipe
1179 4412 1278 4447 non
1303 4395 1514 4465 superbe
1534 4411 1728 4465 sapere,
1753 4412 1909 4464 neque
1938 4412 2141 4465 sperare

563 4482 616 4534 in
643 4482 831 4535 incerto
857 4483 1174 4550 divitiarum,
1205 4486 1292 4538 sed
1320 4486 1370 4538 in
1393 4485 1494 4538 Deo
1514 4488 1638 4552 vivo,
1670 4487 1755 4556 qui
1782 4487 1920 4539 nobis
1940 4495 2142 4554 pt'wstat

558 4573 724 4624 omnia
765 4573 1079 4628 abundanter
1107 4576 1174 4628 ad
1191 4576 1477 4646 fruendum.
1520 4577 1654 4642 Quid
1685 4591 1812 4645 ergo
1843 4578 2034 4631 iaciant
2073 4577 2140 4633 de

557 4663 754 4718 divitiis
792 4667 942 4722 suis?
969 4666 1218 4738 Sequitur
1241 4679 1292 4722 et
1322 4669 1448 4726 dicit
1467 4688 1478 4723 :
1497 4669 1685 4721 Divites
1710 4669 1808 4721 sint
1834 4670 1885 4721 in
1909 4669 2140 4738 operibus

557 4756 734 4820 bonis;
764 4760 915 4828 facile
955 4760 1203 4825 tribuant,
1234 4761 1616 4814 communicent.
1651 4761 1711 4813 Et
1746 4761 1865 4814 vide
1892 4764 2014 4830 quia
2055 4763 2138 4818 hic

559 4863 815 4916 pauperes
851 4859 1014 4904 sunt:
1053 4850 1434 4916 Thesaurizent,
1477 4851 1664 4920 inquit,
1702 4851 1796 4905 sibi
1833 4853 2136 4924 fundamen-

557 4949 660 4992 tum
690 4940 872 4994 bonum
915 4943 965 4996 in
1007 4945 1251 5010 futurum,
1285 4952 1336 4995 ut
1373 4943 1750 5012 apprehendant
1791 4961 1956 4996 veram
1985 4947 2137 4998 vitam

559 5033 572 5095 (
599 5029 614 5081 1
639 5030 773 5084 Ti-n.
799 5049 879 5097 γι,
909 5034 972 5087 17
1009 5033 1131 5103 19).
1167 5035 1295 5088 Cum
1328 5033 1798 5103 apprehenderint,
1832 5045 1953 5088 tunc
1979 5046 2135 5089 erunt

553 5120 775 5186 divites;
804 5125 1015 5193 quando
1043 5134 1218 5180 autem
1244 5140 1344 5179 non
1373 5142 1487 5178 eam
1517 5125 1691 5179 adhuc
1720 5126 1934 5190 habent,
1969 5143 2133 5181 nove-

553 5211 730 5264 rintse
753 5229 1032 5282 pauperes.
1057 5215 1130 5269 lta
1160 5215 1212 5268 lit
1245 5227 1303 5268 ut
1329 5230 1514 5270 omnes
1537 5214 1764 5269 humiles
1786 5215 1966 5278 corde,
1997 5224 2050 5270 et
2080 5216 2131 5271 in

551 5301 813 5357 charitate
858 5307 1066 5373 gemina
1106 5307 1118 5328 '
1157 5307 1492 5371 constitutos,
1547 5305 1800 5375 quidquid
1850 5305 2133 5361 habuerint

553 5392 605 5445 in
640 5391 740 5446 hoc
780 5395 1009 5459 saaculo,
1058 5396 1192 5449 inter
1228 5412 1486 5468 pauperes
1526 5412 1651 5452 suos
1691 5406 1934 5451 numeret
1970 5397 2128 5462 Deus,

547 5498 680 5553 quos-
712 5493 912 5537 saturat
936 5486 1180 5554 panibus.

616 5574 705 5627 27.
739 5573 900 5646 [νει-δ.
936 5576 1022 5640 16,
1060 5575 1177 5650 l7.]
1209 5579 1503 5634 Sacerdotes
1525 5583 1633 5647 eius
1655 5581 1864 5634 induant
1891 5580 2125 5647 salutari,

546 5671 593 5716 et
634 5665 796 5718 sancti
835 5669 944 5736 ejus
990 5669 1324 5724 exsultatione
1366 5674 1703 5726 exsultabant.
1758 5671 1875 5728 Jam
1926 5672 1977 5728 in
2026 5673 2130 5729 ﬂue

611 5797 846 5858 ‘sictov.
875 5797 920 5848 ,ιι
949 5804 1060 5852 ΒΜ.
1083 5805 1160 5853 alii
1188 5814 1237 5856 et
1264 5813 1389 5866 Mss,
1417 5819 1659 5869 geminae.

1821 375 1877 429 S.
1921 377 1961 430 Α
1971 376 2284 434 ιιαυδτιΝι
2325 378 2621 438 EPISCOPI

3681 405 3695 456 ι
3709 406 3790 463 7'23

2261 491 2458 548 Psalmi
2486 501 2699 562 sumus;
2720 498 2989 566 paululmn
3011 500 3496 562 advertatharitas
3514 523 3688 568 vestra.
3710 519 3792 573 Sa.

2255 586 2478 638 cerdotes
2509 587 2617 654 ejus
2641 588 2852 642 induam
2875 591 3109 657 salutari,
3138 604 3182 646 et
3206 598 3363 649 sancti
3380 600 3484 668 ejus
3498 604 3789 666 exsultatione

2256 675 2594 728 exsultabant.
2621 677 2751 744 Quis
2798 689 2881 734 est
2939 682 3186 736 salutaris
3218 696 3415 753 noster,
3453 692 3548 744 nisi
3590 694 3795 754 Christus

2257 768 2475 820 noster?
2505 767 2639 832 Quid
2671 780 2750 824 est
2777 787 2903 841 ergo
2924 816 2936 836 ,
2968 773 3268 831 Sacerdotes
3307 782 3416 852 ejus
3444 785 3636 841 induam
3677 795 3795 847 salu-

2258 857 2390 910 tari?
2433 858 2689 930 Quotquot
2731 863 2782 915 in
2823 862 3022 919 Christo
3046 866 3285 936 baptizati
3309 874 3424 924 estis
3446 915 3459 936 ,
3487 874 3714 933 Christum
3731 883 3796 937 in-

2256 948 2434 1002 tluistis
2463 948 2655 1020 (Galat.
2685 969 2760 1015 ιιι,
2787 954 2898 1024 27).
2926 955 2992 1009 Et
3013 959 3177 1010 sancti
3187 961 3294 1028 ejus
3315 965 3633 1021 exsultatione.
3654 977 3795 1029 exsul-

2258 1037 2449 1091 tabant.
2471 1040 2621 1096 Unde
2642 1045 2960 1099 exsultabant
2977 1065 3028 1101 ea
3041 1049 3344 1104 sultatione?
3363 1054 3493 1120 Quia
3523 1059 3671 1113 induti
3696 1076 3797 1120 sunt

2256 1129 2473 1184 salutari
2502 1149 2639 1186 :non
2672 1135 2722 1188 in
2755 1151 2832 1190 se.
2863 1138 2974 1192 Lux
3005 1141 3145 1194 enim
3176 1141 3296 1196 facti
3329 1146 3369 1209 ⁸,
3398 1148 3486 1199 sed
3511 1150 3556 1202 in
3586 1151 3793 1219 Domino;

2257 1235 2376 1273 nam
2407 1232 2557 1276 erant
2585 1232 2706 1278 ante
2740 1228 2971 1282 tenebrte
3016 1229 3035 1298 (
3063 1229 3251 1299 Ephes.
3280 1249 3333 1298 v,
3364 1236 3450 1305 8).
3483 1239 3540 1292 Et
3569 1241 3674 1297 ideo
3695 1247 3793 1299 sub-

2255 1311 2400 1380 jecit,
2429 1313 2513 1367 Ibi
2531 1318 2781 1371 suscitabo
2810 1335 2968 1374 cornu
3000 1321 3164 1377 David
3193 1341 3211 1380 :
3239 1335 3296 1379 ut
3315 1327 3380 1382 de
3405 1329 3602 1386 Christo
3626 1351 3795 1406 przesu-

2257 1415 2450 1467 matur,
2481 1408 2591 1477 ipsa
2620 1411 2723 1465 erit
2750 1413 2973 1469 altitudo
2998 1416 3180 1472 David.
3209 1419 3386 1475 Cornu
3416 1428 3549 1480 enim
3576 1430 3794 1499 signiﬁcat

2255 1496 2586 1554 altitudinem
2622 1520 2633 1556 :
2661 1512 2712 1558 et
2744 1507 2952 1573 qualem
2986 1510 3356 1568 altitudinem?
3389 1516 3496 1570 Non
3545 1496 3792 1582 carnalem.

2257 1587 2381 1643 Ideo
2407 1593 2582 1646 omnia
2615 1609 2733 1648 ossa
2765 1611 2925 1652 carne
2968 1599 3200 1655 involuta
3244 1616 3369 1660 sunt
3397 1624 3409 1659 :
3441 1624 3595 1664 cornu
3622 1618 3795 1671 excedit

2256 1695 2490 1736 carnem.
2525 1685 2761 1740 Altitudo
2814 1689 3136 1759 spiritualis,
3166 1710 3332 1750 cornu
3379 1709 3475 1754 est.
3506 1703 3623 1768 Qua:
3650 1717 3792 1762 autent

2256 1770 2477 1826 altitudo
2502 1775 2787 1843 spiritualis
2816 1789 2896 1834 est
2924 1823 2938 1847 ,
2982 1784 3080 1836 nisi
3127 1785 3193 1839 de
3233 1787 3448 1844 Christo
3479 1809 3793 1865 pra-sumere;

2255 1874 2361 1914 non
2389 1862 2587 1918 dicere.
2629 1866 2738 1935 Ego
2767 1867 2905 1923 facio
2929 1912 2943 1936 ,
2975 1888 3072 1943 ego
3101 1873 3341 1944 haptizo;
3369 1880 3481 1948 sed,
3515 1882 3606 1938 llic
3630 1897 3690 1940 est
3727 1862 3794 1958 qui

2257 1949 2480 2020 baptizat
2511 1953 2684 2022 (Joan.
2714 1973 2750 2022 ι,
2781 1960 2849 2014 55
2868 1961 2919 2029 )?
2939 1961 3016 2017 lbi
3043 1974 3122 2018 est
3151 1983 3320 2022 cornu
3355 1970 3530 2028 David.
3561 1975 3617 2029 Et
3644 1989 3688 2030 ut
3716 1949 3792 2034 tio-

2255 2044 2581 2138 verltis_qnia
2611 2049 2678 2101 ibi
2706 2060 2782 2104 est
2809 2067 2975 2107 cornu
3007 2056 3190 2123 David,
3221 2063 3608 2134 attenditeqnitl
3633 2083 3792 2138 sequa-

2257 2141 2341 2186 tur
2373 2151 2384 2186 :
2430 2133 2619 2191 Paravi
2643 2139 2896 2194 lucernam
2922 2143 3122 2200 Christo
3149 2165 3280 2204 meo.
3319 2153 3444 2220 Qua:
3486 2133 3561 2210 est
3583 2133 3793 2214 lucerna?

2254 2221 2370 2276 Jam
2400 2228 2564 2281 nostis
2590 2229 2793 2285 Domini
2828 2235 2983 2288 verba
3009 2237 3073 2290 de
3098 2238 3308 2295 Joanne
3341 2261 3352 2292 :
3386 2243 3483 2297 Ille
3501 2259 3597 2299 erat
3625 2250 3794 2304 lucerna

2255 2315 2438 2369 ardens
2459 2328 2504 2370 et
2521 2317 2692 2373 lucens
2709 2321 2815 2392 (Id.
2837 2340 2887 2387 ν,
2905 2325 3018 2394 55).
3046 2328 3112 2382 Et
3128 2332 3252 2399 quid
3275 2333 3346 2387 ait
3365 2334 3616 2392 Joannes?
3643 2340 3722 2394 Hic
3734 2353 3793 2396 est

2254 2406 2339 2473 qui
2381 2407 2620 2477 baptizat.
2653 2411 2705 2467 ln
2737 2415 2836 2470 hoc
2875 2434 3000 2488 ergo
3034 2424 3382 2480 cxsultahuut
3425 2432 3618 2488 sancti.
3645 2434 3690 2487 in
3715 2435 3792 2491 hoc

2254 2499 2594 2555 exsultabunt
2621 2507 2924 2564 sacerdotes
2951 2528 2962 2574 ;
2996 2513 3116 2581 quia
3138 2530 3304 2571 omne
3325 2520 3460 2589 quod
3486 2522 3693 2589 ipsorum
3716 2525 3791 2579 bo-

2256 2605 2380 2644 num
2412 2602 2511 2686 est,
2536 2610 2638 2648 non
2670 2606 2750 2652 est
2777 2599 3009 2667 ipsorum
3036 2645 3050 2669 ,
3084 2607 3176 2660 sed
3221 2608 3364 2663 illius
3391 2614 3473 2680 qui
3502 2615 3642 2669 habet
3667 2628 3790 2686 pate-

2255 2688 2443 2734 s:atem
2473 2682 2790 2752 baptizandi.
2821 2689 3051 2747 Securus
3078 2711 3206 2764 ergo
3233 2700 3440 2756 accedit
3473 2704 3534 2758 ad
3582 2682 3788 2774 tem-plum

2255 2774 2368 2838 ejus
2402 2774 2574 2828 omnis
2603 2779 2689 2844 qui
2718 2783 2923 2851 accepit
2953 2784 3283 2856 Baptismum
3311 2794 3353 2858 ’;
3383 2795 3496 2862 quia
3529 2813 3620 2850 non
3648 2797 3789 2852 homi-

2255 2860 2336 2914 nis
2359 2902 2372 2924 ,
2406 2863 2498 2916 sed
2535 2864 2673 2921 illius
2699 2879 2778 2923 est
2805 2872 2854 2924 in
2878 2891 2980 2942 quo
3011 2879 3326 2935 snseitatmn
3356 2860 3435 2938 est
3461 2903 3611 2942 cornu
3637 2889 3786 2944 David.

2324 2951 2412 3008 28.
2498 2973 2622 3010 vers.
2652 2960 2736 3014 l8.
2764 2960 2782 3033 ]
2815 2963 2982 3034 Super
3007 2967 3171 3036 ipsum
3196 2986 3370 3025 autem
3397 2977 3580 3043 ροισιτὴ
3604 2981 3785 3047 sancti/i-

2253 3046 2382 3097 cutio
2419 3063 2528 3099 mea
2570 3047 2665 3119 (α).
2697 3049 2867 3122 Super
2894 3059 3092 3125 quem?
3137 3060 3316 3131 Super
3346 3064 3596 3121 Christum
3625 3085 3784 3124 meum.

2255 3134 2452 3190 Christo
2479 3141 2619 3193 enim
2643 3159 2751 3196 meo
2781 3160 2898 3198 cum
2928 3147 3088 3214 dicit,
3123 3167 3220 3206 vox
3245 3165 3335 3208 est
3365 3156 3548 3225 Patris,
3571 3160 3647 3228 qui
3669 3159 3784 3222 dicit,

2265 3223 2480 3280 Viduam
2523 3231 2630 3299 ejus
2680 3232 2971 3291 benedicens
3019 3239 3351 3308 benedicam,
3377 3256 3420 3301 et
3465 3266 3681 3319 pauperes
3701 3252 3787 3320 ejus

2253 3320 2492 3374 satttrabo
2522 3325 2750 3391 panibus.
2787 3327 3085 3386 Sacerdotes
3113 3335 3219 3403 ejus
3247 3337 3462 3391 induant
3498 3342 3711 3403 sal/tari,
3750 3349 3786 3392 et

2253 3415 2414 3466 sancti
2442 3417 2549 3484 ejus
2567 3419 2900 3476 exsultatione
2918 3427 3264 3487 exsultabant.
3291 3431 3387 3496 Qui
3406 3433 3525 3486 dicit.
3541 3477 3554 3499 ,
3573 3433 3641 3486 lbi
3660 3432 3787 3486 susciv

2253 3507 2366 3558 tabo
2397 3524 2552 3561 cornu
2583 3509 2781 3580 David,
2817 3514 2955 3570 Deus
2978 3528 3079 3572 est.
3113 3520 3230 3589 lpsc
3262 3523 3393 3578 dicit
3421 3567 3432 3588 ,
3462 3524 3632 3579 Parati
3653 3527 3785 3579 luter-

2253 3611 2370 3647 nam
2419 3597 2618 3654 Christo
2669 3620 2815 3670 meo,
2868 3609 2986 3676 quia
3036 3619 3090 3664 et
3131 3610 3384 3670 Christus
3433 3627 3786 3676 nostercst.et

2251 3684 2496 3743 Christus
2549 3691 2720 3747 Patris
2761 3695 3048 3754 :Christus
3096 3714 3286 3758 noster
3336 3717 3458 3773 est,
3506 3725 3612 3763 cum
3654 3709 3785 3762 salvat

2254 3795 2350 3834 nos
2393 3791 2450 3836 et
2497 3786 2633 3854 regit
2681 3803 2777 3841 nos
2802 3830 2816 3853 ,
2849 3793 3118 3858 quomodo
3151 3807 3203 3849 et
3234 3797 3490 3856 Dominus
3518 3809 3689 3867 noster,
3716 3799 3786 3854 Fi-

2253 3871 2355 3927 lius
2385 3887 2558 3930 autem
2593 3878 2800 3942 Patris;
2856 3881 3096 3940 Christus
3125 3898 3307 3943 autem
3364 3902 3416 3946 et
3446 3902 3609 3946 noster
3636 3903 3678 3945 et
3703 3892 3782 3946 Pa-

2254 3966 2366 4018 tris.
2419 3965 2548 4020 Nam
2590 3969 2634 4021 si
2685 3969 2855 4025 Patris
2905 3973 3145 4031 Christus
3195 3994 3302 4033 non
3333 3993 3502 4049 esset,
3530 3999 3622 4037 non
3664 3983 3779 4036 dice-

2251 4066 2398 4112 retur
2448 4063 2691 4130 Superius
2718 4106 2732 4128 ,
2787 4064 3004 4131 Propter
3049 4068 3216 4125 David
3282 4092 3474 4129 servum
3524 4089 3646 4130 tuum
3679 4117 3690 4135 .
3733 4090 3780 4128 ne

2249 4157 2442 4202 avertas
2490 4153 2670 4221 faciem
2695 4153 2884 4210 Christi
2913 4161 3005 4212 ttti.
3043 4160 3211 4231 Super
3237 4166 3402 4231 ipsum
3436 4179 3588 4221 autem
3624 4167 3778 4238 ﬂorebit

2248 4242 2580 4308 saneti/icatio
2603 4262 2731 4298 mea.
2760 4247 2929 4316 Super
2958 4251 3224 4308 Christum
3255 4258 3427 4314 ﬂoret.
3460 4259 3609 4312 Nemo
3646 4258 3778 4311 homi-

2249 4345 2373 4384 num
2407 4333 2548 4387 illam
2581 4336 2678 4389 sibi
2718 4350 2994 4406 assumat,
3027 4344 3147 4412 quia
3195 4346 3310 4414 ipse
3339 4350 3645 4414 sanctiﬁcat;
3672 4347 3776 4400 alio-

2247 4424 2371 4492 quin
2420 4440 2522 4479 non
2582 4428 2682 4481 erit
2738 4445 2961 4498 verum,
2997 4433 3166 4504 Super
3215 4438 3383 4508 ipsum
3435 4453 3588 4494 autem
3619 4438 3776 4508 ﬂorebit

2247 4516 2582 4583 sanctiﬁcatio
2609 4536 2741 4573 mea.
2770 4521 2950 4577 Gloria
2974 4527 3405 4584 sat'tctilicationis
3433 4530 3639 4584 ﬂorehit.
3665 4527 3783 4583 Sans

2245 4606 2494 4662 ctiﬂeatio
2521 4627 2648 4681 ergo
2675 4610 2869 4668 Christi
2893 4615 2944 4669 in
2978 4617 3091 4687 ipso
3116 4618 3350 4681 Christo.
3378 4631 3595 4690 potestas
3613 4618 3772 4671 sancti-

2247 4696 2508 4754 ﬁcationis
2536 4701 2627 4754 Dei
2659 4702 2710 4757 in
2733 4702 2966 4758 Christo.
2998 4707 3222 4761 Florebit
3251 4711 3390 4763 enim
3423 4710 3551 4780 quod
3569 4709 3698 4770 dixit,
3720 4702 3772 4758 ad

2243 4790 2462 4860 gloriam
2491 4795 2598 4846 vult
2628 4797 2892 4865 pertinere
2919 4817 2930 4850 :
2957 4800 3168 4868 quando
3195 4803 3334 4855 enim
3367 4802 3546 4856 ﬂorent
3572 4801 3768 4859 arbores,

2247 4890 2371 4937 tunc
2412 4883 2649 4953 pulchra!
2677 4895 2818 4940 sunt.
2856 4889 2991 4956 Ergo
3033 4892 3379 4945 sanctilicatio
3425 4893 3471 4945 in
3515 4890 3768 4957 Baptismo;

2244 4972 2363 5024 inde
2409 4973 2562 5028 ﬂoret
2606 4975 2626 5007 ³
2666 4986 2718 5030 et
2763 4977 2945 5031 claret.
2993 4978 3143 5034 Unde
3188 4983 3350 5036 cessit
3389 4981 3408 5012 ⁸
3437 4981 3641 5036 mundus
3674 4977 3770 5030 huic

2243 5065 2617 5134 pulchritudini
2639 5068 2662 5119 ‘?
2686 5067 2815 5135 Quia
2846 5070 2895 5123 in
2917 5069 3129 5124 Christo
3154 5072 3307 5127 ﬂoret
3331 5091 3342 5125 :
3369 5089 3483 5127 nam
3507 5088 3628 5141 pone
3653 5069 3766 5122 illam

2244 5155 2294 5209 in
2326 5154 2558 5212 hominis
2585 5167 2881 5227 potestate;
2910 5162 3174 5230 quomodo
3199 5163 3381 5231 ﬂoret,
3410 5164 3605 5234 quando
3627 5157 3766 5214 otnuis

2301 5380 2321 5450 ξ
2347 5377 2589 5450 Er._t_.ugd.
2604 5385 2754 5450 Δνςειιε,
2778 5377 3014 5450 non.
3031 5379 3156 5450 enirn
3175 5377 3260 5449 tua:
3281 5377 3398 5450 facti
3415 5382 3532 5450 sunt.
3573 5380 3667 5450 LM:

2301 5439 2321 5469 ²
2345 5440 2418 5506 Sic
2566 5447 2620 5488 Αι
2643 5439 2772 5499 ωσι,
2798 5439 2883 5489 sed
2899 5440 3046 5506 illius.
3073 5449 3126 5489 Et
3150 5441 3259 5506 quia
3277 5438 3510 5506 ittehubet
3532 5438 3765 5506 potestatein

2239 5497 2532 5571 baptizandi.
2553 5513 2748 5550 securus
2761 5497 2954 5551 accedit
2974 5501 3038 5550 ad
3067 5497 3290 5564 templum
3329 5501 3429 5562 ejus
3608 5497 3680 5557 qui
3694 5504 3762 5540 ut:-

2237 5567 2352 5625 ctptt
2381 5567 2691 5625 Baptismum.

2301 5625 2437 5687 um.
2467 5630 2538 5671 Er.
2565 5631 2616 5672 et
2642 5624 2863 5687 plerique
2890 5631 3014 5682 Mss,
3045 5625 3169 5674 unde
3192 5623 3342 5686 ﬂoret.

2298 5684 2319 5751 ξ
2342 5685 2414 5751 sic
2436 5693 2534 5733 Am.
2562 5684 2716 5751 tinet
2732 5684 2881 5736 nostri
2904 5693 3010 5735 Mss.
3035 5692 3091 5751 Agt
3111 5684 3242 5751 tot,
3267 5685 3419 5751 cedat.
3518 5741 3527 5751 ⁸
3599 5737 3608 5747 ,

2299 5745 2371 5818 (τε)
2398 5749 2612 5818 rraeterit
2635 5733 3041 5812 pitmsmiat’tém’
3051 5747 3099 5809 ᾖ.
3113 5733 3174 5796 ιθ
3187 5733 3193 5736 ”
3208 5733 3454 5798 τίηίηιέτοδ
3483 5741 3578 5800 eius
3591 5733 3758 5787 ἕηάνιπη

2233 5823 2258 5859 ε
2261 5820 2342 5859 0121
2345 5820 2521 5859 uswne.
