4160 6434
420 384 437 436 1
452 383 558 437 729

416 511 545 551 caro
578 499 772 563 fenum,
800 501 848 548 et
879 493 1052 548 omnis
1079 493 1288 546 claritas
1310 491 1482 546 carnis
1514 500 1570 543 ιιι
1593 489 1691 544 llos
1715 489 1818 544 feni
1849 487 2001 562 (lsai.

418 604 507 651 ιι..
533 588 638 655 6)»

1792 715 1996 727 ———-

821 788 901 847 IN
944 787 1320 848 PSALMUM
1364 785 1664 846 CXXXII

1005 907 1414 962 ENARRATIO.

951 1033 1118 1072 SERIIO
1158 1035 1223 1072 Αι)
1260 1034 1461 1071 Ριειιειι
1471 1057 1485 1070 .

491 1154 539 1208 1.
571 1151 720 1226 {item
757 1150 832 1223 1.]
863 1152 1105 1206 Psalmus
1130 1151 1305 1206 brevis
1330 1162 1438 1217 est;
1464 1152 1557 1207 sed
1585 1153 1734 1206 valde
1763 1163 1916 1206 notus
1948 1162 2002 1207 et

423 1246 753 1298 nominatus.
788 1241 920 1295 Ecce
944 1260 1092 1313 quam
1131 1243 1313 1296 bonum
1343 1253 1388 1296 et
1425 1261 1576 1314 quam
1593 1245 1876 1312 jucundum
1903 1247 1998 1298 Ita-

423 1337 582 1389 bitare
623 1336 806 1403 fratres
835 1337 884 1386 in
913 1351 1087 1386 unum.
1120 1332 1190 1387 lla
1226 1348 1387 1387 sonus
1415 1335 1512 1387 iste
1537 1333 1707 1388 dulcis
1732 1343 1830 1397 est,
1864 1343 1918 1388 ut
1946 1345 2000 1388 et

418 1427 510 1495 qui
541 1424 854 1478 Psalterium
887 1425 1145 1489 nesciunt,
1177 1425 1345 1492 ipsum
1373 1439 1580 1477 versum
1606 1435 1833 1477 cantent.
1869 1425 1996 1477 'I‘am

417 1515 595 1569 dulcis
626 1523 729 1579 est,
762 1531 918 1584 quam
948 1514 1117 1568 dulcis
1147 1523 1228 1568 est
1255 1514 1483 1568 cbaritas
1512 1530 1630 1584 quze
1660 1514 1782 1568 facit
1812 1514 1997 1568 fratres

421 1605 664 1661 habitare
684 1609 733 1660 in
754 1624 934 1662 unum.
963 1609 1026 1662 Et
1049 1611 1147 1664 ltoc
1174 1609 1408 1679 quidem,
1440 1610 1646 1673 fratres,
1675 1626 1775 1662 non
1801 1608 1999 1678 indiget

419 1696 860 1764 interpretatione
889 1739 904 1762 ,
953 1707 1044 1751 aut
1091 1699 1441 1767 expositione,
1492 1714 1646 1768 quam
1701 1699 1896 1752 bonum
1943 1707 1999 1753 et

422 1804 580 1858 quam
621 1789 912 1857 jucundum
955 1791 1024 1844 sit
1066 1791 1303 1846 habitare
1342 1793 1395 1846 in
1441 1809 1632 1858 unum;
1670 1795 1762 1849 sed
1792 1811 1852 1849 ea
1880 1812 1997 1864 qua:

421 1889 740 1949 sequuntur,
765 1881 955 1936 habent
980 1883 1175 1952 aliquid
1198 1885 1335 1953 quod
1362 1885 1685 1954 pulsantibus
1707 1887 1994 1954 aperiatur.

426 1971 802 2026 Verumtamen
836 1981 891 2026 ut
919 1973 984 2027 ab
1013 1974 1113 2028 isto
1145 1990 1298 2028 versu
1329 1975 1616 2030 descendat
1659 1977 1809 2029 nobis
1838 1977 1996 2030 intel-

421 2061 590 2114 lectus
617 2063 876 2116 universte
907 2074 1128 2118 textura:
1157 2065 1351 2118 Psalmi
1380 2106 1392 2129 ,
1434 2065 1535 2119 hoc
1570 2066 1794 2134 primum
1833 2067 1992 2121 etiam

421 2159 580 2219 atque
610 2153 771 2206 etiam
801 2153 1200 2208 consideremus
1231 2171 1243 2205 :
1273 2163 1444 2208 utrum
1474 2155 1538 2209 de
1568 2156 1812 2210 omnibus
1837 2156 1994 2210 Citri-

418 2243 603 2296 stianis
651 2242 848 2296 dictum
897 2244 986 2306 sit,
1036 2243 1199 2308 Quam
1227 2246 1409 2297 bonum
1447 2255 1493 2298 et
1538 2262 1686 2314 quant
1709 2247 1996 2317 jucundum

418 2330 644 2385 ltabitare
681 2337 863 2403 fratres
905 2335 957 2386 in
993 2351 1190 2397 unttnt;
1230 2352 1296 2388 an
1337 2336 1494 2406 aliqui
1534 2336 1639 2390 sint
1683 2339 1810 2392 certi
1839 2348 1996 2408 alque

417 2423 632 2490 perfecti
655 2423 743 2491 qui
777 2423 1009 2477 ltabitant
1034 2426 1082 2476 in
1112 2441 1292 2490 unum,
1320 2443 1414 2480 nec
1440 2427 1506 2480 ad
1529 2441 1712 2480 omnes
1739 2429 1997 2496 pertineat

417 2511 517 2565 ista
568 2513 890 2580 benedictio,
938 2514 1029 2568 sed
1071 2515 1136 2569 ad
1183 2517 1473 2586 quosdam,
1519 2535 1547 2571 a
1586 2520 1776 2589 quibus
1821 2530 1993 2576 tamen

419 2601 708 2657 descendat
736 2605 802 2658 ad
830 2616 1074 2660 etuleros.

487 2692 539 2747 2.
570 2693 670 2748 Ista
698 2696 839 2749 enim
871 2696 1026 2751 verba
1060 2697 1328 2763 Psallerii,
1359 2699 1454 2754 iste
1484 2700 1654 2757 dulcis
1679 2716 1861 2766 sonus,
1896 2705 1994 2758 ista

421 2785 599 2838 suavis
626 2786 886 2852 melodia,
935 2797 1039 2840 tam
1070 2789 1120 2842 in
1160 2791 1364 2844 cantico
1405 2806 1560 2860 quam
1602 2793 1653 2846 in
1694 2795 1990 2861 intellectu,

418 2875 574 2928 etiam
619 2880 935 2930 monasteria
985 2880 1206 2947 peperit.
1241 2880 1318 2934 Ad
1365 2882 1504 2936 buuc
1549 2899 1736 2937 sonum
1781 2886 1991 2939 excitati

416 2975 537 3019 sunt
564 2965 751 3020 fratres
779 2969 865 3036 qui
894 2967 1131 3024 habitare
1173 2971 1220 3023 iu
1255 2987 1416 3024 unum
1446 2975 1857 3043 concupierunt;
1889 2977 1992 3032 iste

415 3071 600 3111 versus
626 3057 723 3111 fuit
749 3059 868 3112 tuba
910 3059 1162 3126 ipsorum.
1207 3060 1408 3114 Sonuit--
1426 3078 1518 3131 per
1557 3079 1768 3119 onmem
1806 3068 1990 3120 orbem

418 3155 698 3213 terrarum,
724 3157 778 3202 et
798 3149 884 3217 qui
911 3150 1062 3203 divisi
1089 3158 1258 3214 crant,
1283 3154 1582 3222 congregati
1614 3164 1756 3209 sunt.
1779 3155 1992 3211 Clamor

417 3238 529 3311 _Dei,
557 3240 761 3293 clamor
788 3239 1014 3307 Spiritus
1041 3241 1207 3294 sancti
1229 3283 1244 3306 ,
1291 3241 1490 3296 clamor
1520 3245 1856 3312 propheticus
1885 3262 1989 3300 non

418 3328 730 3383 audiebatur
759 3329 809 3382 iu
842 3329 1045 3391 Juda-a;
1077 3341 1130 3384 ct
1160 3331 1370 3384 auditus
1399 3341 1479 3385 est
1507 3333 1556 3385 itt
1588 3343 1696 3387 toto
1723 3335 1850 3388 orbe
1883 3344 1990 3388 lcr-

416 3433 616 3474 rarum.
645 3419 912 3474 Adversus
937 3421 1091 3474 istum
1120 3436 1307 3474 sonum
1337 3423 1478 3476 surdi
1503 3433 1672 3488 erant,
1699 3425 1836 3479 inter
1855 3442 1990 3494 quos

418 3511 763 3575 cantabatur;
794 3522 846 3565 et
872 3513 1067 3580 apertis
1092 3513 1307 3566 auribus
1330 3513 1525 3568 inventi
1550 3525 1690 3575 sunt.
1715 3516 1780 3570 de
1802 3518 1991 3585 quibus

418 3603 612 3657 dictum
636 3614 716 3658 est
742 3622 754 3656 :
778 3604 967 3668 Quibus
991 3621 1088 3657 non
1113 3615 1183 3658 est
1205 3606 1490 3659 nuntiatum
1513 3607 1574 3660 de
1593 3609 1701 3667 illo,
1728 3609 1991 3676 videbunt;

417 3703 463 3744 et
486 3694 570 3760 qui
597 3711 696 3746 non
724 3694 1007 3757 audierunt,
1033 3696 1308 3765 intelligent
1331 3695 1481 3764 (Isai.
1512 3713 1598 3762 LII,
1631 3699 1740 3767 15).
1769 3699 1993 3756 Verum-

419 3793 617 3842 tamen,
649 3783 977 3836 dilectissimi
1007 3824 1020 3845 ,
1054 3785 1096 3837 si
1133 3786 1554 3850 consideremus,
1584 3787 1651 3842 de
1678 3789 1766 3841 illo
1794 3792 1991 3858 pariete

417 3873 832 3926 eircnntcisionis
877 3875 1018 3942 prius
1065 3884 1184 3930 nata
1227 3886 1306 3930 est
1352 3877 1449 3930 ista
1496 3878 1809 3932 benedictio.
1853 3881 1989 3936 Num

419 3962 555 4018 enim
588 3976 776 4015 onmes
802 3961 967 4014 Judazi
1001 3965 1316 4031 perierunt?
1343 3965 1409 4018 Et
1448 3967 1585 4020 unde
1611 3970 1870 4036 Apostoli,
1901 3970 1990 4024 lilii

419 4049 824 4120 Prophetarum,
850 4053 942 4119 ﬁlii
967 4069 1286 4106 excusserunt
1317 4053 1485 4126 (Psal.
1515 4071 1701 4121 cxxvt,
1732 4059 1824 4127 4)?
1849 4059 1994 4113 Sicut

417 4140 520 4209 jam
547 4141 832 4195 scientibus
869 4142 1153 4210 loquimur.
1189 4143 1336 4197 Unde
1368 4144 1438 4197 illi
1473 4146 1745 4214 quingenti
1773 4148 1862 4216 qui
1892 4149 1993 4202 Do-

419 4231 616 4283 minum
647 4240 769 4300 post
809 4233 1248 4285 resurrectionem
1294 4234 1554 4298 viderunt,
1588 4252 1717 4304 quos
1756 4252 1991 4293 comme—

419 4329 587 4372 morat
635 4321 906 4388 apostolus
954 4321 1143 4374 Paulus
1188 4322 1229 4392 (l
1259 4323 1373 4375 Cor.
1419 4340 1516 4390 xv,
1564 4325 1653 4393 6)?
1715 4326 1866 4381 Unde
1920 4329 1992 4382 illi

419 4419 629 4464 centum
679 4410 859 4478 viginti
890 4411 977 4478 qui
1021 4412 1177 4464 simul
1219 4424 1369 4467 erant
1403 4414 1452 4467 in
1481 4431 1584 4468 uno
1613 4417 1731 4470 loco
1759 4428 1878 4486 post
1905 4435 1994 4474 rc-

421 4502 808 4554 surrectionem
845 4502 1048 4555 Domini
1077 4513 1128 4555 et
1157 4505 1519 4559 ascensionem
1553 4509 1602 4560 in
1634 4511 1844 4575 eiciunt,
1876 4512 1993 4580 qui-

422 4591 515 4643 bus
537 4594 587 4645 in
617 4607 723 4645 uno
757 4593 870 4646 loco
898 4595 1198 4647 constitutis
1223 4597 1764 4665 supervenitSpiritus
1783 4611 1996 4654 sanctus

422 4682 505 4736 die
557 4683 900 4737 Pezttecostes
949 4684 1140 4738 missus
1179 4685 1246 4739 de
1290 4687 1458 4749 caelo;
1503 4689 1578 4742 sic
1606 4691 1817 4755 tttlSstlS,
1861 4699 1998 4747 sicut

423 4774 749 4843 promissus?
779 4773 974 4828 Omnes
1006 4775 1126 4827 inde
1157 4785 1343 4828 erant:
1372 4785 1426 4829 et
1469 4777 1564 4844 ipsi
1608 4781 1760 4847 primi
1794 4782 1994 4836 habita-

424 4879 609 4923 verunt
639 4871 686 4921 itt
723 4885 918 4932 unum,
959 4871 1046 4937 qui
1083 4870 1257 4923 omnia
1289 4886 1404 4938 qum
1449 4869 1714 4926 habebant
1751 4875 1998 4930 vendide-

425 4970 568 5018 runt.
599 4975 883 5026 rerumque
908 4974 1122 5012 suarum
1152 4960 1314 5026 pretia
1342 4959 1405 5012 ad
1436 4960 1595 5026 pedes
1623 4963 1684 5028 Αι
1706 4966 1996 5020 ostulorum

425 5059 734 5116 posuerunt,
767 5050 904 5102 sicut
935 5049 983 5101 in
1018 5049 1234 5100 Actibus
1279 5050 1650 5118 Apostolorum
1685 5053 1907 5121 legilttr;
1954 5067 1999 5110 et

425 5141 812 5194 distribuebatur
839 5135 1102 5208 unicuique
1126 5141 1252 5193 sicut
1279 5142 1455 5208 cuique
1475 5158 1600 5210 opus
1625 5155 1768 5208 erat;
1793 5158 1835 5198 et
1859 5163 2000 5202 nemo

424 5230 616 5281 direbut
644 5232 832 5299 aliquid
877 5232 1157 5299 proprium,
1208 5230 1295 5282 sed
1339 5243 1478 5282 erant
1522 5231 1622 5284 illis
1654 5236 1820 5288 omnia
1861 5254 1999 5290 com-

426 5323 616 5373 munia.
663 5321 728 5373 Et
768 5322 890 5390 quid
933 5331 1034 5387 est,
1078 5322 1128 5373 in
1179 5321 1380 5373 unum?
1407 5321 1471 5373 Et
1498 5333 1603 5374 erat
1648 5325 1769 5389 illis,
1813 5327 1996 5396 inquit,

425 5413 596 5464 animo
622 5428 722 5464 una
743 5421 787 5462 et
813 5428 897 5462 cor
921 5429 1071 5464 uttunt
1097 5413 1148 5464 in
1172 5411 1329 5464 Deum
1353 5412 1483 5479 (Art.
1509 5428 1544 5474 ι,
1571 5429 1625 5477 ιι,
1659 5424 1706 5467 et
1739 5417 1834 5484 tv).
1864 5419 2002 5488 Ergo

425 5501 524 5570 ipsi
556 5503 700 5569 prius
728 5501 1026 5561 :tttdierunl,
1056 5500 1186 5553 Ecce
1208 5518 1356 5570 quam
1381 5501 1566 5554 bonum
1590 5513 1637 5555 et
1656 5521 1802 5572 quant
1822 5508 2003 5572 iucun-

424 5589 546 5644 dum
586 5591 811 5643 habitare
838 5595 1017 5659 fratres
1046 5592 1096 5644 in
1135 5609 1308 5644 unum.
1361 5593 1516 5645 Primi
1547 5594 1862 5660 audierunt,
1907 5601 2000 5654 sed

426 5700 532 5736 non
565 5683 663 5737 soli
695 5681 992 5736 audierunt.
1041 5683 1153 5736 Non
1191 5685 1332 5739 enim
1365 5700 1528 5753 usque
1553 5686 1619 5740 ad
1648 5687 1765 5743 illos
1793 5689 1888 5743 ista
1917 5692 1998 5746 di—

427 5771 588 5828 lectio
617 5779 670 5825 et
711 5774 882 5827 unitas
915 5771 1130 5826 fratrum
1162 5775 1322 5828 venit.
1376 5774 1532 5829 Venit
1559 5781 1700 5832 enim
1731 5787 1786 5835 et
1810 5779 1872 5835 ad
1901 5796 1998 5851 po-

1551 377 1942 433 ENARRATIO
1981 375 2045 431 ΙΝ
2085 375 2402 433 PSALSIUM
2444 378 2696 434 CXXXII.

3547 387 3686 442 {750

2109 495 2280 542 steros
2306 488 2402 543 ista
2429 489 2698 543 eharitatis
2729 490 3030 557 cxsnltatio,
3062 497 3117 545 et
3145 501 3324 546 votum
3353 493 3482 548 Deo.
3512 495 3684 551 Vove-

2110 585 2193 632 tur
2215 580 2354 634 enim
2397 581 2592 648 aliquid
2622 583 2748 639 Deo.
2778 591 2832 637 et
2861 582 3054 636 dictum
3082 586 3193 637 est‘
3218 602 3230 637 :
3263 584 3461 650 Vovete,
3491 597 3537 640 et
3566 589 3683 641 red-

2107 669 2209 722 dite
2240 669 2452 724 Domino
2480 670 2587 724 Deo
2625 681 2785 726 vestro
2831 673 2998 741 (Psal.
3041 689 3210 738 Lxxv,
3243 674 3352 744 12).
3392 676 3576 733 Melius
3602 690 3684 732 est

2105 767 2283 815 autem
2340 777 2442 815 non
2495 779 2702 828 vovere,
2757 781 2912 833 quam
2969 782 3164 821 vovere
3213 778 3265 820 et
3309 784 3411 821 non
3459 770 3683 824 reddere

2111 848 2304 919 (Eccle.
2334 866 2385 916 v,
2427 851 2504 919 4).
2549 852 2651 906 Sed
2683 853 2840 906 debet
2866 869 2983 908 esse
3025 856 3244 925 impiger
3269 858 3475 912 animus
3496 901 3508 921 ,
3544 871 3597 911 ιιι
3627 868 3683 913 et

2105 949 2313 998 voveat,
2343 948 2396 992 et
2423 940 2647 998 reddat:
2691 956 2756 994 ne
2796 956 2914 995 cum
2957 958 3014 996 se
3057 945 3232 999 minus
3260 947 3502 1000 idoneum
3536 957 3681 1015 putat

2103 1025 2168 1078 ad
2203 1027 2524 1082 reddendum
2547 1071 2560 1094 ,
2603 1031 2748 1100 piger
2788 1033 2856 1084 sit
2899 1033 2964 1086 ad
2997 1035 3308 1088 vovendum.
3343 1038 3500 1092 Plane
3543 1054 3680 1092 nun-

2103 1132 2258 1185 quam
2293 1120 2497 1185 reddet,
2527 1122 2568 1175 si
2601 1123 2666 1175 de
2693 1139 2790 1177 suo
2817 1140 2874 1176 se
2901 1128 3164 1194 putaverit
3195 1128 3540 1182 t'eddtlttrtttn.

2174 1211 2225 1263 5.
2255 1209 2330 1263 Ex
2364 1227 2491 1264 voce
2522 1212 2678 1281 hujus
2701 1215 2888 1283 psalmi
2919 1217 3166 1284 appellati
3190 1230 3310 1272 sunt
3339 1230 3389 1272 et
3416 1221 3672 1287 Monachi,

2102 1318 2168 1354 ne
2215 1302 2333 1371 quis
2386 1305 2534 1358 vobis
2578 1307 2646 1360 de
2699 1310 2798 1360 isto
2849 1310 3062 1362 nomine
3111 1311 3323 1364 insultet
3369 1312 3674 1368 Catltnlicis.

2100 1391 2320 1458 Quando
2351 1409 2446 1446 vos
2471 1406 2614 1449 recte
2646 1396 2908 1451 ha-retieis
2935 1400 3001 1454 de
3031 1401 3434 1456 Circellionibus
3455 1406 3474 1435 ¹
3504 1405 3673 1460 insul-

2101 1492 2212 1536 lare
2250 1477 2518 1552 cccperitis
2539 1527 2552 1550 ,
2585 1496 2640 1540 ut
2682 1490 3045 1544 erubescendo
3086 1493 3388 1559 salventur;
3419 1497 3492 1549 illi
3525 1498 3676 1554 vobis

2102 1572 2355 1625 insultant
2402 1573 2467 1628 de
2510 1577 2806 1630 monachis.
2855 1580 3033 1632 Primo
3062 1584 3102 1635 si
3132 1586 3470 1651 comparandi
3512 1597 3674 1653 sunt,

2100 1678 2194 1715 vos
2216 1665 2423 1728 videte;
2451 1667 2493 1719 si
2523 1667 2696 1720 verbis
2727 1671 2916 1724 vestris
2944 1671 2961 1698 ’
2986 1687 3121 1739 Opus
3149 1685 3250 1737 est,
3270 1676 3376 1742 jam
3401 1677 3671 1733 laboratis.

2101 1753 2216 1806 Non
2257 1769 2388 1822 opus
2431 1765 2547 1819 est,
2593 1757 2690 1811 nisi
2724 1769 2779 1811 ut
2809 1762 3137 1816 admoneatis
3165 1780 3590 1835 unumquemque
3620 1779 3678 1823 ut

2099 1844 2367 1908 attendal;
2402 1846 2574 1900 solum
2603 1851 2858 1911 attendat,
2891 1861 2944 1904 et
2969 1866 3258 1920 comparet.
3286 1857 3418 1922 Quid
3443 1872 3575 1925 opus
3596 1869 3678 1913 est

2098 1936 2275 1991 verbis
2322 1941 2545 1994 vestris?
2591 1943 2980 2010 Comparentur
3025 1946 3222 2002 ebriosi
3271 1963 3391 2002 cum
3443 1949 3674 2019 Sobriis,

2098 2031 2397 2098 praecipites
2423 2050 2542 2087 ettm
2573 2036 2922 2090 consideratis
2945 2079 2958 2099 ,
2995 2039 3225 2093 furentes
3255 2056 3374 2094 eum
3417 2042 3675 2110 simplici-

2098 2119 2230 2186 bus,
2259 2134 2508 2191 vagantes
2557 2141 2676 2179 cunt
2717 2131 3070 2196 congregatis.
3120 2131 3222 2184 Sed
3274 2141 3448 2186 tamen
3493 2134 3675 2188 dicere

2098 2225 2520 2269 consueverunt:
2551 2217 2685 2282 Quid
2714 2220 2815 2273 sibi
2859 2221 2971 2275 vult
3015 2238 3208 2276 nomen
3254 2225 3674 2280 monachorum?

2098 2304 2304 2368 Quanto
2348 2306 2535 2362 melius
2575 2307 2801 2364 dicimus
2843 2327 2938 2364 nos
2969 2330 2981 2365 :
3010 2313 3144 2380 Quid
3189 2314 3287 2367 sibi
3332 2316 3442 2367 vult
3481 2332 3671 2371 nomen

2098 2394 2494 2450 circcllionum?
2523 2399 2624 2452 Sed
2660 2415 2786 2464 non,
2816 2402 3054 2470 inquiunt
3076 2444 3090 2468 ,
3124 2414 3378 2459 vocantur
3405 2407 3670 2461 circellio-

2100 2499 2210 2537 nes.
2257 2484 2413 2540 Forte
2460 2501 2709 2558 corrupto
2748 2507 2880 2544 sono
2921 2494 3149 2547 nominis
3189 2510 3281 2548 cos
3324 2497 3670 2564 appellamus.

2101 2575 2301 2629 Dicturi
2329 2591 2513 2632 sumus
2541 2581 2689 2633 vobis
2718 2582 2978 2650 integrum
3003 2600 3194 2639 nomen
3224 2586 3490 2654 ipSorutn?
3515 2588 3672 2644 Forte

2097 2666 2552 2723 Circumcelliones
2584 2685 2838 2726 vocantur
2858 2714 2872 2738 ,
2915 2692 3018 2729 non
3049 2678 3402 2732 circelltones.
3434 2679 3596 2736 Plane
3626 2684 3669 2736 si

2098 2756 2198 2812 hoc
2228 2771 2504 2827 vocantur,
2535 2775 2797 2834 exponant
2827 2767 2951 2835 quid
2983 2768 3107 2822 sint.
3139 2769 3267 2824 Nam
3289 2771 3667 2827 eireumcellio.

2097 2863 2193 2902 nes
2237 2851 2360 2904 dicti
2408 2863 2566 2918 sunt,
2597 2855 2718 2924 quia
2749 2856 2946 2910 circum
2979 2859 3142 2912 cellas
3170 2871 3464 2929 vagantur:
3497 2863 3674 2917 solent

2099 2942 2238 2996 cnim
2272 2942 2350 2998 ire
2377 2944 2504 3008 bac,
2538 2946 2688 3010 illac,
2719 2963 2976 3016 nusquam
3011 2951 3263 3006 habentes
3289 2953 3473 3018 sedes;
3505 2965 3560 3010 et
3592 2956 3666 3009 fa-

2096 3050 2220 3090 cere
2251 3052 2367 3104 quae
2396 3037 2584 3102 nostis,
2611 3048 2662 3093 et
2685 3056 2804 3108 quze
2832 3041 3149 3112 il|i_norunt,
3172 3046 3354 3108 velint,
3379 3045 3566 3100 nolint.

2166 3130 2216 3182 4.
2264 3128 2640 3185 Verumtamen
2661 3173 2674 3196 ,
2707 3132 3006 3187 charissitni
3029 3177 3042 3200 ,
3077 3145 3198 3187 Sunt
3226 3145 3273 3188 et
3305 3137 3393 3205 qui
3425 3137 3670 3191 monachi

2097 3214 2210 3269 falsi
2243 3227 2390 3282 sunt;
2424 3227 2476 3271 et
2504 3235 2598 3273 nos
2628 3222 2872 3274 novimus
2901 3225 3032 3276 tales
3060 3243 3072 3276 :
3100 3225 3191 3277 sed
3228 3240 3329 3277 non
3379 3229 3531 3294 periit
3558 3225 3668 3280 fra-

2097 3308 2314 3362 ternitas
2364 3309 2483 3376 pia,
2516 3320 2730 3379 propter
2769 3328 2860 3366 eos
2899 3315 2985 3380 qtti
3031 3314 3345 3382 profitentur
3381 3316 3520 3385 quod
3563 3334 3668 3371 non

2095 3409 2234 3452 Sunt.
2264 3399 2392 3453 Tam
2437 3410 2560 3454 sunt
2606 3403 2745 3456 enim
2790 3405 3035 3458 monachi
3085 3405 3233 3469 falsi,
3273 3421 3428 3475 quam
3475 3417 3529 3461 et
3557 3409 3670 3462 ele-

2095 3490 2188 3542 rici
2220 3489 2370 3556 falsi,
2397 3501 2448 3544 et
2473 3491 2652 3547 lideles
2675 3493 2812 3546 falsi.
2848 3496 3034 3548 Utnnia
3063 3511 3253 3563 genera
3276 3538 3290 3562 ,
3321 3498 3508 3552 fratres
3541 3501 3664 3564 mei,

2097 3580 2195 3634 tria
2217 3597 2335 3650 qua:
2361 3583 2642 3651 aliquando
2665 3585 2812 3637 vobis
2833 3587 3340 3648 connncndavimus,
3367 3597 3420 3642 et
3446 3598 3499 3642 ut
3522 3599 3666 3658 puto,

2097 3689 2200 3726 non
2221 3674 2407 3739 semel,
2434 3674 2629 3728 habent
2661 3674 2828 3729 bonos
2850 3693 2994 3740 suos,
3018 3677 3212 3732 habent
3233 3679 3400 3732 malos
3422 3694 3544 3732 Suos
3567 3677 3664 3749 (ιι).

2100 3763 2171 3818 De
2218 3765 2384 3817 tribus
2431 3767 2570 3818 enim
2615 3767 2742 3834 ipsis
2780 3769 3067 3836 generibus
3105 3769 3301 3821 dictum
3342 3778 3459 3821 est:
3498 3789 3516 3820 ι
3555 3771 3666 3823 [tuo

2097 3854 2146 3906 in
2178 3869 2333 3921 agro;
2358 3870 2496 3906 unus
2521 3867 2840 3915 assuutelur.
2863 3867 2915 3910 et
2941 3874 3075 3910 unus
3099 3860 3459 3926 relinquetur:
3490 3873 3538 3913 et
3563 3860 3671 3915 duo

2097 3943 2147 3996 in
2193 3944 2359 4007 lecto;
2419 3959 2553 3997 unus
2597 3955 2928 4010 assumctur,
2962 3956 3016 4000 et
3061 3963 3193 4000 unus
3225 3948 3587 4016 relinquetur:
3619 3964 3673 4006 et

2097 4035 2213 4087 dua:
2245 4036 2293 4088 in
2326 4035 2663 4098 molendino;
2712 4052 2811 4088 una
2841 4049 3160 4100 assumetur,
3189 4049 3243 4092 et
3269 4056 3368 4092 ttna
3399 4042 3667 4110 relinque-

2101 4136 2182 4180 tur
2213 4146 2230 4177 ι
2271 4125 2420 4197 (Luc.
2453 4143 2585 4193 xvn,
2610 4129 2697 4187 54.
2723 4129 2836 4196 55).
2870 4131 2921 4182 In
2953 4145 3080 4198 agro
3109 4141 3230 4184 sunt
3257 4133 3343 4199 qui
3373 4135 3673 4202 gubernant.

2098 4214 2410 4273 Eccles'iam.
2449 4219 2601 4275 Unde
2640 4221 2762 4274 dicit
2801 4222 3087 4290 Apostolus
3127 4223 3331 4293 (videte
3376 4228 3418 4278 si
3465 4244 3569 4281 non
3620 4229 3673 4281 iu

2099 4325 2225 4378 agro
2253 4315 2389 4378 erat)
2415 4329 2427 4363 :
2455 4311 2564 4379 Ego
2589 4313 2828 4380 plantavi.
2854 4312 3034 4381 Apollo
3059 4317 3267 4382 rigavit;
3297 4318 3384 4370 sed
3427 4318 3565 4372 Deus
3595 4322 3674 4373 itt-

2099 4411 2400 4451 crcmentunt
2456 4401 2590 4452 dedit
2649 4399 2706 4467 (1
2747 4399 2862 4455 Cor.
2912 4419 3002 4468 ιιι,
3051 4407 3138 4472 6).
3205 4405 3254 4458 ltt
3309 4409 3445 4461 lecto
3497 4420 3671 4465 autem

2099 4502 2192 4542 eos
2239 4490 2455 4558 intelligi
2502 4491 2708 4555 voluit,
2762 4494 2848 4559 qui
2901 4507 3210 4549 amaverunt
3257 4500 3528 4566 quietem;
3582 4519 3676 4570 per

2102 4581 2291 4634 lectum
2355 4583 2496 4635 enim
2559 4585 2788 4650 quietem
2858 4589 3026 4640 voluit
3103 4590 3365 4657 intelligi;
3436 4607 3538 4644 no:t
3615 4609 3674 4647 se

2103 4672 2384 4726 miscentes
2438 4676 2640 4740 turbis,
2684 4693 2786 4728 non
2842 4681 3087 4732 tttutttltui
3145 4683 3356 4748 generis
3415 4683 3670 4748 burnani,

2103 4763 2154 4816 in
2221 4766 2331 4818 otio
2397 4768 2692 4825 servientes
2761 4768 2867 4821 Deo
2927 4787 2940 4821 :
2995 4780 3048 4822 et
3113 4770 3235 4823 inde
3300 4779 3472 4825 tamen
3541 4789 3676 4829 unus

2102 4867 2420 4917 assumetur,
2467 4867 2518 4910 et
2564 4873 2697 4911 unus
2740 4861 3084 4928 relinquetur.
3132 4860 3265 4914 Sunt
3315 4863 3380 4914 ibi
3410 4867 3578 4933 probi,
3621 4878 3676 4921 et

2104 4955 2228 4998 sunt
2271 4947 2337 5000 ibi
2383 4949 2611 5014 reprobi.
2648 4949 2723 5001 Ne
2763 4951 3127 5017 expaveseatis
3166 4952 3376 5018 quando
3408 4956 3475 5008 ibi
3527 4958 3674 5012 inve-

2106 5039 2318 5090 niuntur
2361 5041 2602 5108 reprobi;
2648 5057 2764 5093 nam
2791 5051 2845 5094 et
2875 5041 3036 5094 latent
3061 5043 3293 5110 quidam,
3329 5049 3414 5114 qui
3456 5066 3559 5102 non
3599 5053 3678 5105 itt-

2104 5132 2384 5183 venittulur
2413 5133 2509 5184 nisi
2539 5133 2587 5184 itt
2620 5131 2740 5184 line.
2776 5132 2902 5184 Dum
2931 5132 3054 5185 item
3087 5135 3136 5187 itt
3169 5137 3470 5192 ntolendino
3490 5157 3556 5195 ex
3583 5157 3682 5196 n0-

2107 5222 2248 5276 mine
2268 5225 2474 5292 generis
2502 5223 2735 5277 feminini
2757 5225 3069 5291 appellavit;
3101 5227 3278 5295 plebes
3295 5231 3432 5284 enim
3459 5234 3678 5303 intelligi

2105 5318 2288 5371 voluit.
2320 5318 2491 5381 Qttare
2522 5317 2572 5367 itt
2603 5315 2941 5369 tnolendino?
2971 5317 3099 5381 Quia
3141 5319 3191 5372 itt
3221 5320 3319 5374 isto
3343 5325 3538 5378 mundo
3566 5343 3682 5381 ver-

2173 5457 2186 5486 ι
2217 5453 2399 5516 Aliquot
2420 5458 2547 5516 Mss"
2573 5455 2616 5498 et
2638 5453 2792 5498 ratum
2823 5458 2916 5500 Deo
2939 5460 3176 5503 caverunt.
3207 5464 3436 5506 Vat-erunt
3453 5457 3578 5506 enim
3591 5459 3682 5509 alio

2108 5516 2224 5578 quid
2252 5511 2362 5578 talo,
2393 5520 2438 5562 ut
2458 5511 2639 5578 dictum
2661 5519 2862 5578 δεμ-εις.

2171 5579 2190 5608 ³
2215 5576 2399 5637 Aliquot
2426 5583 2547 5627 διεδ..
2575 5585 2596 5637 ι
2613 5573 2868 5637 ircilliottes
2897 5586 2914 5622 :
2941 5582 2991 5624 et
3012 5576 3222 5637 quidam,
3254 5578 3582 5636 Fercelliones,

2171 5634 2406 5699 3g5iejuss.
2452 5643 2504 5699 At
2539 5635 2680 5693 Edd.,
2707 5634 2878 5683 ιω.;ιι·ἱ.ς
2917 5647 2935 5685 ;
2967 5645 3016 5686 et
3031 5634 3176 5699 intra,
3210 5639 3303 5688 nisi
3326 5647 3376 5690 ut
3398 5634 3680 5692 admoneam

2108 5697 2210 5762 (vel
2233 5697 2528 5759 admoneas).

2173 5785 2246 5848 (α)
2269 5791 2436 5845 Supra,
2455 5781 2503 5829 tu
2521 5777 2643 5830 Psal.
2667 5793 2798 5839 xctx,
2823 5793 2854 5828 ιι
2898 5780 2970 5829 t5.
