4160 6450
612 362 742 419 1751

610 568 841 624 mundus
868 566 986 622 iste.
1017 556 1285 630 quomodo
1315 555 1449 608 mola
1483 571 1495 606 :
1521 569 1598 606 va:
1626 552 1766 606 enim
1791 565 1923 620 quos
1951 549 2197 603 conterit.

608 659 694 714 Sic
723 657 789 710 ibi
824 659 1106 707 versantur
1128 646 1308 700 ﬁdeles
1338 643 1480 707 boni,
1513 650 1569 695 ut
1598 657 1695 693 una
1725 656 1790 695 ex
1813 639 1890 694 eis
1916 654 2200 693 consuma-

610 761 714 809 tur,
734 748 898 799 altera
925 748 1241 794 assumatur.
1268 735 1532 801 Quasdam
1555 736 1570 764 ⁸
1593 734 1736 788 enim
1758 733 1996 788 actiones
2017 730 2198 785 mundi

609 841 804 892 ﬁteiunt
844 833 1130 887 dilectores
1178 827 1380 891 szeculi,
1429 824 1779 888 fraudatores,
1835 824 2195 878 simtdatores.

607 931 708 985 Alii
755 937 929 980 autem
959 925 1038 978 sic
1081 923 1150 976 ibi
1194 931 1340 985 sunt,
1380 917 1646 989 quomodo
1675 917 1751 970 ait
1791 915 2098 986 Apostolus,
2133 911 2200 967 Et

601 1018 685 1093 qui
703 1029 910 1073 utuntur
939 1017 1031 1070 hoc
1053 1014 1261 1076 mundo,
1292 1023 1529 1081 tanquam
1550 1026 1649 1062 non
1679 1017 1868 1060 utentes
1897 1008 2038 1071 sint;
2068 1021 2200 1076 pra:-

605 1114 720 1167 terit
742 1113 873 1164 enim
897 1110 1063 1179 figura
1090 1106 1242 1175 hujus
1265 1104 1438 1156 mundi
1458 1117 1476 1154 :
1495 1103 1602 1153 volo
1622 1117 1706 1153 vos
1731 1100 1836 1153 sine
1855 1097 2198 1151 sollicitudine

602 1223 708 1261 esse
731 1204 773 1277 (ι
801 1204 919 1259 Cor.
953 1218 1044 1266 vn,
1072 1202 1162 1264 5i,
1191 1197 1305 1265 52).
1340 1195 1502 1249 Audis
1523 1210 1639 1264 quze
1661 1205 1961 1245 assumetur
1980 1190 2047 1244 de
2077 1204 2194 1243 mo-

606 1297 860 1350 lendino?
889 1293 1050 1347 Certe
1079 1290 1219 1344 enim
1257 1287 1419 1340 multa
1449 1292 1664 1352 peccata
1690 1281 1936 1335 videntur
1965 1280 2030 1333 ad
2059 1280 2196 1333 divi-

603 1397 684 1443 tes
713 1387 997 1455 pertinere.
1028 1381 1159 1436 Cum
1187 1379 1326 1432 enini
1369 1377 1484 1444 plus
1522 1381 1703 1442 agunt,
1747 1381 1800 1426 et
1828 1372 1942 1439 plus
1972 1369 2196 1425 admini-

603 1489 794 1540 strant,
837 1486 890 1532 et
945 1477 1059 1544 plus
1088 1472 1153 1526 ad
1197 1486 1291 1525 eos
1335 1466 1531 1538 pemlet
1573 1481 1659 1520 res
1699 1464 1971 1518 familiaris
1996 1463 2190 1531 ampla,

602 1570 821 1624 difﬁcile
851 1576 934 1620 est
961 1579 1014 1618 ut
1036 1580 1140 1617 non
1174 1562 1324 1630 plura
1356 1567 1567 1627 peceata
1589 1555 1939 1618 contrahant;
1961 1562 2014 1608 et
2039 1553 2106 1608 de
2129 1555 2194 1606 il-

599 1662 665 1717 lis
691 1659 890 1713 dictum
917 1666 999 1709 est
1026 1655 1144 1723 quia
1175 1650 1376 1720 facilius
1415 1657 1489 1702 est
1521 1648 1711 1698 intrare
1735 1644 1982 1698 cautelam
2009 1660 2098 1712 per
2115 1647 2195 1713 fo-

598 1767 771 1804 ramen
801 1764 940 1803 acus.
973 1760 1121 1814 quam
1148 1741 1346 1793 divitem
1371 1740 1423 1791 in
1452 1752 1662 1806 regnum
1691 1735 1949 1788 caelorum.
1983 1732 2047 1786 Et
2071 1748 2194 1787 cum

598 1835 900 1894 centri-tati
941 1840 1123 1888 essent
1165 1830 1407 1897 di-cipuli
1449 1842 1548 1896 pro
1591 1826 1712 1888 illis,
1763 1827 1830 1878 de
1857 1825 2049 1895 quibus
2083 1825 2192 1892 jam

597 1929 986 1999 despcrabant,
1030 1924 1337 1979 consolatus
1379 1929 1462 1974 est
1506 1932 1600 1972 eos
1659 1917 1912 1971 Dominus
1953 1916 2138 1970 dicens
2175 1935 2188 1970 :

602 2023 730 2089 Qua:
783 2017 1068 2072 hominibus
1119 2011 1448 2084 impossibilia
1498 2019 1650 2074 sunt,
1707 2007 1816 2061 Deo
1871 2008 2044 2077 facilia
2071 2017 2187 2061 sunt

603 2113 814 2185 (Matth.
849 2128 958 2173 ius,
984 2107 1200 2176 25-26).
1225 2102 1504 2170 QUomodo
1531 2111 1706 2154 autem
1738 2099 1867 2153 illud
1896 2099 2048 2151 facile
2071 2097 2192 2152 facit

597 2207 737 2260 Deus
758 2205 780 2258 ?
799 2204 932 2256 Audi
962 2201 1296 2269 Apostolutn,
1333 2196 1376 2250 si
1414 2210 1517 2250 non
1547 2193 1783 2262 negligas
1813 2191 1953 2260 quod
1987 2206 2190 2260 prmce-

594 2299 670 2369 pit
699 2316 712 2351 :
741 2295 986 2360 Praecipe,
1036 2290 1225 2360 inquit,
1275 2287 1507 2340 divitibus
1547 2285 1698 2354 hujus
1740 2283 1912 2336 saeculi
1951 2298 2052 2334 non
2105 2298 2193 2334 su-

595 2391 744 2461 perbe
780 2404 972 2456 sapere.
1004 2383 1214 2438 Iuvenis
1253 2381 1395 2436 enim
1439 2391 1724 2447 pauperem
1765 2373 2183 2444 superbientem,

594 2485 813 2537 divitem
855 2478 1146 2535 humilem;
1197 2472 1544 2527 christianum
1578 2469 1712 2522 bene
1757 2464 2185 2520 considerantem

596 2576 718 2647 quia
753 2575 838 2627 illa
861 2571 1036 2625 omnia
1068 2573 1391 2636 pra‘tereuut
1417 2572 1470 2617 et
1498 2558 1885 2631 prmterﬁuunt,
1911 2557 2032 2626 quia
2055 2555 2188 2610 nihil

595 2668 768 2723 attulit
799 2667 849 2718 in
878 2664 1018 2716 hunc
1059 2658 1336 2722 mundum,
1377 2656 1507 2709 nihil
1541 2661 1714 2724 potest
1751 2651 1818 2705 de
1862 2650 2059 2704 mundo
2088 2665 2186 2703 au-

594 2758 769 2820 ferre;
798 2755 1116 2824 cogitantem
1145 2747 1588 2819 quemadmodum
1619 2744 1767 2798 dives
1795 2742 1884 2797 ille
1909 2741 1996 2811 qui
2024 2740 2186 2794 arde-

595 2850 686 2904 bat
715 2849 766 2901 in
797 2847 1006 2899 ﬂamma
1033 2843 1170 2912 apud
1213 2840 1432 2899 inferos.
1474 2847 1676 2904 guttam
1708 2836 1806 2890 sibi
1834 2833 2091 2888 destillari
2119 2831 2186 2887 de

595 2938 763 3006 digito
796 2933 1123 2989 desideravit
1150 2931 1264 2999 ejus
1293 2929 1381 2998 qui
1413 2927 1576 2980 micas
1598 2926 1664 2979 de
1695 2939 1876 2978 mensa
1911 2923 2027 2991 ejus
2055 2936 2187 2976 con-

599 3030 858 3098 cupierat.
884 3026 1194 3094 Cogitanles
1223 3022 1342 3082 ista,
1373 3019 1573 3074 faciunt
1602 3016 1742 3086 quod
1769 3015 1841 3069 ait
1865 3013 2184 3083 Apostolus:

600 3139 620 3172 ι
649 3119 829 3188 Neque
874 3130 1090 3184 sperare
1136 3113 1187 3166 iu
1232 3113 1436 3166 incerto
1479 3107 1802 3170 divitiarum,
1844 3104 1938 3160 sed
1980 3105 2032 3158 in
2077 3105 2186 3157 Deo

592 3218 736 3276 vivo,
763 3213 852 3283 qui
882 3217 1099 3280 prarsmt
1135 3207 1288 3260 nobis
1324 3203 1501 3257 omnia
1532 3200 1865 3256 abundanter
1905 3197 1971 3252 ad
2002 3195 2184 3250 fruen-

591 3307 741 3362 dum.
769 3303 967 3357 Divites
993 3302 1119 3362 sint,
1153 3319 1170 3350 ι
1199 3296 1386 3367 inquit,
1429 3313 1448 3346 ι
1476 3295 1527 3348 in
1550 3292 1802 3363 operibus
1828 3290 2001 3355 bonis,
2035 3288 2186 3342 facile

595 3397 849 3457 tribuant,
883 3390 1297 3454 communicent,
1338 3386 1718 3442 thesaurizent.
1750 3402 1769 3436 ι
1805 3384 1868 3436 Et
1897 3381 2020 3452 quid
2063 3381 2187 3436 inde

595 3489 704 3542 illis
733 3485 898 3539 lucri?
932 3503 948 3534 ι
984 3482 1370 3536 'l‘hesaurizent
1410 3478 1511 3533 sibi
1552 3477 1955 3531 fundamentum
1985 3475 2183 3528 bonum

593 3579 649 3633 in
680 3579 929 3636 futurum,
955 3584 1010 3627 ut
1031 3570 1431 3641 apprehendant
1453 3583 1630 3622 veram
1658 3568 1818 3619 vitam
1846 3585 1861 3616 ι
1897 3565 1935 3635 (l
1954 3563 2087 3618 Tim.
2106 3579 2182 3630 vi,

597 3668 808 3736 17-19).
831 3667 966 3720 Ecce
991 3679 1109 3733 (pne
1131 3670 1429 3715 assumetur
1448 3658 1515 3712 de
1540 3656 1862 3711 molendino.
1887 3655 2070 3721 Qualis
2093 3670 2188 3709 au-

596 3772 708 3814 tem
739 3758 887 3812 dives
917 3757 1015 3811 ille
1052 3762 1166 3809 erat
1191 3751 1279 3821 qui
1319 3749 1635 3804 induebatur
1662 3762 1892 3817 purpura
1922 3755 1976 3801 et
2003 3746 2184 3817 bysso,

595 3858 650 3905 et
679 3848 995 3917 epulabatur
1020 3842 1258 3914 quotidie
1285 3839 1583 3910 splendide,
1626 3847 1678 3892 et
1700 3838 1967 3906 jacentem
1999 3836 2063 3890 ad
2107 3837 2189 3903 ja-

595 3956 755 3994 nuam
783 3953 930 3992 suam
957 3949 1244 4005 pauperem
1270 3930 1644 3987 contemnebat
1677 3926 2182 3998 (Luc.xvt,19-2i),

597 4032 942 4099 relinquetur.
981 4029 1110 4095 Quia
1156 4027 1224 4080 de
1265 4022 1568 4078 molendino
1620 4035 1722 4074 una
1766 4027 2088 4086 assumetur,
2133 4027 2188 4073 et

597 4142 701 4181 una
733 4123 1080 4192 relinquetur.

671 4218 723 4272 5.
765 4216 852 4270 Sic
879 4214 1007 4268 dicit
1034 4221 1088 4266 et
1113 4210 1359 4265 Em'chiel
1402 4209 1468 4262 de
1495 4207 1664 4262 tribus
1693 4205 1953 4275 personis,
1984 4205 2036 4259 in
2066 4205 2187 4274 qui-

599 4322 701 4363 nus
729 4323 830 4359 non
863 4302 1090 4355 absurde
1119 4303 1213 4354 tria
1245 4302 1357 4353 haec
1380 4313 1574 4368 genera
1597 4296 1940 4366 intelligimus
1967 4313 1978 4347 :
2010 4313 2027 4347 ι
2055 4294 2184 4350 Cum

601 4397 807 4450 miserit
851 4392 1104 4446 Dominus
1147 4389 1376 4460 gladium
1422 4390 1473 4441 in
1504 4398 1722 4452 terram,
1765 4387 1862 4440 etsi
1894 4384 2090 4440 fuerint
2133 4386 2184 4438 in

602 4487 778 4541 medio
805 4499 989 4538 eorum
1022 4480 1153 4543 Noe,
1199 4480 1378 4533 Daniel
1407 4487 1459 4533 et
1497 4478 1618 4542 Job,
1660 4493 1762 4532 non
1794 4477 2094 4532 Iiberahuut
2122 4477 2186 4529 ﬁ-

602 4578 703 4634 lios
727 4592 896 4646 neque
920 4575 1053 4628 filias
1074 4589 1088 4636 ;
1112 4571 1204 4626 sed
1228 4572 1325 4640 ipsi
1343 4571 1441 4624 soli
1463 4572 1592 4626 salvi
1612 4578 1769 4625 erunt
1792 4589 1810 4620 ι
1842 4567 2054 4638 (Ezech.
2071 4585 2185 4635 xw,

603 4671 810 4739 lii-lli).
839 4667 954 4722 .lam
988 4665 1060 4719 illi
1092 4665 1218 4717 olim
1247 4663 1458 4716 liberati
1487 4671 1630 4724 sunt,
1663 4661 1758 4715 sed
1792 4661 1843 4713 in
1877 4659 1990 4712 istis
2022 4659 2188 4712 tribus

601 4760 904 4818 nominibus
929 4758 1023 4810 tria
1047 4770 1238 4825 genera
1265 4755 1506 4823 quautam
1529 4751 1861 4820 signiﬁcavit.
1892 4748 2002 4803 Noe
2027 4749 2190 4816 signi-

603 4856 724 4909 ﬁcat
761 4861 996 4906 rectores
1044 4847 1320 4910 Ecclesia‘,
1351 4845 1470 4913 quia
1517 4845 1628 4912 ipse
1668 4859 1845 4896 arcam
1893 4843 1943 4895 in
1985 4840 2187 4894 diluvio

600 4945 914 5018 gubernavit
953 4939 1105 5010 (Gen.
1135 4941 1253 5010 vn).
1309 4937 1493 4991 Daniel
1535 4945 1709 4990 autem
1752 4935 1910 4986 vitam
1954 4934 2184 5002 quietam

599 5040 778 5108 elegit.
822 5037 873 5090 in
914 5035 1157 5089 rtelibatu
1198 5032 1400 5086 servire
1433 5030 1561 5093 Deo,
1596 5028 1646 5082 id
1684 5037 1782 5088 est,
1814 5041 2034 5080 uxorem
2081 5041 2185 5079 non

601 5143 866 5198 qua-rens.
911 5127 1036 5180 Erat
1063 5125 1142 5177 vir
1183 5131 1419 5182 sanctus,
1459 5121 1510 5173 in
1559 5117 1839 5172 desideriis
1883 5117 2187 5172 ccelestibus

607 5219 767 5271 vitam
807 5233 1032 5286 gert-us;
1065 5222 1296 5270 tentatus
1325 5216 1376 5264 in
1407 5212 1608 5274 multis,
1641 5218 1692 5263 et
1729 5208 1971 5262 iuventus
1999 5223 2184 5261 aurum

601 5310 863 5367 obrizutu.
898 5310 1062 5375 Quam
1094 5309 1303 5377 quietus
1335 5313 1468 5369 erat,
1513 5303 1600 5372 qui
1631 5313 1684 5356 et
1717 5301 1854 5355 inter
1880 5300 2062 5354 leones
2096 5315 2183 5354 se-

599 5413 764 5456 curus
792 5409 904 5454 erat
926 5397 1086 5466 (Dan.
1114 5414 1166 5450 Vl
1191 5414 1206 5462 ;
1236 5407 1281 5449 et
1315 5411 1424 5457 xw.
1455 5395 1524 5448 28
1547 5393 1672 5464 59)!
1708 5394 1845 5462 Ergo
1889 5392 1938 5446 in
1972 5392 2186 5447 nomine

605 5494 860 5556 Dauielis,
907 5493 995 5562 qui
1029 5490 1190 5545 etiam
1238 5491 1314 5543 vir
1352 5487 1713 5542 desideriorum
1761 5495 1844 5541 est
1891 5485 2185 5554 appellatus

601 5586 713 5659 (Id.
748 5603 801 5652 x,
832 5584 956 5654 ll);
999 5580 1095 5636 sed
1133 5580 1312 5649 utique
1353 5589 1618 5633 castorum
1659 5585 1818 5647 atque
1858 5583 2180 5638 sanctorum,

600 5679 964 5749 signiﬁcantur
997 5673 1140 5730 servi
1173 5672 1286 5738 Dei,
1321 5673 1388 5728 de
1413 5673 1605 5741 quibus
1641 5670 1854 5738 dicitur,
1883 5667 2012 5722 Ecce
2036 5683 2184 5738 quam

667 5790 685 5821 ι
711 5795 788 5838 Er.
815 5796 867 5838 et
890 5787 1114 5852 plerique
1139 5793 1266 5847 Mss,
1291 5783 1538 5848 quosdam.

1860 343 1920 398 S.
1957 343 2320 399 AUGUSTINI
2351 344 2654 405 EPlSCOPl

610 486 818 538 saritur,
847 471 935 528 ubi
963 465 1324 526 molendinum
1359 460 1698 530 intelligitur;
1725 457 1845 528 quia
1877 457 1954 512 sic
1980 457 2203 511 vertitur

3735 365 3844 424 1752

2319 458 2504 513 bonum
2529 470 2577 514 et
2596 478 2748 530 quam
2772 464 3053 532 iucundum
3082 465 3305 520 habitare
3338 472 3516 540 fratre:
3540 473 3590 527 ia
3617 491 3765 531 unum.
3792 480 3834 536 in

2307 552 2524 607 nomine
2552 552 2651 608 Job
2695 554 3022 624 significatur
3049 572 3151 610 una
3194 557 3280 612 illa
3315 559 3382 615 de
3423 563 3707 625 molendino
3739 584 3834 640 qua:

2305 653 2623 699 assumetur.
2650 646 2883 700 llabebat
2908 648 3048 702 enim
3078 663 3316 716 uxorem,
3344 650 3567 710 habebat
3590 656 3730 724 filios,
3758 661 3834 715 lia-

2304 735 2464 791 hebat
2498 739 2690 793 multas
2719 741 2970 806 divitias;
2999 750 3053 795 et
3084 751 3189 794 tam
3236 733 3393 796 multa
3435 745 3652 803 habebat
3685 751 3732 805 in
3754 753 3836 809 isto

2310 831 2532 894 smculo,
2566 839 2622 885 ut
2646 831 2888 887 diabolus
2919 835 3019 887 hoc
3046 833 3093 888 ei
3122 832 3399 902 obiiceret,
3426 838 3550 906 quia
3570 855 3664 894 non
3685 847 3834 912 gratis,

2304 922 2399 977 sed
2431 931 2646 992 propter
2673 939 2732 977 ca
2766 941 2882 992 qua:
2923 934 3202 995 acceperat
3223 967 3236 990 ,
3281 927 3492 981 colebat
3538 930 3708 986 Deum.
3742 934 3832 991 lloc

2303 1014 2500 1083 objecit
2544 1015 2880 1069 adversarius
2911 1026 3096 1069 sancto
3145 1019 3294 1070 viro:
3325 1027 3380 1070 et
3419 1018 3468 1072 in
3507 1023 3838 1079 tentationibus

2301 1105 2414 1159 suis
2444 1106 2695 1174 probatus
2740 1115 2822 1160 est
2857 1122 3013 1176 quam
3041 1108 3206 1176 gratis
3233 1107 3333 1163 Job
3361 1109 3559 1164 coleret
3601 1112 3764 1179 Deum,
3795 1126 3840 1172 et

2305 1212 2408 1250 non
2439 1209 2658 1266 propter
2688 1197 2772 1251 illa
2802 1214 2918 1266 quze
2959 1208 3255 1267 acceperat,
3289 1199 3382 1253 sed
3412 1210 3620 1270 propter
3643 1215 3747 1258 eum
3765 1209 3837 1276 qui

2302 1288 2544 1344 dederat.
2576 1289 2800 1343 Amissis
2833 1289 3010 1359 itaque
3035 1290 3282 1344 omnibus
3307 1292 3575 1359 repentina
3597 1293 3840 1352 alliictione

2301 1391 2356 1436 et
2383 1381 2694 1443 tentatione,
2724 1383 2918 1434 amissa
2951 1381 3279 1443 bzeredilate,
3310 1382 3522 1437 amissis
3561 1385 3835 1451 bmredibus,

2301 1472 2415 1526 sola
2441 1472 2666 1540 conjuge
2710 1471 2810 1525 sibi
2851 1472 3057 1536 relicta,
3089 1488 3193 1525 non
3221 1471 3286 1527 ad
3318 1473 3738 1537 constiiationem,
3765 1479 3840 1533 sed

2299 1563 2369 1618 ad
2412 1565 2785 1628 tentationem,
2837 1565 2910 1618 ait
2947 1563 3088 1632 quod
3139 1561 3332 1631 nostis,
3373 1583 3392 1615 ι
3434 1565 3670 1622 Dominus
3703 1567 3837 1637 dedit,

2301 1655 2560 1709 Dominus
2605 1655 2856 1720 abstulit;
2901 1656 3036 1710 sicut
3076 1655 3304 1710 Domino
3336 1657 3548 1725 placuit,
3579 1659 3642 1712 ita
3679 1658 3836 1716 factum

2299 1760 2380 1803 est
2409 1766 2421 1801 :
2450 1750 2518 1802 sit
2549 1764 2739 1802 nomen
2773 1748 2975 1801 Domini
3008 1747 3343 1802 benedictum
3370 1767 3390 1799 ι
3422 1747 3560 1818 (Job.
3588 1746 3644 1820 ι).
3672 1750 3833 1822 Imple-

2301 1850 2410 1894 tum
2440 1848 2520 1894 est
2557 1839 2606 1892 in
2639 1854 2703 1893 eo
2732 1838 2872 1908 quod
2901 1838 3140 1908 quotidie
3168 1849 3466 1905 cantamus,
3499 1840 3540 1892 si
3568 1851 3620 1894 et
3641 1841 3838 1898 moribus

2298 1946 2652 1986 consenemus
2681 1950 2692 1984 :
2723 1949 2740 1980 ι
2775 1929 3089 2003 Benedicatn
3139 1930 3422 1984 Dominutn
3471 1931 3520 1984 in
3566 1934 3694 1986 omni
3724 1943 3831 1988 tem-

2299 2037 2462 2091 pore;
2490 2037 2700 2090 semper
2728 2021 2842 2074 laus
2864 2020 2978 2091 ejus
3002 2021 3053 2074 iu
3082 2036 3176 2076 ore
3206 2037 3328 2076 meo
3359 2041 3378 2073 ι
3410 2020 3573 2093 (Psal.
3593 2024 3830 2094 XXXlll,2).

2301 2113 2441 2183 Ergo
2483 2114 2533 2166 in
2567 2114 2680 2166 istis
2712 2112 2880 2166 tribus
2912 2113 3214 2166 nominibus
3239 2115 3254 2143 ¹
3289 2112 3576 2182 signiﬁcata
3615 2123 3724 2168 sunt
3756 2117 3832 2170 tria

2296 2221 2492 2276 genera
2526 2204 2824 2270 hominum,
2865 2214 2919 2259 et
2957 2205 3008 2258 in
3051 2205 3155 2259 illis
3187 2204 3361 2260 tribus
3395 2221 3575 2260 rursus
3608 2207 3654 2260 in
3694 2207 3832 2260 Evan-

2295 2298 2458 2369 gelio,
2487 2314 2604 2365 qua:
2633 2298 3070 2350 commemoravi.

2304 2458 2305 2461 η
2368 2392 2419 2446 6.
2464 2390 2599 2457 Quid
2632 2405 2759 2458 ergo
2784 2388 2968 2442 dicunt
3013 2390 3087 2442 illi
3117 2389 3206 2458 qui
3239 2389 3398 2442 nobis
3423 2389 3488 2444 de
3526 2391 3717 2444 nomine
3741 2406 3831 2443 mo-

2295 2481 2586 2536 nachorum
2629 2480 2922 2534 insultant?
2973 2479 3223 2533 Fortasse
3271 2479 3463 2534 dicturi
3506 2490 3618 2534 sunt
3644 2499 3656 2534 :
3687 2480 3826 2534 Nostri

2295 2587 2399 2627 non
2431 2580 2691 2626 vocantur
2713 2572 3173 2625 Circumcelliones
3203 2588 3214 2623 :
3245 2586 3346 2624 vos
3368 2571 3480 2624 illos
3506 2571 3570 2624 ita
3597 2572 3826 2640 appellatis

2293 2665 2680 2719 contumelioso
2705 2664 2920 2719 nomine
2944 2681 2958 2728 ;
2984 2680 3104 2718 nam
3133 2679 3230 2718 nos
3256 2680 3358 2719 eos
3388 2665 3454 2718 ita
3477 2679 3573 2718 non
3600 2679 3821 2717 vocamus.

2294 2757 2482 2812 Dicant
2515 2757 2640 2825 quid
2676 2770 2770 2810 eos
2809 2767 3020 2821 vocent,
3050 2763 3106 2810 et
3145 2755 3398 2811 audietis.
3429 2755 3728 2824 Agonisticos
3752 2771 3825 2810 eos

2292 2859 2504 2904 vocant.
2545 2848 2796 2902 Fateruur
2837 2857 2892 2902 et
2934 2863 3031 2900 nos
3081 2847 3314 2902 honesto
3356 2848 3581 2910 nomine,
3615 2847 3653 2901 si
3690 2856 3736 2901 et
3757 2860 3822 2900 res

2291 2941 2624 2996 conveniret.
2653 2939 2756 2994 Sed
2788 2939 2997 2992 interim
3023 2938 3148 2992 illud
3169 2937 3353 2991 videat
3377 2938 3625 2992 Sanctitas
3642 2945 3819 2992 vestra:

2292 3033 2382 3104 qui
2411 3032 2564 3086 nobis
2604 3031 2805 3092 dicunt,
2847 3029 3125 3094 ()stendite
3156 3029 3244 3082 ubi
3287 3031 3536 3098 scripturn
3572 3027 3634 3081 sit
3666 3039 3818 3080 nomen

2292 3122 2698 3187 monachorum,
2727 3121 3011 3176 ostendant
3037 3119 3123 3175 ubi
3155 3120 3415 3190 scriptum
3446 3121 3510 3174 sit
3533 3135 3702 3173 nomen
3723 3132 3821 3182 ago-

2292 3215 2624 3270 nisticorum.
2667 3212 2755 3268 Sic
2799 3228 2924 3279 eos,
2972 3212 3249 3281 inquiunt,
3303 3210 3614 3282 appellamus
3649 3217 3822 3278 propter

2291 3323 2536 3378 agonem.
2566 3306 2784 3362 Certant
2812 3305 2954 3359 enim
2980 3321 2995 3370 ;
3024 3313 3078 3359 et
3101 3305 3230 3359 dicit
3277 3305 3577 3375 Apostolus,
3606 3303 3820 3358 Certamen

2291 3399 2476 3453 bonum
2511 3397 2693 3452 certavi
2722 3396 2784 3467 (Il
2813 3395 2947 3449 Tini.
2976 3412 3048 3458 tv,
3083 3395 3160 3466 7).
3194 3395 3334 3463 Quia
3382 3405 3502 3450 sunt
3536 3395 3615 3465 qui
3650 3399 3816 3448 certant

2291 3493 2552 3547 adversus
2573 3491 2867 3552 diabolum,
2896 3500 2950 3544 et
2981 3490 3299 3559 prtevalent,
3328 3490 3517 3544 milites
3540 3486 3704 3542 Christi
3722 3498 3820 3554 ago-

2293 3584 2466 3639 nistici
2509 3583 2866 3653 appellantur.
2901 3579 3112 3635 Utinam
3162 3595 3299 3650 ergo
3334 3581 3523 3634 milites
3549 3576 3716 3633 Christi
3747 3587 3816 3628 es-

2293 3685 2431 3741 sent,
2463 3685 2517 3730 et
2563 3690 2668 3728 non
2710 3674 2904 3727 milites
2942 3672 3159 3738 diaboli,
3200 3686 3229 3724 a
3267 3671 3466 3740 quibus
3493 3670 3599 3738 plus
3627 3669 3816 3723 timetur.

2295 3769 2406 3822 Deo
2429 3765 2612 3820 laudes
2635 3764 2733 3836 (a),
2769 3779 2926 3834 quam
2957 3762 3198 3817 fremitus
3219 3762 3418 3817 leonis.
3448 3761 3508 3816 Hi
3533 3761 3672 3815 etiam
3698 3753 3821 3810 insul-

2294 3867 2408 3913 tare
2442 3857 2596 3911 nobis
2621 3856 2838 3921 audent,
2870 3854 2991 3923 quia
3015 3853 3224 3915 fratres,
3257 3869 3387 3908 cum
3415 3853 3580 3907 vident
3604 3847 3815 3907 homines,

2299 3949 2411 4003 Deo
2455 3945 2748 4018 gratias(b)
2777 3946 2978 4000 dicunt.
3015 3945 3148 4011 Quid
3194 3955 3300 4010 est,
3328 3945 3579 4014 inquiunt,
3611 3942 3698 3995 Deo
3723 3951 3816 4007 gra-

2293 4039 2429 4092 tias?
2449 4039 2591 4091 ltane
2612 4036 2805 4091 surdus
2834 4051 2912 4096 es,
2940 4044 2998 4089 ut
3020 4037 3225 4090 nescias
3243 4035 3369 4105 quid
3399 4035 3482 4100 sit,
3511 4035 3606 4087 Deo
3623 4025 3810 4100 gratias?

2292 4130 2389 4196 Qui
2421 4129 2570 4191 dicit,
2608 4129 2717 4180 Deo
2745 4127 2965 4197 gratias,
2991 4126 3186 4196 gratias
3226 4126 3340 4196 agit
3379 4126 3503 4180 Deo.
3533 4121 3650 4175 Vide
3674 4119 3708 4172 si
3732 4131 3810 4170 non

2291 4219 2449 4274 debet
2477 4219 2637 4272 frater
2667 4217 2774 4271 Deo
2803 4219 2998 4285 gratias
3041 4230 3222 4284 agere,
3248 4213 3460 4285 quando
3485 4212 3615 4266 videt
3638 4208 3810 4262 fratrem

2291 4325 2463 4364 suum.
2485 4309 2620 4363 Num
2652 4306 2794 4359 enim
2823 4322 2926 4358 non
2955 4313 3037 4360 est
3067 4304 3213 4358 locus
3243 4301 3619 4374 gratulationis,
3643 4292 3812 4367 quando

2292 4415 2350 4454 se
2388 4401 2610 4453 invicem
2639 4396 2818 4450 vident
2844 4395 2932 4465 qui
2966 4395 3205 4449 habitant
3236 4395 3288 4447 in
3332 4389 3570 4448 Christo?
3596 4389 3654 4441 Et
3675 4397 3810 4438 tamen

2291 4508 2387 4547 vos
2419 4493 2526 4546 Deo
2545 4489 2740 4561 gratias
2762 4497 2998 4542 nostrum
3027 4485 3211 4541 ridetis
3241 4504 3254 4539 :
3292 4487 3399 4538 Deo
3429 4481 3598 4536 laudes
3623 4486 3810 4531 vestrum

2291 4586 2503 4656 plorant
2533 4582 2794 4637 homines.
2835 4579 2940 4636 Sed
2987 4589 3132 4634 certe
3159 4578 3465 4633 reddidistis
3504 4574 3728 4629 rationem
3759 4564 3812 4618 de

2293 4676 2529 4737 nomine,
2569 4687 2732 4741 quare
2763 4669 3039 4739 appelletis
3077 4667 3417 4737 agonisticos.
3452 4665 3520 4719 ita
3551 4663 3644 4720 fiat.
3671 4668 3716 4712 ut
3735 4671 3810 4722 ap-

2293 4766 2534 4836 pellatis;
2565 4765 2636 4816 ita
2673 4763 2779 4823 ﬁat,
2815 4760 3034 4813 onmino
3073 4757 3332 4812 favemus.
3366 4757 3577 4810 Pra'stet
3602 4748 3811 4805 Dominus

2293 4867 2350 4910 ut
2377 4857 2446 4910 illi
2479 4864 2663 4909 contra
2695 4851 2960 4906 diabolum
2999 4857 3225 4907 certent.
3269 4858 3324 4902 et
3369 4863 3470 4901 non
3500 4855 3662 4900 contra
3687 4836 3811 4891 libri-

2293 4958 2454 5012 stuin,
2505 4945 2656 5014 cujus
2701 4950 3086 5012 persequuntur
3140 4939 3450 4994 Ecclesiatn.
3499 4934 3676 4990 Tamen
3715 4925 3809 4994 quia

2292 5049 2520 5100 certant,
2549 5037 2726 5090 dicitis
2751 5033 3102 5103 agonisticos:
3133 5040 3182 5086 et
3211 5030 3482 5085 invenistis
3517 5023 3640 5078 unde
3663 5014 3810 5087 πρά·

2291 5131 2430 5194 lctis,
2475 5127 2597 5198 quia
2639 5126 2774 5179 dixit
2823 5124 3131 5194 Apostolus,
3175 5121 3374 5176 Bonum
3413 5134 3609 5191 agonem
3645 5106 3807 5166 certati-

2291 5223 2464 5292 Quare
2498 5235 2626 5290 ergo
2671 5228 2724 5273 et
2761 5233 2858 5272 nos
2897 5233 3001 5272 non
3038 5216 3363 5285 appellemus
3399 5208 3684 5269 monachus.
3716 5212 3808 5253 Cm“

2291 5314 2433 5368 dicat
2460 5312 2718 5372 Psaltuus,
2765 5307 2900 5363 Ecce
2927 5325 3075 5375 quam
3103 5308 3282 5359 bonum
3324 5315 3370 5357 et
3399 5317 3542 5372 quam
3569 5288 3808 5368 jucundum

2293 5404 2516 5461 habitare
2537 5406 2720 5474 fratres
2745 5401 2798 5454 in
2826 5398 3016 5452 unum?
3040 5406 3192 5458 Μόνος
3218 5395 3356 5450 enim
3389 5405 3520 5446 unus
3543 5389 3714 5442 dicitur
3737 5396 3747 5430 :
3768 5383 3809 5427 οι

2292 5511 2396 5549 non
2421 5509 2557 5548 unus
2577 5490 3105 5562 quomodocumque;
3129 5503 3247 5542 nam
3270 5493 3325 5540 et
3350 5485 3402 5539 in
3423 5481 3564 5538 turba
3587 5483 3658 5532 est
3679 5479 3805 5526 unus.

2353 5629 2468 5677 lSic
2491 5635 2588 5675 Am.
2616 5631 2688 5672 Er.
2713 5629 2763 5672 et
2783 5629 2891 5672 Mss.
2927 5628 2979 5670 At
3001 5627 3127 5680 l.ov.,
3155 5615 3432 5670 hominibus.

2354 5713 2427 5774 (α)
2452 5717 2550 5761 vox
2570 5705 3030 5774 Circumcellionum.

2358 5771 2436 5839 (ὁ)
2455 5781 2551 5822 Vox
2583 5771 2934 5822 Montacbomm.
