4160 6434
394 405 534 461 H33

395 517 490 571 sed
520 532 621 568 uua
647 517 660 546 ι
689 529 809 568 cum
841 513 1019 567 multis
1047 530 1181 568 unus
1221 511 1326 568 dici
1353 519 1544 582 potest,
1573 521 1709 578 μόνος
1737 525 1840 564 non
1874 524 1970 578 po-

395 614 522 670 test,
571 603 620 656 id
664 613 764 667 est,
807 603 954 658 solas
985 621 998 658 :
1026 613 1160 670 μόνος
1201 605 1338 657 enim
1375 616 1513 656 unus
1553 602 1696 656 solus
1738 609 1840 656 cst.
1871 600 1972 666 Qui

393 712 524 765 ergo
557 695 632 748 sic
662 695 846 748 vivunt
871 695 921 748 in
965 710 1150 757 unum,
1179 703 1234 746 ut
1264 708 1424 746 unum
1457 692 1724 746 hominem
1756 690 1968 752 faciant,

394 797 452 839 ut
483 785 552 840 sit
580 784 682 838 illis
711 799 836 838 vere
862 783 1001 852 quod
1025 783 1275 850 scriptum
1289 791 1387 846 est,
1422 799 1524 835 una
1544 782 1714 834 anima
1742 790 1788 835 et
1816 796 1971 832 unum

393 889 523 937 cor;
550 873 712 945 multa
754 887 998 941 corpora,
1041 872 1136 927 sed
1167 887 1271 924 non
1312 871 1492 925 multzc
1531 870 1756 935 animm;
1804 872 1967 924 multa

392 977 636 1030 Corpora,
665 961 756 1015 sed
783 977 887 1015 non
916 962 1080 1015 multa
1108 961 1268 1014 corda
1292 977 1305 1024 ;
1339 969 1482 1014 recte
1510 961 1703 1014 dicitur
1725 971 1884 1028 μόνος,
1917 959 1968 1014 id

393 1063 476 1106 est
499 1068 630 1106 unus
655 1052 821 1106 solus.
850 1051 997 1107 Unde
1019 1060 1074 1106 et
1092 1053 1179 1106 ille
1201 1066 1336 1105 unus
1365 1052 1650 1106 sanabatur
1671 1052 1720 1105 in
1745 1052 1963 1121 piscina.

393 1143 773 1211 Rcspondeant
797 1143 948 1198 nobis
973 1153 1024 1198 et
1055 1152 1342 1212 exponant,
1373 1145 1461 1213 qui
1485 1144 1736 1198 insultant
1766 1144 1965 1198 nomini

391 1235 790 1296 monachorum,
818 1249 980 1302 quare
1006 1234 1090 1288 ille
1117 1235 1203 1302 qui
1234 1235 1477 1288 inventus
1502 1245 1577 1290 est
1604 1236 1813 1303 triginta
1843 1248 1964 1289 octo

391 1337 558 1377 auitas
581 1323 777 1378 habens
795 1325 844 1378 in
864 1325 1184 1386 infirmitate,
1207 1325 1306 1379 hoc
1328 1326 1686 1394 reSpondisset
1706 1327 1959 1380 Domino:

392 1414 524 1481 Cum
546 1425 678 1467 ntota
700 1416 848 1484 fuerit
863 1432 1013 1485 aqua,
1042 1433 1138 1469 non
1167 1417 1322 1469 habeo
1343 1419 1429 1485 qui
1455 1419 1671 1487 deponat
1698 1434 1775 1470 me
1786 1431 1807 1481 ;
1830 1418 1963 1472 alius

389 1515 506 1558 ante
539 1523 615 1558 me
652 1507 901 1559 descendit
944 1505 1118 1577 (Joan.
1150 1523 1201 1572 v,
1225 1507 1278 1574 5,
1308 1509 1384 1577 7).
1418 1508 1773 1562 Descenderat
1800 1524 1955 1572 unus,

385 1596 494 1662 jam
539 1596 673 1649 alius
704 1613 807 1650 non
851 1595 1225 1651 descendebat.
1271 1597 1414 1651 Unus
1450 1598 1595 1651 solus
1634 1599 1954 1662 sanabatur;

392 1687 647 1741 unitatem
685 1687 934 1740 Ecclesiae
961 1687 1239 1756 figurabat.
1264 1686 1451 1740 Merito
1482 1688 1733 1740 insultant
1759 1688 1956 1741 nomini

391 1777 624 1840 nuitatis,
658 1780 746 1844 qui
776 1790 835 1831 se
868 1777 935 1830 ab
975 1778 1174 1832 unitate
1215 1777 1586 1847 praeciderunt.
1634 1778 1820 1832 Merito
1851 1779 1956 1832 illis

387 1863 628 1933 displicet
655 1880 846 1921 nomen
875 1866 1278 1931 monachorum,
1319 1868 1440 1937 quia
1477 1866 1549 1920 illi
1589 1867 1774 1921 nolunt
1805 1867 1954 1922 habi-

388 1965 501 2011 tare
529 1959 579 2010 in
602 1973 760 2012 unum
787 1973 906 2012 cum
929 1958 1178 2013 fratribus
1201 1975 1217 2023 ;
1240 1959 1332 2013 sed
1362 1970 1646 2029 sequentes
1666 1960 1950 2026 Donatum,

385 2048 648 2104 Christum
669 2050 1000 2104 dimiserunt.
1030 2049 1152 2104 HlDC
1174 2051 1239 2104 de
1263 2066 1388 2117 uno,
1413 2060 1465 2103 et
1493 2067 1596 2104 uno
1621 2051 1735 2104 solo
1755 2050 1955 2104 audivit

384 2138 624 2194 Charitas
645 2148 847 2203 vestra;
872 2139 978 2209 jam
998 2140 1352 2208 jucundemur
1379 2155 1500 2194 cum
1531 2140 1762 2205 Psalmo,
1787 2152 1843 2194 ut
1869 2154 1954 2195 se-

381 2229 597 2297 quentia
636 2229 926 2284 videamus.
973 2229 1153 2283 Brevis
1182 2227 1296 2294 est;
1326 2238 1501 2299 potest.
1539 2244 1568 2282 a
1597 2230 1747 2284 nobis
1786 2230 1948 2296 curri,

381 2329 635 2386 quantum
667 2318 920 2372 Dominus
949 2320 1201 2387 suggerit.
1245 2318 1380 2372 Puto
1421 2321 1561 2372 enim
1601 2335 1665 2373 ex
1714 2318 1796 2372 his
1832 2335 1950 2389 qua:

381 2407 520 2460 dicta
543 2417 685 2472 sunt,
714 2418 897 2478 patere
924 2422 1075 2476 posse
1105 2424 1222 2477 quae
1249 2416 1566 2478 sequuntur,
1594 2409 1834 2478 quamvis
1860 2409 1948 2463 illa

380 2495 660 2551 videantur
687 2497 930 2550 obscura.

451 2588 506 2641 7.
537 2585 684 2658 [vers.
715 2586 795 2660 2.]
835 2586 965 2642 Ecce
990 2603 1138 2657 quam
1176 2587 1360 2642 bonum
1406 2598 1451 2643 et
1488 2605 1635 2659 quam
1664 2589 1949 2660 jucundum

381 2679 606 2732 habitare
655 2683 835 2750 fratres
886 2680 938 2732 in
985 2697 1160 2733 unum.
1207 2679 1528 2734 Ostendebat
1576 2682 1662 2749 qui
1718 2681 1944 2746 dicebat,

382 2767 534 2823 Ecce.
563 2768 811 2822 Videmus
830 2779 882 2823 et
908 2785 1027 2832 nos,
1053 2770 1262 2836 fratres,
1285 2778 1339 2823 et
1359 2768 1720 2823 benedicimus
1748 2771 1907 2823 Deum
1929 2787 1943 2834 ;

380 2868 436 2913 ct
461 2873 693 2922 oramus,
745 2858 1060 2913 didicimus
1089 2869 1142 2912 et
1173 2874 1289 2923 uos,
1320 2857 1466 2912 Ecce.
1501 2860 1566 2913 Et
1591 2861 1674 2913 cui
1700 2861 1774 2914 rei
1801 2859 1949 2914 simi-

385 2947 463 3002 les
501 2958 644 3008 sunt,
672 2948 809 3002 dicat
839 2949 1097 3002 Psalmus.
1139 2948 1282 3002 Sicut
1327 2960 1629 3019 unguentum
1668 2952 1720 3004 in
1763 2952 1941 3020 capite,

378 3037 512 3104 quod
537 3036 786 3089 descendit
815 3037 865 3088 in
897 3037 1118 3098 barbam,
1140 3037 1341 3090 barbam
1369 3040 1530 3091 Aaron
1549 3054 1568 3102 ,'
1589 3039 1722 3106 quod
1751 3039 1946 3092 descen-

380 3128 454 3180 dit
480 3128 530 3180 in
558 3144 699 3180 orum
736 3128 1008 3180 vestimenti
1037 3129 1168 3199 ejus.
1205 3128 1376 3182 Aaron
1403 3130 1528 3199 quid
1568 3132 1714 3185 erat?
1755 3131 1944 3186 Sacer-

377 3215 493 3270 dos.
518 3216 647 3284 Quis
666 3227 746 3270 est
771 3217 1040 3282 sacerdos,
1074 3217 1171 3270 nisi
1205 3234 1337 3271 unus
1365 3219 1631 3286 sacerdos,
1656 3222 1742 3290 qui
1775 3222 1943 3275 intra-

376 3309 453 3361 vit
492 3308 543 3359 in
571 3316 750 3360 sancta
778 3308 1120 3360 sanctorum?
1146 3307 1272 3374 Quis
1303 3319 1383 3361 est
1413 3309 1512 3362 iste
1540 3309 1808 3374 sacerdos,
1843 3310 1943 3365 nisi

375 3398 465 3466 qui
498 3397 591 3450 fuit
619 3404 672 3450 et
698 3396 906 3450 victima
952 3407 1006 3450 et
1034 3397 1320 3451 sacerdos?
1364 3399 1461 3452 nisi
1495 3399 1582 3454 ille
1609 3403 1693 3469 qui
1727 3417 1848 3455 cum
1893 3403 1941 3456 in

375 3486 572 3541 mundo
599 3502 701 3540 non
721 3487 978 3540 inveniret
1007 3487 1257 3541 mundum
1285 3489 1423 3557 quod
1450 3489 1688 3560 offerret,
1709 3493 1942 3560 seipsum

374 3579 601 3633 obtulit?
626 3577 680 3631 in
707 3580 876 3646 capite
904 3580 1064 3649 ipsius
1093 3589 1438 3648 unguentum,
1477 3583 1594 3650 quia
1628 3591 1764 3637 totus
1793 3583 1944 3637 Chri-

375 3678 488 3723 stus
508 3685 625 3724 cum
651 3670 882 3724 Ecclesia
913 3687 928 3724 :
952 3670 1043 3725 scd
1066 3687 1093 3724 a
1125 3672 1295 3740 capite
1320 3675 1460 3725 venit
1479 3683 1818 3743 unguentum.
1845 3673 1940 3728 Ca-

374 3768 467 3828 put
508 3772 742 3813 nostrum
774 3760 1012 3815 Christus
1067 3770 1180 3825 est;
1223 3763 1526 3816 crucifixum
1567 3774 1620 3816 et
1657 3766 1937 3833 sepultum,

373 3849 738 3902 resuscitatum
781 3849 1017 3903 ascendit
1064 3850 1113 3902 in
1161 3852 1388 3915 caelum;
1434 3863 1484 3906 et
1529 3855 1669 3906 venit
1717 3854 1941 3923 Spiritus

371 3949 586 3994 sanctus
624 3955 650 3991 a
679 3941 868 4008 capite.
897 3939 1054 4006 Quo?
1084 3941 1160 3993 Ad
1195 3940 1430 3994 barbam.
1470 3942 1637 3996 Barba
1683 3944 1942 4011 significat

374 4030 570 4093 fortes;
604 4031 766 4084 barba
808 4031 1068 4099 significat
1092 4032 1332 4100 juvenes,
1366 4043 1630 4099 strenuos,
1666 4033 1936 4101 impigros,

370 4121 595 4175 alacres.
650 4121 773 4174 ideo
822 4121 1030 4190 quando
1083 4122 1217 4174 tales
1261 4122 1640 4183 describimus,
1688 4122 1940 4176 Barbatus

373 4211 536 4267 homo
577 4221 678 4272 est.
724 4212 965 4266 dicimus.
1017 4214 1152 4281 Ergo
1193 4212 1319 4266 illud
1360 4213 1582 4282 primum
1622 4225 1937 4284 unguentum

372 4301 646 4357 descendit
676 4301 727 4355 in
758 4302 1061 4370 Apostolos,
1096 4302 1368 4356 descendit
1398 4305 1447 4357 in
1481 4304 1602 4358 illos
1631 4305 1715 4374 (ιυί
1743 4305 1939 4373 primos

377 4394 602 4462 impetus
639 4393 816 4447 sa'culi
856 4397 1218 4446 sustinuerunt
1246 4411 1257 4444 :
1293 4394 1566 4448 descendit
1594 4411 1721 4465 ergo
1749 4397 1798 4448 iu
1824 4395 1940 4448 illos

373 4481 600 4552 Spiritus
620 4492 851 4535 sanctus.
875 4481 1003 4535 Nam
1027 4493 1078 4536 et
1107 4483 1177 4534 illi
1207 4484 1290 4551 qui
1320 4485 1542 4552 primum
1574 4486 1621 4537 iu
1656 4502 1814 4539 unum
1844 4485 1938 4539 lia-

372 4572 539 4624 bitare
567 4579 862 4640 cmperuut,
893 4573 1306 4639 persecutionem
1338 4579 1473 4641 passi
1513 4585 1633 4628 sunt
1661 4594 1672 4628 :
1701 4576 1792 4630 sed
1819 4577 1938 4645 quia

372 4659 717 4714 descenderat
757 4670 1080 4728 unguentum
1123 4663 1172 4714 in
1205 4663 1441 4728 barbam,
1488 4666 1627 4733 passi
1667 4677 1804 4729 sunt,
1831 4683 1938 4720 non

375 4752 516 4804 victi.
553 4751 761 4805 Etenim
794 4763 844 4804 et
865 4763 1020 4820 caput
1042 4752 1148 4820 jam
1174 4769 1383 4822 passum
1412 4767 1774 4824 praecesserat,
1804 4758 1940 4813 unde

373 4841 646 4896 descendit
675 4854 1018 4912 unguentum.
1053 4844 1392 4900 Princedente
1421 4847 1509 4899 tali
1531 4850 1794 4918 exemplo,
1822 4850 1940 4920 quis

371 4933 603 4987 vinceret
625 4933 882 4988 barbam?

441 5023 496 5076 8.
537 5022 615 5076 Ex
641 5024 726 5076 illa
751 5024 910 5078 barba
933 5034 1044 5079 erat
1064 5026 1362 5096 Stephanus
1383 5038 1614 5084 sanctus.
1637 5031 1702 5084 Et
1737 5032 1837 5086 hoc
1861 5041 1940 5088 est

374 5127 478 5166 non
492 5115 650 5178 vinci,
668 5123 724 5167 ut
742 5115 972 5168 cliaritas
986 5131 1088 5170 non
1111 5117 1427 5172 vincaturab
1443 5121 1685 5175 inimicis.
1702 5122 1828 5175 Nam
1844 5125 1937 5178 visi

369 5213 492 5257 sunt
517 5204 615 5258 sibi
641 5206 850 5270 vicisse,
879 5207 964 5273 qui
993 5209 1249 5276 persecuti
1270 5218 1392 5262 sunt
1416 5220 1644 5264 sanctos.
1674 5213 1746 5266 Illi
1769 5214 1942 5269 carde-

371 5294 518 5357 bant,
541 5295 612 5348 illi
629 5297 965 5352 caedebantur
983 5317 996 5364 ;
1017 5300 1088 5352 illi
1105 5302 1433 5367 occidebant,
1459 5303 1528 5356 illi
1545 5305 1938 5361 occidebantur.

368 5381 499 5450 Quis
512 5399 615 5438 non
639 5396 844 5454 putaret
865 5389 982 5442 illos
1003 5391 1229 5454 vincere,
1257 5392 1373 5446 illos
1389 5394 1520 5446 vinci
1538 5395 1560 5446 ?
1575 5394 1676 5449 Sed
1693 5399 1811 5465 quia
1836 5414 1936 5452 non

367 5474 504 5527 victa
521 5483 599 5528 est
611 5475 862 5539 charitas,
883 5478 1000 5532 ideo
1017 5490 1334 5549 unguentum
1349 5481 1614 5538 descendit
1633 5487 1682 5538 in
1702 5488 1912 5542 barbam
1924 5528 1936 5542 .

367 5564 599 5620 Attende
614 5567 960 5636 Stephanum.
982 5569 1242 5626 Saeviehat
1254 5573 1302 5625 in
1322 5573 1646 5630 illocharitas
1663 5595 1675 5628 :
1690 5579 1940 5634 srcviebat

367 5652 422 5708 in
465 5669 578 5719 eos,
616 5670 736 5710 cum
781 5658 1062 5726 audirent;
1116 5663 1316 5731 rogavit
1355 5679 1451 5733 pro
1494 5666 1591 5735 eis,
1639 5682 1756 5723 cum
1809 5671 1938 5740 lapi-

435 5765 451 5796 ι
477 5767 695 5830 Quinque
716 5774 842 5829 Mss,
867 5782 1005 5820 unus.

1454 399 1841 454 ENABBATIO
1878 399 1942 453 IN
1981 397 2297 457 PSALMUM
2321 402 2574 458 CXXXII.

3516 416 3649 472 1734

2084 509 2291 567 darent.
2322 512 2458 580 Quid
2501 516 2641 570 enim
2684 518 2772 582 ait,
2803 532 2924 574 cum
2963 519 3250 579 audirent?
3279 525 3426 581 Dura
3461 532 3649 586 ceruice

2079 610 2125 654 et
2149 602 2481 659 incircumcisi
2516 608 2666 661 corde
2707 618 2752 662 et
2780 611 3004 678 auribus,
3034 629 3120 668 vos
3157 632 3354 688 semper
3392 623 3642 678 restitistis

2078 691 2292 762 Spiritui
2333 707 2528 754 sancto.
2581 699 2712 754 Vide
2763 702 2999 757 barbam.
3058 705 3320 777 Numquid
3369 711 3643 768 adulavit?

2075 785 2325 854 numquid
2385 788 2591 843 timuit?
2644 791 2888 852 l'tli_cum
2933 795 3177 851 audirent
3230 798 3366 868 ista,
3419 818 3538 872 qua:
3588 805 3640 861 in

2074 873 2192 928 illos
2223 875 2565 932 dicebantur‘
2601 898 2614 934 :
2645 883 2793 950 quasi
2836 885 3087 940 saeviebat
3132 890 3270 944 enim
3299 889 3634 962 Stephanus;

2071 968 2323 1022 saeviebat
2349 985 2462 1035 ore,
2490 972 2650 1028 corde
2670 973 2951 1043 diligebat;
2979 989 3032 1033 et
3059 995 3160 1032 nou
3193 992 3272 1036 est
3297 985 3431 1040 vieta
3457 986 3636 1042 chari-

2073 1066 2151 1111 tas
2199 1060 2308 1128 ipsa
2354 1059 2409 1114 in
2458 1077 2522 1116 eo
2551 1080 2564 1115 :
2594 1079 2714 1118 nam
2762 1066 2833 1118 illi
2863 1067 3211 1124 abhorrentes
3249 1087 3277 1124 a
3313 1075 3494 1137 verbo,
3523 1087 3640 1132 tan-

2069 1163 2226 1217 quam
2260 1151 2492 1205 teuebrze
2521 1153 2781 1223 fugientes
2804 1171 2832 1210 a
2861 1157 3078 1222 lumine,
3108 1161 3171 1213 ad
3195 1162 3396 1231 lapides
3419 1182 3635 1226 currere

2067 1249 2362 1307 coeperunt,
2396 1242 2719 1310 Stephanum
2747 1247 3000 1316 lapidare.
3030 1249 3175 1305 Sicut
3198 1265 3351 1308 antea
3383 1257 3632 1326 Stephani
3720 1277 3722 1279 ·

2066 1331 2224 1384 verba
2261 1332 2560 1400 lapidabaut
2587 1335 2723 1400 illos,
2754 1339 2830 1391 sic
2867 1353 3042 1407 postea
3075 1343 3276 1412 lapides
3301 1362 3482 1403 eorum
3513 1350 3634 1406 Stc-

2065 1421 2320 1515 pharium.
2382 1427 2607 1493 Quando
2659 1432 2841 1488 debuit
2910 1437 3024 1504 plus
3077 1439 3231 1493 irasci
3296 1442 3630 1515 Stephanus,

2062 1514 2273 1580 quando
2299 1516 2648 1586 lapidabatur,
2677 1537 2742 1576 an
2769 1525 2979 1592 quando
2998 1528 3342 1585 audiebatur?
3371 1533 3508 1589 Ecce
3534 1514 3633 1590 mi?

2065 1603 2128 1656 tis
2156 1603 2321 1660 factus
2343 1619 2422 1661 est
2451 1609 2574 1663 dum
2606 1611 2946 1680 lapidaretur,
2984 1628 3034 1670 et
3057 1620 3306 1674 sa-viebat
3333 1638 3451 1677 cum
3475 1627 3626 1682 audi-

2060 1705 2225 1750 retur.
2257 1699 2432 1765 Quare
2471 1704 2724 1757 sawiebat
2753 1721 2871 1758 cum
2914 1709 3224 1764 audiretur?
3265 1713 3394 1779 Quia
3424 1727 3628 1774 mutare

2058 1787 2268 1841 volebat
2310 1805 2402 1843 eos
2445 1805 2473 1843 a
2501 1793 2692 1860 quibus
2736 1795 3067 1851 audiebatur.
3104 1799 3442 1860 Venientibus
3487 1809 3537 1862 iu
3567 1824 3627 1864 se

2059 1876 2322 1945 lapidibus
2365 1895 2469 1933 non
2499 1882 2632 1935 victa
2667 1891 2750 1938 est
2787 1885 3017 1941 charitas
3045 1906 3057 1940 :
3086 1891 3204 1958 quia
3237 1905 3554 1962 unguentum
3596 1916 3625 1952 a

2057 1971 2227 2037 capite
2253 1971 2302 2023 in
2334 1970 2548 2026 barbam
2577 1975 2941 2042 descenderat,
2966 1989 3018 2032 et
3041 1981 3282 2038 audierat
3309 1986 3375 2039 ab
3399 1987 3512 2056 ipso
3538 2004 3626 2043 ca.

2058 2059 2184 2127 pite,
2222 2059 2430 2131 Diligite
2468 2064 2697 2118 inimicos
2738 2076 2941 2129 vestros,
2975 2080 3019 2122 et
3048 2083 3188 2125 orate
3211 2091 3302 2143 pro
3333 2076 3402 2129 eis
3429 2080 3512 2148 qui
3541 2096 3626 2134 vos

2055 2161 2416 2219 persequuntur
2445 2152 2650 2222 (Matth.
2678 2171 2729 2220 v,
2760 2155 2873 2226 44).
2905 2159 3155 2214 Audierat
3192 2162 3259 2216 ab
3295 2163 3410 2232 ipso
3453 2168 3625 2235 capite

2056 2239 2318 2309 pendente
2366 2243 2417 2296 in
2463 2260 2639 2311 cruce,
2686 2256 2738 2299 et
2781 2247 3009 2312 dicente,
3045 2248 3220 2317 Pater,
3257 2253 3458 2324 ignosce
3498 2259 3620 2326 illis,

2051 2335 2170 2402 quia
2209 2337 2430 2389 nesciunt
2458 2338 2579 2402 quid
2610 2339 2800 2406 faciunt
2840 2339 2992 2409 (Luc.
3022 2358 3169 2409 χχιιι,
3200 2347 3310 2414 54).
3358 2347 3436 2402 Eo
3465 2351 3623 2405 modo

2053 2438 2179 2491 ergo
2215 2435 2539 2492 unguentum
2587 2443 2616 2481 a
2665 2431 2836 2498 capite
2878 2431 3223 2490 descenderat
3263 2437 3316 2491 in
3362 2439 3619 2507 barbam;

2053 2515 2174 2581 quia
2204 2522 2258 2569 et
2287 2515 2376 2570 ille
2411 2533 2529 2570 cum
2563 2518 2908 2589 lapidaretur,
2939 2522 3046 2577 fixo
3069 2541 3205 2593 genu
3239 2528 3310 2581 ait
3341 2547 3353 2582 :
3381 2529 3618 2599 Domine,

2051 2621 2114 2657 ne
2132 2614 2321 2658 statuas
2345 2608 2446 2660 illis
2474 2609 2567 2661 hoc
2592 2620 2845 2679 peccatum
2871 2614 3004 2681 (Act.
3030 2628 3125 2680 vn,
3157 2617 3215 2670 5i
3232 2619 3370 2688 -59).

2121 2696 2171 2750 9.
2206 2696 2342 2764 Ergo
2370 2698 2442 2750 illi
2470 2708 2714 2768 tauquam
2746 2702 2906 2757 barba
2935 2715 3088 2760 erant
3109 2709 3150 2761 '.
3179 2709 3322 2764 Multi
3345 2713 3485 2766 enim
3513 2714 3621 2770 for-

2051 2793 2130 2840 tes
2157 2797 2339 2852 erant,
2370 2797 2424 2842 et
2450 2790 2642 2844 multas
2685 2797 3077 2860 persecutiones
3105 2802 3242 2867 passi
3269 2811 3410 2855 sunt.
3446 2805 3549 2860 Sed
3574 2808 3618 2861 si

2049 2891 2220 2944 neque
2243 2893 2274 2931 a
2301 2878 2461 2932 barba
2489 2879 2850 2937 descendisset
2878 2897 3220 2954 unguentum,
3250 2892 3406 2945 modo
3434 2910 3621 2955 mona-
3648 2916 3651 2918 ·

2048 2968 2206 3021 steria
2234 2984 2336 3021 non
2367 2969 2697 3025 haberemus.
2722 2971 2826 3028 Sed
2853 2976 2974 3044 quia
3003 2976 3275 3034 descendit
3298 2989 3352 3036 et
3391 2984 3443 3038 in
3473 3001 3617 3042 oram

2049 3058 2378 3124 vestimenti;
2424 3061 2502 3114 sic
2547 3062 2686 3116 enim
2735 3065 2838 3128 ait,
2894 3065 3044 3132 Quod
3083 3068 3335 3124 descendit
3380 3075 3432 3127 in
3459 3091 3617 3130 oratr

2047 3149 2325 3202 aestimati
2349 3153 2458 3220 ejus
2480 3169 2500 3206 :
2527 3163 2702 3208 secuta
2732 3165 2814 3209 est
2842 3156 3075 3214 Ecclesia
3094 3201 3108 3226 ,
3140 3161 3206 3216 de
3235 3173 3379 3220 veste
3409 3166 3616 3223 Domini

2050 3240 2253 3307 peperit
2298 3245 2636 3298 monasteria.
2684 3245 2812 3300 Nam
2855 3249 3014 3303 vestis
3043 3253 3387 3310 sacerdotalis
3427 3257 3614 3314 Eccle-

2047 3328 2177 3418 siam
2204 3329 2480 3399 significat.
2511 3333 2624 3402 ipsa
2651 3346 2729 3388 est
2756 3339 2916 3392 vestis
2940 3338 3006 3394 de
3030 3356 3130 3410 qua
3153 3343 3281 3398 dicit
3308 3348 3614 3418 Apostolus,

2052 3417 2118 3472 Ut
2143 3421 2389 3476 exhiberet
2427 3425 2522 3476 sibi
2548 3426 2817 3494 gloriosam
2868 3429 3138 3485 Ecclesium
3158 3473 3173 3498 ,
3222 3452 3320 3490 non
3357 3417 3616 3494 habentem

2045 3513 2329 3579 maculam,
2359 3531 2518 3585 neque
2554 3534 2730 3588 rugam
2765 3519 2978 3590 (Ephes.
3008 3539 3060 3590 v,
3089 3523 3201 3596 27).
3231 3526 3525 3595 Mundalur,
3557 3541 3616 3588 ut

2045 3619 2150 3659 non
2180 3605 2370 3661 habeat
2406 3611 2698 3677 maculam;
2739 3614 3056 3679 extenditur,
3091 3625 3147 3670 ut
3176 3635 3278 3672 non
3307 3621 3494 3676 habeat
3518 3640 3612 3678 ru-

2044 3707 2184 3761 gam.
2215 3693 2313 3749 Ubi
2344 3710 2460 3750 eam
2491 3700 2726 3753 extendit
2754 3700 2899 3766 fullo,
2940 3704 3038 3757 nisi
3071 3705 3120 3758 in
3152 3706 3334 3775 ligno?
3365 3709 3614 3766 Videmus

2044 3783 2280 3850 quOtidie
2316 3799 2345 3837 a
2386 3785 2668 3841 fullooibus
2696 3792 2897 3843 tunicas
2921 3791 3310 3859 quodammodo
3338 3798 3569 3866 crucifigi
3595 3816 3609 3852 :

2045 3873 2438 3937 crucilicuntur,
2476 3885 2533 3929 ut
2574 3893 2752 3946 rugam
2796 3895 2898 3932 non
2943 3880 3186 3934 habeant.
3218 3883 3350 3949 Quid
3379 3896 3460 3940 est
3485 3902 3610 3956 ergo

2044 3977 2135 4015 ora
2167 3963 2504 4036 vestimenti?
2548 3964 2733 4020 fratres
2777 3969 2911 4030 mei,
2945 3969 2995 4021 in
3028 3985 3118 4022 ora
3162 3972 3457 4028 vestimenti
3486 3977 3610 4045 quid

2043 4051 2307 4120 accepturi
2337 4053 2555 4105 sumus?
2581 4053 2704 4120 Ora,
2735 4056 2851 4109 ﬁnis
2888 4060 3182 4112 vestimenti
3213 4071 3310 4115 est.
3348 4064 3478 4128 Quid
3518 4082 3608 4120 ac-
3655 4090 3657 4093 ·

2043 4143 2245 4208 cepturi
2290 4157 2471 4196 sumus
2517 4145 2566 4196 in
2611 4145 2713 4199 line
2757 4148 3088 4202 vestimenti?
3137 4151 3219 4204 An
3262 4154 3380 4222 quia
3413 4156 3462 4209 in
3505 4157 3610 4214 line

2044 4240 2338 4301 temporum
2367 4233 2603 4288 habitura
2624 4245 2738 4290 erat
2765 4237 2998 4292 Ecclesia
3029 4240 3214 4295 fratres
3241 4242 3535 4301 habitantes
3558 4248 3609 4302 in

2045 4323 2248 4374 unum?
2277 4337 2344 4375 an
2379 4324 2430 4376 in
2462 4339 2552 4378 ora
2582 4328 2954 4394 perfectionem
2997 4330 3361 4402 intelligimus,
3393 4339 3512 4406 quia
3557 4341 3608 4396 in

2044 4429 2133 4466 ora
2165 4415 2534 4469 vestimentum
2574 4419 2872 4486 perficitur;
2905 4433 2956 4475 et
2988 4424 3058 4477 illi
3100 4426 3312 4493 perfecti
3339 4471 3353 4494 ,
3383 4432 3471 4498 qui
3517 4449 3610 4486 no-

2043 4517 2166 4560 runt
2209 4507 2442 4563 habitare
2487 4511 2538 4564 in
2585 4515 2782 4566 unum?
2812 4515 2886 4568 Illi
2917 4517 3129 4585 perfecti
3162 4524 3248 4590 qui
3295 4523 3461 4593 legem
3508 4528 3609 4581 im-

2044 4600 2206 4667 plent.
2235 4601 2509 4666 Quomodo
2536 4615 2710 4658 autem
2738 4607 2982 4675 impletur
3007 4610 3088 4664 lex
3115 4611 3308 4667 Christi
3333 4618 3398 4668 ab
3422 4619 3498 4670 eis
3520 4634 3567 4684 (ll
3595 4620 3607 4671 i

2043 4689 2284 4744 habitant
2321 4691 2508 4746 fratres
2539 4696 2588 4746 in
2621 4698 2820 4749 unum?
2850 4700 2980 4751 Audi
3012 4703 3316 4768 Apostulmn
3349 4722 3360 4754 :
3391 4703 3608 4757 Invicem

2043 4796 2195 4833 onera
2222 4792 2381 4835 vestra
2408 4795 2618 4852 portate,
2646 4798 2694 4840 et
2721 4790 2791 4841 sic
2811 4790 3072 4858 implebitis
3096 4795 3252 4860 legem
3274 4793 3456 4846 Christi
3484 4795 3608 4864 (ϐας

2045 4869 2133 4924 lat.
2157 4888 2236 4937 vi,
2267 4873 2344 4939 2).
2375 4873 2496 4929 llaec
2522 4888 2602 4930 est
2628 4893 2718 4931 ora
2749 4880 3066 4934 vestimenti.
3095 4881 3387 4948 Quomodo,
3420 4884 3608 4941 fratres

2045 4965 2177 5029 mei,
2209 4965 2582 5037 intelligimus,
2611 4981 2765 5038 quam
2793 4988 2936 5024 oram
2963 4971 3130 5033 dicat,
3177 4987 3280 5040 quo
3323 4977 3486 5043 potuit
3516 4977 3608 5031 de-

2045 5055 2296 5109 scendere
2323 5059 2674 5125 unguentum?
2697 5058 2810 5112 Non
2836 5067 2958 5126 puto
2979 5060 3115 5129 quod
3145 5076 3289 5115 oram
3310 5067 3606 5122 vestimenti

2045 5142 2095 5196 iu
2125 5145 2377 5200 lateribus
2408 5149 2571 5201 Voluit
2601 5149 2834 5217 intelligi.
2869 5149 3002 5203 Sunt
3029 5153 3168 5204 enim
3198 5169 3306 5206 ora:
3350 5154 3400 5206 in
3433 5155 3610 5209 lateris

2044 5232 2162 5288 bus.
2195 5235 2296 5289 Sed
2345 5253 2375 5290 a
2422 5237 2579 5290 barba
2619 5237 2942 5293 descendere
2988 5251 3304 5310 unguentum
3348 5244 3414 5298 ad
3460 5261 3606 5301 oram

2045 5327 2230 5392 potuit,
2259 5342 2375 5394 qua:
2399 5327 2448 5378 in
2476 5327 2646 5393 capite
2671 5338 2770 5391 est,
2799 5329 2884 5382 ubi
2913 5331 3144 5398 aperitur
3167 5333 3412 5401 capitium
3439 5327 3612 5389 ’.Ἰε-

2045 5415 2121 5469 les
2146 5425 2265 5469 sunt
2295 5416 2382 5486 qui
2422 5417 2656 5472 habitant
2682 5419 2733 5472 in
2761 5436 2920 5474 unum
2947 5439 2958 5475 :
2993 5430 3048 5474 ut
3075 5424 3337 5492 quomodo
3369 5441 3461 5494 per
3485 5440 3608 5480 oras

2109 5596 2123 5627 ί
2151 5597 2232 5662 ttic
2254 5597 2300 5644 in
2324 5597 2433 5662 Edd.
2461 5605 2584 5659 post,
2623 5598 2921 5662 dicebantur,
2945 5601 3155 5651 additum
3179 5610 3270 5660 est,
3295 5600 3545 5651 saniebanl
3589 5613 3608 5651 :

2042 5657 2168 5718 quod
2192 5658 2252 5704 ab
2275 5657 2496 5708 erunibus
2518 5669 2616 5708 uss.
2643 5663 2798 5710 abest.

2107 5719 2130 5786 ξ
2151 5719 2220 5786 sic
2241 5724 2345 5766 Mss.
2372 5726 2426 5768 At
2447 5720 2577 5778 Edd.,
2607 5721 2685 5772 ille
2709 5729 2933 5786 tanquam
2955 5725 3102 5774 barba
3121 5730 3238 5772 erat.

2111 5778 2131 5811 ³
2151 5785 2327 5827 Omnes
2349 5786 2436 5830 ωδε
2457 5815 2472 5843 ,
2493 5790 2649 5842 caput.
