4160 6450
640 323 776 376 1753

641 443 771 497 istas
801 440 961 494 intrat
987 442 1144 505 caput
1172 429 1418 492 hominis,
1448 435 1504 481 ut
1529 427 1716 481 vestiat
1743 437 1834 488 se;
1873 420 1950 475 sic
1980 435 2074 487 per
2094 433 2225 473 con-

642 532 877 587 cordiam
907 529 1195 582 fraternam
1236 520 1479 575 Christus
1503 517 1691 577 intrat,
1719 513 1808 583 qui
1839 520 1916 567 est
1947 518 2105 580 caput
2132 522 2227 563 no-

644 636 833 680 strum,
868 629 923 672 ut
950 617 1224 674 vestiatur,
1257 620 1313 663 ut
1344 606 1577 662 Ecclesia
1606 604 1681 658 illi
1716 603 1932 657 lia-real.

718 713 784 766 10
835 709 982 781 [υιονε.
1013 703 1089 775 5.]
1130 701 1265 769 Quid
1296 698 1434 752 aliud
1462 698 1628 751 dicit?
1656 695 1801 748 Sicut
1837 708 1921 745 ros
1968 688 2191 743 Hermon
2211 726 2226 751 ,

642 804 726 873 qui
750 779 1001 853 descendit
1027 811 1176 864 super
1206 800 1397 844 montes
1420 790 1436 820 ¹
1467 788 1613 843 Sion.
1642 786 1754 839 Hoc
1783 783 1949 837 voluit
1977 779 2227 849 intelligi,

644 872 834 949 fratres
862 890 988 952 inci,
1019 886 1242 955 gratiam
1273 884 1361 937 llei
1390 897 1505 937 esse
1528 880 1667 950 quod
1699 878 1887 932 fratres
1915 874 2149 929 habitant
2177 872 2228 926 in

644 1001 841 1045 unum;
877 997 979 1034 non
1012 997 1074 1035 ex
1109 980 1220 1032 suis
1248 977 1469 1040 viribus,
1499 989 1599 1027 non
1632 987 1696 1025 ex
1728 970 1837 1022 suis
1869 966 2071 1020 meritis
2091 1007 2104 1027 ,
2134 963 2230 1021 Sed

643 1094 707 1132 ex
741 1077 878 1129 iilius
902 1073 1067 1135 dnuo,
1096 1070 1188 1123 sed
1219 1084 1283 1123 ex
1315 1069 1451 1120 illius
1479 1065 1668 1133 gratia,
1697 1063 1826 1114 sicut
1863 1076 1951 1111 ros
1975 1057 2043 1111 de
2070 1055 2226 1110 co‘ln.

647 1169 761 1223 Non
794 1167 935 1220 enim
962 1175 1101 1218 terra
1131 1162 1229 1214 sibi
1274 1160 1421 1229 pluit,
1455 1167 1542 1209 aut
1569 1171 1672 1208 non
1704 1149 1957 1222 quidquid
1988 1149 2234 1215 genuerit

649 1258 873 1316 arescit,
906 1255 1007 1309 nisi
1042 1254 1214 1324 pluvia
1248 1252 1475 1316 desuper
1496 1244 1803 1301 descendat.
1836 1242 1973 1295 Dicit
2002 1238 2230 1309 quodam

648 1351 766 1405 loco
793 1351 844 1403 in
871 1348 1073 1415 psalmo
1098 1364 1109 1398 :
1143 1343 1373 1397 I’luvium
1395 1339 1727 1394 voluntariam
1745 1334 2044 1403 segregabis,
2077 1332 2229 1395 Deus,

650 1443 926 1498 [tct‘c‘dflltll
956 1450 1055 1494 tute
1082 1436 1249 1505 (Psal.
1284 1450 1456 1493 ιλιι-ιι,
1498 1429 1608 1502 10).
1644 1430 1818 1494 Quare
1845 1426 1974 1479 dixit
2004 1424 2234 1478 volunta-

649 1534 820 1588 rium?
844 1532 975 1598 Quia
1008 1548 1109 1583 non
1142 1528 1343 1583 meritis
1377 1524 1571 1578 uestris
1592 1563 1605 1581 ,
1654 1518 1746 1574 sed
1776 1518 1916 1572 illius
1942 1516 2230 1568 voluntate.

649 1624 783 1692 Quid
811 1623 950 1675 enim
980 1619 1099 1673 boui
1124 1617 1412 1671 meruimus
1441 1609 1786 1684 peccatores?
1811 1607 1935 1677 quid
1968 1605 2091 1660 boui
2118 1620 2233 1657 me-

651 1717 852 1769 ruimus
879 1710 1076 1780 iniqui?
1104 1709 1178 1761 Ex
1206 1707 1369 1760 Adam
1394 1704 1588 1764 Adam,
1618 1711 1669 1755 ct
1692 1715 1852 1769 super
1875 1698 2039 1751 Adam
2070 1696 2234 1749 multa

654 1816 867 1875 peccata
898 1810 1203 1853 nascuntur.
1232 1794 1481 1863 Quisquis
1505 1791 1759 1849 nascitur,
1786 1789 1950 1842 Adam
1979 1786 2227 1849 nascitur,

653 1897 933 1953 damnatus
960 1892 1026 1944 de
1051 1888 1321 1948 damnato,
1350 1894 1401 1938 et
1427 1882 1628 1936 addidit
1653 1880 1791 1935 male
1822 1877 2046 1932 vivendo
2075 1890 2236 1944 super

654 1983 823 2037 Adam
853 1983 895 2034 ⁸.
940 1978 1073 2045 Quid
1115 1979 1256 2031 enim
1306 1974 1428 2028 boni
1480 1971 1669 2025 meruit
1710 1969 1916 2023 Adam?
1949 1968 2014 2020 Et
2058 1976 2236 2019 tamen

658 2076 961 2131 mist-ricors
989 2069 1205 2129 amarit,
1234 2076 1287 2120 et
1316 2079 1542 2134 SpOttSttS
1563 2061 1765 2121 dilexit,
1800 2076 1903 2112 nou
1935 2058 2229 2127 pulchram,

657 2166 749 2220 sed
780 2175 834 2216 ut
871 2165 1063 2216 fact-ret
1093 2158 1387 2231 pulchram.
1424 2153 1562 2222 Ergo
1591 2153 1815 2223 gratiam
1848 2150 1939 2204 Dei
1971 2150 2101 2203 dixit
2141 2162 2235 2203 ro-

654 2274 765 2311 rem
793 2256 1042 2307 llermnn.

728 2348 813 2401 ll.
844 2343 947 2399 Sed
990 2342 1221 2397 Hermnn
1252 2338 1376 2409 quid
1406 2339 1506 2401 sit,
1541 2351 1697 2390 nosse
1724 2333 1946 2387 debetis.
1978 2331 2127 2386 Mons
2157 2338 2239 2385 est

653 2438 866 2508 quidam
901 2436 1054 2502 longe
1080 2431 1372 2497 disiunctus
1396 2427 1461 2480 ab
1485 2426 1802 2483 Jerusalem,
1833 2422 1884 2476 id
1915 2430 1995 2476 est
2025 2438 2053 2473 a
2084 2420 2233 2473 Sion.

656 2528 836 2596 Itaque
865 2527 1053 2578 mirum
1084 2530 1164 2575 est
1187 2519 1326 2590 quod
1351 2519 1429 2573 sic
1457 2518 1551 2577 ait,
1580 2516 1725 2569 Sicut
1750 2530 1832 2566 ros
1866 2510 2089 2565 Hermon
2108 2553 2122 2575 ,
2152 2510 2238 2580 qui

642 2618 909 2674 descendit
958 2630 1110 2682 super
1162 2620 1353 2664 montes
1406 2608 1573 2670 Sion;
1624 2620 1743 2659 cum
1797 2618 1948 2657 mons
2004 2601 2237 2655 Hermon

656 2712 812 2779 longe
836 2709 903 2762 sit
927 2706 1224 2773 disiunctus
1260 2701 1328 2754 ab
1356 2699 1650 2755 Jerusalem
1676 2714 1689 2749 :
1723 2708 1845 2748 nam
1877 2702 2022 2747 trans
2047 2692 2239 2747 Jorda-

661 2817 781 2854 nem
811 2813 931 2853 esse
960 2797 1169 2849 dicitur.
1217 2793 1353 2861 Ergo
1382 2788 1579 2858 aliquid
1621 2787 2056 2855 interpretatione
2103 2784 2236 2837 Iler-

658 2907 780 2944 mon
807 2899 1123 2958 quaeramus.
1153 2883 1265 2937 Non
1297 2881 1437 2936 enim
1472 2879 1740 2933 hebraeum
1769 2888 1869 2938 est,
1902 2886 1955 2930 et
1980 2875 2240 2930 habemus

662 2978 1147 3048 interpretationem
1187 2974 1254 3028 ab
1282 2974 1361 3028 eis
1395 2972 1481 3040 qui
1514 2970 1654 3024 illam
1685 2969 1914 3038 linguam
1951 2974 2236 3021 noverunt.

657 3073 891 3129 Hermon
944 3066 1277 3135 interpretari
1323 3062 1534 3126 dicitur,
1586 3060 1788 3114 Lumen
1839 3058 2148 3113 exaltatum.
2195 3059 2237 3111 A

655 3170 870 3226 Christo
897 3165 1036 3220 enim
1063 3176 1189 3216 ros:
1223 3174 1344 3214 nam
1373 3157 1574 3210 nullum
1599 3154 1775 3208 lumen
1801 3152 2111 3217 exaltatum,
2135 3150 2238 3205 nisi

655 3260 920 3315 Christus.
962 3252 1239 3322 Quomodo
1277 3250 1564 3305 exaltatum
1596 3246 1709 3303 est?
1739 3245 1916 3301 Primo
1959 3245 2013 3298 in
2043 3259 2236 3309 cruce;

658 3360 839 3421 postea
870 3349 921 3402 in
948 3347 1103 3402 caelo.
1138 3343 1413 3398 Exaltatus
1442 3341 1495 3394 in
1536 3352 1724 3401 cruce,
1757 3352 1877 3392 cum
1924 3334 2239 3389 bumiliare-

658 3452 777 3501 tur;
809 3439 901 3491 sed
948 3432 1243 3489 lmmiliatio
1287 3432 1424 3484 illius
1464 3444 1569 3484 non
1610 3427 1781 3498 potuit
1817 3426 1920 3480 nisi
1950 3425 2052 3478 alta
2094 3438 2237 3479 esse.

660 3529 897 3585 ﬂaminis
940 3523 1266 3593 dispensatio
1311 3521 1483 3575 minus
1531 3520 1811 3586 minusque
1839 3515 1999 3570 fiebat
2028 3514 2073 3579 ³,
2121 3530 2241 3584 qua:

662 3617 1059 3688 significabatur
1099 3614 1150 3666 in
1176 3612 1413 3672 Joanne;
1444 3609 1537 3662 Dei
1573 3606 1900 3673 dispensatio
1927 3606 1977 3658 iu
2017 3606 2241 3659 Domino

659 3720 845 3765 nostro
872 3707 996 3762 Jesu
1027 3703 1238 3758 Christo
1262 3699 1534 3756 crescebat
1558 3717 1571 3752 :
1603 3697 1742 3767 quod
1774 3706 1828 3750 et
1855 3696 2116 3749 natalibm
2144 3709 2240 3748 eo-

658 3817 775 3856 rum
807 3797 1120 3853 ostenditnr.
1149 3794 1278 3848 Nam
1323 3792 1411 3846 ille
1437 3798 1592 3844 natus
1630 3796 1748 3851 est,
1777 3787 1912 3841 sicut
1945 3784 2105 3839 tradit
2136 3784 2238 3838 Ec-

659 3891 843 3952 clesia,
875 3898 1063 3941 octavo
1088 3883 1338 3939 calendas
1358 3881 1539 3951 julias,
1567 3894 1686 3932 cum
1723 3877 1831 3946 jam
1861 3876 2115 3944 incipiunt
2145 3875 2241 3927 mi-

657 3984 749 4036 nui
794 3981 952 4033 dies:
1002 3976 1258 4031 Dominus
1307 3981 1484 4025 autem
1540 3979 1694 4022 natus
1743 3975 1933 4021 octavo
1993 3964 2242 4020 calendas

655 4071 950 4141 jnnuarias,
991 4064 1203 4136 quando
1226 4064 1332 4131 jam
1373 4061 1489 4114 dies
1517 4059 1776 4129 incipiunt
1811 4070 2073 4112 crescere.
2105 4052 2240 4108 Audi

659 4163 834 4231 ipsum
863 4158 1118 4212 Joannem
1146 4153 1487 4208 cnnfitentem
1519 4170 1531 4204 :
1574 4150 1729 4203 Illum
1767 4156 1959 4218 oportet
1987 4159 2237 4207 crescere,

662 4270 741 4306 me
765 4263 931 4303 autent
958 4248 1115 4301 minui
1156 4244 1333 4314 (latin.
1366 4258 1441 4306 ut,
1474 4242 1585 4312 50).
1616 4242 1676 4294 Et
1707 4241 1980 4309 passiones
2006 4239 2240 4307 ipsorum

663 4343 764 4395 hoc
806 4338 1059 4392 indicant.
1113 4336 1366 4388 Dominus
1397 4333 1447 4386 in
1494 4347 1651 4385 cruce
1695 4331 1956 4384 exaltatus
2004 4336 2118 4388 est;
2152 4325 2241 4380 ille

659 4445 801 4486 ca'so
824 4432 994 4496 capite
1022 4426 1343 4480 deminutus.
1377 4424 1516 4492 Ergo
1547 4424 1722 4477 lumen
1749 4421 2058 4483 exaltatum,
2088 4416 2241 4473 Chri-

660 4534 772 4577 stus
798 4540 811 4575 :
841 4519 963 4575 inde
988 4528 1068 4573 est
1097 4532 1183 4571 res
1210 4517 1461 4570 llermou.
1488 4515 1592 4569 Sed
1615 4514 1936 4583 quicumque
1960 4509 2117 4563 vultis
2149 4510 2240 4561 ha-

660 4614 828 4667 bitare
859 4611 909 4664 in
950 4624 1150 4672 unum,
1201 4614 1379 4676 optate
1422 4619 1596 4659 rorem
1639 4605 1831 4666 istum,
1877 4599 2239 4669 compluimini

662 4705 804 4759 inde.
862 4701 1104 4770 Alioquin
1155 4712 1260 4751 non
1311 4696 1549 4766 poteritis
1593 4702 1771 4747 tenere
1823 4690 1963 4761 quod
2022 4688 2241 4758 profite-

662 4795 825 4857 mini,
866 4807 962 4845 nec
988 4790 1219 4859 profiteri
1251 4786 1448 4840 audere
1474 4783 1496 4815 ⁸
1534 4782 1808 4852 poteritis,
1843 4782 1942 4835 nisi
1984 4781 2072 4836 ille
2103 4781 2243 4835 into-

663 4888 872 4949 nuerit;
903 4900 999 4938 nec
1025 4896 1338 4951 permanere
1369 4878 1627 4949 poteritis.
1659 4877 1758 4931 nisi
1788 4877 1901 4946 ejus
1927 4878 2108 4947 sagina
2138 4892 2242 4930 non

659 4980 799 5033 desit
827 4979 1014 5033 vobis:
1045 4976 1157 5044 ipsa
1197 4972 1340 5027 enim
1368 4969 1548 5041 sagina
1590 4967 1862 5023 descendit
1900 4982 2060 5036 super
2087 4981 2243 5021 mon-

662 5080 741 5122 tes
766 5069 914 5121 Sion.

734 5160 820 5213 19..
848 5158 960 5213 Jam
984 5164 1172 5210 montes
1194 5153 1341 5217 Sion,
1371 5151 1544 5221 magni
1569 5152 1621 5205 in
1648 5148 1798 5204 Sion.
1822 5148 1959 5217 Quid
1981 5159 2060 5202 est
2082 5147 2244 5202 Sion?

665 5251 921 5305 Ecclesia.
956 5249 1025 5302 Et
1047 5248 1135 5317 qui
1165 5247 1233 5300 ibi
1260 5254 1383 5299 sunt
1409 5236 1655 5298 mentes?
1686 5241 1877 5312 Magni.
1908 5241 2054 5308 Quos
2079 5238 2245 5309 signi-

667 5343 827 5397 ficant
851 5350 1079 5404 montes,
1111 5342 1209 5392 hos
1235 5337 1496 5406 significat
1526 5335 1709 5399 barba,
1742 5335 1838 5387 hos
1866 5332 2125 5402 significat
2151 5345 2245 5385 ora

730 5460 744 5487 ι
775 5452 1158 5531 edd-nutantem.
1181 5450 1274 5499 Sed
1296 5449 1452 5512 liquet
1484 5457 1602 5512 Aug.
1641 5446 1843 5511 legisse,
1883 5444 2247 5507 montes,ij

657 5522 1028 5626 δ’ὶίὲὲιῖἔῖἶῖξις..
1063 5579 1108 5622 et
1123 5584 1264 5632 super
1292 5570 1440 5632 .Jdom
1473 5569 1623 5619 multa
1654 5576 1865 5632 peccata.
1902 5565 2121 5632 Nascitur
2153 5567 2245 5616 da-

661 5651 847 5688 mnatus
872 5638 932 5687 de
958 5630 1199 5690 denotato,
1224 5638 1267 5681 et
1292 5631 1481 5682 addizl’t
1504 5633 1628 5680 mute
1651 5630 1847 5680 vivendo
1869 5630 2209 5691 sumendam.

724 5702 744 5732 ³
762 5687 840 5748 Sic
866 5711 955 5747 xm.
983 5704 1056 5745 Er.
1083 5704 1134 5745 et
1157 5687 1261 5743 Mss.
1290 5701 1343 5741 Al.
1365 5699 1495 5750 Lov.,
1518 5692 1670 5742 minor
1686 5687 1937 5747 minorque
1955 5687 2114 5750 ﬁebat.

722 5759 744 5792 δ
767 5761 1071 5819 ιιιυτυεδιδεη
1098 5770 1185 5807 nec
1209 5753 1384 5805 audire
1412 5765 1429 5802 :
1453 5763 1505 5805 et
1530 5752 1762 5813 nonnulli,
1803 5765 1890 5802 nec
1906 5750 2112 5801 audere.

1869 304 1930 363 5.
1972 298 2331 359 AUGl'STlNl
2373 296 2676 354 EPISCOPl

3748 306 3857 365 1730

2332 417 2658 473 vestimenti.
2706 416 2873 471 Barba
2901 430 3004 471 non
3047 416 3353 487 intelligitur
3397 419 3496 473 nisi
3541 420 3590 474 in
3630 424 3856 490 perfectis.

2332 508 2446 562 Non
2478 522 2604 576 ergo
2635 506 2876 562 habitant
2906 508 2958 561 in
2996 523 3157 561 unum
3178 547 3193 571 ,
3223 509 3320 563 nisi
3355 509 3407 562 in
3446 510 3629 579 quibus
3667 515 3860 583 perfecta

2333 598 2492 652 fuerit
2515 598 2747 652 cbaritas
2772 597 2965 653 Christi
2996 600 3035 651 ¹.
3067 596 3198 653 Nam
3230 599 3279 652 in
3308 600 3499 668 quibus
3527 617 3627 655 non
3666 615 3737 658 est
3760 623 3860 676 per-

2332 688 2465 742 fecta
2495 689 2727 743 cbaritas
2751 687 2967 755 Christi,
2992 700 3046 743 et
3069 703 3190 743 cum
3217 688 3264 741 iu
3286 705 3395 743 uno
3420 693 3543 754 sint,
3570 691 3721 747 odiosi
3744 673 3859 760 sunt,
3939 673 3947 680 ⁸

2334 779 2540 832 molesti
2572 788 2728 844 sunt,
2762 780 3047 833 turbulenti
3080 787 3235 844 sunt,
3282 781 3548 835 anxietate
3575 797 3661 836 sua
3690 789 3864 844 turbam

2334 880 2579 933 cmteros,
2609 878 2662 922 et
2686 878 2931 939 qua'rnnt
2959 869 3179 938 quid.de
3203 870 3305 923 illis
3329 870 3541 937 dicant;
3571 877 3806 942 quomodo
3824 882 3863 933 in

2330 959 2574 1028 junctura
2605 961 2894 1029 inquietum
2920 961 3218 1030 jumen‘tum
3247 976 3349 1014 non
3380 963 3550 1016 solum
3581 981 3675 1025 non
3704 967 3861 1033 trahit,

2335 1053 2428 1107 sed
2457 1061 2512 1106 et
2556 1052 2749 1121 frangit
2788 1054 3019 1107 calcibus
3061 1053 3203 1122 quod
3245 1054 3486 1122 junctum
3517 1065 3611 1109 est.
3645 1055 3694 1110 Si
3721 1070 3865 1113 au'em

2337 1145 2493 1197 habet
2517 1160 2689 1200 rorem
2718 1145 2972 1209 llermon,
2993 1145 3079 1213 qui
3101 1145 3356 1199 descendit
3380 1163 3533 1216 super
3552 1158 3723 1202 montes
3745 1150 3863 1217 Sion,

2336 1239 2549 1309 quietus
2570 1279 2583 1300 ,
2620 1239 2856 1308 placatus
2876 1279 2889 1303 ,
2935 1239 3176 1304 humilis,
3226 1240 3493 1306 tolerans,
3525 1254 3617 1308 pro
3644 1256 3868 1300 murmure

2339 1346 2547 1399 precem
2582 1329 2771 1383 fundit.
2804 1329 2934 1383 Nam
2968 1340 3393 1384 murmuratorrs
3431 1347 3613 1385 omnes
3636 1334 3868 1403 magnifice

2336 1421 2587 1489 descripti
2614 1431 2736 1474 sunt
2760 1421 2988 1490 quodam
3020 1420 3136 1473 loco
3161 1420 3555 1488 Seripturarum
3582 1440 3593 1474 :
3627 1422 3869 1478 I’rcrcordia

2338 1511 2465 1579 fatui
2491 1510 2621 1563 sicut
2649 1521 2758 1563 rota
2781 1511 2914 1563 carri
2942 1509 3126 1582 (Eccli.
3153 1526 3339 1573 χχχιιι.
3372 1511 3446 1577 5).
3475 1509 3525 1581 ρ
3546 1511 3607 1564 vid
3631 1522 3726 1575 est,
3750 1512 3868 1567 Prte-

2338 1602 2512 1655 cordia
2552 1603 2681 1671 fatui
2719 1602 2846 1655 sicut
2883 1613 2996 1655 rata
3026 1602 3196 1656 curri?
3222 1601 3428 1656 Fenum
3459 1611 3650 1673 portat.
3679 1613 3728 1658 et
3752 1621 3868 1659 tnur-

2340 1702 2515 1746 mnrat
2544 1710 2555 1746 :
2584 1708 2689 1747 non
2730 1694 2868 1747 enim
2901 1702 3075 1763 potest
3102 1703 3217 1746 rota
3244 1693 3385 1747 carri
3417 1693 3678 1761 qttiescere
3700 1709 3725 1747 a
3751 1712 3869 1750 mur-

2340 1800 2512 1839 mure.
2542 1784 2633 1837 Sic
2669 1791 2793 1838 sunt
2820 1783 2971 1837 multi
3010 1781 3233 1849 fratres;
3265 1798 3374 1837 non
3412 1782 3642 1837 habitant
3675 1785 3719 1837 in
3741 1801 3869 1839 unum

2341 1877 2441 1930 nisi
2466 1892 2711 1945 corpore.
2739 1875 2844 1932 Sed
2876 1876 2965 1946 qui
2994 1884 3117 1929 sunt
3144 1876 3233 1945 qui
3265 1876 3510 1929 habitant
3534 1876 3583 1929 in
3612 1877 3788 1930 unum?
3810 1877 3867 1932 llli

2339 1968 2406 2024 de
2432 1969 2623 2038 quibus
2644 1967 2842 2022 dictum
2882 1976 2965 2022 est
2985 2007 2999 2033 ,
3046 1966 3111 2020 Et
3143 1976 3252 2021 erat
3273 1966 3396 2020 't'llis
3428 1967 3594 2020 anima
3621 1984 3710 2020 una
3734 1977 3772 2020 et
3803 1984 3870 2021 cor

2339 2077 2497 2114 unum
2522 2062 2573 2114 in
2602 2060 2762 2113 Deum
2785 2077 2804 2114 :
2831 2070 2875 2113 ct
2899 2076 3048 2114 nemo
3077 2060 3273 2114 dicebat
3296 2059 3490 2130 aliquid
3509 2076 3645 2114 suum
3667 2077 3779 2125 esse,
3803 2078 3868 2115 sca

2339 2163 2482 2207 erant
2515 2151 2620 2206 illis
2659 2153 2828 2206 omnia
2881 2153 3170 2206 communia
3211 2154 3353 2219 (Act.
3396 2168 3472 2217 tv,
3510 2152 3613 2220 3‘2).
3655 2152 3897 2223 Designati

2340 2254 2497 2309 sunt,
2528 2244 2779 2313 descripti
2807 2252 2964 2310 sunt,
3006 2243 3094 2313 qui
3126 2244 3431 2313 pertineant
3468 2243 3530 2296 ad
3558 2242 3775 2306 barbam,
3800 2260 3867 2312 qut

2342 2336 2642 2405 pertineant
2668 2336 2733 2388 ad
2766 2351 2913 2390 oram
2945 2336 3272 2402 vestimenti,
3308 2336 3395 2406 qui
3422 2345 3742 2390 numerentur
3761 2337 3868 2391 inter

2342 2437 2552 2483 montes
2578 2428 2725 2483 Sion.
2754 2429 2819 2482 Et
2844 2429 2887 2481 si
2915 2437 3038 2482 sunt
3063 2428 3133 2482 ibi
3154 2429 3241 2481 alii
3269 2436 3695 2493 murmuratores,
3718 2427 3867 2481 memi-

2343 2522 2519 2576 nerint
2566 2521 2690 2576 dicti
2735 2518 2980 2575 Domini:
3015 2519 3158 2575 Unus
3196 2530 3501 2585 assumetur,
3540 2530 3585 2576 et
3612 2537 3728 2573 unus
3750 2520 3868 2573 relin-

2342 2620 2520 2680 quetur
2550 2609 2762 2682 (Matth.
2795 2625 2942 2676 XXIV,
2969 2609 3083 2681 40).

2415 2702 2502 2755 15.
2538 2700 2788 2765 Quoniam
2829 2700 2898 2754 ibi
2935 2700 3191 2754 mmtdavit
3231 2699 3486 2756 Dominus
3513 2700 3861 2755 benedictionem.

2344 2791 2442 2847 Ubi
2476 2792 2787 2847 mandavit?
2813 2791 2867 2844 ln
2895 2790 3150 2847 fratribus
3176 2793 3263 2861 qui
3297 2793 3536 2848 habitant
3559 2793 3607 2847 in
3632 2807 3784 2848 unum.
3809 2789 3863 2845 lbi

2344 2886 2599 2956 prmeepit
2645 2884 3071 2940 benedictionem
3098 2927 3110 2949 ,
3160 2885 3229 2939 ibi
3284 2884 3599 2940 benedicunt
3638 2885 3862 2939 Dominum

2343 2977 2431 3046 qui
2457 2977 2696 3030 habitant
2722 2976 3077 3031 concorditer.
3107 2975 3237 3031 Nam
3266 2976 3323 3030 in
3350 2976 3605 3032 diseurdia
3629 2989 3718 3030 neu
3740 2970 3864 3029 bene-

2343 3069 2476 3123 dicis
2515 3069 2815 3123 Dominum.
2847 3068 2973 3124 Sine
3011 3085 3169 3124 causa
3205 3069 3344 3125 dicis
3373 3070 3491 3139 quia
3519 3069 3676 3140 lingua
3701 3077 3771 3121 tua
3795 3083 3863 3120 so-

2344 3172 2431 3216 nat
2462 3162 2886 3217 benedictionem
2919 3161 3124 3216 Domini
3146 3203 3160 3223 ,
3193 3162 3236 3214 si
3279 3161 3445 3216 corde
3481 3177 3578 3215 non
3607 3171 3863 3214 seuesrnrc

2343 3254 2613 3310 benedicis
2633 3295 2646 3317 ,
2679 3261 2734 3309 et
2761 3253 2922 3308 corde
2961 3252 3257 3307 maledicis.
3297 3253 3400 3306 Ore
3426 3269 3514 3306 suo
3539 3248 3859 3305 benedicebant.

2343 3357 2388 3400 et
2434 3345 2585 3400 corde
2624 3362 2714 3399 suo
2758 3343 3121 3398 ntalediccbuut
3171 3341 3344 3414 (Psal.
3385 3360 3504 3408 LXI,
3534 3344 3608 3412 5).
3647 3336 3859 3407 Numquid

2342 3438 2502 3492 verba
2547 3446 2725 3491 nostra
2772 3436 2932 3490 sunt?
2975 3434 3262 3503 Signiﬁcati
3311 3444 3435 3489 sunt
3481 3434 3689 3503 quidam.
3726 3428 3859 3483 Bene-

2345 3530 2475 3583 dicis
2516 3529 2815 3590 Dominum,
2844 3542 2962 3581 cum
2994 3541 3150 3591 oras;
3182 3534 3236 3580 et
3274 3525 3516 3596 sequeris
3539 3524 3585 3578 in
3612 3536 3740 3591 prece
3762 3530 3856 3580 tua.

2344 3630 2397 3675 et
2423 3620 2693 3674 maledicis
2717 3620 3069 3674 inimico-tuo.
3104 3618 3215 3674 lloe
3239 3630 3322 3673 est
3349 3619 3484 3690 quod
3511 3617 3679 3672 audisti
3698 3615 3751 3667 ah
3771 3612 3858 3682 ip:o

2348 3710 2592 3774 Domino,
2628 3708 2838 3781 Diligite
2862 3711 3090 3762 inimicos
3112 3718 3305 3763 vestros
3325 3710 3352 3763 Ρ
3377 3709 3432 3765 Si
3461 3716 3623 3762 autem
3649 3704 3796 3765 facias,
3818 3708 3859 3753 cl

2345 3803 2534 3872 diligas
2559 3803 2831 3857 inimicum
2864 3812 3008 3857 tuum
3030 3843 3045 3866 ,
3078 3811 3132 3856 et
3170 3817 3295 3856 ores
3326 3818 3421 3872 pro
3446 3818 3539 3866 eo,
3566 3798 3627 3853 ibi
3658 3791 3858 3849 mandarit

2343 3893 2594 3948 Dominus
2622 3894 3011 3950 benedictionem
3029 3909 3211 3958 suam;
3239 3893 3313 3948 ibi
3340 3893 3555 3947 habebis
3580 3891 3709 3943 vitam
3730 3886 3771 3937 in
3786 3895 3857 3935 str-

2343 3990 2533 4053 culum,
2563 3988 2613 4043 id
2640 3998 2722 4042 est
2748 3989 2798 4042 in
2826 3997 3104 4042 arteruum.
3148 3984 3299 4039 Multi
3331 3985 3472 4041 enim
3501 3992 3711 4037 amantes
3731 3976 3854 4028 vitam

2345 4082 2499 4136 istam
2519 4121 2533 4147 ,
2564 4079 2884 4134 maledicunt
2911 4080 3138 4134 inimicis
3163 4079 3272 4132 suis
3302 4097 3317 4131 :
3352 4095 3444 4147 pro
3470 4092 3562 4147 qua
3589 4092 3657 4135 re,
3680 4069 3759 4124 nisi
3784 4079 3853 4132 pro

2346 4174 2444 4226 ista
2471 4173 2575 4226 vita
2594 4213 2608 4237 ,
2642 4172 2739 4225 nisi
2767 4185 2863 4241 pro
2893 4169 3190 4224 Commodis
3217 4165 3590 4224 saecularibus?
3613 4163 3694 4220 Ubi
3718 4172 3758 4213 te
3780 4171 3853 4209 an-

2345 4264 2571 4332 gustavit
2594 4262 2837 4315 inimicus
2862 4272 3003 4326 tuus,
3027 4261 3310 4329 utcogaris
3333 4253 3663 4312 maledicere?
3687 4251 3730 4302 In
3749 4257 3852 4299 terra

2345 4360 2653 4422 angustatus
2684 4366 2774 4415 es;
2809 4352 3005 4419 migra,
3031 4348 3211 4407 habita
3243 4349 3296 4402 in
3333 4348 3486 4403 malo.
3517 4339 3769 4412 Quomodo,
3791 4336 3852 4387 in-

2345 4443 2515 4512 quies,
2545 4441 2724 4495 babito
2751 4441 2805 4495 in
2835 4440 2993 4506 malo,
3026 4439 3186 4494 homo
3212 4455 3375 4493 carne
3406 4437 3621 4498 indutus,
3644 4427 3762 4484 carni
3785 4425 3853 4475 de-

2345 4534 2526 4587 ditus?
2556 4534 2725 4586 Corde
2766 4533 3039 4602 praecede,
3090 4547 3195 4600 quo
3239 4530 3479 4600 sequaris
3516 4539 3724 4593 corpore.
3766 4512 3851 4569 Noli

2345 4625 2540 4679 surdus
2565 4624 2778 4689 audire,
2819 4623 3039 4678 Sursum
3068 4622 3246 4675 corda.
3275 4620 3495 4676 Sursum
3532 4631 3615 4671 cor
3648 4612 3782 4669 habe,
3812 4611 3853 4657 et

2345 4731 2505 4770 nemo
2549 4725 2600 4769 te
2628 4715 2927 4785 augustabit
2956 4714 3006 4767 in
3033 4713 3170 4767 cudo
3196 4713 3235 4762 ³.
3287 4711 3353 4764 Ει
3385 4710 3502 4764 ideo
3525 4707 3644 4762 bene
3667 4698 3850 4767 sequiint‘

2346 4806 2481 4859 alius
2505 4806 2738 4876 psalmus
2763 4824 2775 4860 :
2976 4796 2981 4799 D

3632 4891 3838 4913 ...σο-ρι’

2709 4988 2790 5049 ΙΝ
2832 4986 3211 5048 PSALMUM
3243 4979 3559 5046 CXXXIII

2940 5086 3349 5141 ΕΝΑΒΒᾹΤΙΟ.

2679 5180 2939 5238 Sermonis
2968 5178 3240 5249 superioris
3269 5172 3582 5229 continuatio.

2427 5300 2474 5353 l.
2502 5296 2649 5370 [vers.
2685 5294 2761 5368 1.]
2794 5294 2923 5349 Ecce
2946 5309 3081 5347 nunc
3110 5290 3379 5346 benedicite
3408 5283 3684 5339 Dominum.
3717 5283 3848 5324 οηιηη

2350 5392 2479 5447 servi
2508 5389 2741 5450 Domini,
2767 5387 2850 5456 qui
2880 5386 3020 5437 statis
3047 5386 3097 5437 in
3134 5386 3280 5436 domo
3308 5377 3504 5432 Domini
3524 5418 3535 5432 ,
3560 5375 3606 5423 in
3629 5380 3748 5420 atrus
3775 5375 3845 5409 au-

2343 5500 2463 5539 -mus
2504 5480 2595 5534 Dei
2621 5479 2796 5533 nostri.
2836 5477 3009 5545 Quare
3052 5473 3278 5535 addidit,
3308 5472 3359 5523 in
3386 5466 3559 5521 atriis?
3601 5457 3722 5513 Atria
3756 5466 3845 5501 ante

2350 5576 2515 5644 pliora
2541 5571 2708 5640 spatia
2752 5567 2942 5622 domus
2973 5565 3347 5633 intelliguntur.
3377 5559 3471 5628 Qui
3514 5562 3607 5609 stat
3630 5551 3673 5602 in
3700 5551 3844 5596 atrus,

2414 5686 2429 5716 ¹
2452 5681 2672 5743 Plerique
2706 5686 2834 5735 5155.,
2853 5675 3062 5726 cbaritas
3081 5671 3352 5725 christiana.

2413 5748 2432 5777 ⁸
2462 5744 2681 5792 Cbristin.
2705 5749 2767 5789 Ms
2790 5774 2803 5799 ,
2829 5747 2979 5789 terra.
