4160 6448
430 482 456 538 1
470 481 572 538 757

432 611 541 654 non
567 600 899 666 angustatur,
932 605 1038 648 non
1065 593 1359 664 premitur;
1387 589 1616 662 quodam
1646 592 1805 648 modo
1829 591 2020 648 dilata-

430 699 539 745 tur.
572 689 629 744 ln
671 686 949 744 latitudine
992 701 1149 742 mane
1170 726 1184 750 ,
1215 693 1270 741 et
1295 692 1448 756 potes
1487 683 1708 755 diligere
1749 683 2021 739 inimicum

432 791 613 846 tuum;
645 782 769 850 quia
799 794 905 834 non
950 794 1013 834 ea
1044 777 1217 848 diligis
1237 819 1251 843 ,
1284 776 1374 831 ubi
1399 776 1466 833 ab
1508 775 1724 832 inimico
1752 776 2022 845 angustias

432 873 673 944 patiaris.
717 870 997 940 Quomodo
1035 869 1345 941 intelligeris
1384 879 1527 926 stare
1554 870 1607 924 in
1637 870 1824 924 atriis?
1848 867 1941 926 Sta
1970 869 2021 923 in

433 968 713 1031 charitate,
741 974 796 1021 et
821 973 930 1020 stas
956 965 1009 1019 in
1029 964 1198 1020 atriis.
1232 963 1287 1018 In
1314 963 1571 1019 charitate
1596 963 1817 1019 latitudo
1843 973 1944 1030 est,
1968 963 2023 1019 in

433 1059 558 1114 odio
601 1057 862 1128 angustia.
910 1055 1048 1110 Audi
1087 1056 1442 1126 Apostolum:
1488 1054 1582 1109 Ira
1621 1064 1667 1109 et
1706 1055 2021 1127 indignatio,

431 1151 688 1206 tribulatio
718 1160 768 1206 et
795 1149 1031 1222 angustia
1069 1149 1122 1202 in
1152 1164 1351 1202 omnem
1389 1147 1613 1202 animam
1650 1147 1866 1202 hominis
1904 1163 2026 1216 ope-

431 1245 592 1299 rantis
636 1242 828 1296 malum
870 1241 1044 1313 (Rom.
1087 1257 1159 1307 ιι,
1192 1240 1245 1303 8,
1277 1238 1356 1312 9).
1408 1240 1484 1296 De
1527 1239 1803 1295 latitudine
1847 1247 2022 1293 autem

433 1336 710 1394 charitatis
739 1335 866 1406 quid
894 1335 1060 1391 dicit?
1092 1335 1344 1402 Quoniam
1366 1335 1589 1389 charitas
1611 1333 1708 1387 Dei
1740 1332 1926 1402 diffusa
1950 1341 2026 1387 est

434 1430 488 1482 in
514 1425 748 1482 cordibus
776 1427 961 1481 nostris
985 1443 1072 1496 per
1098 1426 1349 1496 Spiritum
1370 1434 1634 1492 sanctum,
1668 1426 1754 1495 qui
1783 1425 1932 1478 datus
1952 1433 2026 1478 est

435 1519 578 1572 nobis
604 1517 712 1587 (Id.
741 1533 793 1583 v,
823 1517 901 1587 5).
947 1515 1050 1572 Ubi
1089 1516 1239 1570 audis
1278 1515 1648 1580 diﬂ'usionem,
1682 1515 1913 1584 intellige
1953 1515 2027 1567 la-

433 1610 747 1675 titudinem;
777 1609 869 1664 ubi
898 1607 1052 1664 audis
1080 1607 1415 1663 latitudinem
1438 1648 1453 1672 ,
1501 1606 1738 1678 intellige
1762 1606 1895 1660 atria
1922 1607 2028 1660 Do-

431 1703 594 1768 mini;
618 1712 673 1758 et
689 1700 908 1756 habebis
922 1715 1102 1755 veram
1120 1699 1544 1756 benedictionem
1566 1697 1794 1764 Domini,
1814 1698 2026 1768 quando

433 1810 539 1850 non
569 1793 848 1852 maledicis
890 1792 1141 1848 inimicis.
1175 1792 1480 1863 Alloquitur
1506 1791 1649 1847 enim
1679 1790 1910 1861 Spiritus
1935 1805 2027 1846 eos

433 1889 524 1959 qui
553 1887 829 1959 patiuntur
855 1886 1284 1955 tribulationem,
1312 1895 1371 1941 ut
1395 1886 1692 1957 glorientur
1720 1885 1774 1939 in
1804 1884 2027 1939 tribula-

434 1982 698 2048 tionibus;
733 1989 790 2037 et
814 1980 943 2036 dicit
970 1980 1078 2046 eis,
1110 1977 1245 2035 Ecce
1269 1995 1403 2033 nunc
1431 1978 1706 2033 benedicite
1730 1976 2023 2045 Dominum,

434 2091 604 2130 omnes
623 2075 751 2129 servi
779 2071 1007 2127 Domini.
1038 2071 1177 2138 Quid
1200 2081 1304 2139 est,
1331 2069 1468 2125 Ecce
1491 2068 1659 2124 nunc?
1681 2068 1738 2123 In
1760 2068 1863 2124 hoc
1891 2079 2028 2122 tem-

433 2185 584 2240 pore.
616 2167 747 2223 Nam
774 2176 897 2238 post
926 2175 1223 2222 transactas
1253 2164 1656 2231 tribulationes,
1689 2162 2026 2217 manifestum

432 2269 518 2315 est
554 2261 677 2328 quia
723 2258 1083 2315 benedictioni
1125 2257 1337 2313 Domini
1365 2255 1708 2320 vacabimus,
1741 2263 1800 2310 ut
1826 2255 2027 2310 dictum

434 2360 551 2406 est:
585 2350 728 2405 Beati
762 2351 846 2421 qui
873 2350 1105 2404 habitant
1146 2349 1201 2402 in
1229 2348 1380 2403 domo
1423 2355 1545 2412 tua;
1571 2347 1625 2400 in
1652 2347 1840 2401 scecula
1864 2361 2028 2400 saecu-

433 2442 667 2496 culorum
693 2440 974 2494 laudabunt
1005 2450 1052 2493 te
1081 2437 1254 2509 (Psal.
1299 2453 1519 2503 uxxrn,
1544 2435 1623 2508 5).
1647 2437 1748 2505 Qui
1780 2444 1908 2491 tunc
1936 2435 2030 2491 be-

433 2533 698 2590 nedicturi
726 2541 851 2588 sunt
892 2532 1008 2588 sine
1033 2530 1279 2596 delectu,
1311 2530 1399 2585 hic
1423 2529 1686 2600 incipiunt
1711 2529 2028 2585 benedicere

432 2625 753 2691 Dominum;
787 2623 873 2678 hic
899 2624 951 2678 in
984 2621 1436 2687 tribulationibus,
1467 2619 1520 2675 in
1547 2620 1946 2684 tentationibus,
1975 2620 2028 2674 in

433 2717 728 2783 molestiis,
775 2717 918 2772 inter
963 2715 1314 2771 adversitates
1359 2714 1573 2779 saaculi,
1623 2714 1763 2769 inter
1810 2714 2029 2769 insidias

431 2815 665 2882 inimici,
698 2815 838 2869 inter
866 2812 1087 2868 frandes
1129 2820 1186 2868 et
1229 2812 1460 2882 impetus
1502 2809 1720 2866 diaboli.
1763 2809 1875 2865 lloc
1904 2817 2026 2875 est,

432 2908 567 2963 Ecce
601 2925 734 2962 nunc
771 2907 1047 2962 benedicite
1071 2904 1384 2972 Dominum,
1415 2921 1585 2960 omnes
1621 2903 1748 2959 servi
1782 2902 2026 2970 Domini,

431 3003 516 3074 qui
560 3003 706 3058 statis
745 3002 799 3055 in
842 3000 992 3057 dumo
1031 2998 1258 3055 Domini.
1290 2997 1430 3067 Quid
1456 3006 1560 3064 est,
1601 2997 1687 3066 qui
1725 2997 1904 3051 statis?
1929 2995 2030 3063 Qui

430 3099 810 3166 perseveretis.
858 3094 994 3162 Quia
1036 3092 1237 3147 dictum
1280 3099 1363 3146 est
1404 3089 1474 3145 de
1516 3089 1770 3160 quodam,
1820 3088 1910 3158 qui
1944 3102 2029 3140 ar-

431 3189 723 3261 changelus
750 3187 871 3253 fuit,
897 3186 963 3241 Et
982 3186 1037 3240 in
1061 3187 1266 3241 veritate
1291 3199 1393 3238 non
1413 3183 1547 3238 stetit
1571 3179 1748 3254 (Joan.
1772 3195 1884 3244 Vill,
1907 3179 2027 3248 44):

432 3291 492 3337 et
517 3281 720 3338 dictum
749 3288 832 3336 est
869 3279 939 3335 de
968 3279 1142 3334 amico
1171 3277 1386 3346 sponsi,
1418 3275 1623 3328 Amicus
1663 3282 1830 3327 autem
1857 3273 2032 3341 sponsi

433 3384 560 3440 stat,
614 3383 660 3429 et
699 3374 845 3427 audit
883 3389 1030 3438 eum,
1077 3379 1122 3424 et
1152 3369 1339 3440 gaudio
1382 3368 1566 3439 gaudet
1614 3376 1822 3437 propter
1859 3380 2030 3419 vocem

434 3465 608 3535 sponsi
637 3463 748 3538 (Id.
780 3480 856 3527 ιιι,
885 3463 1002 3534 29).

507 3558 560 3612 2.
587 3558 738 3632 [vers.
761 3556 842 3629 2.]
866 3557 1020 3626 Ergo,
1051 3554 1152 3622 Qui
1171 3553 1314 3608 statis
1333 3552 1385 3605 in
1399 3553 1548 3607 domo
1567 3550 1797 3617 Domini,
1820 3552 1875 3605 in
1887 3549 2033 3605 atriis

437 3649 617 3702 domus
642 3647 737 3701 Dei
763 3648 938 3713 nostri,
969 3648 1022 3700 in
1048 3645 1277 3700 noctibus
1306 3644 1530 3699 extollite
1558 3661 1736 3698 manus
1765 3653 1953 3698 vestras
1981 3643 2035 3698 in

437 3750 632 3806 sancta,
657 3750 702 3794 et
727 3739 1000 3794 benedicite
1026 3738 1319 3792 Dominum.
1345 3737 1524 3793 Facile
1549 3745 1631 3792 est
1646 3737 1964 3792 benedicere
1981 3735 2034 3790 in

438 3832 646 3888 diebus.
675 3831 812 3900 Quid
837 3843 938 3898 est,
967 3831 1020 3886 in
1050 3829 1282 3885 diebus?
1313 3828 1367 3882 In
1409 3829 1570 3884 rebus
1597 3830 1887 3898 prosperis.
1919 3827 2034 3882 Nox

439 3925 581 3981 enim
625 3925 793 3980 tristis
838 3938 925 3980 res
953 3931 1070 3989 est;
1103 3923 1218 3978 dies
1263 3937 1351 3978 res
1391 3929 1474 3976 est
1503 3922 1644 3975 laeta.
1690 3919 1912 3986 Quando
1943 3919 2037 3974 tibi

439 4019 577 4075 bene
606 4025 709 4084 est,
743 4015 1012 4072 benedicis
1038 4014 1342 4069 Dominum.
1374 4011 1597 4079 Quando
1628 4011 1794 4066 lilium
1823 4009 2037 4065 deside-

441 4125 528 4166 ras
574 4119 627 4165 et
677 4109 942 4174 nascitur,
991 4107 1264 4164 benedicis
1307 4106 1610 4161 Dominum.
1658 4104 1902 4159 Liberata
1954 4110 2036 4158 est

443 4219 580 4259 uxor
627 4212 715 4257 tua
762 4218 791 4256 ει
841 4201 1077 4272 periculo
1127 4208 1349 4270 partus;
1401 4196 1674 4253 benedicis
1731 4195 2032 4250 Dominum.

443 4293 761 4366 Egrotabat
815 4293 990 4359 ﬁlius,
1041 4292 1332 4357 liberatur;
1399 4289 1670 4345 benedicis
1731 4287 2034 4345 Dominum.

444 4386 756 4458 IEgrotabat
781 4386 961 4452 illius;
1006 4383 1144 4440 forte
1170 4383 1406 4455 quaesisti
1436 4380 1892 4447 mathematicum,
1924 4395 2040 4435 sor-

436 4480 662 4556 rtilegum
679 4498 694 4534 :
712 4479 846 4534 forte
868 4493 971 4533 non
993 4477 1062 4533 de
1083 4477 1283 4548 lingua,
1309 4475 1403 4532 sed
1429 4475 1497 4532 de
1517 4476 1756 4531 moribus
1778 4475 1880 4530 tuis
1909 4473 2040 4530 exiit

444 4571 752 4630 maledictio
778 4572 830 4626 in
855 4570 1134 4625 Dominum
1159 4585 1175 4636 ;
1205 4568 1334 4624 exiit
1360 4567 1426 4624 de
1456 4567 1695 4624 moribus
1725 4577 1778 4623 et
1798 4567 1904 4621 vita
1925 4575 2035 4621 tua.

445 4663 566 4723 Noli
592 4665 806 4736 gloriari
830 4664 954 4735 quia
979 4664 1156 4735 lingua
1200 4662 1494 4727 benedicis,
1522 4661 1568 4716 si
1595 4663 1698 4717 vita
1738 4660 2035 4716 maledicis.

446 4758 746 4826 Quomodo,
777 4759 972 4829 inquis,
1000 4758 1108 4812 vita
1138 4756 1434 4812 maledico?
1461 4754 1595 4822 Quia
1616 4753 1909 4810 attenditur
1929 4753 2036 4809 vita

447 4860 559 4914 tua,
589 4860 645 4908 et
684 4851 876 4907 dicitur
904 4868 917 4904 :
949 4849 1085 4905 Ecce
1126 4849 1470 4916 Christianus,
1514 4862 1640 4904 ecce
1681 4847 1870 4918 quales
1913 4857 2039 4904 sunt

447 4943 752 5000 Christiani.
786 4943 1190 5014 Blasphematur
1231 4949 1449 5012 propter
1493 4947 1546 4996 te
1589 4939 1850 4995 Christus.
1901 4939 2040 4996 Ecce

448 5053 570 5093 cum
601 5038 707 5094 vita
735 5046 823 5092 tua
852 5037 1154 5104 maledicat,
1178 5034 1305 5105 quid
1332 5031 1549 5104 prodest
1572 5032 1713 5103 quod
1744 5032 1921 5102 lingua
1951 5040 2041 5088 tua

449 5127 760 5190 benedicit?
806 5127 1110 5186 Benedicite
1158 5141 1286 5197 ergo
1328 5126 1632 5180 Dominum.
1681 5123 1945 5191 Quando?
1972 5122 2041 5178 In

452 5221 697 5276 noctibus.
737 5220 960 5289 Quando
989 5218 1261 5275 benedixit
1300 5216 1438 5272 Job?
1463 5215 1685 5284 Quando
1729 5215 1895 5270 tristis
1934 5231 2039 5270 nox

451 5322 585 5369 crat.
635 5313 821 5369 Ablata
863 5322 988 5368 sunt
1013 5311 1190 5367 omnia
1235 5325 1353 5379 qua:
1399 5308 1844 5378 possidebantur;
1877 5306 2038 5361 ablati

453 5405 546 5461 lilii
569 5406 761 5478 quibus
777 5407 1124 5462 servabantur
1149 5424 1161 5459 :
1185 5419 1341 5475 quam
1365 5401 1530 5457 tristis
1557 5403 1693 5456 nox!
1728 5400 1833 5456 Sed
1855 5400 2038 5456 videa-

454 5513 574 5556 mus
613 5499 658 5554 si
686 5516 793 5554 non
819 5499 873 5554 in
919 5507 1075 5555 nocte
1102 5494 1366 5554 benedicit
1398 5513 1410 5549 :
1440 5493 1690 5548 Dominus
1727 5493 1884 5559 dedit,
1927 5491 2036 5548 Do-

453 5593 620 5648 minus
645 5590 886 5659 abstulit;
909 5591 1035 5646 sicut
1067 5588 1283 5644 Domino
1309 5587 1496 5659 placuit
1533 5587 1605 5638 ita
1633 5589 1821 5656 factum
1845 5593 1957 5638 est:
1977 5585 2059 5639 sit'

454 5702 636 5741 nomen
665 5685 871 5740 Domini
902 5683 1217 5739 benedictum
1255 5679 1375 5754 (Job
1402 5696 1438 5744 ι,
1468 5678 1682 5747 14-21).
1727 5677 1894 5746 Quam
1933 5693 2040 5732 nox

453 5791 569 5837 atra
598 5783 651 5838 ἐ
681 5780 972 5840 Percussus
1012 5779 1193 5834 ulcere
1236 5792 1266 5831 a
1305 5775 1478 5845 capite
1517 5787 1685 5844 usque
1722 5771 1789 5827 ad
1834 5771 1996 5842 pedes
2019 5813 2033 5837 ,

519 6005 532 6036 ί
562 6003 634 6054 sic
657 6010 763 6056 Mss.
780 6002 890 6054 edd.
919 6017 1052 6062 vero,
1076 6006 1237 6052 atrox.

694 6067 913 6128 ερας-ι.
957 6072 995 6125 Α
1009 6061 1226 6125 UGUS‘I’.
1260 6061 1344 6121 IV

1496 477 1889 535 ENARRATIO
1927 475 1992 534 IN
2031 477 2355 538 PSALMUM
2394 481 2682 539 CXXXIV.

3585 494 3720 547 1758

2128 595 2452 663 putrefactus
2479 594 2806 666 liquescehat
2826 596 2878 650 in
2911 609 2989 651 se.
3023 595 3173 652 Tunc
3198 597 3309 653 Eva
3334 613 3462 655 ausa
3490 611 3572 657 est
3596 620 3722 659 eum

2129 695 2333 742 tentare
2363 705 2377 741 :
2410 687 2507 742 Dic
2535 688 2731 759 aliquid
2755 689 2809 742 in
2834 687 3000 743 Deum
3038 699 3203 757 tuum,
3246 704 3291 747 et
3320 709 3530 748 morere.
3584 696 3723 751 Audi

2128 778 2530 835 henedicentem
2576 781 2628 835 in
2678 780 2922 837 noctibus
2953 800 2965 837 :
2995 781 3189 838 Locuta
3227 801 3298 851 es,
3345 785 3534 856 inquit,
3577 788 3726 856 quasi

2129 889 2230 926 una
2256 889 2318 928 ea:
2354 873 2708 942 insipientibus
2736 876 3046 931 mulieribus.
3078 877 3138 932 Si
3168 878 3296 932 bona
3322 881 3632 950 suscepimus
3662 881 3726 935 de

2130 981 2283 1018 manu
2301 964 2682 1032 Domini,’mala
2697 982 2798 1020 non
2818 967 3139 1022 tolerabimus
3161 969 3280 1039 (Job
3299 986 3355 1038 ιι,
3375 971 3567 1042 7·10)2
3585 972 3727 1028 Ecce

2129 1055 2254 1125 quid
2286 1064 2387 1120 est,
2418 1056 2487 1109 In
2515 1057 2742 1112 noctibus
2776 1059 2997 1112 extollite
3021 1077 3200 1114 manus
3228 1071 3417 1116 vestras
3443 1065 3496 1116 in
3522 1076 3721 1132 sancta,

2130 1158 2176 1202 ct
2206 1148 2477 1204 benedicite
2501 1150 2798 1206 Dominum.
2829 1152 2964 1220 Quid
2990 1152 3123 1208 dixit
3150 1154 3294 1209 Job?
3324 1155 3516 1211 Locuta
3537 1176 3589 1213 es
3610 1169 3728 1214 tan-

2129 1259 2279 1312 quam
2326 1258 2428 1296 una
2471 1259 2534 1296 ea:
2575 1244 2925 1314 insipientibus
2973 1246 3285 1301 mulieribus.
3335 1247 3505 1302 Adam
3556 1251 3728 1320 putris

2130 1335 2325 1405 repulit
2351 1335 2536 1402 Evam,
2562 1345 2808 1406 tanquam
2837 1337 3022 1393 dicens
3046 1357 3058 1392 :
3083 1339 3323 1394 Sufﬁciat
3344 1342 3484 1411 quod
3509 1353 3728 1413 propter

2133 1437 2184 1481 te
2223 1428 2463 1482 mortalis
2505 1427 2726 1483 effectus
2769 1445 2907 1483 sum.
2945 1430 3199 1484 Valueras
3231 1431 3280 1484 in
3331 1433 3597 1501 paradiso,
3631 1435 3729 1489 sed

2132 1518 2359 1573 vinceris
2389 1519 2440 1572 in
2469 1527 2725 1575 stercore.
2743 1519 2931 1590 Magna
2955 1522 3122 1591 gratia
3151 1522 3275 1576 Dei!
3299 1522 3402 1577 Sed
3433 1524 3571 1579 unde
3599 1525 3726 1594 hoc,

2134 1609 2233 1664 nisi
2269 1610 2390 1679 quia
2423 1625 2512 1666 ros
2545 1611 2778 1668 Hermon
2822 1614 3154 1682 compluerat
3197 1613 3339 1668 illam
3385 1617 3642 1684 animam,
3675 1629 3732 1673 et

2132 1700 2353 1756 dederat
2381 1701 2638 1756 Dominus
2688 1704 3026 1768 suavitatem,
3076 1715 3130 1758 ut
3162 1713 3304 1758 terra
3352 1716 3536 1761 nostra
3577 1708 3732 1765 daret

2133 1793 2361 1848 fructum
2384 1811 2536 1849 suum
2563 1795 2730 1864 (Psal.
2761 1813 2979 1860 Lxxxw,
3014 1795 3147 1868 l3)?
3175 1796 3242 1850 In
3265 1800 3492 1854 noctibus
3508 1801 3732 1857 extollite

2134 1905 2312 1943 manus
2332 1900 2519 1944 vestras
2547 1889 2600 1942 in
2625 1899 2821 1955 sancta,
2845 1899 2889 1944 et
2914 1888 3188 1944 benedicite
3215 1889 3514 1946 Dominum.

2204 1978 2258 2032 '5.
2288 1977 2437 2050 [vers.
2465 1978 2541 2050 5.]
2570 1977 2844 2033 Benedicat
2878 1990 2923 2034 te
2953 1979 3202 2036 Dominus
3229 1998 3293 2036 ea:
3323 1982 3470 2047 Sion,
3499 1986 3585 2054 qui
3615 1989 3733 2058 fecit

2135 2071 2314 2124 calum
2354 2080 2400 2124 et
2431 2080 2632 2124 (errant.
2687 2071 2870 2126 Plures
2918 2071 3159 2126 hortatur
3206 2082 3264 2127 ut
3293 2074 3631 2141 benedicant,
3679 2089 3734 2134 ct

2135 2163 2249 2231 ipse
2296 2180 2457 2218 unum
2488 2163 2782 2228 benedicit,
2817 2165 2937 2234 quia
2967 2180 3032 2220 ex
3079 2165 3320 2234 pluribus
3369 2184 3531 2223 unum
3564 2170 3730 2237 fecit;

2134 2253 2258 2324 quia
2282 2255 2466 2309 bonum
2495 2265 2542 2308 et
2575 2255 2862 2325 jucundum
2895 2266 2977 2311 est
3005 2256 3232 2312 habitare
3269 2261 3453 2328 fratres
3491 2263 3544 2316 in
3576 2280 3732 2320 unum

2135 2344 2303 2416 (Psal.
2359 2361 2561 2412 cxxxn,
2615 2347 2690 2416 1).
2747 2347 2974 2402 Pluralis
3022 2364 3314 2417 numerus,
3368 2355 3592 2422 fratres;
3638 2354 3731 2410 sed

2135 2438 2436 2508 singularis,
2467 2439 2695 2493 habitare
2720 2440 2772 2493 in
2798 2456 2953 2493 unum
2978 2456 2996 2493 :
3019 2440 3158 2506 ideo,
3188 2441 3461 2497 Benedicat
3489 2453 3536 2498 te
3555 2444 3729 2500 Domi-

2134 2546 2228 2583 nus
2253 2546 2316 2584 ex
2337 2529 2484 2595 Sion,
2511 2531 2598 2595 qui
2627 2531 2744 2600 fecit
2769 2531 2948 2585 coelum
2982 2537 3268 2587 et‘terram.
3297 2532 3466 2589 Nemo
3494 2547 3730 2593 vestrum

2135 2621 2276 2677 dicat
2306 2640 2319 2675 :
2349 2623 2428 2676 Ad
2458 2638 2543 2678 me
2575 2639 2679 2677 non
2709 2625 2970 2692 pervenit.
3003 2624 3165 2680 Putas
3193 2627 3314 2696 quis
3345 2637 3427 2682 est
3457 2645 3615 2699 quem
3647 2631 3732 2685 di-

2136 2713 2237 2780 xit,
2264 2713 2533 2768 Benedicat
2570 2725 2616 2769 te
2652 2713 2901 2769 Dominus
2925 2731 2991 2770 ea:
3018 2716 3190 2770 Sion?
3217 2717 3392 2773 Unum
3422 2719 3692 2775 benedixit
3718 2739 3730 2774 :

2135 2814 2251 2860 esto
2279 2821 2465 2872 unum,
2492 2814 2547 2861 et
2586 2807 2830 2875 pervenit
2870 2806 2936 2861 ad
2966 2815 3017 2861 te
3044 2807 3368 2863 benedictio.

2499 3017 2577 3076 IN
2624 3015 3003 3076 PSALMUM
3047 3015 3377 3078 CXXXIV

2742 3134 2874 3190 ENA
2883 3135 3160 3190 RRATIO.

2699 3263 2871 3303 εειωο
2899 3265 2966 3302 ΑΙ)
2991 3265 3215 3302 PLEBEM.

2127 3366 2130 3367 ⁷
2211 3364 2263 3419 l.
2293 3358 2443 3436 [vers.
2471 3363 2548 3436 l.]
2579 3362 2746 3418 Valde
2773 3363 2926 3418 dulce
2951 3363 3106 3419 nobis
3135 3378 3256 3419 esse
3281 3363 3464 3432 debet,
3495 3376 3552 3422 et
3581 3369 3733 3426 dulce

2139 3456 2292 3512 nobis
2318 3471 2438 3512 esse
2463 3457 2800 3526 gaudendum
2826 3467 2930 3522 est,
2961 3473 3067 3526 quo
3093 3473 3190 3513 nos
3222 3460 3456 3528 psalmus
3501 3462 3602 3518 iste
3639 3479 3736 3519 co—

2139 3549 2403 3606 hortatur.
2434 3551 2570 3605 Dicit
2589 3550 2730 3605 enim
2754 3568 2766 3604 :
2790 3550 3020 3604 Laudate
3039 3567 3220 3605 nomen
3243 3551 3467 3607 Domini.
3490 3554 3737 3611 Causam-

2138 3659 2242 3713 que
2269 3644 2437 3713 ipsam
2463 3659 2629 3714 quare
2655 3643 2858 3713 justum
2886 3644 2954 3698 sit
2983 3653 3041 3698 ut
3085 3645 3361 3700 laudemus
3405 3663 3602 3702 nomen
3637 3649 3738 3704 Do-

2139 3735 2291 3803 mini,
2341 3737 2596 3791 continuo
2645 3736 3190 3806 subjecit:Laudate,
3241 3741 3389 3805 servi,
3438 3739 3732 3797 Dominum.

2139 3827 2276 3895 Quid
2316 3829 2554 3898 justius?
2581 3829 2706 3899 quid
2735 3829 2991 3899 dignius?
3021 3829 3146 3899 quid
3174 3831 3418 3899 gratius?
3448 3832 3662 3886 Etenim
3691 3837 3736 3889 si

2141 3937 2245 3975 non
2293 3921 2623 3976 laudaverint
2669 3922 2806 3976 servi
2850 3921 3170 3985 Dominum;
3213 3923 3450 3991 superbi,
3502 3925 3733 3996 ingrati,

2142 4012 2420 4083 irreligiosi
2449 4020 2624 4070 erunt.
2651 4013 2720 4066 Et
2739 4011 2864 4082 quid
2894 4011 3092 4066 faciunt
3121 4027 3227 4066 non
3259 4013 3523 4069 laudando
3556 4017 3738 4071 Domi-

2141 4120 2290 4168 num,
2314 4105 2414 4159 nisi
2438 4113 2494 4159 ut
2517 4118 2761 4159 severum
2785 4103 3015 4158 sentiant
3039 4103 3356 4158 Dominum?
3378 4105 3558 4176 Neque
3582 4108 3728 4164 enim

2143 4212 2331 4254 servus
2359 4197 2618 4266 ingratus,
2663 4197 2706 4252 si
2735 4196 3019 4252 Dominum
3047 4213 3200 4253 suum
3233 4198 3451 4254 laudare
3481 4202 3732 4268 noluerit,

2144 4290 2265 4346 ideo
2311 4290 2473 4345 el'licit
2514 4299 2573 4345 ut
2597 4304 2786 4346 servus
2825 4303 2931 4344 non
2972 4288 3059 4344 sit.
3093 4288 3323 4356 Laudes,
3371 4307 3477 4345 non
3509 4292 3693 4349 laudes
3718 4338 3733 4360 ,

2145 4399 2331 4441 servus
2351 4400 2410 4441 es
2441 4403 2455 4440 :
2487 4383 2578 4439 sed
2607 4383 2651 4438 si
2678 4381 2861 4437 laudes
2880 4424 2894 4447 ,
2926 4383 3272 4452 propitiahis;
3304 4383 3349 4438 si
3379 4400 3482 4440 non
3528 4385 3731 4454 laudes,

2144 4477 2401 4535 oll‘endes.
2434 4478 2579 4534 Bona
2607 4493 2734 4548 ergo
2774 4476 3075 4532 exhortatio
3106 4487 3160 4534 et
3185 4479 3366 4544 utilis;
3398 4480 3538 4536 unde
3567 4483 3736 4553 magis

2082 4645 2086 4648 h
2143 4580 2384 4644 satagere
2406 4571 2662 4627 debemus
2688 4569 3138 4641 quemadmodum
3162 4570 3456 4626 laudandus
3482 4573 3551 4627 sit
3572 4575 3731 4639 Deus,

2144 4678 2301 4733 quam
2330 4661 2574 4717 dubitare
2603 4660 2945 4716 laudandum.
2978 4659 3210 4715 Laudate
3237 4677 3366 4731 ergo
3409 4678 3589 4715 nomen
3623 4663 3733 4717 Do-

2144 4754 2288 4807 mini.
2334 4753 2584 4808 Hortatur
2611 4767 2708 4808 nos
2734 4752 2997 4818 Psalmus,
3027 4750 3266 4806 hortatur
3292 4766 3390 4805 nos
3427 4751 3690 4822 Propheta
3719 4798 3732 4818 ,

2145 4844 2385 4900 hortatur
2408 4860 2506 4901 nos
2533 4845 2762 4915 Spiritus
2789 4845 2902 4910 Dei,
2935 4844 3177 4898 hortalur
3205 4850 3474 4912 postremo
3501 4859 3598 4900 nos
3621 4845 3736 4915 ipse

2147 4937 2422 5004 Dominus,
2450 4946 2509 4992 ut
2537 4937 2816 4994 laudemus
2849 4935 3149 4989 Dominum.
3176 4932 3290 4988 Non
3318 4934 3460 4988 enim
3490 4935 3736 4992 laudibus

2147 5031 2344 5086 nostris
2376 5030 2465 5085 ille
2492 5029 2704 5094 crescit,
2749 5027 2844 5081 sed
2875 5041 2991 5081 nos.
3043 5025 3187 5079 Deus
3215 5039 3313 5080 nec
3342 5025 3531 5080 melior
3571 5027 3647 5093 lit,
3690 5030 3734 5083 si

2147 5122 2480 5186 laudaveris;
2526 5135 2624 5176 nec
2666 5116 2939 5182 deterior,
2984 5117 3028 5170 si
3075 5115 3457 5184 vituperaveris
3487 5133 3501 5169 :
3531 5116 3627 5173 sed
3678 5127 3733 5173 tu

2146 5216 2408 5272 laudando
2434 5215 2654 5279 bonum,
2687 5210 2875 5266 melior
2900 5208 3046 5274 eris;
3074 5207 3443 5278 vituperando,
3465 5209 3725 5267 deterior:

2144 5310 2316 5365 bonus
2342 5317 2520 5364 autem
2551 5307 2639 5362 ille
2667 5309 2867 5370 manet,
2895 5309 2955 5356 ut
2995 5309 3097 5356 est.
3128 5299 3180 5356 Si
3210 5302 3351 5355 enim
3391 5317 3578 5358 servos
3605 5318 3734 5358 suos

2145 5401 2290 5472 ipsos
2336 5400 2474 5456 bene
2515 5399 2584 5453 de
2632 5411 2691 5452 se
2734 5393 2973 5461 meritos,
3005 5391 3382 5464 praedicatores
3412 5394 3561 5449 verbi
3607 5397 3727 5459 sui,

2144 5502 2380 5550 rectores
2408 5491 2659 5548 Ecclesiae
2685 5504 2815 5556 suae,
2858 5494 3200 5543 veneratores
3229 5487 3460 5541 nominis
3500 5489 3601 5553 sui,
3635 5487 3726 5541 oh-

2145 5595 2528 5658 temperatores
2567 5581 2800 5638 mandati
2828 5581 2906 5637 sui
2939 5580 2989 5635 id
3019 5579 3197 5646 docet,
3228 5587 3285 5632 ut
3328 5577 3380 5632 in
3407 5577 3732 5632 conscientia

2142 5694 2239 5735 sua
2266 5678 2496 5735 habeant
2517 5675 2852 5733 dulcedinem
2877 5673 3031 5729 bona:
3073 5671 3195 5726 vitae
3219 5684 3349 5731 suae,
3379 5681 3448 5722 ne
3487 5681 3729 5722 corrum~

2142 5781 2336 5844 paritur
2360 5769 2625 5835 laudibus,
2658 5782 2726 5824 ne
2753 5765 3064 5837 frangantur
3088 5763 3104 5794 ί
3130 5758 3608 5830 vituperationibus
3639 5759 3735 5813 hn-

2207 5932 2224 5963 ί
2250 5929 2418 5981 Plures
2440 5936 2544 5979 Mss.
2590 5941 2673 5978 nec
2713 5925 3082 5985 corrumpantur
3121 5914 3367 5972 laudibus,
3409 5929 3495 5966 nec
3534 5919 3730 5979 fmgun-

2142 6003 2238 6056 tur,
2279 6002 2369 6044 etc.

2878 6046 3186 6129 (Cinquan
3197 6041 3499 6122 te~cinq.)
