  <div class='ocr_page' id='page_1' title='image "/cluster/home/n/w/nwhite01/storage/ocr_20150623/37/uva.x000827106/367.png"; bbox 0 0 4160 6442; ppageno 0'>
   <div class='ocr_carea' id='block_1_1' title="bbox 514 438 655 502">
    <p class='ocr_par' dir='ltr' id='par_1_1' title="bbox 514 438 655 502">
     <span class='ocr_line' id='line_1_1' title="bbox 514 438 655 502; baseline -0.007 0"><span class='ocrx_word' id='word_1_1' title='bbox 514 438 655 502; x_wconf 75' lang='grc'><strong>1⁸239</strong></span> 
     </span>
    </p>
   </div>
   <div class='ocr_carea' id='block_1_2' title="bbox 511 538 2092 623">
    <p class='ocr_par' dir='ltr' id='par_1_2' title="bbox 511 538 2092 623">
     <span class='ocr_line' id='line_1_2' title="bbox 511 538 2092 623; baseline -0.013 -10"><span class='ocrx_word' id='word_1_2' title='bbox 511 558 751 617; x_wconf 84' lang='lat' dir='ltr'><strong>minam;</strong></span> <span class='ocrx_word' id='word_1_3' title='bbox 795 556 991 623; x_wconf 85' lang='lat' dir='ltr'><strong>quanto</strong></span> <span class='ocrx_word' id='word_1_4' title='bbox 1038 543 1202 615; x_wconf 84' lang='lat' dir='ltr'><strong>magis</strong></span> <span class='ocrx_word' id='word_1_5' title='bbox 1250 544 1363 613; x_wconf 89' lang='lat' dir='ltr'><strong>ipse</strong></span> <span class='ocrx_word' id='word_1_6' title='bbox 1429 538 1875 596; x_wconf 71' lang='lat' dir='ltr'><strong>incommutabilis</strong></span> <span class='ocrx_word' id='word_1_7' title='bbox 1930 552 2092 607; x_wconf 86' lang='lat' dir='ltr'><strong>super</strong></span> 
     </span>
    </p>
   </div>
   <div class='ocr_carea' id='block_1_3' title="bbox 512 632 2095 716">
    <p class='ocr_par' dir='ltr' id='par_1_3' title="bbox 512 632 2095 716">
     <span class='ocr_line' id='line_1_3' title="bbox 512 632 2095 716; baseline -0.014 -10"><span class='ocrx_word' id='word_1_8' title='bbox 512 648 690 705; x_wconf 84' lang='lat' dir='ltr'><strong>omnia</strong></span> <span class='ocrx_word' id='word_1_9' title='bbox 720 645 806 716; x_wconf 85' lang='lat' dir='ltr'><strong>qui</strong></span> <span class='ocrx_word' id='word_1_10' title='bbox 851 643 964 695; x_wconf 65' lang='lat' dir='ltr'><strong>huic</strong></span> <span class='ocrx_word' id='word_1_11' title='bbox 990 639 1163 704; x_wconf 83' lang='lat' dir='ltr'><strong>docet,</strong></span> <span class='ocrx_word' id='word_1_12' title='bbox 1198 654 1302 691; x_wconf 92' lang='lat' dir='ltr'><strong>non</strong></span> <span class='ocrx_word' id='word_1_13' title='bbox 1345 636 1522 707; x_wconf 90' lang='lat' dir='ltr'><strong>utique</strong></span> <span class='ocrx_word' id='word_1_14' title='bbox 1561 634 1728 704; x_wconf 86' lang='lat' dir='ltr'><strong>major</strong></span> <span class='ocrx_word' id='word_1_15' title='bbox 1760 634 1817 687; x_wconf 86' lang='lat' dir='ltr'><strong>lit</strong></span> <span class='ocrx_word' id='word_1_16' title='bbox 1843 633 1883 686; x_wconf 77' lang='lat' dir='ltr'><strong>si</strong></span> <span class='ocrx_word' id='word_1_17' title='bbox 1914 632 2095 685; x_wconf 84' lang='lat' dir='ltr'><strong>lauda-</strong></span> 
     </span>
    </p>
   </div>
   <div class='ocr_carea' id='block_1_4' title="bbox 514 724 2095 804">
    <p class='ocr_par' dir='ltr' id='par_1_4' title="bbox 514 724 2095 804">
     <span class='ocr_line' id='line_1_4' title="bbox 514 724 2095 804; baseline -0.012 -7"><span class='ocrx_word' id='word_1_18' title='bbox 514 741 674 804; x_wconf 83' lang='lat' dir='ltr'><strong>veris,</strong></span> <span class='ocrx_word' id='word_1_19' title='bbox 702 750 799 791; x_wconf 88' lang='lat' dir='ltr'><strong>nec</strong></span> <span class='ocrx_word' id='word_1_20' title='bbox 819 734 992 788; x_wconf 90' lang='lat' dir='ltr'><strong>minor</strong></span> <span class='ocrx_word' id='word_1_21' title='bbox 1015 732 1058 787; x_wconf 90' lang='lat' dir='ltr'><strong>si</strong></span> <span class='ocrx_word' id='word_1_22' title='bbox 1086 729 1512 799; x_wconf 84' lang='lat' dir='ltr'><strong>vituperaveris?</strong></span> <span class='ocrx_word' id='word_1_23' title='bbox 1541 726 1644 782; x_wconf 88' lang='lat' dir='ltr'><strong>Sed</strong></span> <span class='ocrx_word' id='word_1_24' title='bbox 1672 727 1917 796; x_wconf 91' lang='lat' dir='ltr'><strong>quoniam</strong></span> <span class='ocrx_word' id='word_1_25' title='bbox 1944 724 2095 778; x_wconf 91' lang='lat' dir='ltr'><strong>nobis</strong></span> 
     </span>
    </p>
   </div>
   <div class='ocr_carea' id='block_1_5' title="bbox 512 818 2097 904">
    <p class='ocr_par' dir='ltr' id='par_1_5' title="bbox 512 818 2097 904">
     <span class='ocr_line' id='line_1_5' title="bbox 512 818 2097 904; baseline -0.015 -12"><span class='ocrx_word' id='word_1_26' title='bbox 512 831 726 904; x_wconf 84' lang='lat' dir='ltr'><strong>expedit</strong></span> <span class='ocrx_word' id='word_1_27' title='bbox 772 828 987 883; x_wconf 86' lang='lat' dir='ltr'><strong>laudare</strong></span> <span class='ocrx_word' id='word_1_28' title='bbox 1034 824 1335 888; x_wconf 88' lang='lat' dir='ltr'><strong>Dominum,</strong></span> <span class='ocrx_word' id='word_1_29' title='bbox 1386 820 1800 875; x_wconf 74' lang='lat' dir='ltr'><strong>misericorditer</strong></span> <span class='ocrx_word' id='word_1_30' title='bbox 1841 818 1992 887; x_wconf 86' lang='lat' dir='ltr'><strong>jubet</strong></span> <span class='ocrx_word' id='word_1_31' title='bbox 2039 824 2097 869; x_wconf 95' lang='lat' dir='ltr'><strong>ut</strong></span> 
     </span>
    </p>
   </div>
   <div class='ocr_carea' id='block_1_6' title="bbox 511 906 2096 985">
    <p class='ocr_par' dir='ltr' id='par_1_6' title="bbox 511 906 2096 985">
     <span class='ocr_line' id='line_1_6' title="bbox 511 906 2096 985; baseline -0.013 -5"><span class='ocrx_word' id='word_1_32' title='bbox 511 924 785 982; x_wconf 77' lang='lat' dir='ltr'><strong>laudemus</strong></span> <span class='ocrx_word' id='word_1_33' title='bbox 810 935 951 985; x_wconf 87' lang='lat' dir='ltr'><strong>eum,</strong></span> <span class='ocrx_word' id='word_1_34' title='bbox 981 933 1086 973; x_wconf 88' lang='lat' dir='ltr'><strong>non</strong></span> <span class='ocrx_word' id='word_1_35' title='bbox 1113 922 1439 985; x_wconf 78' lang='lat' dir='ltr'><strong>arroganter.</strong></span> <span class='ocrx_word' id='word_1_36' title='bbox 1470 911 1761 983; x_wconf 74' lang='lat' dir='ltr'><strong>Audiamus</strong></span> <span class='ocrx_word' id='word_1_37' title='bbox 1797 924 1924 979; x_wconf 88' lang='lat' dir='ltr'><strong>ergo</strong></span> <span class='ocrx_word' id='word_1_38' title='bbox 1953 906 2096 978; x_wconf 86' lang='lat' dir='ltr'><strong>quod</strong></span> 
     </span>
    </p>
   </div>
   <div class='ocr_carea' id='block_1_7' title="bbox 452 998 2095 1087">
    <p class='ocr_par' dir='ltr' id='par_1_7' title="bbox 452 998 2095 1087">
     <span class='ocr_line' id='line_1_7' title="bbox 452 998 2095 1087; baseline -0.016 -11"><span class='ocrx_word' id='word_1_39' title='bbox 452 1084 453 1087; x_wconf 26' lang='grc' dir='ltr'><strong>η</strong></span> <span class='ocrx_word' id='word_1_40' title='bbox 510 1018 639 1075; x_wconf 89' lang='lat' dir='ltr'><strong>dicit</strong></span> <span class='ocrx_word' id='word_1_41' title='bbox 671 1034 683 1069; x_wconf 92' lang='lat'><strong>:</strong></span> <span class='ocrx_word' id='word_1_42' title='bbox 716 1011 947 1068; x_wconf 83' lang='lat' dir='ltr'><strong>Laudate</strong></span> <span class='ocrx_word' id='word_1_43' title='bbox 982 1026 1161 1064; x_wconf 86' lang='lat' dir='ltr'><strong>nomen</strong></span> <span class='ocrx_word' id='word_1_44' title='bbox 1206 1006 1429 1072; x_wconf 87' lang='lat' dir='ltr'><strong>Domini,</strong></span> <span class='ocrx_word' id='word_1_45' title='bbox 1464 1003 1687 1068; x_wconf 79' lang='lat' dir='ltr'><strong>laudate,</strong></span> <span class='ocrx_word' id='word_1_46' title='bbox 1722 1001 1868 1066; x_wconf 90' lang='lat' dir='ltr'><strong>servi,</strong></span> <span class='ocrx_word' id='word_1_47' title='bbox 1913 998 2095 1053; x_wconf 88' lang='lat' dir='ltr'><strong>Domi-</strong></span> 
     </span>
    </p>
   </div>
   <div class='ocr_carea' id='block_1_8' title="bbox 512 1089 2099 1176">
    <p class='ocr_par' dir='ltr' id='par_1_8' title="bbox 512 1089 2099 1176">
     <span class='ocr_line' id='line_1_8' title="bbox 512 1089 2099 1176; baseline -0.014 -11"><span class='ocrx_word' id='word_1_48' title='bbox 512 1128 653 1166; x_wconf 88' lang='lat' dir='ltr'><strong>num.</strong></span> <span class='ocrx_word' id='word_1_49' title='bbox 702 1107 814 1176; x_wconf 79' lang='lat' dir='ltr'><strong>Non</strong></span> <span class='ocrx_word' id='word_1_50' title='bbox 843 1105 984 1161; x_wconf 91' lang='lat' dir='ltr'><strong>enim</strong></span> <span class='ocrx_word' id='word_1_51' title='bbox 1013 1100 1208 1172; x_wconf 89' lang='lat' dir='ltr'><strong>aliquid</strong></span> <span class='ocrx_word' id='word_1_52' title='bbox 1241 1100 1585 1170; x_wconf 82' lang='lat' dir='ltr'><strong>incongruum</strong></span> <span class='ocrx_word' id='word_1_53' title='bbox 1617 1094 1805 1156; x_wconf 81' lang='lat' dir='ltr'><strong>facitis,</strong></span> <span class='ocrx_word' id='word_1_54' title='bbox 1833 1089 2099 1146; x_wconf 87' lang='lat' dir='ltr'><strong>laudando</strong></span> 
     </span>
    </p>
   </div>
   <div class='ocr_carea' id='block_1_9' title="bbox 511 1186 2100 1275">
    <p class='ocr_par' dir='ltr' id='par_1_9' title="bbox 511 1186 2100 1275">
     <span class='ocr_line' id='line_1_9' title="bbox 511 1186 2100 1275; baseline -0.016 -13"><span class='ocrx_word' id='word_1_55' title='bbox 511 1204 649 1262; x_wconf 80' lang='lat' dir='ltr'><strong>servi</strong></span> <span class='ocrx_word' id='word_1_56' title='bbox 677 1199 959 1275; x_wconf 88' lang='lat' dir='ltr'><strong>Dominum</strong></span> <span class='ocrx_word' id='word_1_57' title='bbox 990 1215 1002 1251; x_wconf 91' lang='lat'>:</span> <span class='ocrx_word' id='word_1_58' title='bbox 1036 1195 1134 1252; x_wconf 84' lang='lat' dir='ltr'><strong>etsi</strong></span> <span class='ocrx_word' id='word_1_59' title='bbox 1167 1208 1376 1263; x_wconf 83' lang='lat' dir='ltr'><strong>semper</strong></span> <span class='ocrx_word' id='word_1_60' title='bbox 1394 1187 1762 1246; x_wconf 88' lang='lat' dir='ltr'><strong>tantummodo</strong></span> <span class='ocrx_word' id='word_1_61' title='bbox 1785 1186 1925 1241; x_wconf 87' lang='lat' dir='ltr'><strong>servi</strong></span> <span class='ocrx_word' id='word_1_62' title='bbox 1952 1198 2100 1240; x_wconf 85' lang='lat' dir='ltr'><strong>esse-</strong></span> 
     </span>
    </p>
   </div>
   <div class='ocr_carea' id='block_1_10' title="bbox 512 1276 2099 1364">
    <p class='ocr_par' dir='ltr' id='par_1_10' title="bbox 512 1276 2099 1364">
     <span class='ocr_line' id='line_1_10' title="bbox 512 1276 2099 1364; baseline -0.015 -11"><span class='ocrx_word' id='word_1_63' title='bbox 512 1299 602 1364; x_wconf 87' lang='lat' dir='ltr'><strong>tis,</strong></span> <span class='ocrx_word' id='word_1_64' title='bbox 633 1292 899 1350; x_wconf 78' lang='lat' dir='ltr'><strong>deberetis</strong></span> <span class='ocrx_word' id='word_1_65' title='bbox 926 1288 1141 1344; x_wconf 87' lang='lat' dir='ltr'><strong>laudare</strong></span> <span class='ocrx_word' id='word_1_66' title='bbox 1172 1286 1448 1341; x_wconf 90' lang='lat' dir='ltr'><strong>Dominum</strong></span> <span class='ocrx_word' id='word_1_67' title='bbox 1476 1301 1491 1350; x_wconf 90' lang='lat'><strong>;</strong></span> <span class='ocrx_word' id='word_1_68' title='bbox 1520 1288 1720 1354; x_wconf 90' lang='lat' dir='ltr'><strong>quanto</strong></span> <span class='ocrx_word' id='word_1_69' title='bbox 1742 1277 1909 1349; x_wconf 86' lang='lat' dir='ltr'><strong>magis</strong></span> <span class='ocrx_word' id='word_1_70' title='bbox 1932 1276 2099 1331; x_wconf 81' lang='lat' dir='ltr'><strong>debe-</strong></span> 
     </span>
    </p>
   </div>
   <div class='ocr_carea' id='block_1_11' title="bbox 513 1366 2101 1461">
    <p class='ocr_par' dir='ltr' id='par_1_11' title="bbox 513 1366 2101 1461">
     <span class='ocr_line' id='line_1_11' title="bbox 513 1366 2101 1461; baseline -0.016 -17"><span class='ocrx_word' id='word_1_71' title='bbox 513 1390 580 1445; x_wconf 89' lang='lat' dir='ltr'><strong>tis</strong></span> <span class='ocrx_word' id='word_1_72' title='bbox 607 1386 822 1461; x_wconf 84' lang='lat' dir='ltr'><strong>laudare</strong></span> <span class='ocrx_word' id='word_1_73' title='bbox 852 1382 1128 1435; x_wconf 85' lang='lat' dir='ltr'><strong>Dominum</strong></span> <span class='ocrx_word' id='word_1_74' title='bbox 1158 1378 1319 1442; x_wconf 83' lang='lat' dir='ltr'><strong>servi,</strong></span> <span class='ocrx_word' id='word_1_75' title='bbox 1341 1386 1396 1431; x_wconf 93' lang='lat' dir='ltr'><strong>ut</strong></span> <span class='ocrx_word' id='word_1_76' title='bbox 1421 1388 1540 1429; x_wconf 78' lang='lat' dir='ltr'><strong>esse</strong></span> <span class='ocrx_word' id='word_1_77' title='bbox 1563 1369 1871 1428; x_wconf 86' lang='lat' dir='ltr'><strong>Increamini</strong></span> <span class='ocrx_word' id='word_1_78' title='bbox 1895 1375 1950 1422; x_wconf 88' lang='lat' dir='ltr'><strong>ct</strong></span> <span class='ocrx_word' id='word_1_79' title='bbox 1974 1366 2101 1421; x_wconf 85' lang='lat' dir='ltr'><strong>lilii?</strong></span> 
     </span>
    </p>
   </div>
   <div class='ocr_carea' id='block_1_12' title="bbox 582 1461 2099 1551">
    <p class='ocr_par' dir='ltr' id='par_1_12' title="bbox 582 1461 2099 1551">
     <span class='ocr_line' id='line_1_12' title="bbox 582 1461 2099 1551; baseline -0.013 -17"><span class='ocrx_word' id='word_1_80' title='bbox 582 1478 637 1534; x_wconf 72' lang='grc'><strong>2.</strong></span> <span class='ocrx_word' id='word_1_81' title='bbox 668 1475 815 1551; x_wconf 87' lang='lat' dir='ltr'><strong>[vers.</strong></span> <span class='ocrx_word' id='word_1_82' title='bbox 839 1473 918 1545; x_wconf 75' lang='lat'><strong>2.]</strong></span> <span class='ocrx_word' id='word_1_83' title='bbox 948 1471 1051 1528; x_wconf 89' lang='lat' dir='ltr'><strong>Sed</strong></span> <span class='ocrx_word' id='word_1_84' title='bbox 1081 1470 1329 1542; x_wconf 91' lang='lat' dir='ltr'><strong>quoniam</strong></span> <span class='ocrx_word' id='word_1_85' title='bbox 1360 1468 1614 1536; x_wconf 88' lang='lat' dir='ltr'><strong>scriptum</strong></span> <span class='ocrx_word' id='word_1_86' title='bbox 1642 1474 1723 1519; x_wconf 88' lang='lat' dir='ltr'><strong>est</strong></span> <span class='ocrx_word' id='word_1_87' title='bbox 1745 1464 1796 1517; x_wconf 92' lang='lat' dir='ltr'><strong>in</strong></span> <span class='ocrx_word' id='word_1_88' title='bbox 1816 1462 1922 1515; x_wconf 89' lang='lat' dir='ltr'><strong>alio</strong></span> <span class='ocrx_word' id='word_1_89' title='bbox 1951 1461 2099 1531; x_wconf 85' lang='lat' dir='ltr'><strong>psal-</strong></span> 
     </span>
    </p>
   </div>
   <div class='ocr_carea' id='block_1_13' title="bbox 514 1551 2102 1635">
    <p class='ocr_par' dir='ltr' id='par_1_13' title="bbox 514 1551 2102 1635">
     <span class='ocr_line' id='line_1_13' title="bbox 514 1551 2102 1635; baseline -0.014 -9"><span class='ocrx_word' id='word_1_90' title='bbox 514 1585 623 1635; x_wconf 90' lang='lat' dir='ltr'><strong>mo,</strong></span> <span class='ocrx_word' id='word_1_91' title='bbox 671 1568 853 1623; x_wconf 80' lang='lat' dir='ltr'><strong>Rectos</strong></span> <span class='ocrx_word' id='word_1_92' title='bbox 897 1563 1034 1618; x_wconf 80' lang='lat' dir='ltr'><strong>decet</strong></span> <span class='ocrx_word' id='word_1_93' title='bbox 1080 1561 1304 1631; x_wconf 80' lang='lat' dir='ltr'><strong>laudatio</strong></span> <span class='ocrx_word' id='word_1_94' title='bbox 1333 1558 1501 1629; x_wconf 84' lang='lat' dir='ltr'><strong>(Psat.</strong></span> <span class='ocrx_word' id='word_1_95' title='bbox 1536 1570 1703 1621; x_wconf 83' lang='lat' dir='ltr'><strong>xxxu,</strong></span> <span class='ocrx_word' id='word_1_96' title='bbox 1754 1554 1803 1625; x_wconf 78' lang='lat' dir='ltr'><strong>i)</strong></span> <span class='ocrx_word' id='word_1_97' title='bbox 1832 1569 1847 1619; x_wconf 89' lang='lat'><strong>;</strong></span> <span class='ocrx_word' id='word_1_98' title='bbox 1877 1560 1930 1606; x_wconf 89' lang='lat' dir='ltr'><strong>et</strong></span> <span class='ocrx_word' id='word_1_99' title='bbox 1973 1551 2102 1605; x_wconf 87' lang='lat' dir='ltr'><strong>item</strong></span> 
     </span>
    </p>
   </div>
   <div class='ocr_carea' id='block_1_14' title="bbox 514 1649 2103 1729">
    <p class='ocr_par' dir='ltr' id='par_1_14' title="bbox 514 1649 2103 1729">
     <span class='ocr_line' id='line_1_14' title="bbox 514 1649 2103 1729; baseline -0.015 -10"><span class='ocrx_word' id='word_1_100' title='bbox 514 1663 638 1719; x_wconf 87' lang='lat' dir='ltr'><strong>alibi</strong></span> <span class='ocrx_word' id='word_1_101' title='bbox 664 1662 918 1729; x_wconf 78' lang='lat' dir='ltr'><strong>seriptum</strong></span> <span class='ocrx_word' id='word_1_102' title='bbox 946 1665 1046 1718; x_wconf 91' lang='lat' dir='ltr'><strong>est,</strong></span> <span class='ocrx_word' id='word_1_103' title='bbox 1084 1654 1203 1708; x_wconf 83' lang='lat' dir='ltr'><strong>Non</strong></span> <span class='ocrx_word' id='word_1_104' title='bbox 1233 1661 1303 1706; x_wconf 87' lang='lat' dir='ltr'><strong>est</strong></span> <span class='ocrx_word' id='word_1_105' title='bbox 1342 1652 1566 1721; x_wconf 77' lang='lat' dir='ltr'><strong>speciosa</strong></span> <span class='ocrx_word' id='word_1_106' title='bbox 1594 1649 1704 1702; x_wconf 85' lang='lat' dir='ltr'><strong>laus</strong></span> <span class='ocrx_word' id='word_1_107' title='bbox 1733 1649 1784 1700; x_wconf 87' lang='lat' dir='ltr'><strong>in</strong></span> <span class='ocrx_word' id='word_1_108' title='bbox 1808 1663 1892 1702; x_wconf 86' lang='lat' dir='ltr'><strong>ore</strong></span> <span class='ocrx_word' id='word_1_109' title='bbox 1921 1660 2103 1714; x_wconf 80' lang='lat' dir='ltr'><strong>perca-</strong></span> 
     </span>
    </p>
   </div>
   <div class='ocr_carea' id='block_1_15' title="bbox 516 1738 2105 1824">
    <p class='ocr_par' dir='ltr' id='par_1_15' title="bbox 516 1738 2105 1824">
     <span class='ocr_line' id='line_1_15' title="bbox 516 1738 2105 1824; baseline -0.013 -15"><span class='ocrx_word' id='word_1_110' title='bbox 516 1756 637 1809; x_wconf 87' lang='lat' dir='ltr'><strong>toris</strong></span> <span class='ocrx_word' id='word_1_111' title='bbox 670 1751 856 1824; x_wconf 86' lang='lat' dir='ltr'><strong>(Eccli.</strong></span> <span class='ocrx_word' id='word_1_112' title='bbox 881 1766 967 1811; x_wconf 83' lang='lat' dir='ltr'><strong>xv,</strong></span> <span class='ocrx_word' id='word_1_113' title='bbox 999 1748 1054 1817; x_wconf 88' lang='lat'><strong>9)</strong></span> <span class='ocrx_word' id='word_1_114' title='bbox 1080 1764 1095 1812; x_wconf 89' lang='lat'><strong>;</strong></span> <span class='ocrx_word' id='word_1_115' title='bbox 1127 1747 1357 1815; x_wconf 86' lang='lat' dir='ltr'><strong>itemque</strong></span> <span class='ocrx_word' id='word_1_116' title='bbox 1384 1743 1507 1796; x_wconf 89' lang='lat' dir='ltr'><strong>alibi</strong></span> <span class='ocrx_word' id='word_1_117' title='bbox 1538 1740 1751 1806; x_wconf 89' lang='lat' dir='ltr'><strong>dicitur,</strong></span> <span class='ocrx_word' id='word_1_118' title='bbox 1779 1738 2105 1811; x_wconf 71' lang='lat' dir='ltr'><strong>Sacrificium</strong></span> 
     </span>
    </p>
   </div>
   <div class='ocr_carea' id='block_1_16' title="bbox 517 1829 2106 1915">
    <p class='ocr_par' dir='ltr' id='par_1_16' title="bbox 517 1829 2106 1915">
     <span class='ocr_line' id='line_1_16' title="bbox 517 1829 2106 1915; baseline -0.011 -15"><span class='ocrx_word' id='word_1_119' title='bbox 517 1846 683 1900; x_wconf 77' lang='lat' dir='ltr'><strong>laudis</strong></span> <span class='ocrx_word' id='word_1_120' title='bbox 710 1840 1009 1915; x_wconf 67' lang='lat' dir='ltr'><strong>gloriﬁcaliit</strong></span> <span class='ocrx_word' id='word_1_121' title='bbox 1041 1855 1137 1903; x_wconf 79' lang='lat' dir='ltr'><strong>me,</strong></span> <span class='ocrx_word' id='word_1_122' title='bbox 1166 1847 1213 1892; x_wconf 88' lang='lat' dir='ltr'><strong>et</strong></span> <span class='ocrx_word' id='word_1_123' title='bbox 1238 1838 1301 1889; x_wconf 89' lang='lat' dir='ltr'><strong>ibi</strong></span> <span class='ocrx_word' id='word_1_124' title='bbox 1326 1836 1404 1889; x_wconf 87' lang='lat' dir='ltr'><strong>via</strong></span> <span class='ocrx_word' id='word_1_125' title='bbox 1437 1845 1505 1888; x_wconf 84' lang='lat' dir='ltr'><strong>est</strong></span> <span class='ocrx_word' id='word_1_126' title='bbox 1536 1835 1587 1887; x_wconf 90' lang='lat' dir='ltr'><strong>in</strong></span> <span class='ocrx_word' id='word_1_127' title='bbox 1617 1850 1715 1902; x_wconf 85' lang='lat' dir='ltr'><strong>qua</strong></span> <span class='ocrx_word' id='word_1_128' title='bbox 1741 1831 1997 1885; x_wconf 86' lang='lat' dir='ltr'><strong>Ostendam</strong></span> <span class='ocrx_word' id='word_1_129' title='bbox 2026 1829 2106 1883; x_wconf 81' lang='lat' dir='ltr'><strong>illi</strong></span> 
     </span>
    </p>
   </div>
   <div class='ocr_carea' id='block_1_17' title="bbox 515 1922 2107 1998">
    <p class='ocr_par' dir='ltr' id='par_1_17' title="bbox 515 1922 2107 1998">
     <span class='ocr_line' id='line_1_17' title="bbox 515 1922 2107 1998; baseline -0.011 -7"><span class='ocrx_word' id='word_1_130' title='bbox 515 1938 736 1991; x_wconf 86' lang='lat' dir='ltr'><strong>salutare</strong></span> <span class='ocrx_word' id='word_1_131' title='bbox 770 1932 901 1997; x_wconf 89' lang='lat' dir='ltr'><strong>Dei;</strong></span> <span class='ocrx_word' id='word_1_132' title='bbox 930 1940 984 1985; x_wconf 88' lang='lat' dir='ltr'><strong>et</strong></span> <span class='ocrx_word' id='word_1_133' title='bbox 1024 1937 1430 1998; x_wconf 85' lang='lat' dir='ltr'><strong>consequenter,</strong></span> <span class='ocrx_word' id='word_1_134' title='bbox 1470 1925 1726 1981; x_wconf 81' lang='lat' dir='ltr'><strong>Peccatori</strong></span> <span class='ocrx_word' id='word_1_135' title='bbox 1769 1933 1937 1977; x_wconf 88' lang='lat' dir='ltr'><strong>autem</strong></span> <span class='ocrx_word' id='word_1_136' title='bbox 1978 1922 2107 1975; x_wconf 70' lang='lat' dir='ltr'><strong>dixit</strong></span> 
     </span>
    </p>
   </div>
   <div class='ocr_carea' id='block_1_18' title="bbox 521 1998 2107 2095">
    <p class='ocr_par' dir='ltr' id='par_1_18' title="bbox 521 2016 2107 2095">
     <span class='ocr_line' id='line_1_18' title="bbox 521 2016 2107 2095; baseline -0.009 -13"><span class='ocrx_word' id='word_1_137' title='bbox 521 2026 677 2091; x_wconf 84' lang='lat' dir='ltr'><strong>Deus,</strong></span> <span class='ocrx_word' id='word_1_138' title='bbox 716 2023 905 2095; x_wconf 85' lang='lat' dir='ltr'><strong>thuid</strong></span> <span class='ocrx_word' id='word_1_139' title='bbox 936 2034 986 2075; x_wconf 86' lang='lat' dir='ltr'><strong>tu</strong></span> <span class='ocrx_word' id='word_1_140' title='bbox 1014 2038 1221 2076; x_wconf 85' lang='lat' dir='ltr'><strong>enarras</strong></span> <span class='ocrx_word' id='word_1_141' title='bbox 1235 2019 1628 2089; x_wconf 88' lang='lat' dir='ltr'><strong>justitiasmeas,</strong></span> <span class='ocrx_word' id='word_1_142' title='bbox 1656 2026 1700 2070; x_wconf 89' lang='lat' dir='ltr'><strong>et</strong></span> <span class='ocrx_word' id='word_1_143' title='bbox 1723 2016 1934 2069; x_wconf 82' lang='lat' dir='ltr'><strong>assumis</strong></span> <span class='ocrx_word' id='word_1_144' title='bbox 1958 2024 2107 2068; x_wconf 86' lang='lat' dir='ltr'><strong>testa-</strong></span> 
     </span>
    </p>
   </div>
   <div class='ocr_carea' id='block_1_19' title="bbox 521 2108 2109 2185">
    <p class='ocr_par' dir='ltr' id='par_1_19' title="bbox 521 2108 2109 2185">
     <span class='ocr_line' id='line_1_19' title="bbox 521 2108 2109 2185; baseline -0.009 -10"><span class='ocrx_word' id='word_1_145' title='bbox 521 2131 739 2175; x_wconf 82' lang='lat' dir='ltr'><strong>mentum</strong></span> <span class='ocrx_word' id='word_1_146' title='bbox 769 2135 931 2172; x_wconf 88' lang='lat' dir='ltr'><strong>meum</strong></span> <span class='ocrx_word' id='word_1_147' title='bbox 976 2132 1062 2185; x_wconf 83' lang='lat' dir='ltr'><strong>per</strong></span> <span class='ocrx_word' id='word_1_148' title='bbox 1086 2132 1140 2169; x_wconf 87' lang='lat' dir='ltr'><strong>os</strong></span> <span class='ocrx_word' id='word_1_149' title='bbox 1184 2114 1363 2166; x_wconf 89' lang='lat' dir='ltr'><strong>tuum?</strong></span> <span class='ocrx_word' id='word_1_150' title='bbox 1402 2112 1480 2165; x_wconf 88' lang='lat' dir='ltr'><strong>Tu</strong></span> <span class='ocrx_word' id='word_1_151' title='bbox 1508 2120 1673 2163; x_wconf 89' lang='lat' dir='ltr'><strong>autem</strong></span> <span class='ocrx_word' id='word_1_152' title='bbox 1707 2110 1856 2163; x_wconf 85' lang='lat' dir='ltr'><strong>odisti</strong></span> <span class='ocrx_word' id='word_1_153' title='bbox 1882 2108 2109 2177; x_wconf 86' lang='lat' dir='ltr'><strong>discipli-</strong></span> 
     </span>
    </p>
   </div>
   <div class='ocr_carea' id='block_1_20' title="bbox 518 2198 2104 2283">
    <p class='ocr_par' dir='ltr' id='par_1_20' title="bbox 518 2198 2104 2283">
     <span class='ocr_line' id='line_1_20' title="bbox 518 2198 2104 2283; baseline -0.009 -17"><span class='ocrx_word' id='word_1_154' title='bbox 518 2230 657 2277; x_wconf 85' lang='lat' dir='ltr'><strong>nam,</strong></span> <span class='ocrx_word' id='word_1_155' title='bbox 690 2220 735 2264; x_wconf 84' lang='lat' dir='ltr'><strong>et</strong></span> <span class='ocrx_word' id='word_1_156' title='bbox 764 2208 1016 2283; x_wconf 76' lang='lat' dir='ltr'><strong>projecisli</strong></span> <span class='ocrx_word' id='word_1_157' title='bbox 1050 2221 1303 2261; x_wconf 77' lang='lat' dir='ltr'><strong>sermones</strong></span> <span class='ocrx_word' id='word_1_158' title='bbox 1344 2220 1475 2256; x_wconf 83' lang='lat' dir='ltr'><strong>meos</strong></span> <span class='ocrx_word' id='word_1_159' title='bbox 1511 2212 1620 2273; x_wconf 85' lang='lat' dir='ltr'><strong>post</strong></span> <span class='ocrx_word' id='word_1_160' title='bbox 1652 2210 1697 2254; x_wconf 88' lang='lat' dir='ltr'><strong>te</strong></span> <span class='ocrx_word' id='word_1_161' title='bbox 1726 2198 1911 2273; x_wconf 87' lang='lat' dir='ltr'><strong>(Psal.</strong></span> <span class='ocrx_word' id='word_1_162' title='bbox 1946 2216 2064 2253; x_wconf 75' lang='lat' dir='ltr'><strong>thx</strong></span> <span class='ocrx_word' id='word_1_163' title='bbox 2090 2240 2104 2265; x_wconf 95' lang='lat'><strong>,</strong></span> 
     </span>
    </p>
   </div>
   <div class='ocr_carea' id='block_1_21' title="bbox 517 2278 2104 2370">
    <p class='ocr_par' dir='ltr' id='par_1_21' title="bbox 517 2278 2104 2370">
     <span class='ocr_line' id='line_1_21' title="bbox 517 2278 2104 2370; baseline -0.01 -11"><span class='ocrx_word' id='word_1_164' title='bbox 517 2305 607 2368; x_wconf 69' lang='grc'><strong>25,</strong></span> <span class='ocrx_word' id='word_1_165' title='bbox 636 2304 722 2367; x_wconf 80' lang='grc'><strong>16,</strong></span> <span class='ocrx_word' id='word_1_166' title='bbox 916 2280 989 2353; x_wconf 88' lang='lat' dir='ltr'><strong>ne</strong></span> <span class='ocrx_word' id='word_1_167' title='bbox 1014 2297 1147 2351; x_wconf 77' lang='lat' dir='ltr'><strong>forte</strong></span> <span class='ocrx_word' id='word_1_168' title='bbox 1176 2298 1475 2365; x_wconf 81' lang='lat' dir='ltr'><strong>quiSquam,</strong></span> <span class='ocrx_word' id='word_1_169' title='bbox 1500 2292 1749 2362; x_wconf 90' lang='lat' dir='ltr'><strong>quoniam</strong></span> <span class='ocrx_word' id='word_1_170' title='bbox 1776 2291 1972 2345; x_wconf 88' lang='lat' dir='ltr'><strong>dictum</strong></span> <span class='ocrx_word' id='word_1_171' title='bbox 1998 2300 2104 2357; x_wconf 87' lang='lat' dir='ltr'><strong>est,</strong></span> 
     </span>
    </p>
   </div>
   <div class='ocr_carea' id='block_1_22' title="bbox 517 2383 2106 2455">
    <p class='ocr_par' dir='ltr' id='par_1_22' title="bbox 517 2383 2106 2455">
     <span class='ocr_line' id='line_1_22' title="bbox 517 2383 2106 2455; baseline -0.009 -6"><span class='ocrx_word' id='word_1_172' title='bbox 517 2395 767 2455; x_wconf 88' lang='lat' dir='ltr'><strong>Laudate,</strong></span> <span class='ocrx_word' id='word_1_173' title='bbox 795 2390 941 2454; x_wconf 85' lang='lat' dir='ltr'><strong>servi,</strong></span> <span class='ocrx_word' id='word_1_174' title='bbox 967 2389 1257 2453; x_wconf 79' lang='lat' dir='ltr'><strong>Dominum,</strong></span> <span class='ocrx_word' id='word_1_175' title='bbox 1290 2385 1496 2440; x_wconf 88' lang='lat' dir='ltr'><strong>etiamsi</strong></span> <span class='ocrx_word' id='word_1_176' title='bbox 1526 2384 1576 2437; x_wconf 90' lang='lat' dir='ltr'><strong>iu</strong></span> <span class='ocrx_word' id='word_1_177' title='bbox 1605 2383 1764 2437; x_wconf 89' lang='lat' dir='ltr'><strong>domo</strong></span> <span class='ocrx_word' id='word_1_178' title='bbox 1788 2383 1885 2436; x_wconf 91' lang='lat' dir='ltr'><strong>ista</strong></span> <span class='ocrx_word' id='word_1_179' title='bbox 1918 2396 2106 2451; x_wconf 74' lang='lat' dir='ltr'><strong>magna</strong></span> 
     </span>
    </p>
   </div>
   <div class='ocr_carea' id='block_1_23' title="bbox 518 2470 2101 2549">
    <p class='ocr_par' dir='ltr' id='par_1_23' title="bbox 518 2470 2101 2549">
     <span class='ocr_line' id='line_1_23' title="bbox 518 2470 2101 2549; baseline -0.011 -7"><span class='ocrx_word' id='word_1_180' title='bbox 518 2470 675 2541; x_wconf 84' lang='lat' dir='ltr'><strong>fuerit</strong></span> <span class='ocrx_word' id='word_1_181' title='bbox 704 2484 872 2537; x_wconf 90' lang='lat' dir='ltr'><strong>malus</strong></span> <span class='ocrx_word' id='word_1_182' title='bbox 900 2494 1104 2546; x_wconf 81' lang='lat' dir='ltr'><strong>servus,</strong></span> <span class='ocrx_word' id='word_1_183' title='bbox 1138 2487 1282 2549; x_wconf 90' lang='lat' dir='ltr'><strong>putet</strong></span> <span class='ocrx_word' id='word_1_184' title='bbox 1326 2477 1425 2532; x_wconf 90' lang='lat' dir='ltr'><strong>sibi</strong></span> <span class='ocrx_word' id='word_1_185' title='bbox 1458 2475 1711 2545; x_wconf 81' lang='lat' dir='ltr'><strong>prodesse</strong></span> <span class='ocrx_word' id='word_1_186' title='bbox 1739 2474 1952 2528; x_wconf 84' lang='lat' dir='ltr'><strong>laudem</strong></span> <span class='ocrx_word' id='word_1_187' title='bbox 1997 2474 2101 2526; x_wconf 90' lang='lat' dir='ltr'><strong>Do-</strong></span> 
     </span>
    </p>
   </div>
   <div class='ocr_carea' id='block_1_24' title="bbox 518 2565 2111 2645">
    <p class='ocr_par' dir='ltr' id='par_1_24' title="bbox 518 2565 2111 2645">
     <span class='ocr_line' id='line_1_24' title="bbox 518 2565 2111 2645; baseline -0.009 -13"><span class='ocrx_word' id='word_1_188' title='bbox 518 2578 670 2645; x_wconf 86' lang='lat' dir='ltr'><strong>mini,</strong></span> <span class='ocrx_word' id='word_1_189' title='bbox 695 2577 947 2645; x_wconf 89' lang='lat' dir='ltr'><strong>continuo</strong></span> <span class='ocrx_word' id='word_1_190' title='bbox 972 2573 1155 2644; x_wconf 90' lang='lat' dir='ltr'><strong>quales</strong></span> <span class='ocrx_word' id='word_1_191' title='bbox 1184 2572 1289 2625; x_wconf 90' lang='lat' dir='ltr'><strong>sint</strong></span> <span class='ocrx_word' id='word_1_192' title='bbox 1314 2570 1401 2638; x_wconf 92' lang='lat' dir='ltr'><strong>qui</strong></span> <span class='ocrx_word' id='word_1_193' title='bbox 1433 2568 1649 2621; x_wconf 86' lang='lat' dir='ltr'><strong>laudare</strong></span> <span class='ocrx_word' id='word_1_194' title='bbox 1672 2567 1899 2620; x_wconf 81' lang='lat' dir='ltr'><strong>debeant</strong></span> <span class='ocrx_word' id='word_1_195' title='bbox 1930 2565 2111 2619; x_wconf 83' lang='lat' dir='ltr'><strong>Domi-</strong></span> 
     </span>
    </p>
   </div>
   <div class='ocr_carea' id='block_1_25' title="bbox 519 2656 2107 2737">
    <p class='ocr_par' dir='ltr' id='par_1_25' title="bbox 519 2656 2107 2737">
     <span class='ocr_line' id='line_1_25' title="bbox 519 2656 2107 2737; baseline -0.013 -10"><span class='ocrx_word' id='word_1_196' title='bbox 519 2688 669 2737; x_wconf 90' lang='lat' dir='ltr'><strong>num,</strong></span> <span class='ocrx_word' id='word_1_197' title='bbox 702 2668 914 2737; x_wconf 71' lang='lat' dir='ltr'><strong>subiicit</strong></span> <span class='ocrx_word' id='word_1_198' title='bbox 953 2677 1005 2721; x_wconf 91' lang='lat' dir='ltr'><strong>et</strong></span> <span class='ocrx_word' id='word_1_199' title='bbox 1030 2665 1188 2724; x_wconf 75' lang='lat' dir='ltr'><strong>docet</strong></span> <span class='ocrx_word' id='word_1_200' title='bbox 1222 2682 1233 2717; x_wconf 94' lang='lat'>:</span> <span class='ocrx_word' id='word_1_201' title='bbox 1264 2662 1362 2727; x_wconf 88' lang='lat' dir='ltr'><strong>Qui</strong></span> <span class='ocrx_word' id='word_1_202' title='bbox 1393 2660 1535 2713; x_wconf 81' lang='lat' dir='ltr'><strong>statis</strong></span> <span class='ocrx_word' id='word_1_203' title='bbox 1566 2661 1618 2713; x_wconf 90' lang='lat' dir='ltr'><strong>in</strong></span> <span class='ocrx_word' id='word_1_204' title='bbox 1665 2658 1815 2711; x_wconf 90' lang='lat' dir='ltr'><strong>domo</strong></span> <span class='ocrx_word' id='word_1_205' title='bbox 1863 2656 2107 2721; x_wconf 86' lang='lat' dir='ltr'><strong>Domini,</strong></span> 
     </span>
    </p>
   </div>
   <div class='ocr_carea' id='block_1_26' title="bbox 519 2750 2108 2821">
    <p class='ocr_par' dir='ltr' id='par_1_26' title="bbox 519 2750 2108 2821">
     <span class='ocr_line' id='line_1_26' title="bbox 519 2750 2108 2821; baseline -0.012 -1"><span class='ocrx_word' id='word_1_206' title='bbox 519 2767 574 2820; x_wconf 87' lang='lat' dir='ltr'><strong>in</strong></span> <span class='ocrx_word' id='word_1_207' title='bbox 605 2764 744 2816; x_wconf 87' lang='lat' dir='ltr'><strong>atriis</strong></span> <span class='ocrx_word' id='word_1_208' title='bbox 770 2761 948 2814; x_wconf 87' lang='lat' dir='ltr'><strong>domus</strong></span> <span class='ocrx_word' id='word_1_209' title='bbox 985 2757 1075 2810; x_wconf 88' lang='lat' dir='ltr'><strong>Dei</strong></span> <span class='ocrx_word' id='word_1_210' title='bbox 1107 2756 1283 2809; x_wconf 87' lang='lat' dir='ltr'><strong>nostri.</strong></span> <span class='ocrx_word' id='word_1_211' title='bbox 1316 2754 1413 2820; x_wconf 85' lang='lat' dir='ltr'><strong>Qui</strong></span> <span class='ocrx_word' id='word_1_212' title='bbox 1439 2753 1603 2817; x_wconf 83' lang='lat' dir='ltr'><strong>statis,</strong></span> <span class='ocrx_word' id='word_1_213' title='bbox 1637 2768 1742 2805; x_wconf 88' lang='lat' dir='ltr'><strong>non</strong></span> <span class='ocrx_word' id='word_1_214' title='bbox 1771 2750 1859 2820; x_wconf 91' lang='lat' dir='ltr'><strong>qui</strong></span> <span class='ocrx_word' id='word_1_215' title='bbox 1893 2750 2108 2821; x_wconf 71' lang='lat' dir='ltr'><strong>ruitis‘.</strong></span> 
     </span>
    </p>
   </div>
   <div class='ocr_carea' id='block_1_27' title="bbox 521 2843 2107 2914">
    <p class='ocr_par' dir='ltr' id='par_1_27' title="bbox 521 2843 2107 2914">
     <span class='ocr_line' id='line_1_27' title="bbox 521 2843 2107 2914; baseline -0.011 -3"><span class='ocrx_word' id='word_1_216' title='bbox 521 2857 602 2912; x_wconf 91' lang='lat' dir='ltr'><strong>llli</strong></span> <span class='ocrx_word' id='word_1_217' title='bbox 634 2862 810 2908; x_wconf 87' lang='lat' dir='ltr'><strong>autem</strong></span> <span class='ocrx_word' id='word_1_218' title='bbox 838 2860 977 2905; x_wconf 87' lang='lat' dir='ltr'><strong>stare</strong></span> <span class='ocrx_word' id='word_1_219' title='bbox 1003 2848 1269 2908; x_wconf 89' lang='lat' dir='ltr'><strong>dicuntur,</strong></span> <span class='ocrx_word' id='word_1_220' title='bbox 1294 2845 1381 2914; x_wconf 86' lang='lat' dir='ltr'><strong>qui</strong></span> <span class='ocrx_word' id='word_1_221' title='bbox 1415 2846 1465 2897; x_wconf 92' lang='lat' dir='ltr'><strong>iu</strong></span> <span class='ocrx_word' id='word_1_222' title='bbox 1489 2843 1751 2897; x_wconf 80' lang='lat' dir='ltr'><strong>mmdatis</strong></span> <span class='ocrx_word' id='word_1_223' title='bbox 1779 2846 1893 2910; x_wconf 80' lang='lat' dir='ltr'><strong>ejus</strong></span> <span class='ocrx_word' id='word_1_224' title='bbox 1923 2856 2107 2910; x_wconf 82' lang='lat' dir='ltr'><strong>persc-</strong></span> 
     </span>
    </p>
   </div>
   <div class='ocr_carea' id='block_1_28' title="bbox 518 2932 2110 3013">
    <p class='ocr_par' dir='ltr' id='par_1_28' title="bbox 518 2932 2110 3013">
     <span class='ocr_line' id='line_1_28' title="bbox 518 2932 2110 3013; baseline -0.009 -12"><span class='ocrx_word' id='word_1_225' title='bbox 518 2954 724 3009; x_wconf 73' lang='lat' dir='ltr'><strong>verant,</strong></span> <span class='ocrx_word' id='word_1_226' title='bbox 749 2944 835 3013; x_wconf 87' lang='lat' dir='ltr'><strong>qui</strong></span> <span class='ocrx_word' id='word_1_227' title='bbox 864 2943 915 2995; x_wconf 93' lang='lat' dir='ltr'><strong>in</strong></span> <span class='ocrx_word' id='word_1_228' title='bbox 936 2941 1035 2995; x_wconf 87' lang='lat' dir='ltr'><strong>lide</strong></span> <span class='ocrx_word' id='word_1_229' title='bbox 1064 2954 1170 2993; x_wconf 91' lang='lat' dir='ltr'><strong>non</strong></span> <span class='ocrx_word' id='word_1_230' title='bbox 1199 2939 1337 2998; x_wconf 83' lang='lat' dir='ltr'><strong>ﬁcta,</strong></span> <span class='ocrx_word' id='word_1_231' title='bbox 1371 2946 1423 2990; x_wconf 89' lang='lat' dir='ltr'><strong>et</strong></span> <span class='ocrx_word' id='word_1_232' title='bbox 1450 2951 1543 3003; x_wconf 88' lang='lat' dir='ltr'><strong>spe</strong></span> <span class='ocrx_word' id='word_1_233' title='bbox 1573 2935 1745 2996; x_wconf 75' lang='lat' dir='ltr'><strong>firma,</strong></span> <span class='ocrx_word' id='word_1_234' title='bbox 1768 2942 1821 2986; x_wconf 92' lang='lat' dir='ltr'><strong>et</strong></span> <span class='ocrx_word' id='word_1_235' title='bbox 1847 2932 2110 2987; x_wconf 87' lang='lat' dir='ltr'><strong>ebaritate</strong></span> 
     </span>
    </p>
   </div>
   <div class='ocr_carea' id='block_1_29' title="bbox 521 3027 2114 3099">
    <p class='ocr_par' dir='ltr' id='par_1_29' title="bbox 521 3027 2114 3099">
     <span class='ocr_line' id='line_1_29' title="bbox 521 3027 2114 3099; baseline -0.011 -2"><span class='ocrx_word' id='word_1_236' title='bbox 521 3044 727 3098; x_wconf 86' lang='lat' dir='ltr'><strong>sincera</strong></span> <span class='ocrx_word' id='word_1_237' title='bbox 767 3038 998 3091; x_wconf 87' lang='lat' dir='ltr'><strong>serviunt</strong></span> <span class='ocrx_word' id='word_1_238' title='bbox 1032 3035 1162 3099; x_wconf 89' lang='lat' dir='ltr'><strong>Deo,</strong></span> <span class='ocrx_word' id='word_1_239' title='bbox 1194 3043 1247 3087; x_wconf 90' lang='lat' dir='ltr'><strong>et</strong></span> <span class='ocrx_word' id='word_1_240' title='bbox 1280 3031 1544 3085; x_wconf 85' lang='lat' dir='ltr'><strong>hOnorant</strong></span> <span class='ocrx_word' id='word_1_241' title='bbox 1578 3028 1864 3082; x_wconf 83' lang='lat' dir='ltr'><strong>Ecclesiam</strong></span> <span class='ocrx_word' id='word_1_242' title='bbox 1896 3027 2031 3094; x_wconf 87' lang='lat' dir='ltr'><strong>ejus,</strong></span> <span class='ocrx_word' id='word_1_243' title='bbox 2060 3033 2114 3080; x_wconf 91' lang='lat' dir='ltr'><strong>et</strong></span> 
     </span>
    </p>
   </div>
   <div class='ocr_carea' id='block_1_30' title="bbox 521 3117 2113 3187">
    <p class='ocr_par' dir='ltr' id='par_1_30' title="bbox 521 3117 2113 3187">
     <span class='ocr_line' id='line_1_30' title="bbox 521 3117 2113 3187; baseline -0.008 -1"><span class='ocrx_word' id='word_1_244' title='bbox 521 3148 628 3187; x_wconf 87' lang='lat' dir='ltr'><strong>non</strong></span> <span class='ocrx_word' id='word_1_245' title='bbox 660 3130 787 3184; x_wconf 90' lang='lat' dir='ltr'><strong>dant</strong></span> <span class='ocrx_word' id='word_1_246' title='bbox 832 3125 1178 3181; x_wconf 76' lang='lat' dir='ltr'><strong>oll‘ensionem</strong></span> <span class='ocrx_word' id='word_1_247' title='bbox 1210 3123 1346 3177; x_wconf 89' lang='lat' dir='ltr'><strong>male</strong></span> <span class='ocrx_word' id='word_1_248' title='bbox 1374 3120 1600 3175; x_wconf 87' lang='lat' dir='ltr'><strong>vivendo</strong></span> <span class='ocrx_word' id='word_1_249' title='bbox 1628 3122 1671 3184; x_wconf 77' lang='lat'><strong>&#39;,</strong></span> <span class='ocrx_word' id='word_1_250' title='bbox 1706 3120 1782 3173; x_wconf 91' lang='lat' dir='ltr'><strong>eis</strong></span> <span class='ocrx_word' id='word_1_251' title='bbox 1813 3119 1900 3187; x_wconf 93' lang='lat' dir='ltr'><strong>qui</strong></span> <span class='ocrx_word' id='word_1_252' title='bbox 1932 3117 2113 3173; x_wconf 82' lang='lat' dir='ltr'><strong>venire</strong></span> 
     </span>
    </p>
   </div>
   <div class='ocr_carea' id='block_1_31' title="bbox 521 3209 2110 3289">
    <p class='ocr_par' dir='ltr' id='par_1_31' title="bbox 521 3209 2110 3289">
     <span class='ocr_line' id='line_1_31' title="bbox 521 3209 2110 3289; baseline -0.013 -11"><span class='ocrx_word' id='word_1_253' title='bbox 521 3225 726 3289; x_wconf 84' lang='lat' dir='ltr'><strong>volunt,</strong></span> <span class='ocrx_word' id='word_1_254' title='bbox 755 3228 809 3275; x_wconf 91' lang='lat' dir='ltr'><strong>et</strong></span> <span class='ocrx_word' id='word_1_255' title='bbox 835 3221 886 3273; x_wconf 90' lang='lat' dir='ltr'><strong>in</strong></span> <span class='ocrx_word' id='word_1_256' title='bbox 916 3218 998 3272; x_wconf 84' lang='lat' dir='ltr'><strong>via</strong></span> <span class='ocrx_word' id='word_1_257' title='bbox 1028 3215 1229 3287; x_wconf 85' lang='lat' dir='ltr'><strong>lapides</strong></span> <span class='ocrx_word' id='word_1_258' title='bbox 1251 3213 1559 3279; x_wconf 57' lang='lat' dir='ltr'><strong>oﬂ‘eusionis</strong></span> <span class='ocrx_word' id='word_1_259' title='bbox 1587 3211 1861 3263; x_wconf 84' lang='lat' dir='ltr'><strong>inveniunt</strong></span> <span class='ocrx_word' id='word_1_260' title='bbox 1884 3210 1923 3263; x_wconf 82' lang='lat'><strong>&#39;.</strong></span> <span class='ocrx_word' id='word_1_261' title='bbox 1954 3209 2110 3278; x_wconf 86' lang='lat' dir='ltr'><strong>Ergo,</strong></span> 
     </span>
    </p>
   </div>
   <div class='ocr_carea' id='block_1_32' title="bbox 526 3301 2109 3385">
    <p class='ocr_par' dir='ltr' id='par_1_32' title="bbox 526 3301 2109 3385">
     <span class='ocr_line' id='line_1_32' title="bbox 526 3301 2109 3385; baseline -0.012 -12"><span class='ocrx_word' id='word_1_262' title='bbox 526 3319 624 3385; x_wconf 88' lang='lat' dir='ltr'><strong>Qui</strong></span> <span class='ocrx_word' id='word_1_263' title='bbox 651 3316 794 3372; x_wconf 88' lang='lat' dir='ltr'><strong>statis</strong></span> <span class='ocrx_word' id='word_1_264' title='bbox 838 3314 891 3367; x_wconf 90' lang='lat' dir='ltr'><strong>in</strong></span> <span class='ocrx_word' id='word_1_265' title='bbox 937 3312 1085 3365; x_wconf 88' lang='lat' dir='ltr'><strong>domo</strong></span> <span class='ocrx_word' id='word_1_266' title='bbox 1136 3308 1361 3372; x_wconf 85' lang='lat' dir='ltr'><strong>Domini,</strong></span> <span class='ocrx_word' id='word_1_267' title='bbox 1413 3304 1616 3381; x_wconf 83' lang='lat' dir='ltr'><strong>laudate</strong></span> <span class='ocrx_word' id='word_1_268' title='bbox 1658 3320 1837 3375; x_wconf 80' lang='lat' dir='ltr'><strong>nomen</strong></span> <span class='ocrx_word' id='word_1_269' title='bbox 1884 3301 2109 3355; x_wconf 83' lang='lat' dir='ltr'><strong>Domini.</strong></span> 
     </span>
    </p>
   </div>
   <div class='ocr_carea' id='block_1_33' title="bbox 523 3395 2113 3471">
    <p class='ocr_par' dir='ltr' id='par_1_33' title="bbox 523 3395 2113 3471">
     <span class='ocr_line' id='line_1_33' title="bbox 523 3395 2113 3471; baseline -0.013 -4"><span class='ocrx_word' id='word_1_270' title='bbox 523 3396 668 3467; x_wconf 82' lang='lat' dir='ltr'><strong>Grati</strong></span> <span class='ocrx_word' id='word_1_271' title='bbox 701 3416 910 3471; x_wconf 87' lang='lat' dir='ltr'><strong>estote;</strong></span> <span class='ocrx_word' id='word_1_272' title='bbox 946 3406 1073 3459; x_wconf 79' lang='lat' dir='ltr'><strong>foris</strong></span> <span class='ocrx_word' id='word_1_273' title='bbox 1103 3402 1287 3465; x_wconf 87' lang='lat' dir='ltr'><strong>eratis,</strong></span> <span class='ocrx_word' id='word_1_274' title='bbox 1319 3410 1371 3455; x_wconf 89' lang='lat' dir='ltr'><strong>et</strong></span> <span class='ocrx_word' id='word_1_275' title='bbox 1401 3400 1541 3452; x_wconf 91' lang='lat' dir='ltr'><strong>intus</strong></span> <span class='ocrx_word' id='word_1_276' title='bbox 1569 3397 1721 3451; x_wconf 86' lang='lat' dir='ltr'><strong>statis</strong></span> <span class='ocrx_word' id='word_1_277' title='bbox 1753 3395 1794 3449; x_wconf 69' lang='grc'><strong>⁸.</strong></span> <span class='ocrx_word' id='word_1_278' title='bbox 1823 3396 1955 3461; x_wconf 89' lang='lat' dir='ltr'><strong>Quia</strong></span> <span class='ocrx_word' id='word_1_279' title='bbox 1988 3410 2113 3467; x_wconf 84' lang='lat' dir='ltr'><strong>ergo</strong></span> 
     </span>
    </p>
   </div>
   <div class='ocr_carea' id='block_1_34' title="bbox 522 3488 2114 3565">
    <p class='ocr_par' dir='ltr' id='par_1_34' title="bbox 522 3488 2114 3565">
     <span class='ocr_line' id='line_1_34' title="bbox 522 3488 2114 3565; baseline -0.012 -5"><span class='ocrx_word' id='word_1_280' title='bbox 522 3502 693 3565; x_wconf 86' lang='lat' dir='ltr'><strong>statis,</strong></span> <span class='ocrx_word' id='word_1_281' title='bbox 729 3512 984 3565; x_wconf 86' lang='lat' dir='ltr'><strong>parumne</strong></span> <span class='ocrx_word' id='word_1_282' title='bbox 1014 3505 1092 3549; x_wconf 88' lang='lat' dir='ltr'><strong>est</strong></span> <span class='ocrx_word' id='word_1_283' title='bbox 1118 3495 1286 3554; x_wconf 87' lang='lat' dir='ltr'><strong>vobis,</strong></span> <span class='ocrx_word' id='word_1_284' title='bbox 1318 3492 1404 3545; x_wconf 91' lang='lat' dir='ltr'><strong>ubi</strong></span> <span class='ocrx_word' id='word_1_285' title='bbox 1452 3488 1744 3563; x_wconf 80' lang='lat' dir='ltr'><strong>laudandus</strong></span> <span class='ocrx_word' id='word_1_286' title='bbox 1774 3497 1857 3553; x_wconf 88' lang='lat' dir='ltr'><strong>est</strong></span> <span class='ocrx_word' id='word_1_287' title='bbox 1882 3488 1970 3558; x_wconf 90' lang='lat' dir='ltr'><strong>qui</strong></span> <span class='ocrx_word' id='word_1_288' title='bbox 2020 3501 2114 3541; x_wconf 82' lang='lat' dir='ltr'><strong>vos</strong></span> 
     </span>
    </p>
   </div>
   <div class='ocr_carea' id='block_1_35' title="bbox 526 3579 2109 3661">
    <p class='ocr_par' dir='ltr' id='par_1_35' title="bbox 526 3579 2109 3661">
     <span class='ocr_line' id='line_1_35' title="bbox 526 3579 2109 3661; baseline -0.013 -11"><span class='ocrx_word' id='word_1_289' title='bbox 526 3594 693 3650; x_wconf 76' lang='lat' dir='ltr'><strong>erexit</strong></span> <span class='ocrx_word' id='word_1_290' title='bbox 717 3590 972 3661; x_wconf 85' lang='lat' dir='ltr'><strong>jacentes,</strong></span> <span class='ocrx_word' id='word_1_291' title='bbox 1008 3596 1061 3641; x_wconf 91' lang='lat' dir='ltr'><strong>et</strong></span> <span class='ocrx_word' id='word_1_292' title='bbox 1104 3584 1228 3639; x_wconf 80' lang='lat' dir='ltr'><strong>fecit</strong></span> <span class='ocrx_word' id='word_1_293' title='bbox 1254 3585 1305 3636; x_wconf 92' lang='lat' dir='ltr'><strong>in</strong></span> <span class='ocrx_word' id='word_1_294' title='bbox 1347 3583 1507 3636; x_wconf 90' lang='lat' dir='ltr'><strong>domo</strong></span> <span class='ocrx_word' id='word_1_295' title='bbox 1532 3597 1625 3635; x_wconf 92' lang='lat' dir='ltr'><strong>sna</strong></span> <span class='ocrx_word' id='word_1_296' title='bbox 1664 3590 1825 3657; x_wconf 82' lang='lat' dir='ltr'><strong>stare,</strong></span> <span class='ocrx_word' id='word_1_297' title='bbox 1857 3589 1910 3631; x_wconf 83' lang='lat' dir='ltr'><strong>et</strong></span> <span class='ocrx_word' id='word_1_298' title='bbox 1940 3579 2109 3646; x_wconf 83' lang='lat' dir='ltr'><strong>ipsum</strong></span> 
     </span>
    </p>
   </div>
   <div class='ocr_carea' id='block_1_36' title="bbox 527 3670 2113 3759">
    <p class='ocr_par' dir='ltr' id='par_1_36' title="bbox 527 3670 2113 3759">
     <span class='ocr_line' id='line_1_36' title="bbox 527 3670 2113 3759; baseline -0.01 -19"><span class='ocrx_word' id='word_1_299' title='bbox 527 3698 841 3759; x_wconf 84' lang='lat' dir='ltr'><strong>agnoscere,</strong></span> <span class='ocrx_word' id='word_1_300' title='bbox 889 3682 1167 3753; x_wconf 76' lang='lat' dir='ltr'><strong>ipunnque</strong></span> <span class='ocrx_word' id='word_1_301' title='bbox 1193 3676 1452 3755; x_wconf 80' lang='lat' dir='ltr'><strong>laudare?</strong></span> <span class='ocrx_word' id='word_1_302' title='bbox 1492 3688 1784 3749; x_wconf 88' lang='lat' dir='ltr'><strong>parvumne</strong></span> <span class='ocrx_word' id='word_1_303' title='bbox 1818 3670 1917 3725; x_wconf 86' lang='lat' dir='ltr'><strong>hoc</strong></span> <span class='ocrx_word' id='word_1_304' title='bbox 1947 3671 2113 3725; x_wconf 85' lang='lat' dir='ltr'><strong>bene-</strong></span> 
     </span>
    </p>
   </div>
   <div class='ocr_carea' id='block_1_37' title="bbox 530 3752 2113 3846">
    <p class='ocr_par' dir='ltr' id='par_1_37' title="bbox 530 3752 2113 3846">
     <span class='ocr_line' id='line_1_37' title="bbox 530 3752 2113 3846; baseline -0.011 -13"><span class='ocrx_word' id='word_1_305' title='bbox 530 3764 705 3834; x_wconf 78' lang='lat' dir='ltr'><strong>licium</strong></span> <span class='ocrx_word' id='word_1_306' title='bbox 729 3752 982 3846; x_wconf 87' lang='lat' dir='ltr'><strong>est,quod</strong></span> <span class='ocrx_word' id='word_1_307' title='bbox 1003 3755 1204 3825; x_wconf 86' lang='lat' dir='ltr'><strong>stamus</strong></span> <span class='ocrx_word' id='word_1_308' title='bbox 1230 3752 1281 3822; x_wconf 90' lang='lat' dir='ltr'><strong>in</strong></span> <span class='ocrx_word' id='word_1_309' title='bbox 1304 3766 1464 3839; x_wconf 87' lang='lat' dir='ltr'><strong>domo</strong></span> <span class='ocrx_word' id='word_1_310' title='bbox 1487 3765 1694 3819; x_wconf 85' lang='lat' dir='ltr'><strong>Domini</strong></span> <span class='ocrx_word' id='word_1_311' title='bbox 1718 3764 1739 3817; x_wconf 89' lang='lat'><strong>?</strong></span> <span class='ocrx_word' id='word_1_312' title='bbox 1765 3762 1858 3817; x_wconf 86' lang='lat' dir='ltr'><strong>llic</strong></span> <span class='ocrx_word' id='word_1_313' title='bbox 1877 3761 2113 3828; x_wconf 85' lang='lat' dir='ltr'><strong>interim,</strong></span> 
     </span>
    </p>
   </div>
   <div class='ocr_carea' id='block_1_38' title="bbox 530 3844 2119 3938">
    <p class='ocr_par' dir='ltr' id='par_1_38' title="bbox 530 3844 2119 3938">
     <span class='ocr_line' id='line_1_38' title="bbox 530 3844 2119 3938; baseline -0.011 -13"><span class='ocrx_word' id='word_1_314' title='bbox 530 3870 585 3925; x_wconf 90' lang='lat' dir='ltr'><strong>in</strong></span> <span class='ocrx_word' id='word_1_315' title='bbox 617 3869 712 3923; x_wconf 86' lang='lat' dir='ltr'><strong>hac</strong></span> <span class='ocrx_word' id='word_1_316' title='bbox 744 3864 1186 3938; x_wconf 82' lang='lat' dir='ltr'><strong>peregrinatione,</strong></span> <span class='ocrx_word' id='word_1_317' title='bbox 1218 3862 1270 3916; x_wconf 91' lang='lat' dir='ltr'><strong>in</strong></span> <span class='ocrx_word' id='word_1_318' title='bbox 1300 3844 1399 3933; x_wconf 87' lang='lat' dir='ltr'><strong>bac</strong></span> <span class='ocrx_word' id='word_1_319' title='bbox 1425 3858 1605 3919; x_wconf 90' lang='lat' dir='ltr'><strong>domo,</strong></span> <span class='ocrx_word' id='word_1_320' title='bbox 1634 3856 1775 3931; x_wconf 83' lang='lat' dir='ltr'><strong>quod</strong></span> <span class='ocrx_word' id='word_1_321' title='bbox 1807 3856 1964 3910; x_wconf 88' lang='lat' dir='ltr'><strong>etiam</strong></span> <span class='ocrx_word' id='word_1_322' title='bbox 1996 3870 2119 3924; x_wconf 82' lang='lat' dir='ltr'><strong>per-</strong></span> 
     </span>
    </p>
   </div>
   <div class='ocr_carea' id='block_1_39' title="bbox 529 3934 2114 4036">
    <p class='ocr_par' dir='ltr' id='par_1_39' title="bbox 529 3934 2114 4036">
     <span class='ocr_line' id='line_1_39' title="bbox 529 3934 2114 4036; baseline -0.013 -16"><span class='ocrx_word' id='word_1_323' title='bbox 529 3959 871 4036; x_wconf 81' lang='lat' dir='ltr'><strong>egrinalionis</strong></span> <span class='ocrx_word' id='word_1_324' title='bbox 899 3954 1298 4014; x_wconf 87' lang='lat' dir='ltr'><strong>tabernaculum</strong></span> <span class='ocrx_word' id='word_1_325' title='bbox 1328 3953 1541 4017; x_wconf 87' lang='lat' dir='ltr'><strong>dicitur,</strong></span> <span class='ocrx_word' id='word_1_326' title='bbox 1588 3934 1824 4020; x_wconf 33' lang='lat' dir='ltr'><strong>quia-hic</strong></span> <span class='ocrx_word' id='word_1_327' title='bbox 1870 3957 2073 4001; x_wconf 79' lang='lat' dir='ltr'><strong>Stamus</strong></span> <span class='ocrx_word' id='word_1_328' title='bbox 2098 3987 2114 4014; x_wconf 94' lang='lat'><strong>,</strong></span> 
     </span>
    </p>
   </div>
   <div class='ocr_carea' id='block_1_40' title="bbox 519 4038 2118 4124">
    <p class='ocr_par' dir='ltr' id='par_1_40' title="bbox 519 4038 2118 4124">
     <span class='ocr_line' id='line_1_40' title="bbox 519 4038 2118 4124; baseline -0.015 -12"><span class='ocrx_word' id='word_1_329' title='bbox 519 4053 786 4124; x_wconf 77' lang='lat' dir='ltr'><strong>numquid</strong></span> <span class='ocrx_word' id='word_1_330' title='bbox 834 4066 1016 4122; x_wconf 86' lang='lat' dir='ltr'><strong>parum</strong></span> <span class='ocrx_word' id='word_1_331' title='bbox 1051 4047 1189 4123; x_wconf 78' lang='lat' dir='ltr'><strong>grati</strong></span> <span class='ocrx_word' id='word_1_332' title='bbox 1232 4060 1351 4101; x_wconf 84' lang='lat' dir='ltr'><strong>esse</strong></span> <span class='ocrx_word' id='word_1_333' title='bbox 1398 4040 1693 4097; x_wconf 83' lang='lat' dir='ltr'><strong>debemus?</strong></span> <span class='ocrx_word' id='word_1_334' title='bbox 1742 4039 1927 4093; x_wconf 81' lang='lat' dir='ltr'><strong>Neune</strong></span> <span class='ocrx_word' id='word_1_335' title='bbox 1969 4038 2118 4107; x_wconf 85' lang='lat' dir='ltr'><strong>cogi-</strong></span> 
     </span>
    </p>
   </div>
   <div class='ocr_carea' id='block_1_41' title="bbox 531 4118 2119 4214">
    <p class='ocr_par' dir='ltr' id='par_1_41' title="bbox 531 4118 2119 4214">
     <span class='ocr_line' id='line_1_41' title="bbox 531 4118 2119 4214; baseline -0.013 -10"><span class='ocrx_word' id='word_1_336' title='bbox 531 4150 749 4204; x_wconf 86' lang='lat' dir='ltr'><strong>tandum</strong></span> <span class='ocrx_word' id='word_1_337' title='bbox 804 4153 885 4200; x_wconf 86' lang='lat' dir='ltr'><strong>est</strong></span> <span class='ocrx_word' id='word_1_338' title='bbox 940 4144 1061 4214; x_wconf 91' lang='lat' dir='ltr'><strong>quia</strong></span> <span class='ocrx_word' id='word_1_339' title='bbox 1113 4120 1199 4194; x_wconf 86' lang='lat' dir='ltr'><strong>hic</strong></span> <span class='ocrx_word' id='word_1_340' title='bbox 1251 4133 1494 4191; x_wconf 86' lang='lat' dir='ltr'><strong>stamus?</strong></span> <span class='ocrx_word' id='word_1_341' title='bbox 1544 4148 1722 4189; x_wconf 89' lang='lat' dir='ltr'><strong>nonne</strong></span> <span class='ocrx_word' id='word_1_342' title='bbox 1754 4118 2119 4211; x_wconf 84' lang='lat' dir='ltr'><strong>cogitandum</strong></span> 
     </span>
    </p>
   </div>
   <div class='ocr_carea' id='block_1_42' title="bbox 533 4226 2121 4311">
    <p class='ocr_par' dir='ltr' id='par_1_42' title="bbox 533 4226 2121 4311">
     <span class='ocr_line' id='line_1_42' title="bbox 533 4226 2121 4311; baseline -0.013 -12"><span class='ocrx_word' id='word_1_343' title='bbox 533 4252 618 4299; x_wconf 86' lang='lat' dir='ltr'><strong>est</strong></span> <span class='ocrx_word' id='word_1_344' title='bbox 681 4238 805 4311; x_wconf 90' lang='lat' dir='ltr'><strong>quid</strong></span> <span class='ocrx_word' id='word_1_345' title='bbox 854 4236 975 4291; x_wconf 77' lang='lat' dir='ltr'><strong>facti</strong></span> <span class='ocrx_word' id='word_1_346' title='bbox 1036 4231 1327 4303; x_wconf 82' lang='lat' dir='ltr'><strong>fuerimus?</strong></span> <span class='ocrx_word' id='word_1_347' title='bbox 1411 4244 1589 4283; x_wconf 89' lang='lat' dir='ltr'><strong>nonne</strong></span> <span class='ocrx_word' id='word_1_348' title='bbox 1654 4226 1990 4301; x_wconf 87' lang='lat' dir='ltr'><strong>cogitandum</strong></span> <span class='ocrx_word' id='word_1_349' title='bbox 2039 4231 2121 4283; x_wconf 89' lang='lat' dir='ltr'><strong>est</strong></span> 
     </span>
    </p>
   </div>
   <div class='ocr_carea' id='block_1_43' title="bbox 532 4317 2122 4403">
    <p class='ocr_par' dir='ltr' id='par_1_43' title="bbox 532 4317 2122 4403">
     <span class='ocr_line' id='line_1_43' title="bbox 532 4317 2122 4403; baseline -0.011 -14"><span class='ocrx_word' id='word_1_350' title='bbox 532 4318 622 4389; x_wconf 84' lang='lat' dir='ltr'><strong>ubi</strong></span> <span class='ocrx_word' id='word_1_351' title='bbox 646 4332 975 4403; x_wconf 84' lang='lat' dir='ltr'><strong>jacebamus,</strong></span> <span class='ocrx_word' id='word_1_352' title='bbox 1024 4336 1078 4383; x_wconf 91' lang='lat' dir='ltr'><strong>et</strong></span> <span class='ocrx_word' id='word_1_353' title='bbox 1104 4343 1210 4398; x_wconf 91' lang='lat' dir='ltr'><strong>quo</strong></span> <span class='ocrx_word' id='word_1_354' title='bbox 1255 4324 1462 4399; x_wconf 81' lang='lat' dir='ltr'><strong>collecti</strong></span> <span class='ocrx_word' id='word_1_355' title='bbox 1503 4322 1729 4376; x_wconf 88' lang='lat' dir='ltr'><strong>sumus?</strong></span> <span class='ocrx_word' id='word_1_356' title='bbox 1759 4336 1933 4397; x_wconf 89' lang='lat' dir='ltr'><strong>nonne</strong></span> <span class='ocrx_word' id='word_1_357' title='bbox 1977 4317 2122 4397; x_wconf 78' lang='lat' dir='ltr'><strong>cogi-</strong></span> 
     </span>
    </p>
   </div>
   <div class='ocr_carea' id='block_1_44' title="bbox 530 4392 2112 4491">
    <p class='ocr_par' dir='ltr' id='par_1_44' title="bbox 530 4392 2112 4491">
     <span class='ocr_line' id='line_1_44' title="bbox 530 4392 2112 4491; baseline -0.011 -9"><span class='ocrx_word' id='word_1_358' title='bbox 530 4425 749 4484; x_wconf 84' lang='lat' dir='ltr'><strong>tandum</strong></span> <span class='ocrx_word' id='word_1_359' title='bbox 779 4432 860 4477; x_wconf 86' lang='lat' dir='ltr'><strong>est</strong></span> <span class='ocrx_word' id='word_1_360' title='bbox 901 4408 1022 4491; x_wconf 80' lang='lat' dir='ltr'><strong>quia</strong></span> <span class='ocrx_word' id='word_1_361' title='bbox 1049 4433 1234 4471; x_wconf 73' lang='lat' dir='ltr'><strong>omnes</strong></span> <span class='ocrx_word' id='word_1_362' title='bbox 1266 4415 1410 4486; x_wconf 88' lang='lat' dir='ltr'><strong>impii</strong></span> <span class='ocrx_word' id='word_1_363' title='bbox 1446 4402 1725 4468; x_wconf 84' lang='lat' dir='ltr'><strong>Dominum</strong></span> <span class='ocrx_word' id='word_1_364' title='bbox 1758 4396 1867 4479; x_wconf 81' lang='lat' dir='ltr'><strong>non</strong></span> <span class='ocrx_word' id='word_1_365' title='bbox 1908 4392 2112 4489; x_wconf 61' lang='lat' dir='ltr'><strong>quame-</strong></span> 
     </span>
    </p>
   </div>
   <div class='ocr_carea' id='block_1_45' title="bbox 530 4484 2121 4585">
    <p class='ocr_par' dir='ltr' id='par_1_45' title="bbox 530 4484 2121 4585">
     <span class='ocr_line' id='line_1_45' title="bbox 530 4484 2121 4585; baseline -0.012 -9"><span class='ocrx_word' id='word_1_366' title='bbox 530 4522 681 4584; x_wconf 77' lang='lat' dir='ltr'><strong>liant,</strong></span> <span class='ocrx_word' id='word_1_367' title='bbox 732 4526 787 4571; x_wconf 91' lang='lat' dir='ltr'><strong>et</strong></span> <span class='ocrx_word' id='word_1_368' title='bbox 841 4515 953 4584; x_wconf 88' lang='lat' dir='ltr'><strong>ipse</strong></span> <span class='ocrx_word' id='word_1_369' title='bbox 1010 4511 1135 4585; x_wconf 84' lang='lat' dir='ltr'><strong>illos</strong></span> <span class='ocrx_word' id='word_1_370' title='bbox 1180 4527 1284 4563; x_wconf 89' lang='lat' dir='ltr'><strong>non</strong></span> <span class='ocrx_word' id='word_1_371' title='bbox 1339 4516 1639 4577; x_wconf 68' lang='lat' dir='ltr'><strong>quaireutcs</strong></span> <span class='ocrx_word' id='word_1_372' title='bbox 1688 4484 2121 4583; x_wconf 20' lang='lat' dir='ltr'><strong>qua-sivit,‘ipse</strong></span> 
     </span>
    </p>
   </div>
   <div class='ocr_carea' id='block_1_46' title="bbox 531 4578 2120 4679">
    <p class='ocr_par' dir='ltr' id='par_1_46' title="bbox 531 4578 2120 4679">
     <span class='ocr_line' id='line_1_46' title="bbox 531 4578 2120 4679; baseline -0.01 -14"><span class='ocrx_word' id='word_1_373' title='bbox 531 4592 777 4667; x_wconf 85' lang='lat' dir='ltr'><strong>inventos</strong></span> <span class='ocrx_word' id='word_1_374' title='bbox 797 4603 1066 4663; x_wconf 81' lang='lat' dir='ltr'><strong>excitavit,</strong></span> <span class='ocrx_word' id='word_1_375' title='bbox 1098 4603 1211 4671; x_wconf 91' lang='lat' dir='ltr'><strong>ipse</strong></span> <span class='ocrx_word' id='word_1_376' title='bbox 1235 4586 1490 4679; x_wconf 64' lang='lat' dir='ltr'><strong>excitatos</strong></span> <span class='ocrx_word' id='word_1_377' title='bbox 1518 4578 1885 4666; x_wconf 15' lang='lat' dir='ltr'><strong>vocavit,iipse</strong></span> <span class='ocrx_word' id='word_1_378' title='bbox 1903 4578 2120 4649; x_wconf 83' lang='lat' dir='ltr'><strong>vocatos</strong></span> 
     </span>
    </p>
   </div>
   <div class='ocr_carea' id='block_1_47' title="bbox 532 4687 2120 4765">
    <p class='ocr_par' dir='ltr' id='par_1_47' title="bbox 532 4687 2120 4765">
     <span class='ocr_line' id='line_1_47' title="bbox 532 4687 2120 4765; baseline -0.012 -5"><span class='ocrx_word' id='word_1_379' title='bbox 532 4702 846 4765; x_wconf 67' lang='lat' dir='ltr'><strong>introduxit,</strong></span> <span class='ocrx_word' id='word_1_380' title='bbox 872 4708 926 4752; x_wconf 90' lang='lat' dir='ltr'><strong>et</strong></span> <span class='ocrx_word' id='word_1_381' title='bbox 960 4697 1011 4751; x_wconf 91' lang='lat' dir='ltr'><strong>iu</strong></span> <span class='ocrx_word' id='word_1_382' title='bbox 1044 4695 1206 4749; x_wconf 90' lang='lat' dir='ltr'><strong>domo</strong></span> <span class='ocrx_word' id='word_1_383' title='bbox 1232 4708 1325 4747; x_wconf 90' lang='lat' dir='ltr'><strong>sua</strong></span> <span class='ocrx_word' id='word_1_384' title='bbox 1355 4702 1497 4747; x_wconf 74' lang='lat' dir='ltr'><strong>stare</strong></span> <span class='ocrx_word' id='word_1_385' title='bbox 1528 4690 1689 4743; x_wconf 81' lang='lat' dir='ltr'><strong>fecit?</strong></span> <span class='ocrx_word' id='word_1_386' title='bbox 1733 4689 1854 4741; x_wconf 73' lang='lat' dir='ltr'><strong>llzec</strong></span> <span class='ocrx_word' id='word_1_387' title='bbox 1879 4687 2120 4758; x_wconf 85' lang='lat' dir='ltr'><strong>quisquis</strong></span> 
     </span>
    </p>
   </div>
   <div class='ocr_carea' id='block_1_48' title="bbox 531 4772 2122 4866">
    <p class='ocr_par' dir='ltr' id='par_1_48' title="bbox 531 4772 2122 4866">
     <span class='ocr_line' id='line_1_48' title="bbox 531 4772 2122 4866; baseline -0.011 -15"><span class='ocrx_word' id='word_1_388' title='bbox 531 4797 728 4866; x_wconf 82' lang='lat' dir='ltr'><strong>cogitat</strong></span> <span class='ocrx_word' id='word_1_389' title='bbox 769 4772 823 4846; x_wconf 81' lang='lat' dir='ltr'><strong>et</strong></span> <span class='ocrx_word' id='word_1_390' title='bbox 864 4792 1099 4861; x_wconf 88' lang='lat' dir='ltr'><strong>ingratus</strong></span> <span class='ocrx_word' id='word_1_391' title='bbox 1130 4802 1234 4861; x_wconf 90' lang='lat' dir='ltr'><strong>non</strong></span> <span class='ocrx_word' id='word_1_392' title='bbox 1261 4793 1365 4849; x_wconf 89' lang='lat' dir='ltr'><strong>est,</strong></span> <span class='ocrx_word' id='word_1_393' title='bbox 1395 4783 1611 4835; x_wconf 85' lang='lat' dir='ltr'><strong>omnino</strong></span> <span class='ocrx_word' id='word_1_394' title='bbox 1640 4780 1865 4850; x_wconf 42' lang='lat' dir='ltr'><strong>despicit</strong></span> <span class='ocrx_word' id='word_1_395' title='bbox 1907 4796 1964 4833; x_wconf 89' lang='lat' dir='ltr'><strong>se</strong></span> <span class='ocrx_word' id='word_1_396' title='bbox 2013 4793 2122 4849; x_wconf 61' lang='lat' dir='ltr'><strong>prae</strong></span> 
     </span>
    </p>
   </div>
   <div class='ocr_carea' id='block_1_49' title="bbox 538 4868 2124 4953">
    <p class='ocr_par' dir='ltr' id='par_1_49' title="bbox 538 4868 2124 4953">
     <span class='ocr_line' id='line_1_49' title="bbox 538 4868 2124 4953; baseline -0.013 -9"><span class='ocrx_word' id='word_1_397' title='bbox 538 4874 721 4944; x_wconf 89' lang='lat' dir='ltr'><strong>amore</strong></span> <span class='ocrx_word' id='word_1_398' title='bbox 752 4883 962 4953; x_wconf 82' lang='lat' dir='ltr'><strong>Domini</strong></span> <span class='ocrx_word' id='word_1_399' title='bbox 1006 4868 1109 4945; x_wconf 90' lang='lat' dir='ltr'><strong>sui,</strong></span> <span class='ocrx_word' id='word_1_400' title='bbox 1143 4897 1170 4932; x_wconf 89' lang='lat' dir='ltr'><strong>a</strong></span> <span class='ocrx_word' id='word_1_401' title='bbox 1199 4894 1303 4949; x_wconf 87' lang='lat' dir='ltr'><strong>quo</strong></span> <span class='ocrx_word' id='word_1_402' title='bbox 1329 4876 1427 4931; x_wconf 89' lang='lat' dir='ltr'><strong>sibi</strong></span> <span class='ocrx_word' id='word_1_403' title='bbox 1458 4885 1600 4929; x_wconf 88' lang='lat' dir='ltr'><strong>tanta</strong></span> <span class='ocrx_word' id='word_1_404' title='bbox 1634 4874 1865 4943; x_wconf 81' lang='lat' dir='ltr'><strong>pra-stlta</strong></span> <span class='ocrx_word' id='word_1_405' title='bbox 1896 4880 2015 4926; x_wconf 91' lang='lat' dir='ltr'><strong>sunt</strong></span> <span class='ocrx_word' id='word_1_406' title='bbox 2038 4889 2050 4923; x_wconf 90' lang='lat'><strong>:</strong></span> <span class='ocrx_word' id='word_1_407' title='bbox 2070 4879 2124 4926; x_wconf 87' lang='lat' dir='ltr'><strong>et</strong></span> 
     </span>
    </p>
   </div>
   <div class='ocr_carea' id='block_1_50' title="bbox 535 4960 2124 5054">
    <p class='ocr_par' dir='ltr' id='par_1_50' title="bbox 535 4960 2124 5054">
     <span class='ocr_line' id='line_1_50' title="bbox 535 4960 2124 5054; baseline -0.011 -19"><span class='ocrx_word' id='word_1_408' title='bbox 535 4960 787 5054; x_wconf 85' lang='lat' dir='ltr'><strong>quoniam</strong></span> <span class='ocrx_word' id='word_1_409' title='bbox 838 4992 943 5031; x_wconf 91' lang='lat' dir='ltr'><strong>non</strong></span> <span class='ocrx_word' id='word_1_410' title='bbox 986 4974 1147 5045; x_wconf 75' lang='lat' dir='ltr'><strong>habet</strong></span> <span class='ocrx_word' id='word_1_411' title='bbox 1187 4970 1313 5042; x_wconf 87' lang='lat' dir='ltr'><strong>quid</strong></span> <span class='ocrx_word' id='word_1_412' title='bbox 1363 4986 1456 5039; x_wconf 89' lang='lat' dir='ltr'><strong>pro</strong></span> <span class='ocrx_word' id='word_1_413' title='bbox 1504 4970 1663 5021; x_wconf 87' lang='lat' dir='ltr'><strong>tantis</strong></span> <span class='ocrx_word' id='word_1_414' title='bbox 1696 4963 1967 5020; x_wconf 57' lang='lat' dir='ltr'><strong>beneﬁciis</strong></span> <span class='ocrx_word' id='word_1_415' title='bbox 2016 4964 2124 5017; x_wconf 85' lang='lat' dir='ltr'><strong>Deo</strong></span> 
     </span>
    </p>
   </div>
   <div class='ocr_carea' id='block_1_51' title="bbox 536 5061 2123 5140">
    <p class='ocr_par' dir='ltr' id='par_1_51' title="bbox 536 5061 2123 5140">
     <span class='ocr_line' id='line_1_51' title="bbox 536 5061 2123 5140; baseline -0.011 -11"><span class='ocrx_word' id='word_1_416' title='bbox 536 5073 816 5135; x_wconf 85' lang='lat' dir='ltr'><strong>retribuat,</strong></span> <span class='ocrx_word' id='word_1_417' title='bbox 848 5067 971 5140; x_wconf 89' lang='lat' dir='ltr'><strong>quid</strong></span> <span class='ocrx_word' id='word_1_418' title='bbox 1014 5067 1062 5121; x_wconf 91' lang='lat' dir='ltr'><strong>ei</strong></span> <span class='ocrx_word' id='word_1_419' title='bbox 1114 5075 1279 5139; x_wconf 83' lang='lat' dir='ltr'><strong>restat</strong></span> <span class='ocrx_word' id='word_1_420' title='bbox 1324 5062 1423 5116; x_wconf 91' lang='lat' dir='ltr'><strong>nisi</strong></span> <span class='ocrx_word' id='word_1_421' title='bbox 1456 5061 1651 5131; x_wconf 83' lang='lat' dir='ltr'><strong>gratias</strong></span> <span class='ocrx_word' id='word_1_422' title='bbox 1686 5074 1863 5129; x_wconf 88' lang='lat' dir='ltr'><strong>agere,</strong></span> <span class='ocrx_word' id='word_1_423' title='bbox 1900 5073 2003 5111; x_wconf 91' lang='lat' dir='ltr'><strong>non</strong></span> <span class='ocrx_word' id='word_1_424' title='bbox 2034 5072 2123 5111; x_wconf 86' lang='lat' dir='ltr'><strong>re-</strong></span> 
     </span>
    </p>
   </div>
   <div class='ocr_carea' id='block_1_52' title="bbox 543 5138 2127 5237">
    <p class='ocr_par' dir='ltr' id='par_1_52' title="bbox 543 5138 2127 5237">
     <span class='ocr_line' id='line_1_52' title="bbox 543 5138 2127 5237; baseline -0.01 -19"><span class='ocrx_word' id='word_1_425' title='bbox 543 5162 808 5237; x_wconf 85' lang='lat' dir='ltr'><strong>pendere?</strong></span> <span class='ocrx_word' id='word_1_426' title='bbox 841 5159 918 5214; x_wconf 80' lang='lat' dir='ltr'><strong>Ad</strong></span> <span class='ocrx_word' id='word_1_427' title='bbox 964 5160 1131 5226; x_wconf 85' lang='lat' dir='ltr'><strong>ipsam</strong></span> <span class='ocrx_word' id='word_1_428' title='bbox 1179 5138 1468 5225; x_wconf 79' lang='lat' dir='ltr'><strong>gratiarum</strong></span> <span class='ocrx_word' id='word_1_429' title='bbox 1498 5138 1760 5208; x_wconf 80' lang='lat' dir='ltr'><strong>actionem</strong></span> <span class='ocrx_word' id='word_1_430' title='bbox 1795 5150 2043 5220; x_wconf 78' lang='lat' dir='ltr'><strong>pertinet,</strong></span> <span class='ocrx_word' id='word_1_431' title='bbox 2072 5156 2127 5202; x_wconf 86' lang='lat' dir='ltr'><strong>ct</strong></span> 
     </span>
    </p>
   </div>
   <div class='ocr_carea' id='block_1_53' title="bbox 536 5224 2123 5323">
    <p class='ocr_par' dir='ltr' id='par_1_53' title="bbox 536 5224 2123 5323">
     <span class='ocr_line' id='line_1_53' title="bbox 536 5224 2123 5323; baseline -0.013 -10"><span class='ocrx_word' id='word_1_432' title='bbox 536 5256 762 5323; x_wconf 65' lang='lat' dir='ltr'><strong>calicem</strong></span> <span class='ocrx_word' id='word_1_433' title='bbox 810 5249 1018 5323; x_wconf 89' lang='lat' dir='ltr'><strong>Domini</strong></span> <span class='ocrx_word' id='word_1_434' title='bbox 1065 5247 1327 5317; x_wconf 74' lang='lat' dir='ltr'><strong>accipere,</strong></span> <span class='ocrx_word' id='word_1_435' title='bbox 1361 5255 1419 5323; x_wconf 88' lang='lat' dir='ltr'><strong>et</strong></span> <span class='ocrx_word' id='word_1_436' title='bbox 1460 5259 1651 5299; x_wconf 91' lang='lat' dir='ltr'><strong>nomen</strong></span> <span class='ocrx_word' id='word_1_437' title='bbox 1698 5242 1813 5313; x_wconf 72' lang='lat' dir='ltr'><strong>ejus</strong></span> <span class='ocrx_word' id='word_1_438' title='bbox 1857 5224 2123 5295; x_wconf 75' lang='lat' dir='ltr'><strong>invocare.</strong></span> 
     </span>
    </p>
   </div>
   <div class='ocr_carea' id='block_1_54' title="bbox 536 5320 2125 5415">
    <p class='ocr_par' dir='ltr' id='par_1_54' title="bbox 536 5320 2125 5415">
     <span class='ocr_line' id='line_1_54' title="bbox 536 5320 2125 5415; baseline -0.009 -15"><span class='ocrx_word' id='word_1_439' title='bbox 536 5345 676 5415; x_wconf 82' lang='lat' dir='ltr'><strong>Nam</strong></span> <span class='ocrx_word' id='word_1_440' title='bbox 703 5344 827 5415; x_wconf 89' lang='lat' dir='ltr'><strong>quid</strong></span> <span class='ocrx_word' id='word_1_441' title='bbox 857 5322 1112 5415; x_wconf 78' lang='lat' dir='ltr'><strong>retribuat</strong></span> <span class='ocrx_word' id='word_1_442' title='bbox 1140 5340 1361 5415; x_wconf 77' lang='lat' dir='ltr'><strong>Domino</strong></span> <span class='ocrx_word' id='word_1_443' title='bbox 1386 5322 1591 5413; x_wconf 75' lang='lat' dir='ltr'><strong>servus,</strong></span> <span class='ocrx_word' id='word_1_444' title='bbox 1621 5320 1717 5407; x_wconf 86' lang='lat' dir='ltr'><strong>pro</strong></span> <span class='ocrx_word' id='word_1_445' title='bbox 1739 5335 1984 5397; x_wconf 82' lang='lat' dir='ltr'><strong>omnibus</strong></span> <span class='ocrx_word' id='word_1_446' title='bbox 2006 5346 2125 5402; x_wconf 66' lang='lat' dir='ltr'><strong>qua:</strong></span> 
     </span>
    </p>
   </div>
   <div class='ocr_carea' id='block_1_55' title="bbox 540 5412 2126 5511">
    <p class='ocr_par' dir='ltr' id='par_1_55' title="bbox 540 5412 2126 5511">
     <span class='ocr_line' id='line_1_55' title="bbox 540 5412 2126 5511; baseline -0.015 -12"><span class='ocrx_word' id='word_1_447' title='bbox 540 5412 785 5499; x_wconf 81' lang='lat' dir='ltr'><strong>retribuit</strong></span> <span class='ocrx_word' id='word_1_448' title='bbox 813 5435 885 5489; x_wconf 89' lang='lat' dir='ltr'><strong>illi</strong></span> <span class='ocrx_word' id='word_1_449' title='bbox 911 5412 1081 5503; x_wconf 62' lang='lat' dir='ltr'><strong>tm.</strong></span> <span class='ocrx_word' id='word_1_450' title='bbox 1120 5412 1247 5511; x_wconf 41' lang='grc' dir='ltr'><strong>επ</strong></span> <span class='ocrx_word' id='word_1_451' title='bbox 1281 5429 1370 5495; x_wconf 71' lang='lat' dir='ltr'><strong>te,</strong></span> <span class='ocrx_word' id='word_1_452' title='bbox 1405 5428 1538 5497; x_wconf 74' lang='lat' dir='ltr'><strong>t3)?</strong></span> <span class='ocrx_word' id='word_1_453' title='bbox 1568 5427 1727 5497; x_wconf 84' lang='lat' dir='ltr'><strong>Ergo,</strong></span> <span class='ocrx_word' id='word_1_454' title='bbox 1778 5426 1876 5493; x_wconf 84' lang='lat' dir='ltr'><strong>Qui</strong></span> <span class='ocrx_word' id='word_1_455' title='bbox 1906 5425 2044 5503; x_wconf 83' lang='lat' dir='ltr'><strong>statis</strong></span> <span class='ocrx_word' id='word_1_456' title='bbox 2074 5422 2126 5475; x_wconf 86' lang='lat' dir='ltr'><strong>in</strong></span> 
     </span>
    </p>
   </div>
   <div class='ocr_carea' id='block_1_56' title="bbox 542 5500 2125 5609">
    <p class='ocr_par' dir='ltr' id='par_1_56' title="bbox 542 5500 2125 5605">
     <span class='ocr_line' id='line_1_56' title="bbox 542 5500 2125 5605; baseline -0.014 -15"><span class='ocrx_word' id='word_1_457' title='bbox 542 5535 692 5591; x_wconf 85' lang='lat' dir='ltr'><strong>domo</strong></span> <span class='ocrx_word' id='word_1_458' title='bbox 722 5525 951 5605; x_wconf 81' lang='lat' dir='ltr'><strong>Domini,</strong></span> <span class='ocrx_word' id='word_1_459' title='bbox 978 5525 1031 5601; x_wconf 86' lang='lat' dir='ltr'><strong>in</strong></span> <span class='ocrx_word' id='word_1_460' title='bbox 1072 5523 1223 5601; x_wconf 84' lang='lat' dir='ltr'><strong>atriis</strong></span> <span class='ocrx_word' id='word_1_461' title='bbox 1244 5523 1421 5599; x_wconf 77' lang='lat' dir='ltr'><strong>domus</strong></span> <span class='ocrx_word' id='word_1_462' title='bbox 1448 5519 1545 5595; x_wconf 84' lang='lat' dir='ltr'><strong>Dei</strong></span> <span class='ocrx_word' id='word_1_463' title='bbox 1570 5519 1745 5597; x_wconf 75' lang='lat' dir='ltr'><strong>nostri,</strong></span> <span class='ocrx_word' id='word_1_464' title='bbox 1777 5500 1981 5573; x_wconf 83' lang='lat' dir='ltr'><strong>laudate</strong></span> <span class='ocrx_word' id='word_1_465' title='bbox 2017 5514 2125 5569; x_wconf 89' lang='lat' dir='ltr'><strong>Do-</strong></span> 
     </span>
    </p>
   </div>
   <div class='ocr_carea' id='block_1_57' title="bbox 538 5643 750 5681">
    <p class='ocr_par' dir='ltr' id='par_1_57' title="bbox 538 5643 750 5681">
     <span class='ocr_line' id='line_1_57' title="bbox 538 5643 750 5681; baseline -0.019 0"><span class='ocrx_word' id='word_1_466' title='bbox 538 5643 750 5681; x_wconf 83' lang='lat' dir='ltr'><strong>mtuum.</strong></span> 
     </span>
    </p>
   </div>
   <div class='ocr_carea' id='block_1_58' title="bbox 605 5708 1216 5779">
    <p class='ocr_par' dir='ltr' id='par_1_58' title="bbox 605 5708 1216 5779">
     <span class='ocr_line' id='line_1_58' title="bbox 605 5708 1216 5779; baseline -0.013 -13"><span class='ocrx_word' id='word_1_467' title='bbox 605 5720 622 5750; x_wconf 71' lang='grc' dir='ltr'>ι</span> <span class='ocrx_word' id='word_1_468' title='bbox 651 5718 842 5779; x_wconf 75' lang='lat' dir='ltr'><strong>Aliquot</strong></span> <span class='ocrx_word' id='word_1_469' title='bbox 877 5718 1008 5771; x_wconf 71' lang='lat' dir='ltr'><strong>Mss,</strong></span> <span class='ocrx_word' id='word_1_470' title='bbox 1022 5708 1216 5779; x_wconf 36' lang='grc' dir='ltr'><strong>Ῑαεειλὶδ2</strong></span> 
     </span>
    </p>
   </div>
   <div class='ocr_carea' id='block_1_59' title="bbox 604 5767 1565 5843">
    <p class='ocr_par' dir='ltr' id='par_1_59' title="bbox 604 5767 1565 5843">
     <span class='ocr_line' id='line_1_59' title="bbox 604 5767 1565 5843; baseline -0.011 -14"><span class='ocrx_word' id='word_1_471' title='bbox 604 5781 623 5843; x_wconf 57' lang='lat'><strong>2</strong></span> <span class='ocrx_word' id='word_1_472' title='bbox 647 5780 720 5828; x_wconf 82' lang='lat' dir='ltr'><strong>sic</strong></span> <span class='ocrx_word' id='word_1_473' title='bbox 741 5767 977 5840; x_wconf 66' lang='lat' dir='ltr'><strong>iustique</strong></span> <span class='ocrx_word' id='word_1_474' title='bbox 994 5767 1107 5823; x_wconf 59' lang='lat' dir='ltr'><strong>uss.</strong></span> <span class='ocrx_word' id='word_1_475' title='bbox 1128 5769 1337 5843; x_wconf 56' lang='lat' dir='ltr'><strong>studit,</strong></span> <span class='ocrx_word' id='word_1_476' title='bbox 1362 5767 1565 5843; x_wconf 61' lang='lat' dir='ltr'><strong>vivendi.</strong></span> 
     </span>
    </p>
   </div>
   <div class='ocr_carea' id='block_1_60' title="bbox 606 5837 1472 5903">
    <p class='ocr_par' dir='ltr' id='par_1_60' title="bbox 606 5837 1472 5903">
     <span class='ocr_line' id='line_1_60' title="bbox 606 5837 1472 5903; baseline -0.012 -14"><span class='ocrx_word' id='word_1_477' title='bbox 606 5842 626 5874; x_wconf 83' lang='grc'>³</span> <span class='ocrx_word' id='word_1_478' title='bbox 650 5837 997 5903; x_wconf 70' lang='lat' dir='ltr'><strong>sepiemaiss..</strong></span> <span class='ocrx_word' id='word_1_479' title='bbox 1032 5848 1128 5885; x_wconf 85' lang='lat' dir='ltr'><strong>non</strong></span> <span class='ocrx_word' id='word_1_480' title='bbox 1148 5837 1472 5903; x_wconf 68' lang='lat' dir='ltr'><strong>inuoluuntur.</strong></span> 
     </span>
    </p>
   </div>
   <div class='ocr_carea' id='block_1_61' title="bbox 602 5889 2124 6012">
    <p class='ocr_par' dir='ltr' id='par_1_61' title="bbox 602 5889 2124 6012">
     <span class='ocr_line' id='line_1_61' title="bbox 602 5889 2124 6012; baseline -0.009 -61"><span class='ocrx_word' id='word_1_481' title='bbox 602 5889 967 6012; x_wconf 47' lang='grc' dir='ltr'><strong>δὲἱέἓὲθτέςιὲθ</strong></span> <span class='ocrx_word' id='word_1_482' title='bbox 987 5889 1371 5959; x_wconf 66' lang='lat' dir='ltr'><strong>tussim..sz</strong></span> <span class='ocrx_word' id='word_1_483' title='bbox 1397 5890 1528 5963; x_wconf 75' lang='lat' dir='ltr'><strong>Grati</strong></span> <span class='ocrx_word' id='word_1_484' title='bbox 1549 5898 1710 5956; x_wconf 77' lang='lat' dir='ltr'><strong>estote,</strong></span> <span class='ocrx_word' id='word_1_485' title='bbox 1724 5905 1780 5955; x_wconf 79' lang='lat' dir='ltr'><strong>ne</strong></span> <span class='ocrx_word' id='word_1_486' title='bbox 1801 5889 1919 5955; x_wconf 80' lang='lat' dir='ltr'><strong>foris</strong></span> <span class='ocrx_word' id='word_1_487' title='bbox 1938 5895 2124 5955; x_wconf 78' lang='lat' dir='ltr'><strong>erretis.</strong></span> 
     </span>
     <span class='ocr_line' id='line_1_62' title="bbox 602 5977 942 6012; baseline -0.009 0"><span class='ocrx_word' id='word_1_488' title='bbox 602 5980 612 6012; x_wconf 87' lang='lat' dir='ltr'><strong>l</strong></span> <span class='ocrx_word' id='word_1_489' title='bbox 716 5977 738 6010; x_wconf 74' lang='grc' dir='ltr'><em>Γ</em></span> <span class='ocrx_word' id='word_1_490' title='bbox 804 5996 820 6012; x_wconf 70' lang='grc'>.</span> <span class='ocrx_word' id='word_1_491' title='bbox 929 5996 942 6009; x_wconf 74' lang='grc' dir='ltr'><strong>ο</strong></span> 
     </span>
    </p>
   </div>
   <div class='ocr_carea' id='block_1_62' title="bbox 544 5974 942 6031">
    <p class='ocr_par' dir='ltr' id='par_1_62' title="bbox 544 5974 942 6031">
     <span class='ocr_line' id='line_1_63' title="bbox 544 5974 942 6031; baseline -0.018 -15"><span class='ocrx_word' id='word_1_492' title='bbox 544 5976 664 6031; x_wconf 68' lang='lat' dir='ltr'><strong>quia</strong></span> <span class='ocrx_word' id='word_1_493' title='bbox 685 5974 820 6026; x_wconf 83' lang='lat' dir='ltr'><strong>ergo,</strong></span> <span class='ocrx_word' id='word_1_494' title='bbox 848 5974 942 6012; x_wconf 82' lang='lat' dir='ltr'><strong>etc.</strong></span> 
     </span>
    </p>
   </div>
   <div class='ocr_carea' id='block_1_63' title="bbox 1687 404 2491 485">
    <p class='ocr_par' dir='ltr' id='par_1_63' title="bbox 1687 404 2491 485">
     <span class='ocr_line' id='line_1_64' title="bbox 1687 404 2491 485; baseline -0.009 -4"><span class='ocrx_word' id='word_1_495' title='bbox 1687 427 1745 482; x_wconf 89' lang='lat' dir='ltr'><strong>s.</strong></span> <span class='ocrx_word' id='word_1_496' title='bbox 1786 404 2149 485; x_wconf 76' lang='lat' dir='ltr'><strong>AUGUSTINI</strong></span> <span class='ocrx_word' id='word_1_497' title='bbox 2192 418 2491 478; x_wconf 86' lang='lat' dir='ltr'><strong>EPISCOPl</strong></span> 
     </span>
    </p>
   </div>
   <div class='ocr_carea' id='block_1_64' title="bbox 3652 404 3795 471">
    <p class='ocr_par' dir='ltr' id='par_1_64' title="bbox 3652 404 3795 471">
     <span class='ocr_line' id='line_1_65' title="bbox 3652 404 3795 471; baseline 0.028 -4"><span class='ocrx_word' id='word_1_498' title='bbox 3652 404 3795 471; x_wconf 74' lang='lat' dir='ltr'><strong>m0</strong></span> 
     </span>
    </p>
   </div>
   <div class='ocr_carea' id='block_1_65' title="bbox 2277 522 3797 609">
    <p class='ocr_par' dir='ltr' id='par_1_65' title="bbox 2277 522 3797 609">
     <span class='ocr_line' id='line_1_66' title="bbox 2277 522 3797 609; baseline -0.007 -19"><span class='ocrx_word' id='word_1_499' title='bbox 2277 536 2328 590; x_wconf 76' lang='grc'><strong>5.</strong></span> <span class='ocrx_word' id='word_1_500' title='bbox 2363 534 2529 609; x_wconf 84' lang='lat' dir='ltr'><strong>[vers.</strong></span> <span class='ocrx_word' id='word_1_501' title='bbox 2574 528 2671 604; x_wconf 76' lang='lat'><strong>3.]</strong></span> <span class='ocrx_word' id='word_1_502' title='bbox 2702 527 2836 607; x_wconf 85' lang='lat' dir='ltr'><strong>Quid</strong></span> <span class='ocrx_word' id='word_1_503' title='bbox 2880 527 3115 591; x_wconf 86' lang='lat' dir='ltr'><strong>dicturus</strong></span> <span class='ocrx_word' id='word_1_504' title='bbox 3161 539 3276 581; x_wconf 87' lang='lat' dir='ltr'><strong>sum</strong></span> <span class='ocrx_word' id='word_1_505' title='bbox 3307 538 3474 597; x_wconf 85' lang='lat' dir='ltr'><strong>quare</strong></span> <span class='ocrx_word' id='word_1_506' title='bbox 3509 522 3740 582; x_wconf 76' lang='lat' dir='ltr'><strong>laudetis</strong></span> <span class='ocrx_word' id='word_1_507' title='bbox 3768 525 3797 580; x_wconf 68' lang='grc' dir='ltr'><strong><em>τ</em></strong></span> 
     </span>
    </p>
   </div>
   <div class='ocr_carea' id='block_1_66' title="bbox 2206 619 3795 697">
    <p class='ocr_par' dir='ltr' id='par_1_66' title="bbox 2206 619 3795 697">
     <span class='ocr_line' id='line_1_67' title="bbox 2206 619 3795 697; baseline -0.008 -12"><span class='ocrx_word' id='word_1_508' title='bbox 2206 631 2455 697; x_wconf 85' lang='lat' dir='ltr'><strong>Quoniam</strong></span> <span class='ocrx_word' id='word_1_509' title='bbox 2483 630 2639 695; x_wconf 79' lang='lat' dir='ltr'><strong>bonus</strong></span> <span class='ocrx_word' id='word_1_510' title='bbox 2663 624 2927 693; x_wconf 78' lang='lat' dir='ltr'><strong>Dominus.</strong></span> <span class='ocrx_word' id='word_1_511' title='bbox 2959 621 3198 685; x_wconf 81' lang='lat' dir='ltr'><strong>Breviter</strong></span> <span class='ocrx_word' id='word_1_512' title='bbox 3220 635 3325 673; x_wconf 91' lang='lat' dir='ltr'><strong>uno</strong></span> <span class='ocrx_word' id='word_1_513' title='bbox 3346 619 3509 687; x_wconf 82' lang='lat' dir='ltr'><strong>verbo</strong></span> <span class='ocrx_word' id='word_1_514' title='bbox 3530 619 3795 689; x_wconf 62' lang='lat' dir='ltr'><strong>explicita</strong></span> 
     </span>
    </p>
   </div>
   <div class='ocr_carea' id='block_1_67' title="bbox 2203 709 3799 791">
    <p class='ocr_par' dir='ltr' id='par_1_67' title="bbox 2203 709 3799 791">
     <span class='ocr_line' id='line_1_68' title="bbox 2203 709 3799 791; baseline -0.009 -13"><span class='ocrx_word' id='word_1_515' title='bbox 2203 734 2285 778; x_wconf 90' lang='lat' dir='ltr'><strong>est</strong></span> <span class='ocrx_word' id='word_1_516' title='bbox 2309 724 2421 777; x_wconf 77' lang='lat' dir='ltr'><strong>laus</strong></span> <span class='ocrx_word' id='word_1_517' title='bbox 2451 719 2659 791; x_wconf 88' lang='lat' dir='ltr'><strong>Domini</strong></span> <span class='ocrx_word' id='word_1_518' title='bbox 2690 716 2778 785; x_wconf 82' lang='lat' dir='ltr'><strong>Dei</strong></span> <span class='ocrx_word' id='word_1_519' title='bbox 2811 715 2978 772; x_wconf 89' lang='lat' dir='ltr'><strong>nostri</strong></span> <span class='ocrx_word' id='word_1_520' title='bbox 3013 732 3024 765; x_wconf 89' lang='lat'>:</span> <span class='ocrx_word' id='word_1_521' title='bbox 3057 713 3227 779; x_wconf 76' lang='lat' dir='ltr'><strong>Bonus</strong></span> <span class='ocrx_word' id='word_1_522' title='bbox 3261 710 3527 764; x_wconf 77' lang='lat' dir='ltr'><strong>Dominus.</strong></span> <span class='ocrx_word' id='word_1_523' title='bbox 3560 709 3666 766; x_wconf 88' lang='lat' dir='ltr'><strong>Sed</strong></span> <span class='ocrx_word' id='word_1_524' title='bbox 3698 710 3799 765; x_wconf 72' lang='lat' dir='ltr'><strong>be-</strong></span> 
     </span>
    </p>
   </div>
   <div class='ocr_carea' id='block_1_68' title="bbox 2206 803 3801 885">
    <p class='ocr_par' dir='ltr' id='par_1_68' title="bbox 2206 803 3801 885">
     <span class='ocr_line' id='line_1_69' title="bbox 2206 803 3801 885; baseline -0.006 -17"><span class='ocrx_word' id='word_1_525' title='bbox 2206 831 2325 885; x_wconf 82' lang='lat' dir='ltr'><strong>nus,</strong></span> <span class='ocrx_word' id='word_1_526' title='bbox 2346 829 2447 883; x_wconf 85' lang='lat' dir='ltr'><strong>non</strong></span> <span class='ocrx_word' id='word_1_527' title='bbox 2472 821 2527 869; x_wconf 90' lang='lat' dir='ltr'><strong>ut</strong></span> <span class='ocrx_word' id='word_1_528' title='bbox 2548 819 2670 869; x_wconf 79' lang='lat' dir='ltr'><strong>sunt</strong></span> <span class='ocrx_word' id='word_1_529' title='bbox 2696 811 2833 881; x_wconf 84' lang='lat' dir='ltr'><strong>bona</strong></span> <span class='ocrx_word' id='word_1_530' title='bbox 2857 824 2976 881; x_wconf 70' lang='lat' dir='ltr'><strong>qure</strong></span> <span class='ocrx_word' id='word_1_531' title='bbox 3006 806 3147 861; x_wconf 78' lang='lat' dir='ltr'><strong>fecit.</strong></span> <span class='ocrx_word' id='word_1_532' title='bbox 3166 804 3295 875; x_wconf 86' lang='lat' dir='ltr'><strong>Nam</strong></span> <span class='ocrx_word' id='word_1_533' title='bbox 3317 803 3439 857; x_wconf 82' lang='lat' dir='ltr'><strong>fecit</strong></span> <span class='ocrx_word' id='word_1_534' title='bbox 3460 804 3597 858; x_wconf 82' lang='lat' dir='ltr'><strong>Deus</strong></span> <span class='ocrx_word' id='word_1_535' title='bbox 3614 803 3801 858; x_wconf 83' lang='lat' dir='ltr'><strong>omnia</strong></span> 
     </span>
    </p>
   </div>
   <div class='ocr_carea' id='block_1_69' title="bbox 2206 894 3883 976">
    <p class='ocr_par' dir='ltr' id='par_1_69' title="bbox 2206 894 3883 976">
     <span class='ocr_line' id='line_1_70' title="bbox 2206 894 3883 976; baseline -0.008 -15"><span class='ocrx_word' id='word_1_536' title='bbox 2206 908 2342 973; x_wconf 84' lang='lat' dir='ltr'><strong>bona</strong></span> <span class='ocrx_word' id='word_1_537' title='bbox 2357 906 2508 973; x_wconf 81' lang='lat' dir='ltr'><strong>valde</strong></span> <span class='ocrx_word' id='word_1_538' title='bbox 2527 903 2675 976; x_wconf 79' lang='lat' dir='ltr'><strong>(Gen.</strong></span> <span class='ocrx_word' id='word_1_539' title='bbox 2697 920 2734 967; x_wconf 79' lang='grc' dir='ltr'>ι,</span> <span class='ocrx_word' id='word_1_540' title='bbox 2758 902 2878 971; x_wconf 69' lang='lat'><strong>3|):</strong></span> <span class='ocrx_word' id='word_1_541' title='bbox 2900 916 3003 955; x_wconf 91' lang='lat' dir='ltr'><strong>non</strong></span> <span class='ocrx_word' id='word_1_542' title='bbox 3025 904 3227 967; x_wconf 84' lang='lat' dir='ltr'><strong>tantum</strong></span> <span class='ocrx_word' id='word_1_543' title='bbox 3249 897 3406 969; x_wconf 72' lang='lat' dir='ltr'><strong>bona,</strong></span> <span class='ocrx_word' id='word_1_544' title='bbox 3430 895 3527 965; x_wconf 84' lang='lat' dir='ltr'><strong>sed</strong></span> <span class='ocrx_word' id='word_1_545' title='bbox 3548 904 3601 965; x_wconf 84' lang='lat' dir='ltr'><strong>et</strong></span> <span class='ocrx_word' id='word_1_546' title='bbox 3618 894 3800 949; x_wconf 82' lang='lat' dir='ltr'><strong>valde.</strong></span> 
     </span>
    </p>
   </div>
   <div class='ocr_carea' id='block_1_70' title="bbox 2203 974 3865 1078">
    <p class='ocr_par' dir='ltr' id='par_1_70' title="bbox 2203 974 3865 1078">
     <span class='ocr_line' id='line_1_71' title="bbox 2203 974 3865 1078; baseline -0.008 -25"><span class='ocrx_word' id='word_1_547' title='bbox 2203 999 2410 1055; x_wconf 74' lang='lat' dir='ltr'><strong>leum</strong></span> <span class='ocrx_word' id='word_1_548' title='bbox 2436 1006 2489 1052; x_wconf 91' lang='lat' dir='ltr'><strong>et</strong></span> <span class='ocrx_word' id='word_1_549' title='bbox 2516 974 2708 1066; x_wconf 78' lang='lat' dir='ltr'><strong>terrain</strong></span> <span class='ocrx_word' id='word_1_550' title='bbox 2734 1004 2788 1049; x_wconf 88' lang='lat' dir='ltr'><strong>et</strong></span> <span class='ocrx_word' id='word_1_551' title='bbox 2814 991 2989 1047; x_wconf 91' lang='lat' dir='ltr'><strong>omnia</strong></span> <span class='ocrx_word' id='word_1_552' title='bbox 3020 1007 3139 1062; x_wconf 69' lang='lat' dir='ltr'><strong>qua:</strong></span> <span class='ocrx_word' id='word_1_553' title='bbox 3168 989 3220 1055; x_wconf 82' lang='lat' dir='ltr'><strong>in</strong></span> <span class='ocrx_word' id='word_1_554' title='bbox 3243 990 3323 1043; x_wconf 89' lang='lat' dir='ltr'><strong>eis</strong></span> <span class='ocrx_word' id='word_1_555' title='bbox 3344 998 3465 1063; x_wconf 78' lang='lat' dir='ltr'><strong>sunt</strong></span> <span class='ocrx_word' id='word_1_556' title='bbox 3488 988 3620 1059; x_wconf 85' lang='lat' dir='ltr'><strong>bona</strong></span> <span class='ocrx_word' id='word_1_557' title='bbox 3644 986 3797 1051; x_wconf 81' lang='lat' dir='ltr'><strong>fecit,</strong></span> <span class='ocrx_word' id='word_1_558' title='bbox 3850 974 3865 1078; x_wconf 56' lang='grc' dir='ltr'><strong>ξ</strong></span> 
     </span>
    </p>
   </div>
   <div class='ocr_carea' id='block_1_71' title="bbox 2206 1079 3801 1159">
    <p class='ocr_par' dir='ltr' id='par_1_71' title="bbox 2206 1079 3801 1159">
     <span class='ocr_line' id='line_1_72' title="bbox 2206 1079 3801 1159; baseline -0.006 -15"><span class='ocrx_word' id='word_1_559' title='bbox 2206 1099 2260 1159; x_wconf 87' lang='lat' dir='ltr'><strong>et</strong></span> <span class='ocrx_word' id='word_1_560' title='bbox 2284 1090 2439 1143; x_wconf 89' lang='lat' dir='ltr'><strong>valde</strong></span> <span class='ocrx_word' id='word_1_561' title='bbox 2468 1089 2605 1147; x_wconf 88' lang='lat' dir='ltr'><strong>bona</strong></span> <span class='ocrx_word' id='word_1_562' title='bbox 2637 1086 2779 1149; x_wconf 76' lang='lat' dir='ltr'><strong>fecit.</strong></span> <span class='ocrx_word' id='word_1_563' title='bbox 2809 1085 2862 1140; x_wconf 90' lang='lat' dir='ltr'><strong>Si</strong></span> <span class='ocrx_word' id='word_1_564' title='bbox 2910 1083 3022 1137; x_wconf 65' lang='lat' dir='ltr'><strong>haec</strong></span> <span class='ocrx_word' id='word_1_565' title='bbox 3047 1083 3227 1149; x_wconf 81' lang='lat' dir='ltr'><strong>omnia</strong></span> <span class='ocrx_word' id='word_1_566' title='bbox 3274 1080 3409 1151; x_wconf 87' lang='lat' dir='ltr'><strong>bona</strong></span> <span class='ocrx_word' id='word_1_567' title='bbox 3443 1079 3586 1149; x_wconf 65' lang='lat' dir='ltr'><strong>iecit,</strong></span> <span class='ocrx_word' id='word_1_568' title='bbox 3619 1079 3801 1151; x_wconf 79' lang='lat' dir='ltr'><strong>qualis</strong></span> 
     </span>
    </p>
   </div>
   <div class='ocr_carea' id='block_1_72' title="bbox 2206 1172 3799 1251">
    <p class='ocr_par' dir='ltr' id='par_1_72' title="bbox 2206 1172 3799 1251">
     <span class='ocr_line' id='line_1_73' title="bbox 2206 1172 3799 1251; baseline -0.006 -14"><span class='ocrx_word' id='word_1_569' title='bbox 2206 1190 2288 1239; x_wconf 90' lang='lat' dir='ltr'><strong>est</strong></span> <span class='ocrx_word' id='word_1_570' title='bbox 2318 1182 2406 1236; x_wconf 92' lang='lat' dir='ltr'><strong>ille</strong></span> <span class='ocrx_word' id='word_1_571' title='bbox 2434 1180 2519 1251; x_wconf 89' lang='lat' dir='ltr'><strong>qui</strong></span> <span class='ocrx_word' id='word_1_572' title='bbox 2550 1179 2718 1236; x_wconf 83' lang='lat' dir='ltr'><strong>fecit?</strong></span> <span class='ocrx_word' id='word_1_573' title='bbox 2748 1178 2813 1245; x_wconf 79' lang='lat' dir='ltr'><strong>Et</strong></span> <span class='ocrx_word' id='word_1_574' title='bbox 2844 1186 3018 1247; x_wconf 74' lang='lat' dir='ltr'><strong>tamen</strong></span> <span class='ocrx_word' id='word_1_575' title='bbox 3046 1191 3165 1243; x_wconf 91' lang='lat' dir='ltr'><strong>cum</strong></span> <span class='ocrx_word' id='word_1_576' title='bbox 3200 1174 3334 1239; x_wconf 85' lang='lat' dir='ltr'><strong>bona</strong></span> <span class='ocrx_word' id='word_1_577' title='bbox 3368 1172 3573 1245; x_wconf 79' lang='lat' dir='ltr'><strong>fecerit,</strong></span> <span class='ocrx_word' id='word_1_578' title='bbox 3602 1174 3799 1243; x_wconf 84' lang='lat' dir='ltr'><strong>multo-</strong></span> 
     </span>
    </p>
   </div>
   <div class='ocr_carea' id='block_1_73' title="bbox 2207 1262 3799 1344">
    <p class='ocr_par' dir='ltr' id='par_1_73' title="bbox 2207 1262 3799 1344">
     <span class='ocr_line' id='line_1_74' title="bbox 2207 1262 3799 1344; baseline -0.006 -16"><span class='ocrx_word' id='word_1_579' title='bbox 2207 1289 2310 1344; x_wconf 87' lang='lat' dir='ltr'><strong>que</strong></span> <span class='ocrx_word' id='word_1_580' title='bbox 2340 1273 2409 1327; x_wconf 91' lang='lat' dir='ltr'><strong>sit</strong></span> <span class='ocrx_word' id='word_1_581' title='bbox 2453 1272 2643 1326; x_wconf 87' lang='lat' dir='ltr'><strong>melior</strong></span> <span class='ocrx_word' id='word_1_582' title='bbox 2670 1268 2761 1343; x_wconf 91' lang='lat' dir='ltr'><strong>qui</strong></span> <span class='ocrx_word' id='word_1_583' title='bbox 2809 1268 2953 1339; x_wconf 80' lang='lat' dir='ltr'><strong>fecit,</strong></span> <span class='ocrx_word' id='word_1_584' title='bbox 2998 1282 3159 1341; x_wconf 84' lang='lat' dir='ltr'><strong>quam</strong></span> <span class='ocrx_word' id='word_1_585' title='bbox 3191 1267 3291 1319; x_wconf 83' lang='lat' dir='ltr'><strong>ista</strong></span> <span class='ocrx_word' id='word_1_586' title='bbox 3335 1281 3453 1337; x_wconf 76' lang='lat' dir='ltr'><strong>qua:</strong></span> <span class='ocrx_word' id='word_1_587' title='bbox 3486 1262 3648 1330; x_wconf 75' lang='lat' dir='ltr'><strong>fecit;</strong></span> <span class='ocrx_word' id='word_1_588' title='bbox 3689 1281 3799 1319; x_wconf 87' lang='lat' dir='ltr'><strong>non</strong></span> 
     </span>
    </p>
   </div>
   <div class='ocr_carea' id='block_1_74' title="bbox 2209 1356 3805 1439">
    <p class='ocr_par' dir='ltr' id='par_1_74' title="bbox 2209 1356 3805 1439">
     <span class='ocr_line' id='line_1_75' title="bbox 2209 1356 3805 1439; baseline -0.007 -19"><span class='ocrx_word' id='word_1_589' title='bbox 2209 1366 2412 1420; x_wconf 84' lang='lat' dir='ltr'><strong>invenis</strong></span> <span class='ocrx_word' id='word_1_590' title='bbox 2438 1364 2630 1429; x_wconf 88' lang='lat' dir='ltr'><strong>melius</strong></span> <span class='ocrx_word' id='word_1_591' title='bbox 2665 1360 2807 1433; x_wconf 89' lang='lat' dir='ltr'><strong>quod</strong></span> <span class='ocrx_word' id='word_1_592' title='bbox 2836 1360 2904 1415; x_wconf 89' lang='lat' dir='ltr'><strong>de</strong></span> <span class='ocrx_word' id='word_1_593' title='bbox 2932 1360 3021 1414; x_wconf 86' lang='lat' dir='ltr'><strong>illo</strong></span> <span class='ocrx_word' id='word_1_594' title='bbox 3048 1359 3213 1433; x_wconf 71' lang='lat' dir='ltr'><strong>dicas,</strong></span> <span class='ocrx_word' id='word_1_595' title='bbox 3248 1358 3347 1410; x_wconf 89' lang='lat' dir='ltr'><strong>nisi</strong></span> <span class='ocrx_word' id='word_1_596' title='bbox 3376 1356 3495 1439; x_wconf 75' lang='lat' dir='ltr'><strong>quia</strong></span> <span class='ocrx_word' id='word_1_597' title='bbox 3524 1356 3683 1421; x_wconf 72' lang='lat' dir='ltr'><strong>bonus</strong></span> <span class='ocrx_word' id='word_1_598' title='bbox 3726 1365 3805 1411; x_wconf 74' lang='lat' dir='ltr'><strong>est</strong></span> 
     </span>
    </p>
   </div>
   <div class='ocr_carea' id='block_1_75' title="bbox 2208 1446 3803 1527">
    <p class='ocr_par' dir='ltr' id='par_1_75' title="bbox 2208 1446 3803 1527">
     <span class='ocr_line' id='line_1_76' title="bbox 2208 1446 3803 1527; baseline -0.008 -16"><span class='ocrx_word' id='word_1_599' title='bbox 2208 1457 2454 1518; x_wconf 81' lang='lat' dir='ltr'><strong>Dominus</strong></span> <span class='ocrx_word' id='word_1_600' title='bbox 2483 1472 2501 1510; x_wconf 90' lang='lat'><strong><em>:</em></strong></span> <span class='ocrx_word' id='word_1_601' title='bbox 2530 1456 2575 1509; x_wconf 89' lang='lat' dir='ltr'><strong>si</strong></span> <span class='ocrx_word' id='word_1_602' title='bbox 2617 1466 2790 1509; x_wconf 90' lang='lat' dir='ltr'><strong>tamen</strong></span> <span class='ocrx_word' id='word_1_603' title='bbox 2824 1452 3089 1527; x_wconf 76' lang='lat' dir='ltr'><strong>intelligas</strong></span> <span class='ocrx_word' id='word_1_604' title='bbox 3131 1450 3346 1519; x_wconf 78' lang='lat' dir='ltr'><strong>proprie</strong></span> <span class='ocrx_word' id='word_1_605' title='bbox 3385 1446 3606 1517; x_wconf 86' lang='lat' dir='ltr'><strong>bonum,</strong></span> <span class='ocrx_word' id='word_1_606' title='bbox 3636 1466 3663 1500; x_wconf 89' lang='lat' dir='ltr'><strong>a</strong></span> <span class='ocrx_word' id='word_1_607' title='bbox 3694 1462 3803 1519; x_wconf 91' lang='lat' dir='ltr'><strong>quo</strong></span> 
     </span>
    </p>
   </div>
   <div class='ocr_carea' id='block_1_76' title="bbox 2209 1542 3805 1621">
    <p class='ocr_par' dir='ltr' id='par_1_76' title="bbox 2209 1542 3805 1621">
     <span class='ocr_line' id='line_1_77' title="bbox 2209 1542 3805 1621; baseline -0.005 -15"><span class='ocrx_word' id='word_1_608' title='bbox 2209 1561 2334 1606; x_wconf 88' lang='lat' dir='ltr'><strong>sunt</strong></span> <span class='ocrx_word' id='word_1_609' title='bbox 2362 1559 2553 1615; x_wconf 73' lang='lat' dir='ltr'><strong>caztera</strong></span> <span class='ocrx_word' id='word_1_610' title='bbox 2580 1548 2738 1611; x_wconf 85' lang='lat' dir='ltr'><strong>bona.</strong></span> <span class='ocrx_word' id='word_1_611' title='bbox 2768 1546 2957 1600; x_wconf 86' lang='lat' dir='ltr'><strong>Omnia</strong></span> <span class='ocrx_word' id='word_1_612' title='bbox 2985 1545 3129 1607; x_wconf 87' lang='lat' dir='ltr'><strong>enim</strong></span> <span class='ocrx_word' id='word_1_613' title='bbox 3175 1544 3310 1603; x_wconf 85' lang='lat' dir='ltr'><strong>bona</strong></span> <span class='ocrx_word' id='word_1_614' title='bbox 3340 1542 3455 1621; x_wconf 72' lang='lat' dir='ltr'><strong>ipse</strong></span> <span class='ocrx_word' id='word_1_615' title='bbox 3496 1542 3622 1596; x_wconf 67' lang='lat' dir='ltr'><strong>iecit</strong></span> <span class='ocrx_word' id='word_1_616' title='bbox 3646 1559 3659 1595; x_wconf 90' lang='lat'><strong>:</strong></span> <span class='ocrx_word' id='word_1_617' title='bbox 3688 1542 3805 1611; x_wconf 86' lang='lat' dir='ltr'><strong>ipse</strong></span> 
     </span>
    </p>
   </div>
   <div class='ocr_carea' id='block_1_77' title="bbox 2210 1635 3796 1715">
    <p class='ocr_par' dir='ltr' id='par_1_77' title="bbox 2210 1635 3796 1715">
     <span class='ocr_line' id='line_1_78' title="bbox 2210 1635 3796 1715; baseline -0.009 -16"><span class='ocrx_word' id='word_1_618' title='bbox 2210 1653 2291 1700; x_wconf 88' lang='lat' dir='ltr'><strong>est</strong></span> <span class='ocrx_word' id='word_1_619' title='bbox 2317 1644 2485 1715; x_wconf 85' lang='lat' dir='ltr'><strong>bonus</strong></span> <span class='ocrx_word' id='word_1_620' title='bbox 2512 1657 2667 1711; x_wconf 89' lang='lat' dir='ltr'><strong>quem</strong></span> <span class='ocrx_word' id='word_1_621' title='bbox 2700 1655 2856 1695; x_wconf 87' lang='lat' dir='ltr'><strong>nemo</strong></span> <span class='ocrx_word' id='word_1_622' title='bbox 2896 1638 3039 1693; x_wconf 76' lang='lat' dir='ltr'><strong>fecit.</strong></span> <span class='ocrx_word' id='word_1_623' title='bbox 3074 1636 3167 1713; x_wconf 61' lang='lat' dir='ltr'><strong>ille</strong></span> <span class='ocrx_word' id='word_1_624' title='bbox 3198 1636 3338 1707; x_wconf 87' lang='lat' dir='ltr'><strong>bono</strong></span> <span class='ocrx_word' id='word_1_625' title='bbox 3364 1650 3461 1707; x_wconf 71' lang='lat' dir='ltr'><strong>suo</strong></span> <span class='ocrx_word' id='word_1_626' title='bbox 3491 1635 3666 1709; x_wconf 78' lang='lat' dir='ltr'><strong>bonus</strong></span> <span class='ocrx_word' id='word_1_627' title='bbox 3694 1644 3796 1702; x_wconf 87' lang='lat' dir='ltr'><strong>est,</strong></span> 
     </span>
    </p>
   </div>
   <div class='ocr_carea' id='block_1_78' title="bbox 2212 1726 3805 1807">
    <p class='ocr_par' dir='ltr' id='par_1_78' title="bbox 2212 1726 3805 1807">
     <span class='ocr_line' id='line_1_79' title="bbox 2212 1726 3805 1807; baseline -0.007 -17"><span class='ocrx_word' id='word_1_628' title='bbox 2212 1752 2318 1791; x_wconf 91' lang='lat' dir='ltr'><strong>non</strong></span> <span class='ocrx_word' id='word_1_629' title='bbox 2347 1736 2559 1807; x_wconf 89' lang='lat' dir='ltr'><strong>aliunde</strong></span> <span class='ocrx_word' id='word_1_630' title='bbox 2583 1732 2891 1805; x_wconf 80' lang='lat' dir='ltr'><strong>participato</strong></span> <span class='ocrx_word' id='word_1_631' title='bbox 2934 1729 3075 1797; x_wconf 86' lang='lat' dir='ltr'><strong>bono</strong></span> <span class='ocrx_word' id='word_1_632' title='bbox 3101 1746 3113 1781; x_wconf 88' lang='lat'><strong>:</strong></span> <span class='ocrx_word' id='word_1_633' title='bbox 3139 1728 3227 1799; x_wconf 84' lang='lat' dir='ltr'><strong>ille</strong></span> <span class='ocrx_word' id='word_1_634' title='bbox 3254 1728 3431 1799; x_wconf 80' lang='lat' dir='ltr'><strong>seipso</strong></span> <span class='ocrx_word' id='word_1_635' title='bbox 3460 1726 3600 1801; x_wconf 80' lang='lat' dir='ltr'><strong>bono</strong></span> <span class='ocrx_word' id='word_1_636' title='bbox 3632 1727 3805 1797; x_wconf 82' lang='lat' dir='ltr'><strong>bonus</strong></span> 
     </span>
    </p>
   </div>
   <div class='ocr_carea' id='block_1_79' title="bbox 2211 1820 3804 1901">
    <p class='ocr_par' dir='ltr' id='par_1_79' title="bbox 2211 1820 3804 1901">
     <span class='ocr_line' id='line_1_80' title="bbox 2211 1820 3804 1901; baseline -0.01 -15"><span class='ocrx_word' id='word_1_637' title='bbox 2211 1840 2314 1897; x_wconf 85' lang='lat' dir='ltr'><strong>est,</strong></span> <span class='ocrx_word' id='word_1_638' title='bbox 2348 1844 2455 1901; x_wconf 81' lang='lat' dir='ltr'><strong>non</strong></span> <span class='ocrx_word' id='word_1_639' title='bbox 2501 1825 2824 1897; x_wconf 64' lang='lat' dir='ltr'><strong>adium-endo</strong></span> <span class='ocrx_word' id='word_1_640' title='bbox 2863 1823 3015 1895; x_wconf 76' lang='lat' dir='ltr'><strong>alteri</strong></span> <span class='ocrx_word' id='word_1_641' title='bbox 3048 1821 3207 1895; x_wconf 83' lang='lat' dir='ltr'><strong>bono.</strong></span> <span class='ocrx_word' id='word_1_642' title='bbox 3252 1820 3376 1889; x_wconf 65' lang='lat' dir='ltr'><strong>Milli</strong></span> <span class='ocrx_word' id='word_1_643' title='bbox 3407 1831 3591 1891; x_wconf 33' lang='lat' dir='ltr'><strong>autem;</strong></span> <span class='ocrx_word' id='word_1_644' title='bbox 3617 1820 3804 1891; x_wconf 67' lang='lat' dir='ltr'><strong>adita:-</strong></span> 
     </span>
    </p>
   </div>
   <div class='ocr_carea' id='block_1_80' title="bbox 2216 1910 3808 2001">
    <p class='ocr_par' dir='ltr' id='par_1_80' title="bbox 2216 1910 3808 2001">
     <span class='ocr_line' id='line_1_81' title="bbox 2216 1910 3808 2001; baseline -0.009 -24"><span class='ocrx_word' id='word_1_645' title='bbox 2216 1938 2334 2001; x_wconf 83' lang='lat' dir='ltr'><strong>rcrc</strong></span> <span class='ocrx_word' id='word_1_646' title='bbox 2368 1910 2476 1995; x_wconf 77' lang='lat' dir='ltr'><strong>Deo</strong></span> <span class='ocrx_word' id='word_1_647' title='bbox 2506 1920 2704 1987; x_wconf 78' lang='lat' dir='ltr'><strong>bonum</strong></span> <span class='ocrx_word' id='word_1_648' title='bbox 2749 1925 2830 1977; x_wconf 88' lang='lat' dir='ltr'><strong>est</strong></span> <span class='ocrx_word' id='word_1_649' title='bbox 2858 1914 3030 1997; x_wconf 55' lang='lat' dir='ltr'><strong>(Psal.</strong></span> <span class='ocrx_word' id='word_1_650' title='bbox 3062 1929 3223 1989; x_wconf 46' lang='lat' dir='ltr'><strong>sxxii.</strong></span> <span class='ocrx_word' id='word_1_651' title='bbox 3257 1910 3370 1983; x_wconf 63' lang='lat'><strong>28),</strong></span> <span class='ocrx_word' id='word_1_652' title='bbox 3404 1910 3494 1984; x_wconf 82' lang='lat' dir='ltr'><strong>qui</strong></span> <span class='ocrx_word' id='word_1_653' title='bbox 3524 1928 3627 1975; x_wconf 84' lang='lat' dir='ltr'><strong>non</strong></span> <span class='ocrx_word' id='word_1_654' title='bbox 3660 1911 3808 1983; x_wconf 80' lang='lat' dir='ltr'><strong>eguit</strong></span> 
     </span>
    </p>
   </div>
   <div class='ocr_carea' id='block_1_81' title="bbox 2213 1998 3809 2095">
    <p class='ocr_par' dir='ltr' id='par_1_81' title="bbox 2213 1998 3809 2095">
     <span class='ocr_line' id='line_1_82' title="bbox 2213 1998 3809 2095; baseline -0.008 -24"><span class='ocrx_word' id='word_1_655' title='bbox 2213 1998 2373 2085; x_wconf 12' lang='lat' dir='ltr'><strong>atquo</strong></span> <span class='ocrx_word' id='word_1_656' title='bbox 2404 2014 2552 2095; x_wconf 77' lang='lat' dir='ltr'><strong>iicret</strong></span> <span class='ocrx_word' id='word_1_657' title='bbox 2573 2012 2778 2091; x_wconf 65' lang='lat' dir='ltr'><strong>bonus;z</strong></span> <span class='ocrx_word' id='word_1_658' title='bbox 2807 2007 2900 2075; x_wconf 80' lang='lat' dir='ltr'><strong>sed</strong></span> <span class='ocrx_word' id='word_1_659' title='bbox 2923 2015 3182 2087; x_wconf 74' lang='lat' dir='ltr'><strong>eguerunt</strong></span> <span class='ocrx_word' id='word_1_660' title='bbox 3208 2006 3297 2073; x_wconf 81' lang='lat' dir='ltr'><strong>illo</strong></span> <span class='ocrx_word' id='word_1_661' title='bbox 3321 1998 3513 2075; x_wconf 49' lang='lat' dir='ltr'><strong>camera,</strong></span> <span class='ocrx_word' id='word_1_662' title='bbox 3537 2015 3591 2071; x_wconf 84' lang='lat' dir='ltr'><strong>ut</strong></span> <span class='ocrx_word' id='word_1_663' title='bbox 3620 2005 3809 2073; x_wconf 78' lang='lat' dir='ltr'><strong>liercut</strong></span> 
     </span>
    </p>
   </div>
   <div class='ocr_carea' id='block_1_82' title="bbox 2214 2095 3806 2179">
    <p class='ocr_par' dir='ltr' id='par_1_82' title="bbox 2214 2095 3806 2179">
     <span class='ocr_line' id='line_1_83' title="bbox 2214 2095 3806 2179; baseline -0.007 -19"><span class='ocrx_word' id='word_1_664' title='bbox 2214 2106 2371 2160; x_wconf 89' lang='lat' dir='ltr'><strong>bona.</strong></span> <span class='ocrx_word' id='word_1_665' title='bbox 2408 2105 2574 2179; x_wconf 70' lang='lat' dir='ltr'><strong>\[ultis</strong></span> <span class='ocrx_word' id='word_1_666' title='bbox 2604 2102 2786 2177; x_wconf 82' lang='lat' dir='ltr'><strong>audire</strong></span> <span class='ocrx_word' id='word_1_667' title='bbox 2812 2115 2970 2177; x_wconf 87' lang='lat' dir='ltr'><strong>quam</strong></span> <span class='ocrx_word' id='word_1_668' title='bbox 3004 2095 3342 2175; x_wconf 78' lang='lat' dir='ltr'><strong>singulariter</strong></span> <span class='ocrx_word' id='word_1_669' title='bbox 3371 2096 3456 2175; x_wconf 73' lang='lat' dir='ltr'><strong>ille</strong></span> <span class='ocrx_word' id='word_1_670' title='bbox 3488 2097 3554 2169; x_wconf 84' lang='lat' dir='ltr'><strong>sit</strong></span> <span class='ocrx_word' id='word_1_671' title='bbox 3584 2095 3759 2150; x_wconf 87' lang='lat' dir='ltr'><strong>bonus</strong></span> <span class='ocrx_word' id='word_1_672' title='bbox 3784 2099 3806 2149; x_wconf 84' lang='lat'><strong>?</strong></span> 
     </span>
    </p>
   </div>
   <div class='ocr_carea' id='block_1_83' title="bbox 2215 2186 3809 2275">
    <p class='ocr_par' dir='ltr' id='par_1_83' title="bbox 2215 2186 3809 2275">
     <span class='ocr_line' id='line_1_84' title="bbox 2215 2186 3809 2275; baseline -0.008 -21"><span class='ocrx_word' id='word_1_673' title='bbox 2215 2199 2471 2265; x_wconf 79' lang='lat' dir='ltr'><strong>Dominus</strong></span> <span class='ocrx_word' id='word_1_674' title='bbox 2514 2198 2868 2269; x_wconf 77' lang='lat' dir='ltr'><strong>interrogatus</strong></span> <span class='ocrx_word' id='word_1_675' title='bbox 2910 2191 3065 2275; x_wconf 64' lang='lat' dir='ltr'><strong>dixit,</strong></span> <span class='ocrx_word' id='word_1_676' title='bbox 3120 2188 3283 2241; x_wconf 79' lang='lat' dir='ltr'><strong>Nemo</strong></span> <span class='ocrx_word' id='word_1_677' title='bbox 3322 2186 3501 2253; x_wconf 82' lang='lat' dir='ltr'><strong>bonus,</strong></span> <span class='ocrx_word' id='word_1_678' title='bbox 3530 2188 3625 2253; x_wconf 82' lang='lat' dir='ltr'><strong>nisi</strong></span> <span class='ocrx_word' id='word_1_679' title='bbox 3672 2204 3809 2242; x_wconf 76' lang='lat' dir='ltr'><strong>unus</strong></span> 
     </span>
    </p>
   </div>
   <div class='ocr_carea' id='block_1_84' title="bbox 2215 2280 3807 2363">
    <p class='ocr_par' dir='ltr' id='par_1_84' title="bbox 2215 2280 3807 2363">
     <span class='ocr_line' id='line_1_85' title="bbox 2215 2280 3807 2363; baseline -0.008 -17"><span class='ocrx_word' id='word_1_680' title='bbox 2215 2292 2353 2346; x_wconf 83' lang='lat' dir='ltr'><strong>Deus</strong></span> <span class='ocrx_word' id='word_1_681' title='bbox 2380 2289 2588 2362; x_wconf 81' lang='lat' dir='ltr'><strong>(Matth.</strong></span> <span class='ocrx_word' id='word_1_682' title='bbox 2623 2302 2743 2363; x_wconf 73' lang='lat' dir='ltr'><strong>XIX,</strong></span> <span class='ocrx_word' id='word_1_683' title='bbox 2775 2286 2883 2355; x_wconf 75' lang='grc'><strong>17).</strong></span> <span class='ocrx_word' id='word_1_684' title='bbox 2915 2284 3067 2361; x_wconf 68' lang='grc' dir='ltr'><strong>ῌιιιιο</strong></span> <span class='ocrx_word' id='word_1_685' title='bbox 3101 2281 3523 2352; x_wconf 78' lang='lat' dir='ltr'><strong>singularitatem</strong></span> <span class='ocrx_word' id='word_1_686' title='bbox 3550 2280 3807 2334; x_wconf 84' lang='lat' dir='ltr'><strong>bonitatis</strong></span> 
     </span>
    </p>
   </div>
   <div class='ocr_carea' id='block_1_85' title="bbox 2215 2371 3807 2457">
    <p class='ocr_par' dir='ltr' id='par_1_85' title="bbox 2215 2371 3807 2457">
     <span class='ocr_line' id='line_1_86' title="bbox 2215 2371 3807 2457; baseline -0.008 -19"><span class='ocrx_word' id='word_1_687' title='bbox 2215 2388 2350 2455; x_wconf 79' lang='lat' dir='ltr'><strong>ejus,</strong></span> <span class='ocrx_word' id='word_1_688' title='bbox 2374 2393 2427 2437; x_wconf 88' lang='lat' dir='ltr'><strong>et</strong></span> <span class='ocrx_word' id='word_1_689' title='bbox 2452 2379 2726 2457; x_wconf 68' lang='lat' dir='ltr'><strong>praeterire</strong></span> <span class='ocrx_word' id='word_1_690' title='bbox 2756 2378 2987 2457; x_wconf 69' lang='lat' dir='ltr'><strong>breviter</strong></span> <span class='ocrx_word' id='word_1_691' title='bbox 3014 2374 3158 2451; x_wconf 81' lang='lat' dir='ltr'><strong>uolo,</strong></span> <span class='ocrx_word' id='word_1_692' title='bbox 3189 2387 3244 2428; x_wconf 88' lang='lat' dir='ltr'><strong>ct</strong></span> <span class='ocrx_word' id='word_1_693' title='bbox 3268 2371 3645 2445; x_wconf 83' lang='lat' dir='ltr'><strong>commendare</strong></span> <span class='ocrx_word' id='word_1_694' title='bbox 3672 2387 3807 2428; x_wconf 88' lang='lat' dir='ltr'><strong>con-</strong></span> 
     </span>
    </p>
   </div>
   <div class='ocr_carea' id='block_1_86' title="bbox 2214 2456 3806 2549">
    <p class='ocr_par' dir='ltr' id='par_1_86' title="bbox 2214 2456 3806 2549">
     <span class='ocr_line' id='line_1_87' title="bbox 2214 2456 3806 2549; baseline -0.01 -16"><span class='ocrx_word' id='word_1_695' title='bbox 2214 2494 2346 2549; x_wconf 85' lang='lat' dir='ltr'><strong>grue</strong></span> <span class='ocrx_word' id='word_1_696' title='bbox 2376 2456 2503 2547; x_wconf 68' lang='lat' dir='ltr'><strong>non</strong></span> <span class='ocrx_word' id='word_1_697' title='bbox 2528 2456 2777 2547; x_wconf 60' lang='lat' dir='ltr'><strong>summa;</strong></span> <span class='ocrx_word' id='word_1_698' title='bbox 2803 2470 2978 2547; x_wconf 67' lang='lat' dir='ltr'><strong>Metuo</strong></span> <span class='ocrx_word' id='word_1_699' title='bbox 3026 2483 3093 2537; x_wconf 82' lang='lat' dir='ltr'><strong>ne</strong></span> <span class='ocrx_word' id='word_1_700' title='bbox 3133 2467 3174 2545; x_wconf 86' lang='lat' dir='ltr'><strong>si</strong></span> <span class='ocrx_word' id='word_1_701' title='bbox 3207 2465 3328 2541; x_wconf 81' lang='lat' dir='ltr'><strong>hinc</strong></span> <span class='ocrx_word' id='word_1_702' title='bbox 3356 2466 3463 2537; x_wconf 82' lang='lat' dir='ltr'><strong>cito</strong></span> <span class='ocrx_word' id='word_1_703' title='bbox 3497 2466 3765 2520; x_wconf 88' lang='lat' dir='ltr'><strong>transiero</strong></span> <span class='ocrx_word' id='word_1_704' title='bbox 3791 2507 3806 2533; x_wconf 88' lang='lat'><strong>,</strong></span> 
     </span>
    </p>
   </div>
   <div class='ocr_carea' id='block_1_87' title="bbox 2216 2550 3812 2643">
    <p class='ocr_par' dir='ltr' id='par_1_87' title="bbox 2216 2550 3812 2643">
     <span class='ocr_line' id='line_1_88' title="bbox 2216 2550 3812 2643; baseline -0.008 -19"><span class='ocrx_word' id='word_1_705' title='bbox 2216 2587 2315 2641; x_wconf 87' lang='lat' dir='ltr'><strong>ego</strong></span> <span class='ocrx_word' id='word_1_706' title='bbox 2344 2550 2579 2643; x_wconf 82' lang='lat' dir='ltr'><strong>ingratus</strong></span> <span class='ocrx_word' id='word_1_707' title='bbox 2610 2565 2847 2641; x_wconf 79' lang='lat' dir='ltr'><strong>inveniar</strong></span> <span class='ocrx_word' id='word_1_708' title='bbox 2879 2582 2891 2617; x_wconf 90' lang='lat'>:</span> <span class='ocrx_word' id='word_1_709' title='bbox 2926 2563 3048 2635; x_wconf 82' lang='lat' dir='ltr'><strong>item</strong></span> <span class='ocrx_word' id='word_1_710' title='bbox 3094 2572 3275 2629; x_wconf 76' lang='lat' dir='ltr'><strong>metuo</strong></span> <span class='ocrx_word' id='word_1_711' title='bbox 3320 2574 3385 2613; x_wconf 88' lang='lat' dir='ltr'><strong>ne</strong></span> <span class='ocrx_word' id='word_1_712' title='bbox 3418 2557 3519 2621; x_wconf 87' lang='lat' dir='ltr'><strong>hoc</strong></span> <span class='ocrx_word' id='word_1_713' title='bbox 3563 2573 3682 2627; x_wconf 89' lang='lat' dir='ltr'><strong>cum</strong></span> <span class='ocrx_word' id='word_1_714' title='bbox 3715 2575 3812 2613; x_wconf 80' lang='lat' dir='ltr'><strong>cx-</strong></span> 
     </span>
    </p>
   </div>
   <div class='ocr_carea' id='block_1_88' title="bbox 2219 2649 3806 2736">
    <p class='ocr_par' dir='ltr' id='par_1_88' title="bbox 2219 2649 3806 2736">
     <span class='ocr_line' id='line_1_89' title="bbox 2219 2649 3806 2736; baseline -0.009 -16"><span class='ocrx_word' id='word_1_715' title='bbox 2219 2664 2515 2736; x_wconf 89' lang='lat' dir='ltr'><strong>plicandum</strong></span> <span class='ocrx_word' id='word_1_716' title='bbox 2568 2674 2895 2730; x_wconf 73' lang='lat' dir='ltr'><strong>suscepere,</strong></span> <span class='ocrx_word' id='word_1_717' title='bbox 2945 2656 3043 2735; x_wconf 72' lang='lat' dir='ltr'><strong>sub</strong></span> <span class='ocrx_word' id='word_1_718' title='bbox 3095 2662 3243 2731; x_wconf 67' lang='lat' dir='ltr'><strong>tanta</strong></span> <span class='ocrx_word' id='word_1_719' title='bbox 3294 2649 3464 2719; x_wconf 80' lang='lat' dir='ltr'><strong>laudis</strong></span> <span class='ocrx_word' id='word_1_720' title='bbox 3520 2650 3806 2725; x_wconf 52' lang='lat' dir='ltr'><strong>doniiuicec</strong></span> 
     </span>
    </p>
   </div>
   <div class='ocr_carea' id='block_1_89' title="bbox 2217 2746 3812 2829">
    <p class='ocr_par' dir='ltr' id='par_1_89' title="bbox 2217 2746 3812 2829">
     <span class='ocr_line' id='line_1_90' title="bbox 2217 2746 3812 2829; baseline -0.009 -16"><span class='ocrx_word' id='word_1_721' title='bbox 2217 2760 2421 2827; x_wconf 87' lang='lat' dir='ltr'><strong>sarcina</strong></span> <span class='ocrx_word' id='word_1_722' title='bbox 2447 2756 2723 2829; x_wconf 71' lang='lat' dir='ltr'><strong>defatiger.</strong></span> <span class='ocrx_word' id='word_1_723' title='bbox 2758 2753 2845 2821; x_wconf 87' lang='lat' dir='ltr'><strong>Sic</strong></span> <span class='ocrx_word' id='word_1_724' title='bbox 2876 2761 3074 2817; x_wconf 77' lang='lat' dir='ltr'><strong>tamen,</strong></span> <span class='ocrx_word' id='word_1_725' title='bbox 3124 2748 3335 2811; x_wconf 81' lang='lat' dir='ltr'><strong>fratres,</strong></span> <span class='ocrx_word' id='word_1_726' title='bbox 3377 2746 3601 2819; x_wconf 86' lang='lat' dir='ltr'><strong>accipite</strong></span> <span class='ocrx_word' id='word_1_727' title='bbox 3631 2761 3717 2798; x_wconf 87' lang='lat' dir='ltr'><strong>me</strong></span> <span class='ocrx_word' id='word_1_728' title='bbox 3757 2754 3812 2799; x_wconf 85' lang='lat' dir='ltr'><strong>et</strong></span> 
     </span>
    </p>
   </div>
   <div class='ocr_carea' id='block_1_90' title="bbox 2219 2838 3810 2919">
    <p class='ocr_par' dir='ltr' id='par_1_90' title="bbox 2219 2838 3810 2919">
     <span class='ocr_line' id='line_1_91' title="bbox 2219 2838 3810 2919; baseline -0.01 -13"><span class='ocrx_word' id='word_1_729' title='bbox 2219 2851 2518 2906; x_wconf 76' lang='lat' dir='ltr'><strong>laudantem</strong></span> <span class='ocrx_word' id='word_1_730' title='bbox 2547 2857 2601 2919; x_wconf 84' lang='lat' dir='ltr'><strong>et</strong></span> <span class='ocrx_word' id='word_1_731' title='bbox 2631 2863 2735 2915; x_wconf 87' lang='lat' dir='ltr'><strong>non</strong></span> <span class='ocrx_word' id='word_1_732' title='bbox 2756 2844 3130 2917; x_wconf 73' lang='lat' dir='ltr'><strong>sufﬁcientem,</strong></span> <span class='ocrx_word' id='word_1_733' title='bbox 3160 2851 3217 2896; x_wconf 93' lang='lat' dir='ltr'><strong>ut</strong></span> <span class='ocrx_word' id='word_1_734' title='bbox 3242 2840 3451 2894; x_wconf 74' lang='lat' dir='ltr'><strong>etiamsi</strong></span> <span class='ocrx_word' id='word_1_735' title='bbox 3484 2856 3585 2892; x_wconf 90' lang='lat' dir='ltr'><strong>non</strong></span> <span class='ocrx_word' id='word_1_736' title='bbox 3616 2838 3810 2907; x_wconf 81' lang='lat' dir='ltr'><strong>imple-</strong></span> 
     </span>
    </p>
   </div>
   <div class='ocr_carea' id='block_1_91' title="bbox 2218 2924 3811 3017">
    <p class='ocr_par' dir='ltr' id='par_1_91' title="bbox 2218 2924 3811 3017">
     <span class='ocr_line' id='line_1_92' title="bbox 2218 2924 3811 3017; baseline -0.008 -20"><span class='ocrx_word' id='word_1_737' title='bbox 2218 2951 2305 3009; x_wconf 79' lang='lat' dir='ltr'><strong>tur</strong></span> <span class='ocrx_word' id='word_1_738' title='bbox 2335 2942 2473 2995; x_wconf 88' lang='lat' dir='ltr'><strong>illius</strong></span> <span class='ocrx_word' id='word_1_739' title='bbox 2513 2924 2685 2993; x_wconf 86' lang='lat' dir='ltr'><strong>laudis</strong></span> <span class='ocrx_word' id='word_1_740' title='bbox 2727 2935 3033 3017; x_wconf 69' lang='lat' dir='ltr'><strong>explicatio,</strong></span> <span class='ocrx_word' id='word_1_741' title='bbox 3062 2941 3367 3009; x_wconf 68' lang='lat' dir='ltr'><strong>acceptetur</strong></span> <span class='ocrx_word' id='word_1_742' title='bbox 3395 2930 3685 3003; x_wconf 79' lang='lat' dir='ltr'><strong>laudatoris</strong></span> <span class='ocrx_word' id='word_1_743' title='bbox 3715 2931 3811 2999; x_wconf 79' lang='lat' dir='ltr'><strong>de-</strong></span> 
     </span>
    </p>
   </div>
   <div class='ocr_carea' id='block_1_92' title="bbox 2219 3014 3809 3109">
    <p class='ocr_par' dir='ltr' id='par_1_92' title="bbox 2219 3014 3809 3109">
     <span class='ocr_line' id='line_1_93' title="bbox 2219 3014 3809 3109; baseline -0.003 -22"><span class='ocrx_word' id='word_1_744' title='bbox 2219 3036 2381 3103; x_wconf 77' lang='lat' dir='ltr'><strong>votio.</strong></span> <span class='ocrx_word' id='word_1_745' title='bbox 2416 3034 2689 3109; x_wconf 79' lang='lat' dir='ltr'><strong>Approbet</strong></span> <span class='ocrx_word' id='word_1_746' title='bbox 2729 3014 2813 3093; x_wconf 77' lang='lat' dir='ltr'><strong>me</strong></span> <span class='ocrx_word' id='word_1_747' title='bbox 2855 3031 2969 3100; x_wconf 77' lang='lat' dir='ltr'><strong>ipse</strong></span> <span class='ocrx_word' id='word_1_748' title='bbox 2999 3014 3253 3105; x_wconf 70' lang='lat' dir='ltr'><strong>voluisse,</strong></span> <span class='ocrx_word' id='word_1_749' title='bbox 3288 3027 3527 3099; x_wconf 83' lang='lat' dir='ltr'><strong>ignoscat</strong></span> <span class='ocrx_word' id='word_1_750' title='bbox 3558 3042 3667 3101; x_wconf 73' lang='lat' dir='ltr'><strong>non</strong></span> <span class='ocrx_word' id='word_1_751' title='bbox 3704 3027 3809 3085; x_wconf 88' lang='lat' dir='ltr'><strong>im-</strong></span> 
     </span>
    </p>
   </div>
   <div class='ocr_carea' id='block_1_93' title="bbox 2220 3102 3167 3198">
    <p class='ocr_par' dir='ltr' id='par_1_93' title="bbox 2220 3102 3167 3198">
     <span class='ocr_line' id='line_1_94' title="bbox 2220 3102 3167 3198; baseline -0.011 -17"><span class='ocrx_word' id='word_1_752' title='bbox 2220 3128 2467 3198; x_wconf 72' lang='lat' dir='ltr'><strong>plevisse.</strong></span> <span class='ocrx_word' id='word_1_753' title='bbox 2502 3102 2514 3104; x_wconf 21' lang='lat' dir='ltr'>ﬁ</span> <span class='ocrx_word' id='word_1_754' title='bbox 2612 3102 2615 3105; x_wconf 16' lang='grc' dir='ltr'><strong><em>γ</em></strong></span> <span class='ocrx_word' id='word_1_755' title='bbox 2648 3106 2649 3109; x_wconf 8' lang='grc' dir='ltr'><strong>η</strong></span> <span class='ocrx_word' id='word_1_756' title='bbox 2684 3102 2689 3109; x_wconf 58' lang='grc'><em>’</em></span> <span class='ocrx_word' id='word_1_757' title='bbox 3018 3102 3021 3105; x_wconf 8' lang='grc' dir='ltr'>ἰ</span> <span class='ocrx_word' id='word_1_758' title='bbox 3164 3102 3167 3105; x_wconf 18' lang='grc' dir='ltr'><em>Α</em></span> 
     </span>
    </p>
   </div>
   <div class='ocr_carea' id='block_1_94' title="bbox 2290 3210 3814 3295">
    <p class='ocr_par' dir='ltr' id='par_1_94' title="bbox 2290 3210 3814 3295">
     <span class='ocr_line' id='line_1_95' title="bbox 2290 3210 3814 3295; baseline -0.005 -22"><span class='ocrx_word' id='word_1_759' title='bbox 2290 3221 2344 3273; x_wconf 78' lang='grc'><strong>4.</strong></span> <span class='ocrx_word' id='word_1_760' title='bbox 2382 3216 2635 3295; x_wconf 67' lang='lat' dir='ltr'><strong>luetl‘abili</strong></span> <span class='ocrx_word' id='word_1_761' title='bbox 2672 3213 2955 3291; x_wconf 85' lang='lat' dir='ltr'><strong>dulcedine</strong></span> <span class='ocrx_word' id='word_1_762' title='bbox 2994 3221 3213 3279; x_wconf 85' lang='lat' dir='ltr'><strong>teneor,</strong></span> <span class='ocrx_word' id='word_1_763' title='bbox 3245 3226 3366 3267; x_wconf 91' lang='lat' dir='ltr'><strong>cum</strong></span> <span class='ocrx_word' id='word_1_764' title='bbox 3410 3210 3598 3277; x_wconf 86' lang='lat' dir='ltr'><strong>audio.</strong></span> <span class='ocrx_word' id='word_1_765' title='bbox 3636 3210 3814 3271; x_wconf 83' lang='lat' dir='ltr'><strong>Bonus</strong></span> 
     </span>
    </p>
   </div>
   <div class='ocr_carea' id='block_1_95' title="bbox 2219 3305 3815 3381">
    <p class='ocr_par' dir='ltr' id='par_1_95' title="bbox 2219 3305 3815 3381">
     <span class='ocr_line' id='line_1_96' title="bbox 2219 3305 3815 3381; baseline -0.003 -16"><span class='ocrx_word' id='word_1_766' title='bbox 2219 3310 2503 3373; x_wconf 84' lang='lat' dir='ltr'><strong>Dominus;</strong></span> <span class='ocrx_word' id='word_1_767' title='bbox 2529 3308 2980 3381; x_wconf 86' lang='lat' dir='ltr'><strong>consideratisque</strong></span> <span class='ocrx_word' id='word_1_768' title='bbox 3005 3307 3250 3360; x_wconf 88' lang='lat' dir='ltr'><strong>omnibus</strong></span> <span class='ocrx_word' id='word_1_769' title='bbox 3276 3319 3328 3360; x_wconf 87' lang='lat' dir='ltr'><strong>et</strong></span> <span class='ocrx_word' id='word_1_770' title='bbox 3349 3305 3668 3360; x_wconf 56' lang='lat' dir='ltr'><strong>collustratis</strong></span> <span class='ocrx_word' id='word_1_771' title='bbox 3689 3320 3815 3379; x_wconf 63' lang='lat' dir='ltr'><strong>quae</strong></span> 
     </span>
    </p>
   </div>
   <div class='ocr_carea' id='block_1_96' title="bbox 2220 3397 3817 3469">
    <p class='ocr_par' dir='ltr' id='par_1_96' title="bbox 2220 3397 3817 3469">
     <span class='ocr_line' id='line_1_97' title="bbox 2220 3397 3817 3469; baseline -0.006 -13"><span class='ocrx_word' id='word_1_772' title='bbox 2220 3403 2513 3457; x_wconf 79' lang='lat' dir='ltr'><strong>forinsecus</strong></span> <span class='ocrx_word' id='word_1_773' title='bbox 2540 3400 2726 3462; x_wconf 86' lang='lat' dir='ltr'><strong>video,</strong></span> <span class='ocrx_word' id='word_1_774' title='bbox 2758 3400 3005 3469; x_wconf 89' lang='lat' dir='ltr'><strong>quoniam</strong></span> <span class='ocrx_word' id='word_1_775' title='bbox 3034 3415 3101 3453; x_wconf 82' lang='lat' dir='ltr'><strong>ex</strong></span> <span class='ocrx_word' id='word_1_776' title='bbox 3126 3399 3241 3466; x_wconf 88' lang='lat' dir='ltr'><strong>ipso</strong></span> <span class='ocrx_word' id='word_1_777' title='bbox 3267 3404 3391 3451; x_wconf 87' lang='lat' dir='ltr'><strong>sunt</strong></span> <span class='ocrx_word' id='word_1_778' title='bbox 3413 3397 3616 3469; x_wconf 75' lang='lat' dir='ltr'><strong>omnia.</strong></span> <span class='ocrx_word' id='word_1_779' title='bbox 3647 3398 3817 3467; x_wconf 83' lang='lat' dir='ltr'><strong>etiam</strong></span> 
     </span>
    </p>
   </div>
   <div class='ocr_carea' id='block_1_97' title="bbox 2221 3487 3817 3565">
    <p class='ocr_par' dir='ltr' id='par_1_97' title="bbox 2221 3487 3817 3565">
     <span class='ocr_line' id='line_1_98' title="bbox 2221 3487 3817 3565; baseline -0.004 -16"><span class='ocrx_word' id='word_1_780' title='bbox 2221 3510 2340 3565; x_wconf 83' lang='lat' dir='ltr'><strong>cum</strong></span> <span class='ocrx_word' id='word_1_781' title='bbox 2371 3492 2497 3555; x_wconf 88' lang='lat' dir='ltr'><strong>mibi</strong></span> <span class='ocrx_word' id='word_1_782' title='bbox 2535 3492 2649 3546; x_wconf 74' lang='lat' dir='ltr'><strong>lure</strong></span> <span class='ocrx_word' id='word_1_783' title='bbox 2675 3492 2903 3561; x_wconf 73' lang='lat' dir='ltr'><strong>placent,</strong></span> <span class='ocrx_word' id='word_1_784' title='bbox 2932 3489 2993 3544; x_wconf 92' lang='lat' dir='ltr'><strong>ad</strong></span> <span class='ocrx_word' id='word_1_785' title='bbox 3029 3490 3177 3559; x_wconf 82' lang='lat' dir='ltr'><strong>illum</strong></span> <span class='ocrx_word' id='word_1_786' title='bbox 3206 3487 3366 3542; x_wconf 81' lang='lat' dir='ltr'><strong>redeo</strong></span> <span class='ocrx_word' id='word_1_787' title='bbox 3394 3504 3422 3540; x_wconf 90' lang='lat' dir='ltr'><strong>a</strong></span> <span class='ocrx_word' id='word_1_788' title='bbox 3451 3503 3555 3557; x_wconf 87' lang='lat' dir='ltr'><strong>quo</strong></span> <span class='ocrx_word' id='word_1_789' title='bbox 3581 3496 3727 3554; x_wconf 86' lang='lat' dir='ltr'><strong>sunt,</strong></span> <span class='ocrx_word' id='word_1_790' title='bbox 3756 3497 3817 3543; x_wconf 87' lang='lat' dir='ltr'><strong>ut</strong></span> 
     </span>
    </p>
   </div>
   <div class='ocr_carea' id='block_1_98' title="bbox 2222 3578 3815 3659">
    <p class='ocr_par' dir='ltr' id='par_1_98' title="bbox 2222 3578 3815 3659">
     <span class='ocr_line' id='line_1_99' title="bbox 2222 3578 3815 3659; baseline -0.002 -21"><span class='ocrx_word' id='word_1_791' title='bbox 2222 3584 2509 3659; x_wconf 83' lang='lat' dir='ltr'><strong>intelligam</strong></span> <span class='ocrx_word' id='word_1_792' title='bbox 2534 3584 2773 3655; x_wconf 87' lang='lat' dir='ltr'><strong>quoniam</strong></span> <span class='ocrx_word' id='word_1_793' title='bbox 2804 3582 2963 3647; x_wconf 77' lang='lat' dir='ltr'><strong>bonus</strong></span> <span class='ocrx_word' id='word_1_794' title='bbox 2996 3590 3065 3649; x_wconf 83' lang='lat' dir='ltr'><strong>est</strong></span> <span class='ocrx_word' id='word_1_795' title='bbox 3095 3578 3364 3634; x_wconf 79' lang='lat' dir='ltr'><strong>Dominus.</strong></span> <span class='ocrx_word' id='word_1_796' title='bbox 3398 3578 3662 3644; x_wconf 82' lang='lat' dir='ltr'><strong>Rursum,</strong></span> <span class='ocrx_word' id='word_1_797' title='bbox 3691 3595 3815 3635; x_wconf 88' lang='lat' dir='ltr'><strong>cum</strong></span> 
     </span>
    </p>
   </div>
   <div class='ocr_carea' id='block_1_99' title="bbox 2221 3656 3817 3746">
    <p class='ocr_par' dir='ltr' id='par_1_99' title="bbox 2221 3656 3817 3746">
     <span class='ocr_line' id='line_1_100' title="bbox 2221 3656 3817 3746; baseline -0.005 -15"><span class='ocrx_word' id='word_1_798' title='bbox 2221 3676 2288 3731; x_wconf 90' lang='lat' dir='ltr'><strong>ad</strong></span> <span class='ocrx_word' id='word_1_799' title='bbox 2314 3678 2491 3743; x_wconf 90' lang='lat' dir='ltr'><strong>illum,</strong></span> <span class='ocrx_word' id='word_1_800' title='bbox 2523 3685 2774 3746; x_wconf 91' lang='lat' dir='ltr'><strong>quantum</strong></span> <span class='ocrx_word' id='word_1_801' title='bbox 2808 3656 3056 3745; x_wconf 84' lang='lat' dir='ltr'><strong>possum,</strong></span> <span class='ocrx_word' id='word_1_802' title='bbox 3087 3674 3355 3743; x_wconf 85' lang='lat' dir='ltr'><strong>ingressus</strong></span> <span class='ocrx_word' id='word_1_803' title='bbox 3385 3669 3562 3735; x_wconf 82' lang='lat' dir='ltr'><strong>fuero,</strong></span> <span class='ocrx_word' id='word_1_804' title='bbox 3595 3672 3817 3743; x_wconf 82' lang='lat' dir='ltr'><strong>interio-</strong></span> 
     </span>
    </p>
   </div>
   <div class='ocr_carea' id='block_1_100' title="bbox 2221 3740 3821 3835">
    <p class='ocr_par' dir='ltr' id='par_1_100' title="bbox 2221 3740 3821 3835">
     <span class='ocr_line' id='line_1_101' title="bbox 2221 3740 3821 3835; baseline -0.003 -13"><span class='ocrx_word' id='word_1_805' title='bbox 2221 3785 2333 3825; x_wconf 79' lang='lat' dir='ltr'><strong>rem</strong></span> <span class='ocrx_word' id='word_1_806' title='bbox 2365 3767 2494 3821; x_wconf 88' lang='lat' dir='ltr'><strong>mihi</strong></span> <span class='ocrx_word' id='word_1_807' title='bbox 2534 3777 2586 3829; x_wconf 90' lang='lat' dir='ltr'><strong>et</strong></span> <span class='ocrx_word' id='word_1_808' title='bbox 2626 3769 2959 3835; x_wconf 84' lang='lat' dir='ltr'><strong>superiorem</strong></span> <span class='ocrx_word' id='word_1_809' title='bbox 2990 3766 3234 3830; x_wconf 86' lang='lat' dir='ltr'><strong>invenio;</strong></span> <span class='ocrx_word' id='word_1_810' title='bbox 3266 3764 3386 3833; x_wconf 86' lang='lat' dir='ltr'><strong>quia</strong></span> <span class='ocrx_word' id='word_1_811' title='bbox 3418 3765 3495 3819; x_wconf 89' lang='lat' dir='ltr'><strong>sic</strong></span> <span class='ocrx_word' id='word_1_812' title='bbox 3535 3764 3706 3819; x_wconf 86' lang='lat' dir='ltr'><strong>bonus</strong></span> <span class='ocrx_word' id='word_1_813' title='bbox 3736 3740 3821 3820; x_wconf 83' lang='lat' dir='ltr'><strong>est</strong></span> 
     </span>
    </p>
   </div>
   <div class='ocr_carea' id='block_1_101' title="bbox 2225 3855 3821 3939">
    <p class='ocr_par' dir='ltr' id='par_1_101' title="bbox 2225 3855 3821 3939">
     <span class='ocr_line' id='line_1_102' title="bbox 2225 3855 3821 3939; baseline -0.004 -24"><span class='ocrx_word' id='word_1_814' title='bbox 2225 3860 2497 3937; x_wconf 77' lang='lat' dir='ltr'><strong>Dominus,</strong></span> <span class='ocrx_word' id='word_1_815' title='bbox 2522 3869 2579 3913; x_wconf 90' lang='lat' dir='ltr'><strong>ut</strong></span> <span class='ocrx_word' id='word_1_816' title='bbox 2606 3859 2719 3939; x_wconf 65' lang='lat' dir='ltr'><strong>istis</strong></span> <span class='ocrx_word' id='word_1_817' title='bbox 2745 3875 2846 3912; x_wconf 89' lang='lat' dir='ltr'><strong>non</strong></span> <span class='ocrx_word' id='word_1_818' title='bbox 2877 3858 3110 3926; x_wconf 82' lang='lat' dir='ltr'><strong>indigeat</strong></span> <span class='ocrx_word' id='word_1_819' title='bbox 3133 3873 3235 3926; x_wconf 91' lang='lat' dir='ltr'><strong>quo</strong></span> <span class='ocrx_word' id='word_1_820' title='bbox 3263 3855 3329 3910; x_wconf 91' lang='lat' dir='ltr'><strong>sit</strong></span> <span class='ocrx_word' id='word_1_821' title='bbox 3355 3855 3546 3925; x_wconf 89' lang='lat' dir='ltr'><strong>bonus.</strong></span> <span class='ocrx_word' id='word_1_822' title='bbox 3579 3855 3821 3926; x_wconf 85' lang='lat' dir='ltr'><strong>Denique</strong></span> 
     </span>
    </p>
   </div>
   <div class='ocr_carea' id='block_1_102' title="bbox 2224 3949 3819 4029">
    <p class='ocr_par' dir='ltr' id='par_1_102' title="bbox 2224 3949 3819 4029">
     <span class='ocr_line' id='line_1_103' title="bbox 2224 3949 3819 4029; baseline -0.004 -20"><span class='ocrx_word' id='word_1_823' title='bbox 2224 3956 2322 4009; x_wconf 86' lang='lat' dir='ltr'><strong>ista</strong></span> <span class='ocrx_word' id='word_1_824' title='bbox 2354 3971 2457 4009; x_wconf 92' lang='lat' dir='ltr'><strong>non</strong></span> <span class='ocrx_word' id='word_1_825' title='bbox 2489 3954 2647 4029; x_wconf 86' lang='lat' dir='ltr'><strong>laudo</strong></span> <span class='ocrx_word' id='word_1_826' title='bbox 2683 3954 2797 4009; x_wconf 88' lang='lat' dir='ltr'><strong>sine</strong></span> <span class='ocrx_word' id='word_1_827' title='bbox 2836 3953 2958 4017; x_wconf 90' lang='lat' dir='ltr'><strong>illo;</strong></span> <span class='ocrx_word' id='word_1_828' title='bbox 2992 3952 3138 4005; x_wconf 90' lang='lat' dir='ltr'><strong>illum</strong></span> <span class='ocrx_word' id='word_1_829' title='bbox 3177 3962 3353 4007; x_wconf 86' lang='lat' dir='ltr'><strong>autem</strong></span> <span class='ocrx_word' id='word_1_830' title='bbox 3390 3949 3505 4015; x_wconf 81' lang='lat' dir='ltr'><strong>sine</strong></span> <span class='ocrx_word' id='word_1_831' title='bbox 3545 3950 3657 4003; x_wconf 87' lang='lat' dir='ltr'><strong>istis</strong></span> <span class='ocrx_word' id='word_1_832' title='bbox 3696 3965 3819 4018; x_wconf 89' lang='lat' dir='ltr'><strong>per-</strong></span> 
     </span>
    </p>
   </div>
   <div class='ocr_carea' id='block_1_103' title="bbox 2224 4040 3819 4119">
    <p class='ocr_par' dir='ltr' id='par_1_103' title="bbox 2224 4040 3819 4119">
     <span class='ocr_line' id='line_1_104' title="bbox 2224 4040 3819 4119; baseline -0.003 -17"><span class='ocrx_word' id='word_1_833' title='bbox 2224 4048 2417 4103; x_wconf 82' lang='lat' dir='ltr'><strong>fectum</strong></span> <span class='ocrx_word' id='word_1_834' title='bbox 2439 4090 2452 4115; x_wconf 90' lang='lat'><strong>,</strong></span> <span class='ocrx_word' id='word_1_835' title='bbox 2496 4063 2599 4102; x_wconf 90' lang='lat' dir='ltr'><strong>non</strong></span> <span class='ocrx_word' id='word_1_836' title='bbox 2637 4045 2905 4117; x_wconf 85' lang='lat' dir='ltr'><strong>indigum,</strong></span> <span class='ocrx_word' id='word_1_837' title='bbox 2935 4043 3457 4119; x_wconf 87' lang='lat' dir='ltr'><strong>incommutabilem,</strong></span> <span class='ocrx_word' id='word_1_838' title='bbox 3491 4040 3685 4095; x_wconf 84' lang='lat' dir='ltr'><strong>nullius</strong></span> <span class='ocrx_word' id='word_1_839' title='bbox 3717 4042 3819 4098; x_wconf 81' lang='lat' dir='ltr'><strong>bo-</strong></span> 
     </span>
    </p>
   </div>
   <div class='ocr_carea' id='block_1_104' title="bbox 2226 4135 3824 4215">
    <p class='ocr_par' dir='ltr' id='par_1_104' title="bbox 2226 4135 3824 4215">
     <span class='ocr_line' id='line_1_105' title="bbox 2226 4135 3824 4215; baseline -0.003 -21"><span class='ocrx_word' id='word_1_840' title='bbox 2226 4156 2352 4194; x_wconf 89' lang='lat' dir='ltr'><strong>num</strong></span> <span class='ocrx_word' id='word_1_841' title='bbox 2380 4149 2707 4213; x_wconf 60' lang='lat' dir='ltr'><strong>quairentem</strong></span> <span class='ocrx_word' id='word_1_842' title='bbox 2731 4153 2835 4211; x_wconf 91' lang='lat' dir='ltr'><strong>quo</strong></span> <span class='ocrx_word' id='word_1_843' title='bbox 2869 4147 3143 4215; x_wconf 80' lang='lat' dir='ltr'><strong>augeatur,</strong></span> <span class='ocrx_word' id='word_1_844' title='bbox 3175 4136 3371 4191; x_wconf 89' lang='lat' dir='ltr'><strong>nullius</strong></span> <span class='ocrx_word' id='word_1_845' title='bbox 3402 4136 3603 4201; x_wconf 87' lang='lat' dir='ltr'><strong>malum</strong></span> <span class='ocrx_word' id='word_1_846' title='bbox 3629 4135 3824 4191; x_wconf 88' lang='lat' dir='ltr'><strong>limen-</strong></span> 
     </span>
    </p>
   </div>
   <div class='ocr_carea' id='block_1_105' title="bbox 2226 4226 3822 4305">
    <p class='ocr_par' dir='ltr' id='par_1_105' title="bbox 2226 4226 3822 4305">
     <span class='ocr_line' id='line_1_106' title="bbox 2226 4226 3822 4305; baseline -0.005 -18"><span class='ocrx_word' id='word_1_847' title='bbox 2226 4241 2333 4289; x_wconf 88' lang='lat' dir='ltr'><strong>tcm</strong></span> <span class='ocrx_word' id='word_1_848' title='bbox 2363 4248 2471 4303; x_wconf 14' lang='lat' dir='ltr'><strong>quo,</strong></span> <span class='ocrx_word' id='word_1_849' title='bbox 2498 4232 2801 4305; x_wconf 79' lang='lat' dir='ltr'><strong>minuatur,</strong></span> <span class='ocrx_word' id='word_1_850' title='bbox 2835 4230 3067 4285; x_wconf 87' lang='lat' dir='ltr'><strong>invenio.</strong></span> <span class='ocrx_word' id='word_1_851' title='bbox 3101 4228 3171 4303; x_wconf 74' lang='lat' dir='ltr'><strong>Et</strong></span> <span class='ocrx_word' id='word_1_852' title='bbox 3192 4228 3318 4299; x_wconf 89' lang='lat' dir='ltr'><strong>quid</strong></span> <span class='ocrx_word' id='word_1_853' title='bbox 3346 4228 3519 4293; x_wconf 86' lang='lat' dir='ltr'><strong>dicam</strong></span> <span class='ocrx_word' id='word_1_854' title='bbox 3550 4226 3822 4297; x_wconf 72' lang='lat' dir='ltr'><strong>amplius?</strong></span> 
     </span>
    </p>
   </div>
   <div class='ocr_carea' id='block_1_106' title="bbox 2229 4304 3820 4405">
    <p class='ocr_par' dir='ltr' id='par_1_106' title="bbox 2229 4304 3820 4405">
     <span class='ocr_line' id='line_1_107' title="bbox 2229 4304 3820 4405; baseline -0.005 -24"><span class='ocrx_word' id='word_1_855' title='bbox 2229 4312 2443 4381; x_wconf 84' lang='lat' dir='ltr'><strong>invenio</strong></span> <span class='ocrx_word' id='word_1_856' title='bbox 2483 4325 2536 4378; x_wconf 91' lang='lat' dir='ltr'><strong>in</strong></span> <span class='ocrx_word' id='word_1_857' title='bbox 2578 4334 2821 4405; x_wconf 76' lang='lat' dir='ltr'><strong>creatura</strong></span> <span class='ocrx_word' id='word_1_858' title='bbox 2863 4322 3063 4397; x_wconf 72' lang='lat' dir='ltr'><strong>coelum</strong></span> <span class='ocrx_word' id='word_1_859' title='bbox 3104 4304 3337 4391; x_wconf 84' lang='lat' dir='ltr'><strong>bonum,</strong></span> <span class='ocrx_word' id='word_1_860' title='bbox 3377 4321 3543 4375; x_wconf 89' lang='lat' dir='ltr'><strong>solem</strong></span> <span class='ocrx_word' id='word_1_861' title='bbox 3583 4320 3820 4386; x_wconf 83' lang='lat' dir='ltr'><strong>bonum,</strong></span> 
     </span>
    </p>
   </div>
   <div class='ocr_carea' id='block_1_107' title="bbox 2228 4414 3823 4495">
    <p class='ocr_par' dir='ltr' id='par_1_107' title="bbox 2228 4414 3823 4495">
     <span class='ocr_line' id='line_1_108' title="bbox 2228 4414 3823 4495; baseline -0.007 -20"><span class='ocrx_word' id='word_1_862' title='bbox 2228 4414 2643 4493; x_wconf 21' lang='lat' dir='ltr'><strong>lu‘uatn&#39;bonam,</strong></span> <span class='ocrx_word' id='word_1_863' title='bbox 2676 4417 2855 4473; x_wconf 87' lang='lat' dir='ltr'><strong>stellas</strong></span> <span class='ocrx_word' id='word_1_864' title='bbox 2885 4415 3089 4495; x_wconf 55' lang='lat' dir='ltr'><strong>bonas;</strong></span> <span class='ocrx_word' id='word_1_865' title='bbox 3116 4424 3313 4489; x_wconf 77' lang='lat' dir='ltr'><strong>terram</strong></span> <span class='ocrx_word' id='word_1_866' title='bbox 3341 4415 3556 4487; x_wconf 85' lang='lat' dir='ltr'><strong>bonam,</strong></span> <span class='ocrx_word' id='word_1_867' title='bbox 3589 4431 3707 4493; x_wconf 63' lang='lat' dir='ltr'><strong>qtae</strong></span> <span class='ocrx_word' id='word_1_868' title='bbox 3734 4416 3823 4486; x_wconf 77' lang='lat' dir='ltr'><strong>gi-</strong></span> 
     </span>
    </p>
   </div>
   <div class='ocr_carea' id='block_1_108' title="bbox 2227 4506 3827 4584">
    <p class='ocr_par' dir='ltr' id='par_1_108' title="bbox 2227 4506 3827 4584">
     <span class='ocr_line' id='line_1_109' title="bbox 2227 4506 3827 4584; baseline -0.003 -19"><span class='ocrx_word' id='word_1_869' title='bbox 2227 4519 2461 4584; x_wconf 80' lang='lat' dir='ltr'><strong>gnuntur</strong></span> <span class='ocrx_word' id='word_1_870' title='bbox 2498 4510 2547 4563; x_wconf 93' lang='lat' dir='ltr'><strong>in</strong></span> <span class='ocrx_word' id='word_1_871' title='bbox 2587 4519 2724 4583; x_wconf 86' lang='lat' dir='ltr'><strong>terra</strong></span> <span class='ocrx_word' id='word_1_872' title='bbox 2764 4518 2817 4571; x_wconf 89' lang='lat' dir='ltr'><strong>et</strong></span> <span class='ocrx_word' id='word_1_873' title='bbox 2855 4507 3121 4567; x_wconf 87' lang='lat' dir='ltr'><strong>radicibus</strong></span> <span class='ocrx_word' id='word_1_874' title='bbox 3159 4506 3277 4560; x_wconf 66' lang='lat' dir='ltr'><strong>nisa</strong></span> <span class='ocrx_word' id='word_1_875' title='bbox 3316 4513 3466 4579; x_wconf 79' lang='lat' dir='ltr'><strong>sunt,</strong></span> <span class='ocrx_word' id='word_1_876' title='bbox 3505 4508 3673 4569; x_wconf 72' lang='lat' dir='ltr'><strong>licita;</strong></span> <span class='ocrx_word' id='word_1_877' title='bbox 3700 4522 3827 4577; x_wconf 66' lang='lat' dir='ltr'><strong>quae</strong></span> 
     </span>
    </p>
   </div>
   <div class='ocr_carea' id='block_1_109' title="bbox 2229 4598 3830 4679">
    <p class='ocr_par' dir='ltr' id='par_1_109' title="bbox 2229 4598 3830 4679">
     <span class='ocr_line' id='line_1_110' title="bbox 2229 4598 3830 4679; baseline -0.005 -23"><span class='ocrx_word' id='word_1_878' title='bbox 2229 4605 2499 4679; x_wconf 73' lang='lat' dir='ltr'><strong>ambulant</strong></span> <span class='ocrx_word' id='word_1_879' title='bbox 2527 4600 2579 4656; x_wconf 85' lang='lat' dir='ltr'><strong>et</strong></span> <span class='ocrx_word' id='word_1_880' title='bbox 2609 4610 2902 4679; x_wconf 88' lang='lat' dir='ltr'><strong>moventur,</strong></span> <span class='ocrx_word' id='word_1_881' title='bbox 2934 4600 3104 4664; x_wconf 88' lang='lat' dir='ltr'><strong>bona;</strong></span> <span class='ocrx_word' id='word_1_882' title='bbox 3138 4615 3253 4667; x_wconf 71' lang='lat' dir='ltr'><strong>qua!</strong></span> <span class='ocrx_word' id='word_1_883' title='bbox 3282 4598 3501 4653; x_wconf 86' lang='lat' dir='ltr'><strong>volitant</strong></span> <span class='ocrx_word' id='word_1_884' title='bbox 3530 4599 3581 4651; x_wconf 87' lang='lat' dir='ltr'><strong>in</strong></span> <span class='ocrx_word' id='word_1_885' title='bbox 3613 4614 3735 4665; x_wconf 78' lang='lat' dir='ltr'><strong>aere</strong></span> <span class='ocrx_word' id='word_1_886' title='bbox 3768 4606 3830 4655; x_wconf 76' lang='lat' dir='ltr'><strong>et</strong></span> 
     </span>
    </p>
   </div>
   <div class='ocr_carea' id='block_1_110' title="bbox 2230 4691 3827 4768">
    <p class='ocr_par' dir='ltr' id='par_1_110' title="bbox 2230 4691 3827 4768">
     <span class='ocr_line' id='line_1_111' title="bbox 2230 4691 3827 4768; baseline -0.004 -15"><span class='ocrx_word' id='word_1_887' title='bbox 2230 4707 2413 4753; x_wconf 88' lang='lat' dir='ltr'><strong>natant</strong></span> <span class='ocrx_word' id='word_1_888' title='bbox 2443 4698 2492 4751; x_wconf 91' lang='lat' dir='ltr'><strong>in</strong></span> <span class='ocrx_word' id='word_1_889' title='bbox 2525 4699 2694 4768; x_wconf 89' lang='lat' dir='ltr'><strong>aquis,</strong></span> <span class='ocrx_word' id='word_1_890' title='bbox 2728 4696 2883 4753; x_wconf 85' lang='lat' dir='ltr'><strong>bona.</strong></span> <span class='ocrx_word' id='word_1_891' title='bbox 2922 4695 3046 4767; x_wconf 82' lang='lat' dir='ltr'><strong>Dico</strong></span> <span class='ocrx_word' id='word_1_892' title='bbox 3072 4704 3123 4747; x_wconf 87' lang='lat' dir='ltr'><strong>et</strong></span> <span class='ocrx_word' id='word_1_893' title='bbox 3152 4693 3418 4747; x_wconf 84' lang='lat' dir='ltr'><strong>hominem</strong></span> <span class='ocrx_word' id='word_1_894' title='bbox 3448 4694 3644 4761; x_wconf 78' lang='lat' dir='ltr'><strong>bonum</strong></span> <span class='ocrx_word' id='word_1_895' title='bbox 3672 4708 3688 4747; x_wconf 88' lang='lat'><strong>:</strong></span> <span class='ocrx_word' id='word_1_896' title='bbox 3714 4691 3827 4763; x_wconf 62' lang='lat' dir='ltr'><strong>Ilo-</strong></span> 
     </span>
    </p>
   </div>
   <div class='ocr_carea' id='block_1_111' title="bbox 2230 4788 3827 4861">
    <p class='ocr_par' dir='ltr' id='par_1_111' title="bbox 2230 4788 3827 4861">
     <span class='ocr_line' id='line_1_112' title="bbox 2230 4788 3827 4861; baseline -0.005 -15"><span class='ocrx_word' id='word_1_897' title='bbox 2230 4809 2310 4846; x_wconf 88' lang='lat' dir='ltr'><strong>mo</strong></span> <span class='ocrx_word' id='word_1_898' title='bbox 2336 4792 2476 4847; x_wconf 91' lang='lat' dir='ltr'><strong>enim</strong></span> <span class='ocrx_word' id='word_1_899' title='bbox 2506 4792 2661 4853; x_wconf 83' lang='lat' dir='ltr'><strong>bonus</strong></span> <span class='ocrx_word' id='word_1_900' title='bbox 2690 4795 2751 4843; x_wconf 87' lang='lat' dir='ltr'><strong>de</strong></span> <span class='ocrx_word' id='word_1_901' title='bbox 2779 4790 2906 4843; x_wconf 88' lang='lat' dir='ltr'><strong>bono</strong></span> <span class='ocrx_word' id='word_1_902' title='bbox 2935 4790 3169 4856; x_wconf 84' lang='lat' dir='ltr'><strong>thesauro</strong></span> <span class='ocrx_word' id='word_1_903' title='bbox 3192 4790 3355 4841; x_wconf 81' lang='lat' dir='ltr'><strong>cordis</strong></span> <span class='ocrx_word' id='word_1_904' title='bbox 3385 4790 3463 4859; x_wconf 60' lang='lat' dir='ltr'><strong>sui</strong></span> <span class='ocrx_word' id='word_1_905' title='bbox 3500 4790 3689 4861; x_wconf 63' lang='lat' dir='ltr'><strong>profert</strong></span> <span class='ocrx_word' id='word_1_906' title='bbox 3731 4788 3827 4845; x_wconf 82' lang='lat' dir='ltr'><strong>bo-</strong></span> 
     </span>
    </p>
   </div>
   <div class='ocr_carea' id='block_1_112' title="bbox 2232 4878 3830 4963">
    <p class='ocr_par' dir='ltr' id='par_1_112' title="bbox 2232 4878 3830 4963">
     <span class='ocr_line' id='line_1_113' title="bbox 2232 4878 3830 4963; baseline -0.007 -27"><span class='ocrx_word' id='word_1_907' title='bbox 2232 4901 2351 4963; x_wconf 78' lang='lat' dir='ltr'><strong>num</strong></span> <span class='ocrx_word' id='word_1_908' title='bbox 2379 4880 2502 4953; x_wconf 85' lang='lat' dir='ltr'><strong>(Id.</strong></span> <span class='ocrx_word' id='word_1_909' title='bbox 2532 4898 2607 4959; x_wconf 70' lang='lat' dir='ltr'><strong>xit</strong></span> <span class='ocrx_word' id='word_1_910' title='bbox 2628 4923 2643 4941; x_wconf 84' lang='lat'><strong>,</strong></span> <span class='ocrx_word' id='word_1_911' title='bbox 2676 4882 2799 4949; x_wconf 11' lang='lat'><strong>57.3,).</strong></span> <span class='ocrx_word' id='word_1_912' title='bbox 2835 4881 2957 4934; x_wconf 70' lang='lat' dir='ltr'><strong>Ilico</strong></span> <span class='ocrx_word' id='word_1_913' title='bbox 2979 4890 3030 4934; x_wconf 91' lang='lat' dir='ltr'><strong>et</strong></span> <span class='ocrx_word' id='word_1_914' title='bbox 3060 4878 3305 4949; x_wconf 79' lang='lat' dir='ltr'><strong>angelum</strong></span> <span class='ocrx_word' id='word_1_915' title='bbox 3338 4879 3569 4955; x_wconf 64' lang='lat' dir='ltr'><strong>bonum,</strong></span> <span class='ocrx_word' id='word_1_916' title='bbox 3598 4880 3683 4944; x_wconf 85' lang='lat' dir='ltr'><strong>qui</strong></span> <span class='ocrx_word' id='word_1_917' title='bbox 3718 4895 3830 4934; x_wconf 80' lang='lat' dir='ltr'><strong>non</strong></span> 
     </span>
    </p>
   </div>
   <div class='ocr_carea' id='block_1_113' title="bbox 2232 4971 3832 5045">
    <p class='ocr_par' dir='ltr' id='par_1_113' title="bbox 2232 4971 3832 5045">
     <span class='ocr_line' id='line_1_114' title="bbox 2232 4971 3832 5045; baseline -0.004 -15"><span class='ocrx_word' id='word_1_918' title='bbox 2232 4989 2311 5033; x_wconf 88' lang='lat' dir='ltr'><strong>est</strong></span> <span class='ocrx_word' id='word_1_919' title='bbox 2342 4977 2517 5045; x_wconf 69' lang='lat' dir='ltr'><strong>lapms</strong></span> <span class='ocrx_word' id='word_1_920' title='bbox 2547 4974 2793 5042; x_wconf 73' lang='lat' dir='ltr'><strong>superbia</strong></span> <span class='ocrx_word' id='word_1_921' title='bbox 2817 4982 2868 5029; x_wconf 87' lang='lat' dir='ltr'><strong>et</strong></span> <span class='ocrx_word' id='word_1_922' title='bbox 2894 4972 3134 5026; x_wconf 70' lang='lat' dir='ltr'><strong>diabolus</strong></span> <span class='ocrx_word' id='word_1_923' title='bbox 3169 4971 3335 5026; x_wconf 75' lang='lat' dir='ltr'><strong>laetus</strong></span> <span class='ocrx_word' id='word_1_924' title='bbox 3363 4982 3481 5039; x_wconf 83' lang='lat' dir='ltr'><strong>cst;</strong></span> <span class='ocrx_word' id='word_1_925' title='bbox 3515 4971 3606 5025; x_wconf 78' lang='lat' dir='ltr'><strong>sed</strong></span> <span class='ocrx_word' id='word_1_926' title='bbox 3652 4971 3832 5029; x_wconf 59' lang='lat' dir='ltr'><strong>iube-</strong></span> 
     </span>
    </p>
   </div>
   <div class='ocr_carea' id='block_1_114' title="bbox 2232 5058 3832 5136">
    <p class='ocr_par' dir='ltr' id='par_1_114' title="bbox 2232 5058 3832 5136">
     <span class='ocr_line' id='line_1_115' title="bbox 2232 5058 3832 5136; baseline -0.008 -12"><span class='ocrx_word' id='word_1_927' title='bbox 2232 5079 2316 5124; x_wconf 88' lang='lat' dir='ltr'><strong>ret</strong></span> <span class='ocrx_word' id='word_1_928' title='bbox 2357 5058 2652 5122; x_wconf 85' lang='lat' dir='ltr'><strong>obcdiendo</strong></span> <span class='ocrx_word' id='word_1_929' title='bbox 2696 5065 2743 5119; x_wconf 87' lang='lat' dir='ltr'><strong>ei</strong></span> <span class='ocrx_word' id='word_1_930' title='bbox 2767 5066 2783 5095; x_wconf 82' lang='grc'>¹</span> <span class='ocrx_word' id='word_1_931' title='bbox 2814 5080 2844 5118; x_wconf 91' lang='lat' dir='ltr'><strong>a</strong></span> <span class='ocrx_word' id='word_1_932' title='bbox 2874 5080 2979 5136; x_wconf 90' lang='lat' dir='ltr'><strong>quo</strong></span> <span class='ocrx_word' id='word_1_933' title='bbox 3024 5064 3193 5117; x_wconf 78' lang='lat' dir='ltr'><strong>factus</strong></span> <span class='ocrx_word' id='word_1_934' title='bbox 3225 5072 3325 5116; x_wconf 71' lang='lat' dir='ltr'><strong>est.</strong></span> <span class='ocrx_word' id='word_1_935' title='bbox 3356 5062 3544 5121; x_wconf 78' lang='lat' dir='ltr'><strong>Omnia</strong></span> <span class='ocrx_word' id='word_1_936' title='bbox 3577 5064 3672 5133; x_wconf 78' lang='lat' dir='ltr'><strong>ista</strong></span> <span class='ocrx_word' id='word_1_937' title='bbox 3705 5064 3832 5116; x_wconf 84' lang='lat' dir='ltr'><strong>dico</strong></span> 
     </span>
    </p>
   </div>
   <div class='ocr_carea' id='block_1_115' title="bbox 2232 5152 3827 5223">
    <p class='ocr_par' dir='ltr' id='par_1_115' title="bbox 2232 5152 3827 5223">
     <span class='ocr_line' id='line_1_116' title="bbox 2232 5152 3827 5223; baseline -0.006 -9"><span class='ocrx_word' id='word_1_938' title='bbox 2232 5159 2391 5223; x_wconf 84' lang='lat' dir='ltr'><strong>bona,</strong></span> <span class='ocrx_word' id='word_1_939' title='bbox 2418 5160 2509 5211; x_wconf 75' lang='lat' dir='ltr'><strong>sed</strong></span> <span class='ocrx_word' id='word_1_940' title='bbox 2534 5168 2851 5212; x_wconf 87' lang='lat' dir='ltr'><strong>tamencum</strong></span> <span class='ocrx_word' id='word_1_941' title='bbox 2879 5156 2988 5208; x_wconf 76' lang='lat' dir='ltr'><strong>suis</strong></span> <span class='ocrx_word' id='word_1_942' title='bbox 3014 5154 3351 5215; x_wconf 82' lang='lat' dir='ltr'><strong>nominibus;</strong></span> <span class='ocrx_word' id='word_1_943' title='bbox 3376 5152 3570 5207; x_wconf 71' lang='lat' dir='ltr'><strong>cii-lum</strong></span> <span class='ocrx_word' id='word_1_944' title='bbox 3604 5152 3827 5219; x_wconf 74' lang='lat' dir='ltr'><strong>bonum,</strong></span> 
     </span>
    </p>
   </div>
   <div class='ocr_carea' id='block_1_116' title="bbox 2232 5240 3831 5326">
    <p class='ocr_par' dir='ltr' id='par_1_116' title="bbox 2232 5240 3831 5326">
     <span class='ocr_line' id='line_1_117' title="bbox 2232 5240 3831 5326; baseline -0.005 -19"><span class='ocrx_word' id='word_1_945' title='bbox 2232 5240 2478 5326; x_wconf 81' lang='lat' dir='ltr'><strong>angelum</strong></span> <span class='ocrx_word' id='word_1_946' title='bbox 2509 5252 2704 5304; x_wconf 90' lang='lat' dir='ltr'><strong>bonum</strong></span> <span class='ocrx_word' id='word_1_947' title='bbox 2724 5292 2737 5313; x_wconf 91' lang='lat'><strong>,</strong></span> <span class='ocrx_word' id='word_1_948' title='bbox 2772 5248 3041 5325; x_wconf 86' lang='lat' dir='ltr'><strong>hominem</strong></span> <span class='ocrx_word' id='word_1_949' title='bbox 3085 5247 3280 5301; x_wconf 89' lang='lat' dir='ltr'><strong>bonum</strong></span> <span class='ocrx_word' id='word_1_950' title='bbox 3312 5264 3322 5297; x_wconf 94' lang='lat'>:</span> <span class='ocrx_word' id='word_1_951' title='bbox 3350 5247 3414 5299; x_wconf 90' lang='lat' dir='ltr'><strong>ad</strong></span> <span class='ocrx_word' id='word_1_952' title='bbox 3450 5245 3614 5317; x_wconf 67' lang='lat' dir='ltr'><strong>Deum</strong></span> <span class='ocrx_word' id='word_1_953' title='bbox 3645 5255 3831 5299; x_wconf 86' lang='lat' dir='ltr'><strong>autem</strong></span> 
     </span>
    </p>
   </div>
   <div class='ocr_carea' id='block_1_117' title="bbox 2233 5338 3831 5413">
    <p class='ocr_par' dir='ltr' id='par_1_117' title="bbox 2233 5338 3831 5413">
     <span class='ocr_line' id='line_1_118' title="bbox 2233 5338 3831 5413; baseline -0.004 -12"><span class='ocrx_word' id='word_1_954' title='bbox 2233 5362 2354 5402; x_wconf 91' lang='lat' dir='ltr'><strong>cum</strong></span> <span class='ocrx_word' id='word_1_955' title='bbox 2380 5361 2465 5400; x_wconf 86' lang='lat' dir='ltr'><strong>me</strong></span> <span class='ocrx_word' id='word_1_956' title='bbox 2486 5342 2681 5409; x_wconf 75' lang='lat' dir='ltr'><strong>refert),</strong></span> <span class='ocrx_word' id='word_1_957' title='bbox 2710 5342 3043 5412; x_wconf 87' lang='lat' dir='ltr'><strong>putomelius</strong></span> <span class='ocrx_word' id='word_1_958' title='bbox 3066 5339 3190 5392; x_wconf 78' lang='lat' dir='ltr'><strong>nillil</strong></span> <span class='ocrx_word' id='word_1_959' title='bbox 3214 5339 3393 5394; x_wconf 88' lang='lat' dir='ltr'><strong>dicere</strong></span> <span class='ocrx_word' id='word_1_960' title='bbox 3419 5354 3579 5413; x_wconf 81' lang='lat' dir='ltr'><strong>quam</strong></span> <span class='ocrx_word' id='word_1_961' title='bbox 3605 5338 3831 5411; x_wconf 64' lang='lat' dir='ltr'><strong>bonum.</strong></span> 
     </span>
    </p>
   </div>
   <div class='ocr_carea' id='block_1_118' title="bbox 2236 5431 3836 5515">
    <p class='ocr_par' dir='ltr' id='par_1_118' title="bbox 2236 5431 3836 5515">
     <span class='ocr_line' id='line_1_119' title="bbox 2236 5431 3836 5515; baseline -0.011 -21"><span class='ocrx_word' id='word_1_962' title='bbox 2236 5441 2351 5515; x_wconf 87' lang='lat' dir='ltr'><strong>Ipse</strong></span> <span class='ocrx_word' id='word_1_963' title='bbox 2378 5441 2573 5511; x_wconf 88' lang='lat' dir='ltr'><strong>quippe</strong></span> <span class='ocrx_word' id='word_1_964' title='bbox 2603 5438 2857 5511; x_wconf 80' lang='lat' dir='ltr'><strong>Doininus</strong></span> <span class='ocrx_word' id='word_1_965' title='bbox 2892 5434 3055 5507; x_wconf 36' lang='lat' dir='ltr'><strong>Iesus.</strong></span> <span class='ocrx_word' id='word_1_966' title='bbox 3073 5433 3314 5507; x_wconf 72' lang='lat' dir='ltr'><strong>Christus</strong></span> <span class='ocrx_word' id='word_1_967' title='bbox 3340 5432 3500 5495; x_wconf 71' lang='lat' dir='ltr'><strong>dixit,</strong></span> <span class='ocrx_word' id='word_1_968' title='bbox 3538 5431 3706 5485; x_wconf 81' lang='lat' dir='ltr'><strong>Homo</strong></span> <span class='ocrx_word' id='word_1_969' title='bbox 3735 5435 3836 5487; x_wconf 79' lang='lat' dir='ltr'><strong>bo.</strong></span> 
     </span>
    </p>
   </div>
   <div class='ocr_carea' id='block_1_119' title="bbox 2233 5523 3834 5604">
    <p class='ocr_par' dir='ltr' id='par_1_119' title="bbox 2233 5523 3834 5604">
     <span class='ocr_line' id='line_1_120' title="bbox 2233 5523 3834 5604; baseline -0.011 -14"><span class='ocrx_word' id='word_1_970' title='bbox 2233 5552 2369 5602; x_wconf 86' lang='lat' dir='ltr'><strong>nus;</strong></span> <span class='ocrx_word' id='word_1_971' title='bbox 2398 5542 2453 5590; x_wconf 89' lang='lat' dir='ltr'><strong>et</strong></span> <span class='ocrx_word' id='word_1_972' title='bbox 2480 5535 2591 5604; x_wconf 72' lang='lat' dir='ltr'><strong>ipse</strong></span> <span class='ocrx_word' id='word_1_973' title='bbox 2622 5534 2744 5587; x_wconf 88' lang='lat' dir='ltr'><strong>item</strong></span> <span class='ocrx_word' id='word_1_974' title='bbox 2773 5530 2937 5594; x_wconf 77' lang='lat' dir='ltr'><strong>dixit,</strong></span> <span class='ocrx_word' id='word_1_975' title='bbox 2968 5528 3128 5581; x_wconf 85' lang='lat' dir='ltr'><strong>Nemo</strong></span> <span class='ocrx_word' id='word_1_976' title='bbox 3160 5527 3348 5597; x_wconf 73' lang='lat' dir='ltr'><strong>bonus,</strong></span> <span class='ocrx_word' id='word_1_977' title='bbox 3381 5525 3477 5601; x_wconf 64' lang='lat' dir='ltr'><strong>nisi</strong></span> <span class='ocrx_word' id='word_1_978' title='bbox 3506 5540 3643 5593; x_wconf 61' lang='lat' dir='ltr'><strong>unus</strong></span> <span class='ocrx_word' id='word_1_979' title='bbox 3667 5523 3834 5580; x_wconf 70' lang='lat' dir='ltr'><strong>Deus.</strong></span> 
     </span>
    </p>
   </div>
   <div class='ocr_carea' id='block_1_120' title="bbox 2233 5616 3839 5703">
    <p class='ocr_par' dir='ltr' id='par_1_120' title="bbox 2233 5616 3839 5703">
     <span class='ocr_line' id='line_1_121' title="bbox 2233 5616 3839 5703; baseline -0.013 -23"><span class='ocrx_word' id='word_1_980' title='bbox 2233 5627 2419 5689; x_wconf 83' lang='lat' dir='ltr'><strong>Nonne</strong></span> <span class='ocrx_word' id='word_1_981' title='bbox 2444 5625 2734 5703; x_wconf 67' lang='lat' dir='ltr'><strong>stimulavit</strong></span> <span class='ocrx_word' id='word_1_982' title='bbox 2759 5638 2854 5678; x_wconf 89' lang='lat' dir='ltr'><strong>nos</strong></span> <span class='ocrx_word' id='word_1_983' title='bbox 2879 5619 2946 5693; x_wconf 85' lang='lat' dir='ltr'><strong>ad</strong></span> <span class='ocrx_word' id='word_1_984' title='bbox 2967 5616 3308 5695; x_wconf 68' lang='lat' dir='ltr'><strong>quwreudum</strong></span> <span class='ocrx_word' id='word_1_985' title='bbox 3333 5620 3467 5683; x_wconf 81' lang='lat' dir='ltr'><strong>etad</strong></span> <span class='ocrx_word' id='word_1_986' title='bbox 3490 5616 3839 5689; x_wconf 68' lang='lat' dir='ltr'><strong>distinguent-</strong></span> 
     </span>
    </p>
   </div>
   <div class='ocr_carea' id='block_1_121' title="bbox 2234 5708 3844 5801">
    <p class='ocr_par' dir='ltr' id='par_1_121' title="bbox 2234 5708 3844 5801">
     <span class='ocr_line' id='line_1_122' title="bbox 2234 5708 3844 5801; baseline -0.008 -23"><span class='ocrx_word' id='word_1_987' title='bbox 2234 5724 2361 5797; x_wconf 77' lang='lat' dir='ltr'><strong>dum</strong></span> <span class='ocrx_word' id='word_1_988' title='bbox 2386 5719 2515 5801; x_wconf 88' lang='lat' dir='ltr'><strong>quid</strong></span> <span class='ocrx_word' id='word_1_989' title='bbox 2539 5721 2611 5799; x_wconf 87' lang='lat' dir='ltr'><strong>sit</strong></span> <span class='ocrx_word' id='word_1_990' title='bbox 2636 5720 2832 5797; x_wconf 82' lang='lat' dir='ltr'><strong>bonum</strong></span> <span class='ocrx_word' id='word_1_991' title='bbox 2866 5715 2971 5793; x_wconf 80' lang='lat' dir='ltr'><strong>alio</strong></span> <span class='ocrx_word' id='word_1_992' title='bbox 3011 5714 3149 5785; x_wconf 84' lang='lat' dir='ltr'><strong>bono</strong></span> <span class='ocrx_word' id='word_1_993' title='bbox 3171 5711 3401 5791; x_wconf 70' lang='lat' dir='ltr'><strong>bonum,</strong></span> <span class='ocrx_word' id='word_1_994' title='bbox 3427 5720 3483 5793; x_wconf 64' lang='lat' dir='ltr'><strong>et</strong></span> <span class='ocrx_word' id='word_1_995' title='bbox 3512 5708 3711 5773; x_wconf 84' lang='lat' dir='ltr'><strong>bonum</strong></span> <span class='ocrx_word' id='word_1_996' title='bbox 3746 5724 3844 5765; x_wconf 76' lang='lat' dir='ltr'><strong>sc-</strong></span> 
     </span>
    </p>
   </div>
   <div class='ocr_carea' id='block_1_122' title="bbox 2300 5862 3844 5940">
    <p class='ocr_par' dir='ltr' id='par_1_122' title="bbox 2300 5862 3844 5940">
     <span class='ocr_line' id='line_1_123' title="bbox 2300 5862 3844 5940; baseline -0.013 -6"><span class='ocrx_word' id='word_1_997' title='bbox 2300 5886 2315 5916; x_wconf 83' lang='grc'>¹</span> <span class='ocrx_word' id='word_1_998' title='bbox 2342 5883 2414 5933; x_wconf 84' lang='lat' dir='ltr'><strong>Sic</strong></span> <span class='ocrx_word' id='word_1_999' title='bbox 2436 5888 2535 5930; x_wconf 76' lang='lat' dir='ltr'><strong>Am.</strong></span> <span class='ocrx_word' id='word_1_1000' title='bbox 2556 5885 2630 5929; x_wconf 82' lang='lat' dir='ltr'><strong>Er.</strong></span> <span class='ocrx_word' id='word_1_1001' title='bbox 2659 5883 2709 5927; x_wconf 90' lang='lat' dir='ltr'><strong>et</strong></span> <span class='ocrx_word' id='word_1_1002' title='bbox 2734 5874 2959 5940; x_wconf 79' lang='lat' dir='ltr'><strong>plerique</strong></span> <span class='ocrx_word' id='word_1_1003' title='bbox 2982 5881 3085 5923; x_wconf 74' lang='lat' dir='ltr'><strong>Mss.</strong></span> <span class='ocrx_word' id='word_1_1004' title='bbox 3104 5876 3317 5940; x_wconf 72' lang='lat' dir='ltr'><strong>_At_l.o_v.:</strong></span> <span class='ocrx_word' id='word_1_1005' title='bbox 3344 5873 3402 5940; x_wconf 69' lang='grc' dir='ltr'><strong>ξι</strong></span> <span class='ocrx_word' id='word_1_1006' title='bbox 3426 5862 3647 5940; x_wconf 69' lang='lat' dir='ltr'><strong>diabolus</strong></span> <span class='ocrx_word' id='word_1_1007' title='bbox 3670 5866 3844 5928; x_wconf 63' lang='lat' dir='ltr'><strong>facta.</strong></span> 
     </span>
    </p>
   </div>
   <div class='ocr_carea' id='block_1_123' title="bbox 2236 5929 3538 6004">
    <p class='ocr_par' dir='ltr' id='par_1_123' title="bbox 2236 5929 3538 6004">
     <span class='ocr_line' id='line_1_124' title="bbox 2236 5929 3538 6004; baseline -0.015 -5"><span class='ocrx_word' id='word_1_1008' title='bbox 2236 5952 2306 5999; x_wconf 81' lang='lat' dir='ltr'><strong>est</strong></span> <span class='ocrx_word' id='word_1_1009' title='bbox 2518 5948 2564 5993; x_wconf 77' lang='lat' dir='ltr'><strong>et</strong></span> <span class='ocrx_word' id='word_1_1010' title='bbox 2581 5946 2702 5992; x_wconf 77' lang='lat' dir='ltr'><strong>esset</strong></span> <span class='ocrx_word' id='word_1_1011' title='bbox 2723 5929 2767 5991; x_wconf 71' lang='grc' dir='ltr'><strong>ἐξ</strong></span> <span class='ocrx_word' id='word_1_1012' title='bbox 2787 5929 3046 5988; x_wconf 70' lang='grc' dir='ltr'><strong>ἰηὴὶενενει</strong></span> <span class='ocrx_word' id='word_1_1013' title='bbox 3069 5934 3115 6001; x_wconf 63' lang='grc' dir='ltr'><strong>εξ</strong></span> <span class='ocrx_word' id='word_1_1014' title='bbox 3140 5929 3422 6003; x_wconf 60' lang='lat' dir='ltr'><strong>oboediendo,</strong></span> <span class='ocrx_word' id='word_1_1015' title='bbox 3445 5936 3538 5982; x_wconf 84' lang='lat' dir='ltr'><strong>etc.</strong></span> 
     </span>
    </p>
   </div>
  </div>
