4160 6440
286 408 427 486 ιτιι

282 526 408 598 ipso
433 521 672 582 bonum?
696 519 865 589 Quam
886 534 1015 593 ergo
1042 521 1241 577 bonum
1268 529 1351 578 est
1372 538 1401 576 a
1424 536 1528 591 quo
1556 529 1677 575 Sttnt
1700 520 1877 585 omnia

281 618 462 675 bona?
490 616 722 683 Diuinino
749 614 951 675 nullum
980 615 1216 669 invenias
1240 615 1255 645 ¹
1285 614 1480 669 bonum
1510 614 1649 685 quod
1679 630 1782 669 non
1814 614 1881 670 ab

284 711 388 775 illo
407 710 473 763 sit
501 709 719 771 bonum.
748 707 949 767 Dorium
978 707 1113 765 bona
1139 707 1334 763 faciens
1360 707 1514 771 sicuti
1535 716 1618 771 est
1644 706 1877 781 proprie,

282 805 370 871 sic
396 812 449 859 et
478 802 673 867 bonum
696 801 717 831 ³
749 810 831 855 εει
858 800 1088 871 proprie.
1121 797 1304 869 Neque
1326 800 1467 854 enim
1494 816 1553 854 ea
1585 816 1701 871 qua:
1733 799 1877 875 fecit,

281 912 394 953 non
422 904 579 963 sunt;
609 902 699 947 aut
727 892 913 962 injuria
946 892 1017 946 illi
1048 891 1133 959 lit,
1160 907 1279 949 euut
1318 891 1545 961 dieiutus
1584 908 1689 963 non
1710 891 1730 923 ³
1759 906 1880 951 εεεε

279 1004 404 1060 qua:
437 986 580 1054 fecit,
612 985 790 1054 Quare
827 984 969 1053 enim
1011 983 1165 1052 fecit,
1198 984 1245 1047 si
1274 1000 1379 1051 pop
1410 993 1533 1043 sunt
1568 1000 1690 1055 qua:
1718 983 1880 1055 fecit?

278 1092 378 1139 aut
411 1080 539 1149 quid
582 1078 738 1145 fecit,
766 1078 812 1143 si
845 1061 1056 1147 nonest
1085 1077 1229 1149 quod
1258 1076 1416 1139 fecit?
1441 1075 1575 1147 Qum
1611 1092 1739 1149 ergo,
1773 1077 1881 1151 sint

279 1184 336 1241 et
369 1173 454 1227 illa
481 1187 595 1239 qua:
627 1170 785 1249 iacit,
817 1171 1029 1237 venitur
1054 1179 1229 1241 tamen
1258 1169 1325 1225 ad
1354 1170 1493 1239 illius
1521 1170 1878 1245 comparatio-

278 1282 407 1321 nem
432 1283 446 1331 ;
474 1275 528 1320 et
557 1274 802 1334 tanquam
833 1264 978 1318 solus
1008 1265 1071 1316 sil
1094 1303 1109 1328 ,
1136 1262 1301 1325 dixit,
1332 1258 1445 1334 Ego
1481 1279 1589 1323 sum
1615 1263 1700 1333 qui
1728 1278 1878 1339 sum;

279 1371 336 1425 et
356 1404 372 1429 ,
412 1359 562 1427 Dices
588 1359 709 1427 filiis
736 1356 901 1415 Israel
923 1399 938 1421 ,
973 1356 1075 1433 Qui
1100 1364 1173 1423 est
1191 1396 1207 1422 ,
1248 1356 1383 1417 misit
1419 1373 1498 1411 me
1525 1355 1592 1410 ad
1626 1371 1729 1411 vos.
1761 1354 1877 1409 Non

278 1453 437 1523 dixit,
474 1450 729 1509 Dominus
759 1449 898 1515 Deus
928 1448 1014 1502 ille
1041 1450 1399 1515 omnipotens,
1432 1446 1759 1512 misericors,
1787 1446 1876 1513 jn-

279 1555 399 1611 stus
432 1562 443 1596 :
471 1559 590 1614 qua:
617 1542 659 1609 si
688 1541 923 1613 diceret,
953 1540 1131 1615 utique
1158 1554 1279 1597 vera
1307 1538 1523 1603 diceret.
1554 1538 1785 1597 Sublatis
1812 1538 1878 1594 de

280 1635 463 1701 medio
490 1634 737 1695 omnibus
767 1631 959 1703 quibus
995 1630 1251 1711 appellari
1284 1640 1460 1700 posset
1485 1639 1537 1685 et
1566 1630 1672 1685 dici
1702 1631 1875 1707 Deus,

282 1727 459 1797 ipsum
485 1740 604 1791 esse
628 1739 687 1791 se
713 1723 891 1789 vocari
924 1723 1228 1795 reSpondit;
1257 1733 1311 1779 et
1340 1734 1583 1792 tanquam
1612 1723 1714 1779 hoc
1736 1732 1880 1783 esset

281 1822 332 1895 ei
360 1835 555 1891 nomen
580 1836 594 1872 :
630 1816 739 1885 Hoc
768 1817 902 1885 dices
927 1817 1020 1883 eis,
1052 1816 1240 1885 inquit,
1271 1814 1370 1893 Qui
1400 1825 1491 1882 est,
1520 1816 1651 1869 misit
1678 1833 1771 1875 me.
1805 1816 1877 1870 Ita

283 1913 431 1977 enim
472 1912 560 1979 ille
598 1920 714 1981 est,
753 1918 809 1971 ut
846 1909 895 1967 in
937 1907 1052 1981 ejus
1088 1908 1485 1983 cmnparatione
1510 1923 1570 1961 ea
1597 1924 1715 1977 qua:
1741 1907 1878 1979 facta

284 2014 449 2069 sunt,
482 2020 585 2069 non
625 2004 749 2073 sint.
791 2000 889 2069 Illo
924 2017 1027 2063 non
1064 2010 1401 2071 comparato,
1438 2012 1596 2065 sunt;
1627 1999 1877 2071 quoniam

284 2100 351 2155 ab
384 2099 476 2154 illo
505 2106 629 2155 sunt
661 2113 674 2159 ς
706 2096 776 2150 illi
812 2104 987 2161 autem
1026 2102 1330 2165 cori‘iparata
1351 2133 1367 2160 ,
1398 2107 1501 2146 non
1539 2102 1662 2148 sunt
1682 2090 1724 2157 ⁸,
1756 2092 1878 2162 quia

283 2206 473 2246 verum
511 2203 628 2255 esse
647 2230 661 2252 ,
692 2186 1126 2255 inconnuutahile
1154 2200 1272 2257 esse
1301 2196 1381 2241 est
1400 2227 1416 2251 ,
1448 2184 1588 2257 quod
1620 2185 1707 2240 ille
1734 2185 1879 2253 solus

285 2294 388 2347 est.
439 2284 530 2347 Est
567 2282 707 2345 enim
747 2290 861 2349 est,
896 2281 1033 2349 sicut
1074 2279 1330 2345 bonorum
1355 2278 1375 2309 ⁵
1416 2277 1648 2341 bonum,
1683 2277 1879 2349 bonum

282 2388 389 2447 est.
422 2374 693 2447 Cogitate,
726 2382 781 2439 et
816 2372 991 2435 videte
1020 2373 1268 2445 quoniam
1298 2369 1549 2441 quidquid
1582 2369 1723 2425 aliud
1766 2371 1878 2424 Iau-

284 2470 447 2541 qatis,
479 2469 598 2523 ideo
627 2450 850 2527 laudatis
873 2465 993 2534 quia
1024 2450 1216 2519 bonum
1244 2472 1343 2517 est.
1371 2462 1566 2517 Insanit
1588 2462 1674 2531 qui
1704 2461 1882 2518 laudat

283 2564 431 2635 quod
471 2580 573 2621 non
611 2571 691 2616 est
722 2561 939 2619 bonum.
974 2557 1029 2614 Si
1063 2558 1243 2612 laudes
1274 2556 1509 2624 iniquum
1539 2572 1604 2611 eo
1635 2559 1748 2627 ipso
1777 2570 1882 2625 quo

283 2657 501 2727 iniquus
528 2663 629 2725 est,
658 2667 834 2709 nonne
856 2660 909 2707 et
938 2661 990 2705 ιιι
1019 2651 1227 2720 iniquus
1253 2648 1395 2704 eris?
1419 2649 1471 2709 Si
1502 2646 1684 2713 laudes
1711 2646 1879 2703 furem

282 2764 345 2811 eo
385 2749 504 2819 ipso
543 2760 647 2814 quo
677 2744 762 2803 fur
798 2755 879 2811 est
902 2786 917 2812 ,
958 2757 1136 2798 nonne
1175 2752 1228 2797 et
1259 2751 1309 2795 tu
1356 2741 1619 2811 particeps
1648 2740 1794 2796 eris?
1825 2740 1879 2796 Si

281 2842 478 2905 laudes
499 2840 700 2911 justum
734 2839 783 2895 in
812 2852 878 2892 eo
910 2837 1025 2906 ipso
1054 2850 1158 2905 quo
1190 2834 1367 2905 justus
1396 2842 1505 2905 est,
1540 2848 1714 2891 nonne
1740 2841 1795 2887 et
1826 2840 1879 2903 tu

278 2935 456 2997 habes
484 2934 605 2991 inde
642 2941 842 3003 partem
878 2928 1180 2997 laudando?
1212 2928 1324 2995 Non
1354 2926 1494 2993 enim
1525 2924 1768 2981 laudares
1794 2927 1879 2995 ju-

277 3042 444 3087 Stnm.
471 3027 569 3081 nisi
598 3039 843 3089 amares;
874 3038 976 3085 non
1005 3036 1230 3085 amares,
1260 3021 1302 3077 si
1328 3018 1455 3079 nihil
1485 3018 1604 3075 inde
1632 3018 1874 3075 haberes.

274 3122 325 3178 Si
354 3136 491 3192 ergo
512 3117 765 3190 quidquid
792 3115 935 3170 aliud
965 3114 1261 3183 laudamus,
1288 3113 1406 3169 ideo
1435 3112 1730 3179 laudamus,
1755 3113 1875 3183 quia

276 3213 482 3268 ικιιιυιη
522 3219 640 3271 est;
685 3208 823 3263 nulla
868 3207 959 3261 tibi
1000 3204 1169 3273 major
1209 3219 1365 3275 causa
1396 3215 1445 3269 et
1481 3204 1670 3259 melior
1698 3212 1750 3258 et
1784 3205 1867 3261 lir:

273 3306 417 3361 mior
444 3303 560 3359 dari
592 3300 760 3373 potuit
786 3315 953 3370 quare
982 3297 1162 3361 laudes
1197 3298 1394 3361 Deum,
1426 3297 1527 3365 nisi
1557 3297 1675 3367 quia
1706 3296 1875 3361 bonus

272 3410 380 3455 est.
418 3399 577 3467 Ergo,
608 3394 837 3451 Laudate
867 3392 1160 3458 Dominum,
1194 3391 1427 3460 quoniam
1459 3390 1614 3451 bonus
1638 3399 1729 3444 est.

341 3493 403 3549 5.
446 3490 708 3558 Quamdiu
741 3489 977 3545 dicamus
1018 3486 1135 3555 ejus
1176 3482 1507 3549 bonitatem?
1548 3484 1676 3549 Quis
1712 3483 1873 3555 corde

272 3584 546 3655 concipiat
571 3591 662 3636 aut
691 3580 1071 3648 complectatur
1100 3593 1256 3647 quam
1289 3578 1456 3631 bonus
1486 3576 1554 3629 sit
1587 3575 1872 3641 Dominus?

273 3676 384 3749 Sed
412 3675 479 3729 ad
514 3689 609 3728 nos
643 3673 943 3739 redeamus,
973 3679 1027 3725 et
1056 3670 1105 3724 iu
1138 3668 1289 3723 nobis
1321 3667 1466 3731 illum
1498 3681 1868 3735 agnoscamus,

272 3780 319 3826 et
353 3770 410 3825 in
441 3767 693 3841 operibus
722 3766 977 3831 artiﬁcem
1019 3761 1331 3829 laudemus;
1370 3760 1487 3830 quia
1535 3759 1705 3827 ipsum
1745 3774 1872 3813 con-

273 3860 523 3939 templari
558 3859 731 3913 idonei
761 3875 862 3911 non
888 3872 1071 3913 sumus
1096 3873 1108 3909 :
1135 3867 1187 3909 et
1210 3856 1251 3909 si
1277 3854 1621 3922 contemplari
1647 3853 1666 3883 ‘
1696 3851 1869 3907 idonei

272 3953 565 4025 aliquando
590 3951 811 4015 erimus,
838 3966 955 4017 cum
990 3948 1148 4013 fuerit
1174 3946 1481 4013 untudatum
1512 3960 1605 3999 cor
1632 3954 1870 4007 nostrum

274 4046 406 4107 ﬁde.
432 4056 491 4100 ut
510 4053 776 4116 postremo
802 4042 1031 4115 gaudeat
1050 4040 1302 4109 νιιιὶιειιε;
1328 4052 1466 4107 nunc
1487 4036 1734 4105 quoidam
1759 4037 1870 4116 ipse

273 4159 302 4199 τι
330 4142 492 4197 nobis
528 4139 698 4195 videri
741 4153 843 4193 nou
885 4145 1090 4208 potest,
1121 4149 1278 4204 opera
1311 4133 1428 4201 ejus
1457 4130 1729 4193 videamus
1751 4114 1871 4194 ,iue

274 4236 396 4293 sine
426 4233 544 4306 ejus
570 4231 725 4289 laude
755 4242 1143 4295 remaneamus.
1180 4227 1315 4295 Ergo
1345 4225 1472 4288 dixi,
1508 4222 1734 4276 Laudale
1760 4220 1870 4277 Do-

278 4328 503 4393 minum,
532 4324 770 4397 quoniam
799 4322 957 4395 lienus
983 4328 1095 4394 est;
1138 4319 1334 4392 psallite
1363 4316 1552 4383 nomini
1577 4317 1713 4386 ejus,
1743 4332 1869 4387 quo-

277 4422 418 4479 niam
444 4419 613 4475 suavis
633 4426 725 4473 est.
754 4416 913 4485 Forte
937 4424 1077 4475 esset
1105 4414 1272 4475 bonus
1293 4418 1347 4465 et
1373 4411 1549 4464 suavis
1577 4423 1677 4473 non
1707 4416 1870 4477 esset,

277 4513 321 4583 si
358 4512 449 4567 tibi
480 4527 584 4566 non
613 4510 761 4569 daret
794 4522 947 4577 posse
972 4514 1201 4577 gustare.
1233 4503 1413 4558 Talem
1444 4511 1619 4563 autem
1651 4516 1708 4557 se
1738 4517 1871 4570 prac~

280 4605 395 4661 buit
444 4604 777 4667 hominibus,
830 4610 886 4654 ut
928 4598 1086 4663 etiam
1136 4611 1323 4669 panem
1370 4592 1438 4649 de
1483 4594 1620 4651 cmlo
1668 4592 1872 4657 miserit

282 4700 473 4775 (Joan.
500 4715 574 4765 vt,
604 4696 805 4765 δεδι),
834 4703 886 4750 ει
916 4692 1108 4749 Filium
1146 4704 1298 4755 suum
1336 4688 1625 4757 mqnalem,
1654 4685 1743 4754 qui
1773 4685 1873 4753 hoc

281 4792 535 4865 estquod
566 4792 712 4861 ipse,
742 4787 954 4847 dederit
990 4784 1261 4855 hominem
1305 4779 1637 4847 iaciendum,
1678 4786 1735 4839 et
1779 4792 1874 4847 pro

283 4884 592 4953 hominibus
614 4879 995 4949 occidendum;
1020 4887 1078 4949 ut
1104 4893 1197 4948 per
1225 4875 1324 4943 hoc
1349 4872 1487 4947 quod
1513 4882 1565 4935 tu
1587 4887 1663 4938 es,
1692 4878 1874 4945 gustus

284 4980 424 5051 quod
456 4993 558 5045 nou
591 4992 669 5043 es.
700 4975 918 5037 Multum
950 4971 1091 5027 enim
1122 4970 1187 5022 ad
1225 4977 1275 5022 te
1308 4976 1423 5033 erat
1453 4977 1666 5039 gustare
1701 4964 1875 5027 suavi.-

284 5083 447 5137 tatem
484 5071 574 5135 Dei
600 5088 612 5135 ;
642 5086 761 5141 quia
794 5076 994 5137 remota
1023 5070 1139 5118 erat
1168 5061 1255 5117 illa
1282 5068 1337 5114 et
1368 5057 1523 5115 nimis
1548 5056 1673 5121 alta,
1699 5067 1751 5109 lu
1782 5071 1877 5111 ιιιιτ

287 5176 391 5222 tem
426 5164 584 5223 nimis
616 5160 855 5231 alijectns
880 5167 934 5212 et
974 5158 1025 5210 iu
1068 5156 1174 5223 into
1208 5152 1411 5222 jnrens.
1460 5149 1516 5219 lu
1553 5162 1738 5218 magna
1776 5147 1874 5215 ista

284 5262 619 5330 separatimte
641 5259 834 5314 missus
852 5272 933 5323 es-
955 5252 1231 5321 Meniator.
1252 5249 1365 5319 Non
1391 5258 1600 5319 poteras
1619 5247 1683 5301 ad
1711 5247 1873 5317 υειιιη

288 5356 485 5424 ιιοιιιυ;
512 5355 651 5414 Deus
677 5354 846 5427 laetus
866 5361 949 5410 est
972 5350 1133 5421 homo
1157 5367 1170 5403 :
1198 5358 1254 5407 ut
1272 5346 1520 5420 quoniam
1546 5345 1704 5409 homo
1727 5354 1877 5414 potes

352 5515 369 5547 ι
396 5521 528 5575 Lov.,
554 5509 778 5577 animus.
838 5569 849 5577 .
876 5517 933 5574 si.

353 5578 469 5649 fter.
496 5569 641 5649 tingi].
669 5574 808 5649 νειμ,
833 5569 1054 5649 bonus...“
1097 5576 1152 5619 Μ.

354 5639 421 5702 ξι
435 5633 857 5702 muoaneustsus.
884 5633 1081 5702 omittit.
1102 5645 1212 5702 agri.

354 5687 481 5753 istc“
500 5687 841 5761 εεξλιωω,
876 5690 967 5761 nan
992 5687 1084 5743 sini
1106 5687 1547 5759 illicomparanda,
1577 5687 1878 5761 quoniamut:

291 5744 379 5817 αω
398 5734 841 5816 ἔδιιἮίιῗὶῖῖὶἆὲἷ
859 5734 1777 5824 is";ca;;;p2;;?..25;';;;g;{5“statim;
1787 5734 1879 5801 alii

295 5835 421 5895 ιιιιιι.
452 5827 531 5877 Illi
550 5825 681 5895 enim
695 5830 990 5895 conigeram.
1014 5825 1264 5895 aquam;
1287 5831 1400 5895 quia
1424 5830 1603 5879 verum,
1624 5824 1719 5875 etp.

358 5891 381 5922 ⁸
403 5899 521 5946 vox,
545 5885 994 5950 bonorumﬂbﬁm.
1021 5886 1073 5930 et
1094 5889 1200 5950 Mss:
1214 5885 1382 5950 abest.

366 5953 385 5985 ⁸
410 5938 597 6016 aliquoi
614 5938 743 6002 ius:
764 5938 827 5998 ’ἐι
848 5946 892 5999 si
908 5942 1349 6007 ιὰιιειιιριαωηικν,
1373 5938 1553 6002 idonei,
1575 5946 1671 5992 etc.

1350 403 1746 465 ENARRATIO.
1784 404 1851 462 IN
1889 402 2211 477 asumma
2249 400 2529 481 cxxxw.

3439 421 3581 489 1742

1994 520 2059 589 ad
2091 522 2379 595 hominem,
2411 525 2499 595 qui
2527 540 2631 591 non
2656 539 2847 601 posses
2869 527 2934 593 ad
2968 528 3154 597 Deum,
3187 544 3282 603 per
3308 531 3578 597 hominem

1989 617 2199 685 venires
2223 619 2288 689 ad
2320 619 2520 689 Deum;
2548 629 2601 685 et
2631 620 2799 683 lactus
2819 630 2901 679 est
2928 621 3186 685 mediator
3216 624 3303 680 Dei
3326 635 3382 681 et
3409 615 3605 689 homie'

1990 723 2137 771 num,
2164 708 2325 765 homo
2351 707 2593 777 Chrisuts
2620 709 2774 773 Iesus
2798 711 2839 785 (Ι
2869 711 3001 769 Tim.
3027 728 3086 783 ιι,
3119 714 3198 786 5).
3223 714 3326 779 Sed
3350 717 3394 771 si
3419 721 3581 787 homo

1988 802 2162 869 solum
2187 814 2350 869 esset,
2382 804 2483 867 hoc
2510 807 2781 876 sequendo
2808 808 2947 879 quod
2977 824 3057 874 es,
3090 825 3357 880 nunquam
3392 827 3581 881 perve-

1988 892 2162 959 uires;
2181 895 2226 950 si
2250 895 2389 955 Deus
2408 897 2578 952 solum
2601 908 2761 960 εεεει.
2783 916 2891 959 non
2911 902 3413 971 comprehendendo
3434 904 3578 974 quod

1986 999 2095 1049 non
2121 1002 2199 1051 es,
2229 1003 2500 1058 nunquam
2535 990 2837 1059 pervenires
2866 1008 2881 1043 :
2912 990 3052 1053 Deus
3084 991 3252 1049 factus
3278 1005 3360 1051 est
3390 995 3573 1067 homo,

1986 1088 2047 1141 ut
2077 1080 2349 1149 hominem
2372 1083 2681 1153 Sequeudo,
2709 1084 2851 1153 quod
2883 1094 3061 1154 potes,
3090 1086 3158 1145 ad
3182 1087 3350 1149 Deum
3383 1106 3575 1159 parve-.-

1986 1174 2123 1241 nias,
2146 1175 2289 1247 quod
2312 1193 2418 1239 non
2440 1188 2669 1248 poteras.
2702 1178 2819 1249 Ipse
2843 1188 2926 1236 est
2950 1179 3226 1246 Mediator,
3256 1182 3379 1238 inde
3406 1183 3574 1245 factus

1984 1277 2064 1327 est
2093 1270 2291 1332 suavis.
2322 1270 2463 1336 Quid
2498 1272 2714 1331 suavius
2744 1287 2880 1343 pane
2906 1273 3271 1341 Angelorumi
3295 1275 3577 1341 Quomodo

1985 1379 2090 1421 non
2118 1372 2203 1429 εει
2235 1365 2414 1422 suavis
2455 1365 2743 1432 Dominus,
2770 1366 2986 1437 quando
3023 1383 3215 1437 panem
3247 1368 3576 1439 Angelrrum

1982 1456 2323 1514 manducavit
2348 1456 2507 1517 homo
2531 1456 2701 1527 (Psal.
2729 1474 2932 1521 sum,
2953 1458 3087 1529 25)?
3108 1458 3223 1517 Non
3245 1462 3386 1515 enim
3409 1460 3577 1521 alium

1984 1546 2051 1602 de
2076 1548 2207 1603 vivit
2236 1546 2396 1613 homo
2415 1590 2431 1614 ,
2460 1558 2514 1606 et
2541 1549 2756 1607 aliunde
2784 1550 2919 1606 vivit
2944 1549 3184 1621 angelus.
3214 1549 3330 1619 Ipsa
3365 1559 3451 1607 est
3478 1567 3576 1613 ve,

1982 1639 2142 1706 ritas,
2184 1640 2297 1710 ipsa
2334 1648 2420 1698 est
2453 1640 2746 1709 sapientia,
2788 1642 2899 1710 ipsa
2939 1648 3023 1703 ει
3056 1642 3225 1701 virtus
3264 1640 3357 1698 Dei
3382 1641 3398 1674 ⁸
3430 1658 3445 1697 :
3479 1642 3577 1703 sed

1982 1732 2251 1803 quomodo
2288 1749 2350 1791 ea
2393 1732 2739 1804 perfruuntur
2782 1732 3003 1802 Angeli,
3042 1740 3097 1789 tu
3138 1748 3243 1789 non
3283 1741 3451 1802 potes.
3494 1732 3576 1795 Illi

1983 1828 2125 1885 enim
2161 1826 2433 1895 quomodo
2467 1823 2848 1893 perfruuntur“!
2885 1824 3050 1882 Sicuti
3079 1834 3193 1890 est,
3226 1822 3291 1880 In
3328 1825 3575 1895 principio

1982 1925 2090 1976 erat
2128 1915 2365 1981 Verbum,
2396 1925 2442 1975 et
2481 1915 2695 1975 Verbum
2718 1926 2827 1975 erat
2853 1915 2992 1986 apud
3019 1914 3205 1980 Deum,
3233 1926 3285 1979 ot
3308 1914 3445 1969 Deus
3472 1925 3578 1985 erat

1992 2006 2207 2067 Verbum
2236 2025 2325 2081 per
2354 2009 2490 2075 quod
2527 2010 2662 2079 facta
2684 2016 2802 2067 sunt
2826 2008 3016 2063 omnia.
3047 2006 3125 2061 Tu
3150 2016 3327 2065 autem
3354 2022 3575 2077 quomo-

1983 2098 2053 2155 do
2081 2099 2380 2169 contingis?
2405 2099 2535 2165 Quia
2574 2098 2787 2154 Verbum
2812 2114 2931 2155 caro
2962 2101 3153 2168 factum
3182 2107 3288 2166 est,
3311 2107 3360 2161 et
3386 2098 3577 2163 habita.-

1982 2192 2050 2245 uit
2088 2192 2141 2247 in
2178 2191 2320 2255 nobis
2349 2190 2541 2261 (Joan.
2574 2206 2611 2257 ι,
2641 2192 2689 2255 ι.
2724 2190 2778 2253 5,,
2812 2190 2938 2259 ιι).
2970 2187 3037 2249 Ut
3065 2188 3208 2247 enim
3238 2205 3427 2259 panem
3458 2192 3571 2247 An-

1984 2283 2222 2353 gelorum
2246 2282 2591 2343 manducoret
2611 2282 2790 2348 horno,
2814 2280 3036 2343 Greater
3059 2281 3379 2352 Angelorum
3404 2283 3576 2343 lactus

1983 2386 2066 2431 est
2091 2375 2271 2433 homo.
2303 2373 2514 2435 Psallile
2532 2390 2651 2445 ergo
2674 2374 2866 2431 notitiai
2884 2372 3012 2443 ejus,
3035 2374 3274 2445 quoniam
3292 2376 3458 2431 suavis
3479 2383 3571 2428 est.

1982 2469 2037 2525 Si
2063 2469 2340 2539 gustantis,
2370 2467 2607 2537 psallite;
2637 2468 2681 2525 si
2705 2469 2953 2537 gitstastis
2975 2483 3135 2538 quam
3164 2469 3345 2534 suavis
3363 2478 3445 2524 est
3473 2469 3574 2529 Do-.

1984 2562 2180 2629 minus,
2210 2562 2449 2632 psallite;
2478 2562 2525 2616 si
2551 2562 2687 2619 bene
2708 2561 2849 2629 sapit
2869 2560 3009 2630 quod
3035 2562 3309 2630 gustauis,
3338 2561 3571 2629 laudate,

1984 2651 2119 2720 Quis
2157 2664 2261 2711 tam
2306 2653 2542 2721 ingratus
2584 2660 2667 2708 est
2701 2651 2786 2707 vel
2815 2653 3064 2720 coquenti
3096 2653 3178 2711 vel
3207 2656 3444 2724 pascenti
3467 2696 3480 2719 ,
3516 2665 3576 2715 ut

1983 2760 2103 2800 cum
2142 2744 2297 2802 fuerit
2343 2745 2617 2813 pulmento
2655 2743 2835 2815 aliquo
2876 2743 3204 2812 delectatus,
3241 2762 3346 2809 non
3386 2747 3576 2807 reddat

1979 2839 2204 2909 gratiam
2246 2838 2508 2895 laudando
2546 2838 2686 2907 quod
2728 2837 2943 2907 gustat?
2972 2838 3029 2893 Si
3056 2838 3126 2895 de
3165 2837 3245 2895 Itis
3284 2853 3390 2897 non
3428 2848 3573 2899 tace:

1981 2947 2101 2988 mus
2121 2973 2135 2997 ,
2164 2932 2231 2986 de
2258 2932 2349 2986 illo
2375 2931 2465 3000 qui
2490 2930 2639 2986 dedit
2667 2929 2845 2987 omnia
2872 2928 3202 2995 locabimus?
3231 2927 3447 2993 Psallilc
3480 2947 3546 2987 no

1982 3025 2104 3079 mini
2133 3025 2260 3094 ejus,
2288 3022 2525 3091 quoniam
2551 3020 2719 3077 suavis
2744 3028 2835 3077 est.

2052 3118 2104 3173 6.
2140 3119 2203 3171 Et
2230 3116 2408 3173 audite
2440 3116 2549 3186 jam
2584 3130 2747 3184 Opera
2783 3114 2917 3183 ejus.
2952 3113 3274 3181 Tendebatis
3302 3114 3445 3175 enim
3474 3130 3572 3177 vos

1978 3208 2220 3265 fortassis
2260 3208 2438 3267 videre
2476 3207 2670 3263 bonum
2706 3206 2945 3265 omnium
2990 3205 3284 3271 bonorum,
3312 3206 3510 3269 bonum
3536 3223 3571 3273 ε

1977 3318 2084 3371 quo
2113 3310 2236 3356 sunt
2262 3299 2439 3354 omnia
2471 3298 2606 3355 bona
2629 3337 2646 3363 ,
2676 3297 2872 3357 bonum
2903 3297 3019 3355 sine
3047 3312 3153 3366 quo
3191 3296 3319 3355 nihil
3345 3309 3429 3357 est
3470 3298 3569 3357 bo,

1977 3410 2127 3461 num,
2156 3403 2209 3447 et
2237 3393 2433 3448 bonum
2458 3391 2597 3461 quod
2626 3391 2745 3447 sine
2773 3389 2982 3449 caeteris
3011 3390 3209 3447 bonum
3236 3400 3355 3457 est;
3386 3391 3572 3454 tende:

1976 3488 2119 3543 batis
2155 3502 2251 3541 vos
2291 3494 2348 3541 ut
2388 3485 2677 3549 videretis,
2718 3492 2772 3539 et
2816 3483 2953 3541 forte
2996 3482 3048 3539 in
3086 3483 3425 3543 eandenda
3455 3484 3571 3545 acie

1975 3582 2170 3637 mentis
2194 3589 2383 3635 vestrae
2411 3577 2761 3634 deliciebatis.
2791 3576 2903 3633 lloc
2927 3577 3071 3633 enim
3095 3592 3164 3634 ex
3192 3591 3278 3633 me
3302 3577 3565 3646 coniicio;

1974 3679 2051 3733 sic
2084 3681 2270 3748 patior.
2309 3676 2414 3731 Sed
2444 3675 2543 3731 etsi
2574 3683 2654 3729 est
2682 3673 2909 3743 aliquis,
2941 3673 3079 3727 sicut
3121 3672 3236 3728 lieri
3279 3681 3487 3740 potest,
3513 3680 3570 3730 et

1973 3773 2127 3828 valde
2169 3780 2369 3841 potest,
2400 3769 2515 3823 acie
2555 3768 2748 3822 mentis
2792 3767 2981 3819 fortior.
3021 3779 3141 3830 me,
3180 3773 3235 3820 et
3270 3766 3565 3822 contuitutn

1974 3866 2151 3922 cordis
2177 3864 2257 3917 sui
2288 3864 2373 3916 diu
2408 3862 2520 3930 ligit
2550 3862 2601 3913 in
2631 3876 2696 3913 eo
2725 3857 2865 3927 quod
2895 3867 3011 3920 est;
3040 3855 3218 3910 laudet
3253 3856 3342 3910 ille
3372 3865 3428 3909 ut
3469 3871 3566 3924 po-

1975 3968 2076 4014 test
2096 4001 2111 4025 ,
2142 3968 2194 4011 et
2220 3953 2486 4026 quomodo
2513 3967 2611 4005 nos
2641 3967 2744 4004 non
2778 3963 3089 4017 possunnts,
3125 3947 3319 4002 laudet.
3352 3947 3565 4017 Gratias

1976 4063 2149 4107 tamen
2175 4040 2267 4109 illi,
2292 4048 2379 4116 qui
2404 4047 2454 4100 in
2480 4046 2577 4099 hoe
2601 4043 2803 4114 psalmo
2825 4040 3138 4109 temperavit
3158 4040 3367 4095 laudem
3386 4056 3561 4107 suam,

1975 4153 2108 4200 utet
2143 4145 2413 4196 lirmorum
2449 4146 2593 4194 esset
2627 4146 2683 4191 et
2720 4135 3072 4189 inﬁrmorum.
3118 4133 3251 4189 Nam
3288 4144 3344 4189 et
3380 4134 3431 4189 in
3477 4134 3565 4190 illa

1974 4236 2228 4293 missione
2272 4233 2409 4288 servi
2449 4232 2529 4286 sui
2578 4230 2738 4299 Moysi
2773 4244 2892 4284 cum
2922 4227 3161 4294 diceret,
3195 4227 3308 4299 Ego
3338 4245 3450 4283 sum
3478 4230 3566 4298 qui

1973 4346 2121 4394 sum;
2148 4339 2230 4394 et,
2259 4326 2407 4382 Dices
2438 4326 2558 4394 ﬁliis
2588 4322 2783 4387 Israel,
2815 4321 2915 4387 Qui
2950 4330 3024 4376 est
3058 4321 3191 4376 misit
3230 4339 3308 4376 me
3336 4322 3402 4376 ad
3432 4338 3516 4379 vos
3547 4337 3565 4376 :

1975 4424 2096 4494 quia
2126 4437 2296 4492 ipsum
2335 4418 2544 4491 proprie
2573 4430 2696 4472 esse
2731 4415 2893 4469 tuenti
2934 4414 3180 4469 humana:
3209 4414 3423 4469 dilticile
3450 4428 3568 4471 eras

1975 4532 2185 4588 capere.
2212 4524 2269 4571 et
2294 4514 2598 4568 mittebantur
2624 4508 2784 4563 homo
2805 4507 2869 4559 ad
2899 4506 3163 4573 homines,
3190 4505 3429 4576 quamvis
3459 4520 3564 4561 non

1976 4612 2044 4666 ab
2072 4610 2317 4674 homine;
2347 4606 2597 4661 continuo
2631 4603 2769 4656 Deus
2800 4601 3113 4669 temperavit
3140 4599 3347 4655 laudem
3376 4613 3525 4652 suam
3545 4638 3561 4660 ,

1976 4713 2031 4760 et
2060 4705 2160 4757 hoc
2185 4702 2251 4755 de
2281 4716 2339 4753 se
2366 4698 2499 4753 dixit
2523 4693 2664 4765 quod
2702 4694 2818 4762 capi
2856 4693 3083 4748 dulciter
3123 4698 3333 4759 posset;
3372 4702 3477 4741 non
3512 4688 3563 4743 in

1977 4812 2042 4853 eo
2070 4796 2236 4851 voluit
2266 4806 2541 4848 remanere
2567 4788 2707 4859 quod
2745 4786 3073 4847 laudabatur,
3101 4797 3207 4852 quo
3244 4797 3347 4835 non
3385 4787 3567 4848 posset

1977 4890 2219 4944 laudatur
2244 4887 2522 4949 attingere.
2569 4879 2722 4937 Vade.
2757 4878 2941 4946 inquit.
2966 4876 3046 4928 dic
3074 4874 3193 4941 [iliis
3214 4871 3398 4934 Israel,
3431 4869 3566 4927 Deus

1979 4982 2230 5035 Abraham
2258 4988 2305 5032 et
2334 4975 2469 5045 Deus
2498 4973 2649 5026 Isaac
2671 4980 2715 5024 et
2749 4968 2881 5021 Deus
2904 4965 3062 5020 Iacob
3086 4966 3217 5017 misit
3248 4981 3325 5029 me
3348 4963 3416 5017 ad
3441 4978 3525 5017 vos
3548 4975 3569 5017 :

1980 5074 2073 5128 hoc
2101 5073 2223 5126 mihi
2249 5086 2428 5125 nomen
2451 5076 2519 5121 est
2544 5066 2594 5117 in
2620 5073 2878 5116 internum.
2903 5057 3077 5117 Certe.
3107 5055 3346 5119 Domine,
3372 5070 3567 5121 thttlt'n

1980 5169 2105 5223 illud
2136 5166 2332 5229 habes;
2361 5163 2480 5232 quia
2498 5168 2551 5213 et
2578 5154 2845 5213 Indixisti,
2879 5149 2986 5223 Ego
3011 5166 3120 5204 sum
3147 5164 3166 5202 :
3188 5148 3286 5214 Qui
3310 5158 3401 5214 est,
3433 5149 3568 5204 misit

1981 5280 2057 5317 me
2083 5260 2149 5313 ad
2184 5276 2267 5312 ros
2302 5256 2484 5310 :unde
2521 5249 2679 5303 modo
2723 5260 2918 5299 nomen
2961 5246 3210 5310 mutasti,
3243 5252 3298 5297 ut
3326 5243 3570 5307 diceres,

1983 5354 2119 5408 Deus
2159 5350 2413 5405 Abraham
2438 5341 2652 5398 et-Deus
2690 5337 2841 5392 Isaac
2880 5346 2928 5392 et
2969 5334 3105 5390 Deus
3144 5334 3347 5390 Iacob?
3385 5335 3569 5391 Nmme

1982 5447 2074 5502 tibi
2118 5444 2323 5497 videtur
2363 5437 2496 5492 ratio
2535 5434 2650 5504 ejus
2688 5429 3046 5501 respondere,
3077 5439 3132 5484 et
3163 5428 3343 5484 dicere
3378 5426 3572 5495 τρυε)ιί

1983 5539 2121 5600 dixi,
2153 5535 2264 5606 Ego
2293 5550 2404 5588 sum
2424 5574 2438 5594 ,
2470 5532 2553 5598 qui
2591 5543 2740 5589 sum;
2768 5541 2948 5580 verum
2977 5534 3090 5583 est,
3120 5525 3213 5578 sed
3244 5539 3348 5581 non
3379 5522 3525 5589 capis
3555 5538 3570 5574 :

1984 5630 2122 5703 quod
2144 5640 2319 5683 autem
2343 5623 2473 5687 dixi,
2497 5620 2606 5692 Ego
2626 5634 2739 5673 sum
2761 5615 2901 5672 Deus
2926 5616 3180 5675 Abraham
3200 5622 3245 5667 et
3268 5613 3400 5666 Deus
3420 5608 3575 5666 Isaac

1987 5734 2030 5780 et
2055 5721 2193 5777 Deus
2221 5718 2380 5773 Jacob
2415 5712 2606 5786 (Exod.
2636 5727 2711 5775 nt,
2748 5711 2834 5775 M,
2862 5709 2949 5773 15,
2979 5707 3031 5777 6)
3057 5723 3071 5772 ;
3104 5714 3157 5760 ει
3185 5720 3365 5759 verum
3391 5712 3492 5767 est,
3520 5711 3577 5759 et

1987 5814 2168 5886 capis?
2196 5808 2349 5881 Quod
2375 5807 2515 5864 enim
2547 5803 2656 5874 Ego
2683 5818 2796 5865 sum
2820 5800 2906 5869 qui
2929 5815 3040 5857 sum
3058 5838 3073 5861 .
3105 5795 3172 5855 ad
3199 5810 3285 5853 me
3310 5796 3571 5868 pertinet,

2060 5930 2079 5963 ι
2105 5929 2178 5978 sic
2200 5934 2297 5977 Am.
2323 5930 2399 5974 Fr.
2425 5930 2476 5972 et
2498 5927 2604 5969 Mss.
2632 5925 2687 5967 At
2707 5923 2837 5972 Lov.,
2862 5911 3041 5979 veritas
